{"ticker": "CMS", "price": {"title": "CMS Energy Historical Annual Stock Price Data", "value": 56.58, "historical": {"2021": {"Average Stock Price": "57.7370", "Year Open": "59.6100", "Year High": "59.7300", "Year Low": "56.3700", "Year Close": "56.5800", "Annual % Change": "-7.26%"}, "2020": {"Average Stock Price": "61.3994", "Year Open": "61.7100", "Year High": "68.8600", "Year Low": "48.5100", "Year Close": "61.0100", "Annual % Change": "-2.91%"}, "2019": {"Average Stock Price": "58.0427", "Year Open": "48.3100", "Year High": "65.0400", "Year Low": "48.3100", "Year Close": "62.8400", "Annual % Change": "26.57%"}, "2018": {"Average Stock Price": "47.0925", "Year Open": "46.9500", "Year High": "53.4800", "Year Low": "41.7700", "Year Close": "49.6500", "Annual % Change": "4.97%"}, "2017": {"Average Stock Price": "46.3060", "Year Open": "41.5300", "Year High": "50.5500", "Year Low": "41.5100", "Year Close": "47.3000", "Annual % Change": "13.65%"}, "2016": {"Average Stock Price": "41.4590", "Year Open": "35.6100", "Year High": "46.1700", "Year Low": "35.6100", "Year Close": "41.6200", "Annual % Change": "15.35%"}, "2015": {"Average Stock Price": "34.6127", "Year Open": "35.1400", "Year High": "38.2000", "Year Low": "31.3900", "Year Close": "36.0800", "Annual % Change": "3.83%"}, "2014": {"Average Stock Price": "30.0244", "Year Open": "26.3000", "Year High": "36.4200", "Year Low": "26.1200", "Year Close": "34.7500", "Annual % Change": "29.81%"}, "2013": {"Average Stock Price": "27.0667", "Year Open": "24.8100", "Year High": "29.9400", "Year Low": "24.7600", "Year Close": "26.7700", "Annual % Change": "9.80%"}, "2012": {"Average Stock Price": "23.0373", "Year Open": "21.8200", "Year High": "24.8100", "Year Low": "21.3300", "Year Close": "24.3800", "Annual % Change": "10.42%"}, "2011": {"Average Stock Price": "19.7371", "Year Open": "18.7600", "Year High": "22.3500", "Year Low": "17.1600", "Year Close": "22.0800", "Annual % Change": "18.71%"}, "2010": {"Average Stock Price": "16.5729", "Year Open": "15.7900", "Year High": "19.1600", "Year Low": "14.2600", "Year Close": "18.6000", "Annual % Change": "18.77%"}, "2009": {"Average Stock Price": "12.6134", "Year Open": "10.4500", "Year High": "16.0400", "Year Low": "10.0900", "Year Close": "15.6600", "Annual % Change": "54.90%"}, "2008": {"Average Stock Price": "13.3847", "Year Open": "17.1600", "Year High": "17.1600", "Year Low": "8.8100", "Year Close": "10.1100", "Annual % Change": "-41.83%"}, "2007": {"Average Stock Price": "17.1765", "Year Open": "16.8100", "Year High": "18.9300", "Year Low": "15.4800", "Year Close": "17.3800", "Annual % Change": "4.07%"}, "2006": {"Average Stock Price": "14.1681", "Year Open": "14.5500", "Year High": "16.9500", "Year Low": "12.4600", "Year Close": "16.7000", "Annual % Change": "15.09%"}, "2005": {"Average Stock Price": "13.8846", "Year Open": "10.3900", "Year High": "16.7100", "Year Low": "9.8100", "Year Close": "14.5100", "Annual % Change": "38.85%"}, "2004": {"Average Stock Price": "9.1549", "Year Open": "8.5900", "Year High": "10.5300", "Year Low": "7.9000", "Year Close": "10.4500", "Annual % Change": "22.65%"}, "2003": {"Average Stock Price": "6.8930", "Year Open": "9.7100", "Year High": "10.5900", "Year Low": "3.4900", "Year Close": "8.5200", "Annual % Change": "-9.75%"}, "2002": {"Average Stock Price": "14.5218", "Year Open": "24.2800", "Year High": "24.6200", "Year Low": "5.7900", "Year Close": "9.4400", "Annual % Change": "-60.72%"}, "2001": {"Average Stock Price": "26.4094", "Year Open": "30.3800", "Year High": "31.7500", "Year Low": "19.8900", "Year Close": "24.0300", "Annual % Change": "-24.17%"}, "2000": {"Average Stock Price": "24.3474", "Year Open": "29.5000", "Year High": "31.6900", "Year Low": "16.4400", "Year Close": "31.6900", "Annual % Change": "1.60%"}, "1999": {"Average Stock Price": "39.4687", "Year Open": "48.0600", "Year High": "48.1300", "Year Low": "30.5000", "Year Close": "31.1900", "Annual % Change": "-35.61%"}, "1998": {"Average Stock Price": "44.4395", "Year Open": "43.8800", "Year High": "49.9400", "Year Low": "39.0000", "Year Close": "48.4400", "Annual % Change": "9.94%"}, "1997": {"Average Stock Price": "35.2986", "Year Open": "33.2500", "Year High": "44.0600", "Year Low": "31.6300", "Year Close": "44.0600", "Annual % Change": "31.05%"}, "1996": {"Average Stock Price": "30.4345", "Year Open": "30.0000", "Year High": "33.6200", "Year Low": "28.5000", "Year Close": "33.6200", "Annual % Change": "12.52%"}, "1995": {"Average Stock Price": "24.9978", "Year Open": "22.8800", "Year High": "29.8800", "Year Low": "22.6300", "Year Close": "29.8800", "Annual % Change": "30.59%"}, "1994": {"Average Stock Price": "22.3287", "Year Open": "24.8800", "Year High": "24.8800", "Year Low": "19.7500", "Year Close": "22.8800", "Annual % Change": "-8.95%"}, "1993": {"Average Stock Price": "23.5602", "Year Open": "18.3800", "Year High": "27.2500", "Year Low": "18.3800", "Year Close": "25.1300", "Annual % Change": "36.72%"}, "1992": {"Average Stock Price": "17.4825", "Year Open": "18.5000", "Year High": "22.5000", "Year Low": "15.0000", "Year Close": "18.3800", "Annual % Change": "0.00%"}, "1991": {"Average Stock Price": "23.9821", "Year Open": "27.5000", "Year High": "32.7500", "Year Low": "16.8800", "Year Close": "18.3800", "Annual % Change": "-34.07%"}, "1990": {"Average Stock Price": "30.2895", "Year Open": "37.6300", "Year High": "38.5000", "Year Low": "25.2500", "Year Close": "27.8800", "Annual % Change": "-26.63%"}, "1989": {"Average Stock Price": "30.2321", "Year Open": "24.0000", "Year High": "38.5000", "Year Low": "23.5000", "Year Close": "38.0000", "Annual % Change": "55.93%"}, "1988": {"Average Stock Price": "20.0923", "Year Open": "14.1300", "Year High": "26.3700", "Year Low": "13.5000", "Year Close": "24.3700", "Annual % Change": "80.52%"}, "1987": {"Average Stock Price": "16.7947", "Year Open": "16.1200", "Year High": "19.6200", "Year Low": "10.7500", "Year Close": "13.5000", "Annual % Change": "-13.63%"}, "1986": {"Average Stock Price": "12.7666", "Year Open": "7.7500", "Year High": "17.0000", "Year Low": "7.7500", "Year Close": "15.6300", "Annual % Change": "108.40%"}, "1985": {"Average Stock Price": "7.0014", "Year Open": "4.6300", "Year High": "8.7500", "Year Low": "4.5000", "Year Close": "7.5000", "Annual % Change": "61.99%"}}}, "market cap": {"value": "$16.2B"}, "income statement": {"Revenue": {"2020-12-31": "6680.00000", "2019-12-31": "6845.00000", "2018-12-31": "6873.00000", "2017-12-31": "6583.00000", "2016-12-31": "6399.00000", "2015-12-31": "6456.00000", "2014-12-31": "7179.00000", "2013-12-31": "6566.00000", "2012-12-31": "6253.00000", "2011-12-31": "6503.00000", "2010-12-31": "6432.00000", "2009-12-31": "6205.00000", "2008-12-31": "6807.00000", "2007-12-31": "6451.00000", "2006-12-31": "6126.00000", "2005-12-31": "5879.00000"}, "Cost Of Goods Sold": {"2020-12-31": "", "2019-12-31": "2833.00000", "2018-12-31": "3058.00000", "2017-12-31": "2844.00000", "2016-12-31": "2803.00000", "2015-12-31": "3043.00000", "2014-12-31": "3858.00000", "2013-12-31": "3326.00000", "2012-12-31": "3199.00000", "2011-12-31": "3512.00000", "2010-12-31": "3518.00000", "2009-12-31": "3570.00000", "2008-12-31": "5231.00000", "2007-12-31": "4102.00000", "2006-12-31": "3551.00000", "2005-12-31": "3381.00000"}, "Gross Profit": {"2020-12-31": "6680.00000", "2019-12-31": "4012.00000", "2018-12-31": "3815.00000", "2017-12-31": "3739.00000", "2016-12-31": "3596.00000", "2015-12-31": "3413.00000", "2014-12-31": "3321.00000", "2013-12-31": "3240.00000", "2012-12-31": "3054.00000", "2011-12-31": "2991.00000", "2010-12-31": "2914.00000", "2009-12-31": "2635.00000", "2008-12-31": "1576.00000", "2007-12-31": "2349.00000", "2006-12-31": "2575.00000", "2005-12-31": "2498.00000"}, "Research And Development Expenses": {"2020-12-31": "", "2019-12-31": "", "2018-12-31": "", "2017-12-31": "", "2016-12-31": "", "2015-12-31": "", "2014-12-31": "", "2013-12-31": "", "2012-12-31": "", "2011-12-31": "", "2010-12-31": "", "2009-12-31": "", "2008-12-31": "", "2007-12-31": "", "2006-12-31": "", "2005-12-31": ""}, "SG&A Expenses": {"2020-12-31": "", "2019-12-31": "1781.00000", "2018-12-31": "1720.00000", "2017-12-31": "1520.00000", "2016-12-31": "1529.00000", "2015-12-31": "1485.00000", "2014-12-31": "1484.00000", "2013-12-31": "1470.00000", "2012-12-31": "1453.00000", "2011-12-31": "1442.00000", "2010-12-31": "1416.00000", "2009-12-31": "1380.00000", "2008-12-31": "203.00000", "2007-12-31": "421.00000", "2006-12-31": "448.00000", "2005-12-31": "456.00000"}, "Other Operating Income Or Expenses": {"2020-12-31": "-5318.00000", "2019-12-31": "", "2018-12-31": "", "2017-12-31": "", "2016-12-31": "", "2015-12-31": "", "2014-12-31": "", "2013-12-31": "", "2012-12-31": "", "2011-12-31": "", "2010-12-31": "56.00000", "2009-12-31": "13.00000", "2008-12-31": "9.00000", "2007-12-31": "-1388.00000", "2006-12-31": "-1631.00000", "2005-12-31": "-1883.00000"}, "Operating Expenses": {"2020-12-31": "5318.00000", "2019-12-31": "5606.00000", "2018-12-31": "5711.00000", "2017-12-31": "5245.00000", "2016-12-31": "5143.00000", "2015-12-31": "5278.00000", "2014-12-31": "6027.00000", "2013-12-31": "5424.00000", "2012-12-31": "5250.00000", "2011-12-31": "5500.00000", "2010-12-31": "5454.00000", "2009-12-31": "5507.00000", "2008-12-31": "6013.00000", "2007-12-31": "6450.00000", "2006-12-31": "6180.00000", "2005-12-31": "6224.00000"}, "Operating Income": {"2020-12-31": "1362.00000", "2019-12-31": "1239.00000", "2018-12-31": "1162.00000", "2017-12-31": "1338.00000", "2016-12-31": "1256.00000", "2015-12-31": "1178.00000", "2014-12-31": "1152.00000", "2013-12-31": "1142.00000", "2012-12-31": "1003.00000", "2011-12-31": "1003.00000", "2010-12-31": "978.00000", "2009-12-31": "698.00000", "2008-12-31": "794.00000", "2007-12-31": "1.00000", "2006-12-31": "-54.00000", "2005-12-31": "-345.00000"}, "Total Non-Operating Income/Expense": {"2020-12-31": "-477.00000", "2019-12-31": "-410.00000", "2018-12-31": "-388.00000", "2017-12-31": "-452.00000", "2016-12-31": "-430.00000", "2015-12-31": "-382.00000", "2014-12-31": "-423.00000", "2013-12-31": "-386.00000", "2012-12-31": "-381.00000", "2011-12-31": "-397.00000", "2010-12-31": "-388.00000", "2009-12-31": "-363.00000", "2008-12-31": "-354.00000", "2007-12-31": "-318.00000", "2006-12-31": "-371.00000", "2005-12-31": "-421.00000"}, "Pre-Tax Income": {"2020-12-31": "885.00000", "2019-12-31": "829.00000", "2018-12-31": "774.00000", "2017-12-31": "886.00000", "2016-12-31": "826.00000", "2015-12-31": "796.00000", "2014-12-31": "729.00000", "2013-12-31": "756.00000", "2012-12-31": "622.00000", "2011-12-31": "606.00000", "2010-12-31": "590.00000", "2009-12-31": "335.00000", "2008-12-31": "440.00000", "2007-12-31": "-317.00000", "2006-12-31": "-425.00000", "2005-12-31": "-766.00000"}, "Income Taxes": {"2020-12-31": "133.00000", "2019-12-31": "147.00000", "2018-12-31": "115.00000", "2017-12-31": "424.00000", "2016-12-31": "273.00000", "2015-12-31": "271.00000", "2014-12-31": "250.00000", "2013-12-31": "302.00000", "2012-12-31": "245.00000", "2011-12-31": "191.00000", "2010-12-31": "224.00000", "2009-12-31": "115.00000", "2008-12-31": "139.00000", "2007-12-31": "-197.00000", "2006-12-31": "-188.00000", "2005-12-31": "-180.00000"}, "Income After Taxes": {"2020-12-31": "752.00000", "2019-12-31": "682.00000", "2018-12-31": "659.00000", "2017-12-31": "462.00000", "2016-12-31": "553.00000", "2015-12-31": "525.00000", "2014-12-31": "479.00000", "2013-12-31": "454.00000", "2012-12-31": "377.00000", "2011-12-31": "415.00000", "2010-12-31": "366.00000", "2009-12-31": "220.00000", "2008-12-31": "301.00000", "2007-12-31": "-120.00000", "2006-12-31": "-237.00000", "2005-12-31": "-586.00000"}, "Other Income": {"2020-12-31": "", "2019-12-31": "", "2018-12-31": "", "2017-12-31": "", "2016-12-31": "", "2015-12-31": "", "2014-12-31": "", "2013-12-31": "", "2012-12-31": "", "2011-12-31": "", "2010-12-31": "", "2009-12-31": "", "2008-12-31": "", "2007-12-31": "", "2006-12-31": "", "2005-12-31": ""}, "Income From Continuous Operations": {"2020-12-31": "752.00000", "2019-12-31": "682.00000", "2018-12-31": "659.00000", "2017-12-31": "462.00000", "2016-12-31": "553.00000", "2015-12-31": "525.00000", "2014-12-31": "479.00000", "2013-12-31": "454.00000", "2012-12-31": "377.00000", "2011-12-31": "415.00000", "2010-12-31": "366.00000", "2009-12-31": "220.00000", "2008-12-31": "301.00000", "2007-12-31": "-120.00000", "2006-12-31": "-133.00000", "2005-12-31": "-141.00000"}, "Income From Discontinued Operations": {"2020-12-31": "", "2019-12-31": "", "2018-12-31": "", "2017-12-31": "", "2016-12-31": "", "2015-12-31": "", "2014-12-31": "", "2013-12-31": "", "2012-12-31": "7.00000", "2011-12-31": "2.00000", "2010-12-31": "-23.00000", "2009-12-31": "20.00000", "2008-12-31": "1.00000", "2007-12-31": "-110.00000", "2006-12-31": "54.00000", "2005-12-31": "57.00000"}, "Net Income": {"2020-12-31": "755.00000", "2019-12-31": "680.00000", "2018-12-31": "657.00000", "2017-12-31": "460.00000", "2016-12-31": "551.00000", "2015-12-31": "523.00000", "2014-12-31": "477.00000", "2013-12-31": "452.00000", "2012-12-31": "382.00000", "2011-12-31": "415.00000", "2010-12-31": "324.00000", "2009-12-31": "218.00000", "2008-12-31": "284.00000", "2007-12-31": "-234.00000", "2006-12-31": "-90.00000", "2005-12-31": "-94.00000"}, "EBITDA": {"2020-12-31": "1362.00000", "2019-12-31": "2231.00000", "2018-12-31": "2095.00000", "2017-12-31": "2219.00000", "2016-12-31": "2067.00000", "2015-12-31": "1928.00000", "2014-12-31": "1837.00000", "2013-12-31": "1770.00000", "2012-12-31": "1601.00000", "2011-12-31": "1549.00000", "2010-12-31": "1554.00000", "2009-12-31": "1268.00000", "2008-12-31": "1427.00000", "2007-12-31": "613.00000", "2006-12-31": "566.00000", "2005-12-31": "220.00000"}, "EBIT": {"2020-12-31": "1362.00000", "2019-12-31": "1239.00000", "2018-12-31": "1162.00000", "2017-12-31": "1338.00000", "2016-12-31": "1256.00000", "2015-12-31": "1178.00000", "2014-12-31": "1152.00000", "2013-12-31": "1142.00000", "2012-12-31": "1003.00000", "2011-12-31": "1003.00000", "2010-12-31": "978.00000", "2009-12-31": "698.00000", "2008-12-31": "794.00000", "2007-12-31": "1.00000", "2006-12-31": "-54.00000", "2005-12-31": "-345.00000"}, "Basic Shares Outstanding": {"2020-12-31": "285.00000", "2019-12-31": "283.00000", "2018-12-31": "282.20000", "2017-12-31": "280.00000", "2016-12-31": "277.90000", "2015-12-31": "275.60000", "2014-12-31": "270.60000", "2013-12-31": "264.50000", "2012-12-31": "260.70000", "2011-12-31": "250.80000", "2010-12-31": "231.50000", "2009-12-31": "227.20000", "2008-12-31": "225.70000", "2007-12-31": "224.50000", "2006-12-31": "219.90000", "2005-12-31": "211.80000"}, "Shares Outstanding": {"2020-12-31": "286.30000", "2019-12-31": "284.30000", "2018-12-31": "282.90000", "2017-12-31": "280.80000", "2016-12-31": "278.90000", "2015-12-31": "276.50000", "2014-12-31": "274.60000", "2013-12-31": "271.90000", "2012-12-31": "268.60000", "2011-12-31": "263.40000", "2010-12-31": "252.90000", "2009-12-31": "237.90000", "2008-12-31": "236.20000", "2007-12-31": "224.50000", "2006-12-31": "219.90000", "2005-12-31": "211.80000"}, "Basic EPS": {"2020-12-31": "2.65000", "2019-12-31": "2.40000", "2018-12-31": "2.33000", "2017-12-31": "1.64000", "2016-12-31": "1.99000", "2015-12-31": "1.90000", "2014-12-31": "1.76000", "2013-12-31": "1.71000", "2012-12-31": "1.46000", "2011-12-31": "1.66000", "2010-12-31": "1.40000", "2009-12-31": "0.96000", "2008-12-31": "1.25000", "2007-12-31": "-1.04000", "2006-12-31": "-0.41000", "2005-12-31": "-0.44000"}, "EPS - Earnings Per Share": {"2020-12-31": "2.64000", "2019-12-31": "2.39000", "2018-12-31": "2.32000", "2017-12-31": "1.64000", "2016-12-31": "1.98000", "2015-12-31": "1.89000", "2014-12-31": "1.74000", "2013-12-31": "1.66000", "2012-12-31": "1.42000", "2011-12-31": "1.58000", "2010-12-31": "1.28000", "2009-12-31": "0.91000", "2008-12-31": "1.20000", "2007-12-31": "-1.04000", "2006-12-31": "-0.41000", "2005-12-31": "-0.44000"}}, "income statement, quarterly": {"Revenue": {"2020-12-31": "1798.00000", "2020-09-30": "1575.00000", "2020-06-30": "1443.00000", "2020-03-31": "1864.00000", "2019-12-31": "1795.00000", "2019-09-30": "1546.00000", "2019-06-30": "1445.00000", "2019-03-31": "2059.00000", "2018-12-31": "1829.00000", "2018-09-30": "1599.00000", "2018-06-30": "1492.00000", "2018-03-31": "1953.00000", "2017-12-31": "1778.00000", "2017-09-30": "1527.00000", "2017-06-30": "1449.00000", "2017-03-31": "1829.00000", "2016-12-31": "1640.00000", "2016-09-30": "1587.00000", "2016-06-30": "1371.00000", "2016-03-31": "1801.00000", "2015-12-31": "1509.00000", "2015-09-30": "1486.00000", "2015-06-30": "1350.00000", "2015-03-31": "2111.00000", "2014-12-31": "1758.00000", "2014-09-30": "1430.00000", "2014-06-30": "1468.00000", "2014-03-31": "2523.00000", "2013-12-31": "1736.00000", "2013-09-30": "1445.00000", "2013-06-30": "1406.00000", "2013-03-31": "1979.00000", "2012-12-31": "1670.00000", "2012-09-30": "1507.00000", "2012-06-30": "1333.00000", "2012-03-31": "1743.00000", "2011-12-31": "1620.00000", "2011-09-30": "1464.00000", "2011-06-30": "1364.00000", "2011-03-31": "2055.00000", "2010-12-31": "1682.00000", "2010-09-30": "1443.00000", "2010-06-30": "1340.00000", "2010-03-31": "1967.00000", "2009-12-31": "1613.00000", "2009-09-30": "1263.00000", "2009-06-30": "1225.00000", "2009-03-31": "2104.00000", "2008-12-31": "1428.00000", "2008-09-30": "1428.00000", "2008-06-30": "1365.00000", "2008-03-31": "2184.00000", "2007-12-31": "1661.00000", "2007-09-30": "1282.00000", "2007-06-30": "1319.00000", "2007-03-31": "2189.00000", "2006-12-31": "1682.00000", "2006-09-30": "1288.00000", "2006-06-30": "1219.00000", "2006-03-31": "1937.00000", "2005-12-31": "1497.00000", "2005-09-30": "1307.00000", "2005-06-30": "1230.00000", "2005-03-31": "1845.00000"}, "Cost Of Goods Sold": {"2020-12-31": "", "2020-09-30": "586.00000", "2020-06-30": "521.00000", "2020-03-31": "751.00000", "2019-12-31": "697.00000", "2019-09-30": "597.00000", "2019-06-30": "597.00000", "2019-03-31": "942.00000", "2018-12-31": "839.00000", "2018-09-30": "666.00000", "2018-06-30": "639.00000", "2018-03-31": "914.00000", "2017-12-31": "768.00000", "2017-09-30": "638.00000", "2017-06-30": "630.00000", "2017-03-31": "808.00000", "2016-12-31": "716.00000", "2016-09-30": "666.00000", "2016-06-30": "574.00000", "2016-03-31": "847.00000", "2015-12-31": "684.00000", "2015-09-30": "626.00000", "2015-06-30": "605.00000", "2015-03-31": "1128.00000", "2014-12-31": "906.00000", "2014-09-30": "655.00000", "2014-06-30": "722.00000", "2014-03-31": "1575.00000", "2013-12-31": "881.00000", "2013-09-30": "645.00000", "2013-06-30": "683.00000", "2013-03-31": "1117.00000", "2012-12-31": "888.00000", "2012-09-30": "679.00000", "2012-06-30": "613.00000", "2012-03-31": "1019.00000", "2011-12-31": "881.00000", "2011-09-30": "694.00000", "2011-06-30": "696.00000", "2011-03-31": "1241.00000", "2010-12-31": "968.00000", "2010-09-30": "671.00000", "2010-06-30": "664.00000", "2010-03-31": "1215.00000", "2009-12-31": "994.00000", "2009-09-30": "581.00000", "2009-06-30": "608.00000", "2009-03-31": "1387.00000", "2008-12-31": "770.00000", "2008-09-30": "770.00000", "2008-06-30": "783.00000", "2008-03-31": "1469.00000", "2007-12-31": "1106.00000", "2007-09-30": "719.00000", "2007-06-30": "819.00000", "2007-03-31": "1458.00000", "2006-12-31": "1035.00000", "2006-09-30": "625.00000", "2006-06-30": "629.00000", "2006-03-31": "1262.00000", "2005-12-31": "996.00000", "2005-09-30": "660.00000", "2005-06-30": "614.00000", "2005-03-31": "1111.00000"}, "Gross Profit": {"2020-12-31": "1798.00000", "2020-09-30": "989.00000", "2020-06-30": "922.00000", "2020-03-31": "1113.00000", "2019-12-31": "1098.00000", "2019-09-30": "949.00000", "2019-06-30": "848.00000", "2019-03-31": "1117.00000", "2018-12-31": "990.00000", "2018-09-30": "933.00000", "2018-06-30": "853.00000", "2018-03-31": "1039.00000", "2017-12-31": "1010.00000", "2017-09-30": "889.00000", "2017-06-30": "819.00000", "2017-03-31": "1021.00000", "2016-12-31": "924.00000", "2016-09-30": "921.00000", "2016-06-30": "797.00000", "2016-03-31": "954.00000", "2015-12-31": "825.00000", "2015-09-30": "860.00000", "2015-06-30": "745.00000", "2015-03-31": "983.00000", "2014-12-31": "852.00000", "2014-09-30": "775.00000", "2014-06-30": "746.00000", "2014-03-31": "948.00000", "2013-12-31": "855.00000", "2013-09-30": "800.00000", "2013-06-30": "723.00000", "2013-03-31": "862.00000", "2012-12-31": "782.00000", "2012-09-30": "828.00000", "2012-06-30": "720.00000", "2012-03-31": "724.00000", "2011-12-31": "739.00000", "2011-09-30": "770.00000", "2011-06-30": "668.00000", "2011-03-31": "814.00000", "2010-12-31": "714.00000", "2010-09-30": "772.00000", "2010-06-30": "676.00000", "2010-03-31": "752.00000", "2009-12-31": "619.00000", "2009-09-30": "682.00000", "2009-06-30": "617.00000", "2009-03-31": "717.00000", "2008-12-31": "658.00000", "2008-09-30": "658.00000", "2008-06-30": "582.00000", "2008-03-31": "715.00000", "2007-12-31": "555.00000", "2007-09-30": "563.00000", "2007-06-30": "500.00000", "2007-03-31": "731.00000", "2006-12-31": "647.00000", "2006-09-30": "663.00000", "2006-06-30": "590.00000", "2006-03-31": "675.00000", "2005-12-31": "501.00000", "2005-09-30": "647.00000", "2005-06-30": "616.00000", "2005-03-31": "734.00000"}, "Research And Development Expenses": {"2020-12-31": "", "2020-09-30": "", "2020-06-30": "", "2020-03-31": "", "2019-12-31": "", "2019-09-30": "", "2019-06-30": "", "2019-03-31": "", "2018-12-31": "", "2018-09-30": "", "2018-06-30": "", "2018-03-31": "", "2017-12-31": "", "2017-09-30": "", "2017-06-30": "", "2017-03-31": "", "2016-12-31": "", "2016-09-30": "", "2016-06-30": "", "2016-03-31": "", "2015-12-31": "", "2015-09-30": "", "2015-06-30": "", "2015-03-31": "", "2014-12-31": "", "2014-09-30": "", "2014-06-30": "", "2014-03-31": "", "2013-12-31": "", "2013-09-30": "", "2013-06-30": "", "2013-03-31": "", "2012-12-31": "", "2012-09-30": "", "2012-06-30": "", "2012-03-31": "", "2011-12-31": "", "2011-09-30": "", "2011-06-30": "", "2011-03-31": "", "2010-12-31": "", "2010-09-30": "", "2010-06-30": "", "2010-03-31": "", "2009-12-31": "", "2009-09-30": "", "2009-06-30": "", "2009-03-31": "", "2008-12-31": "", "2008-09-30": "", "2008-06-30": "", "2008-03-31": "", "2007-12-31": "", "2007-09-30": "", "2007-06-30": "", "2007-03-31": "", "2006-12-31": "", "2006-09-30": "", "2006-06-30": "", "2006-03-31": "", "2005-12-31": "", "2005-09-30": "", "2005-06-30": "", "2005-03-31": ""}, "SG&A Expenses": {"2020-12-31": "", "2020-09-30": "392.00000", "2020-06-30": "426.00000", "2020-03-31": "429.00000", "2019-12-31": "524.00000", "2019-09-30": "383.00000", "2019-06-30": "414.00000", "2019-03-31": "460.00000", "2018-12-31": "496.00000", "2018-09-30": "433.00000", "2018-06-30": "394.00000", "2018-03-31": "397.00000", "2017-12-31": "402.00000", "2017-09-30": "366.00000", "2017-06-30": "381.00000", "2017-03-31": "371.00000", "2016-12-31": "430.00000", "2016-09-30": "363.00000", "2016-06-30": "346.00000", "2016-03-31": "390.00000", "2015-12-31": "379.00000", "2015-09-30": "370.00000", "2015-06-30": "372.00000", "2015-03-31": "364.00000", "2014-12-31": "397.00000", "2014-09-30": "386.00000", "2014-06-30": "360.00000", "2014-03-31": "341.00000", "2013-12-31": "426.00000", "2013-09-30": "338.00000", "2013-06-30": "354.00000", "2013-03-31": "352.00000", "2012-12-31": "411.00000", "2012-09-30": "348.00000", "2012-06-30": "330.00000", "2012-03-31": "364.00000", "2011-12-31": "423.00000", "2011-09-30": "334.00000", "2011-06-30": "339.00000", "2011-03-31": "346.00000", "2010-12-31": "416.00000", "2010-09-30": "322.00000", "2010-06-30": "337.00000", "2010-03-31": "341.00000", "2009-12-31": "585.00000", "2009-09-30": "329.00000", "2009-06-30": "354.00000", "2009-03-31": "112.00000", "2008-12-31": "98.00000", "2008-09-30": "98.00000", "2008-06-30": "306.00000", "2008-03-31": "100.00000", "2007-12-31": "90.00000", "2007-09-30": "98.00000", "2007-06-30": "104.00000", "2007-03-31": "129.00000", "2006-12-31": "117.00000", "2006-09-30": "45.00000", "2006-06-30": "136.00000", "2006-03-31": "150.00000", "2005-12-31": "78.00000", "2005-09-30": "121.00000", "2005-06-30": "124.00000", "2005-03-31": "133.00000"}, "Other Operating Income Or Expenses": {"2020-12-31": "-1446.00000", "2020-09-30": "", "2020-06-30": "", "2020-03-31": "", "2019-12-31": "", "2019-09-30": "", "2019-06-30": "", "2019-03-31": "", "2018-12-31": "", "2018-09-30": "", "2018-06-30": "", "2018-03-31": "", "2017-12-31": "", "2017-09-30": "", "2017-06-30": "", "2017-03-31": "", "2016-12-31": "", "2016-09-30": "", "2016-06-30": "", "2016-03-31": "", "2015-12-31": "", "2015-09-30": "", "2015-06-30": "", "2015-03-31": "", "2014-12-31": "", "2014-09-30": "", "2014-06-30": "", "2014-03-31": "", "2013-12-31": "", "2013-09-30": "", "2013-06-30": "", "2013-03-31": "", "2012-12-31": "", "2012-09-30": "1.00000", "2012-06-30": "", "2012-03-31": "", "2011-12-31": "", "2011-09-30": "", "2011-06-30": "", "2011-03-31": "", "2010-12-31": "", "2010-09-30": "2.00000", "2010-06-30": "54.00000", "2010-03-31": "", "2009-12-31": "222.00000", "2009-09-30": "5.00000", "2009-06-30": "8.00000", "2009-03-31": "-222.00000", "2008-12-31": "-213.00000", "2008-09-30": "-218.00000", "2008-06-30": "8.00000", "2008-03-31": "-188.00000", "2007-12-31": "-486.00000", "2007-09-30": "-132.00000", "2007-06-30": "-285.00000", "2007-03-31": "-485.00000", "2006-12-31": "-397.00000", "2006-09-30": "-540.00000", "2006-06-30": "-272.00000", "2006-03-31": "-422.00000", "2005-12-31": "-318.00000", "2005-09-30": "-1249.00000", "2005-06-30": "-294.00000", "2005-03-31": "-22.00000"}, "Operating Expenses": {"2020-12-31": "1446.00000", "2020-09-30": "1206.00000", "2020-06-30": "1170.00000", "2020-03-31": "1496.00000", "2019-12-31": "1484.00000", "2019-09-30": "1195.00000", "2019-06-30": "1227.00000", "2019-03-31": "1700.00000", "2018-12-31": "1579.00000", "2018-09-30": "1305.00000", "2018-06-30": "1237.00000", "2018-03-31": "1590.00000", "2017-12-31": "1399.00000", "2017-09-30": "1197.00000", "2017-06-30": "1208.00000", "2017-03-31": "1441.00000", "2016-12-31": "1360.00000", "2016-09-30": "1212.00000", "2016-06-30": "1096.00000", "2016-03-31": "1475.00000", "2015-12-31": "1249.00000", "2015-09-30": "1169.00000", "2015-06-30": "1146.00000", "2015-03-31": "1714.00000", "2014-12-31": "1485.00000", "2014-09-30": "1194.00000", "2014-06-30": "1233.00000", "2014-03-31": "2115.00000", "2013-12-31": "1472.00000", "2013-09-30": "1128.00000", "2013-06-30": "1174.00000", "2013-03-31": "1650.00000", "2012-12-31": "1458.00000", "2012-09-30": "1164.00000", "2012-06-30": "1073.00000", "2012-03-31": "1555.00000", "2011-12-31": "1446.00000", "2011-09-30": "1148.00000", "2011-06-30": "1157.00000", "2011-03-31": "1749.00000", "2010-12-31": "1524.00000", "2010-09-30": "1124.00000", "2010-06-30": "1078.00000", "2010-03-31": "1728.00000", "2009-12-31": "1505.00000", "2009-09-30": "1033.00000", "2009-06-30": "1075.00000", "2009-03-31": "1894.00000", "2008-12-31": "1216.00000", "2008-09-30": "1221.00000", "2008-06-30": "1209.00000", "2008-03-31": "1930.00000", "2007-12-31": "1819.00000", "2007-09-30": "1070.00000", "2007-06-30": "1329.00000", "2007-03-31": "2232.00000", "2006-12-31": "1696.00000", "2006-09-30": "1334.00000", "2006-06-30": "1158.00000", "2006-03-31": "1992.00000", "2005-12-31": "1497.00000", "2005-09-30": "2151.00000", "2005-06-30": "1154.00000", "2005-03-31": "1422.00000"}, "Operating Income": {"2020-12-31": "352.00000", "2020-09-30": "369.00000", "2020-06-30": "273.00000", "2020-03-31": "368.00000", "2019-12-31": "311.00000", "2019-09-30": "351.00000", "2019-06-30": "218.00000", "2019-03-31": "359.00000", "2018-12-31": "250.00000", "2018-09-30": "294.00000", "2018-06-30": "255.00000", "2018-03-31": "363.00000", "2017-12-31": "379.00000", "2017-09-30": "330.00000", "2017-06-30": "241.00000", "2017-03-31": "388.00000", "2016-12-31": "280.00000", "2016-09-30": "375.00000", "2016-06-30": "275.00000", "2016-03-31": "326.00000", "2015-12-31": "260.00000", "2015-09-30": "317.00000", "2015-06-30": "204.00000", "2015-03-31": "397.00000", "2014-12-31": "273.00000", "2014-09-30": "236.00000", "2014-06-30": "235.00000", "2014-03-31": "408.00000", "2013-12-31": "264.00000", "2013-09-30": "317.00000", "2013-06-30": "232.00000", "2013-03-31": "329.00000", "2012-12-31": "212.00000", "2012-09-30": "343.00000", "2012-06-30": "260.00000", "2012-03-31": "188.00000", "2011-12-31": "174.00000", "2011-09-30": "316.00000", "2011-06-30": "207.00000", "2011-03-31": "306.00000", "2010-12-31": "158.00000", "2010-09-30": "319.00000", "2010-06-30": "262.00000", "2010-03-31": "239.00000", "2009-12-31": "108.00000", "2009-09-30": "230.00000", "2009-06-30": "150.00000", "2009-03-31": "210.00000", "2008-12-31": "212.00000", "2008-09-30": "207.00000", "2008-06-30": "156.00000", "2008-03-31": "254.00000", "2007-12-31": "-158.00000", "2007-09-30": "212.00000", "2007-06-30": "-10.00000", "2007-03-31": "-43.00000", "2006-12-31": "-14.00000", "2006-09-30": "-46.00000", "2006-06-30": "61.00000", "2006-03-31": "-55.00000", "2005-12-31": "", "2005-09-30": "-844.00000", "2005-06-30": "76.00000", "2005-03-31": "423.00000"}, "Total Non-Operating Income/Expense": {"2020-12-31": "-155.00000", "2020-09-30": "-115.00000", "2020-06-30": "-109.00000", "2020-03-31": "-98.00000", "2019-12-31": "-106.00000", "2019-09-30": "-102.00000", "2019-06-30": "-104.00000", "2019-03-31": "-98.00000", "2018-12-31": "-124.00000", "2018-09-30": "-92.00000", "2018-06-30": "-90.00000", "2018-03-31": "-82.00000", "2017-12-31": "-157.00000", "2017-09-30": "-101.00000", "2017-06-30": "-101.00000", "2017-03-31": "-93.00000", "2016-12-31": "-156.00000", "2016-09-30": "-94.00000", "2016-06-30": "-92.00000", "2016-03-31": "-88.00000", "2015-12-31": "-93.00000", "2015-09-30": "-94.00000", "2015-06-30": "-100.00000", "2015-03-31": "-95.00000", "2014-12-31": "-121.00000", "2014-09-30": "-95.00000", "2014-06-30": "-108.00000", "2014-03-31": "-99.00000", "2013-12-31": "-100.00000", "2013-09-30": "-99.00000", "2013-06-30": "-97.00000", "2013-03-31": "-90.00000", "2012-12-31": "-103.00000", "2012-09-30": "-96.00000", "2012-06-30": "-92.00000", "2012-03-31": "-90.00000", "2011-12-31": "-110.00000", "2011-09-30": "-95.00000", "2011-06-30": "-96.00000", "2011-03-31": "-96.00000", "2010-12-31": "-110.00000", "2010-09-30": "-86.00000", "2010-06-30": "-103.00000", "2010-03-31": "-89.00000", "2009-12-31": "-108.00000", "2009-09-30": "-107.00000", "2009-06-30": "-63.00000", "2009-03-31": "-85.00000", "2008-12-31": "-95.00000", "2008-09-30": "-90.00000", "2008-06-30": "-83.00000", "2008-03-31": "-83.00000", "2007-12-31": "-103.00000", "2007-09-30": "-78.00000", "2007-06-30": "-74.00000", "2007-03-31": "-63.00000", "2006-12-31": "-219.00000", "2006-09-30": "-69.00000", "2006-06-30": "-78.00000", "2006-03-31": "-5.00000", "2005-12-31": "-569.00000", "2005-09-30": "416.00000", "2005-06-30": "-71.00000", "2005-03-31": "-197.00000"}, "Pre-Tax Income": {"2020-12-31": "197.00000", "2020-09-30": "254.00000", "2020-06-30": "164.00000", "2020-03-31": "270.00000", "2019-12-31": "205.00000", "2019-09-30": "249.00000", "2019-06-30": "114.00000", "2019-03-31": "261.00000", "2018-12-31": "126.00000", "2018-09-30": "202.00000", "2018-06-30": "165.00000", "2018-03-31": "281.00000", "2017-12-31": "222.00000", "2017-09-30": "229.00000", "2017-06-30": "140.00000", "2017-03-31": "295.00000", "2016-12-31": "124.00000", "2016-09-30": "281.00000", "2016-06-30": "183.00000", "2016-03-31": "238.00000", "2015-12-31": "167.00000", "2015-09-30": "223.00000", "2015-06-30": "104.00000", "2015-03-31": "302.00000", "2014-12-31": "152.00000", "2014-09-30": "141.00000", "2014-06-30": "127.00000", "2014-03-31": "309.00000", "2013-12-31": "164.00000", "2013-09-30": "218.00000", "2013-06-30": "135.00000", "2013-03-31": "239.00000", "2012-12-31": "109.00000", "2012-09-30": "247.00000", "2012-06-30": "168.00000", "2012-03-31": "98.00000", "2011-12-31": "64.00000", "2011-09-30": "221.00000", "2011-06-30": "111.00000", "2011-03-31": "210.00000", "2010-12-31": "48.00000", "2010-09-30": "233.00000", "2010-06-30": "159.00000", "2010-03-31": "150.00000", "2009-12-31": "", "2009-09-30": "123.00000", "2009-06-30": "87.00000", "2009-03-31": "125.00000", "2008-12-31": "117.00000", "2008-09-30": "117.00000", "2008-06-30": "73.00000", "2008-03-31": "171.00000", "2007-12-31": "-261.00000", "2007-09-30": "134.00000", "2007-06-30": "-84.00000", "2007-03-31": "-106.00000", "2006-12-31": "-233.00000", "2006-09-30": "-115.00000", "2006-06-30": "-17.00000", "2006-03-31": "-60.00000", "2005-12-31": "-569.00000", "2005-09-30": "-428.00000", "2005-06-30": "5.00000", "2005-03-31": "226.00000"}, "Income Taxes": {"2020-12-31": "35.00000", "2020-09-30": "44.00000", "2020-06-30": "27.00000", "2020-03-31": "27.00000", "2019-12-31": "37.00000", "2019-09-30": "42.00000", "2019-06-30": "20.00000", "2019-03-31": "48.00000", "2018-12-31": "17.00000", "2018-09-30": "33.00000", "2018-06-30": "25.00000", "2018-03-31": "40.00000", "2017-12-31": "224.00000", "2017-09-30": "57.00000", "2017-06-30": "47.00000", "2017-03-31": "96.00000", "2016-12-31": "46.00000", "2016-09-30": "95.00000", "2016-06-30": "58.00000", "2016-03-31": "74.00000", "2015-12-31": "60.00000", "2015-09-30": "75.00000", "2015-06-30": "36.00000", "2015-03-31": "100.00000", "2014-12-31": "55.00000", "2014-09-30": "47.00000", "2014-06-30": "43.00000", "2014-03-31": "105.00000", "2013-12-31": "62.00000", "2013-09-30": "91.00000", "2013-06-30": "54.00000", "2013-03-31": "95.00000", "2012-12-31": "42.00000", "2012-09-30": "98.00000", "2012-06-30": "67.00000", "2012-03-31": "38.00000", "2011-12-31": "23.00000", "2011-09-30": "81.00000", "2011-06-30": "10.00000", "2011-03-31": "77.00000", "2010-12-31": "17.00000", "2010-09-30": "87.00000", "2010-06-30": "59.00000", "2010-03-31": "61.00000", "2009-12-31": "-14.00000", "2009-09-30": "47.00000", "2009-06-30": "32.00000", "2009-03-31": "50.00000", "2008-12-31": "36.00000", "2008-09-30": "36.00000", "2008-06-30": "24.00000", "2008-03-31": "63.00000", "2007-12-31": "-139.00000", "2007-09-30": "46.00000", "2007-06-30": "-29.00000", "2007-03-31": "-75.00000", "2006-12-31": "-39.00000", "2006-09-30": "-41.00000", "2006-06-30": "-80.00000", "2006-03-31": "-28.00000", "2005-12-31": "-64.00000", "2005-09-30": "-165.00000", "2005-06-30": "-25.00000", "2005-03-31": "74.00000"}, "Income After Taxes": {"2020-12-31": "162.00000", "2020-09-30": "210.00000", "2020-06-30": "137.00000", "2020-03-31": "243.00000", "2019-12-31": "168.00000", "2019-09-30": "207.00000", "2019-06-30": "94.00000", "2019-03-31": "213.00000", "2018-12-31": "109.00000", "2018-09-30": "169.00000", "2018-06-30": "140.00000", "2018-03-31": "241.00000", "2017-12-31": "-2.00000", "2017-09-30": "172.00000", "2017-06-30": "93.00000", "2017-03-31": "199.00000", "2016-12-31": "78.00000", "2016-09-30": "186.00000", "2016-06-30": "125.00000", "2016-03-31": "164.00000", "2015-12-31": "107.00000", "2015-09-30": "148.00000", "2015-06-30": "68.00000", "2015-03-31": "202.00000", "2014-12-31": "97.00000", "2014-09-30": "94.00000", "2014-06-30": "84.00000", "2014-03-31": "204.00000", "2013-12-31": "102.00000", "2013-09-30": "127.00000", "2013-06-30": "81.00000", "2013-03-31": "144.00000", "2012-12-31": "67.00000", "2012-09-30": "149.00000", "2012-06-30": "101.00000", "2012-03-31": "60.00000", "2011-12-31": "41.00000", "2011-09-30": "140.00000", "2011-06-30": "101.00000", "2011-03-31": "133.00000", "2010-12-31": "31.00000", "2010-09-30": "146.00000", "2010-06-30": "100.00000", "2010-03-31": "89.00000", "2009-12-31": "14.00000", "2009-09-30": "76.00000", "2009-06-30": "55.00000", "2009-03-31": "75.00000", "2008-12-31": "81.00000", "2008-09-30": "81.00000", "2008-06-30": "49.00000", "2008-03-31": "108.00000", "2007-12-31": "-122.00000", "2007-09-30": "88.00000", "2007-06-30": "-55.00000", "2007-03-31": "-31.00000", "2006-12-31": "-194.00000", "2006-09-30": "-74.00000", "2006-06-30": "63.00000", "2006-03-31": "-32.00000", "2005-12-31": "-505.00000", "2005-09-30": "-263.00000", "2005-06-30": "30.00000", "2005-03-31": "152.00000"}, "Other Income": {"2020-12-31": "", "2020-09-30": "", "2020-06-30": "", "2020-03-31": "", "2019-12-31": "", "2019-09-30": "", "2019-06-30": "", "2019-03-31": "", "2018-12-31": "", "2018-09-30": "", "2018-06-30": "", "2018-03-31": "", "2017-12-31": "", "2017-09-30": "", "2017-06-30": "", "2017-03-31": "", "2016-12-31": "", "2016-09-30": "", "2016-06-30": "", "2016-03-31": "", "2015-12-31": "", "2015-09-30": "", "2015-06-30": "", "2015-03-31": "", "2014-12-31": "", "2014-09-30": "", "2014-06-30": "", "2014-03-31": "", "2013-12-31": "", "2013-09-30": "", "2013-06-30": "", "2013-03-31": "", "2012-12-31": "", "2012-09-30": "", "2012-06-30": "", "2012-03-31": "", "2011-12-31": "", "2011-09-30": "", "2011-06-30": "", "2011-03-31": "", "2010-12-31": "", "2010-09-30": "", "2010-06-30": "", "2010-03-31": "", "2009-12-31": "", "2009-09-30": "", "2009-06-30": "", "2009-03-31": "", "2008-12-31": "", "2008-09-30": "", "2008-06-30": "", "2008-03-31": "", "2007-12-31": "", "2007-09-30": "", "2007-06-30": "", "2007-03-31": "", "2006-12-31": "", "2006-09-30": "", "2006-06-30": "", "2006-03-31": "", "2005-12-31": "", "2005-09-30": "", "2005-06-30": "", "2005-03-31": ""}, "Income From Continuous Operations": {"2020-12-31": "162.00000", "2020-09-30": "210.00000", "2020-06-30": "137.00000", "2020-03-31": "243.00000", "2019-12-31": "168.00000", "2019-09-30": "207.00000", "2019-06-30": "94.00000", "2019-03-31": "213.00000", "2018-12-31": "109.00000", "2018-09-30": "169.00000", "2018-06-30": "140.00000", "2018-03-31": "241.00000", "2017-12-31": "-2.00000", "2017-09-30": "172.00000", "2017-06-30": "93.00000", "2017-03-31": "199.00000", "2016-12-31": "78.00000", "2016-09-30": "186.00000", "2016-06-30": "125.00000", "2016-03-31": "164.00000", "2015-12-31": "107.00000", "2015-09-30": "148.00000", "2015-06-30": "68.00000", "2015-03-31": "202.00000", "2014-12-31": "97.00000", "2014-09-30": "94.00000", "2014-06-30": "84.00000", "2014-03-31": "204.00000", "2013-12-31": "102.00000", "2013-09-30": "127.00000", "2013-06-30": "81.00000", "2013-03-31": "144.00000", "2012-12-31": "67.00000", "2012-09-30": "149.00000", "2012-06-30": "101.00000", "2012-03-31": "60.00000", "2011-12-31": "41.00000", "2011-09-30": "140.00000", "2011-06-30": "101.00000", "2011-03-31": "133.00000", "2010-12-31": "31.00000", "2010-09-30": "146.00000", "2010-06-30": "100.00000", "2010-03-31": "89.00000", "2009-12-31": "14.00000", "2009-09-30": "76.00000", "2009-06-30": "55.00000", "2009-03-31": "75.00000", "2008-12-31": "81.00000", "2008-09-30": "81.00000", "2008-06-30": "49.00000", "2008-03-31": "108.00000", "2007-12-31": "-116.00000", "2007-09-30": "84.00000", "2007-06-30": "-55.00000", "2007-03-31": "-33.00000", "2006-12-31": "-52.00000", "2006-09-30": "-112.00000", "2006-06-30": "63.00000", "2006-03-31": "-32.00000", "2005-12-31": "-60.00000", "2005-09-30": "-263.00000", "2005-06-30": "30.00000", "2005-03-31": "152.00000"}, "Income From Discontinued Operations": {"2020-12-31": "", "2020-09-30": "", "2020-06-30": "", "2020-03-31": "", "2019-12-31": "", "2019-09-30": "", "2019-06-30": "", "2019-03-31": "", "2018-12-31": "", "2018-09-30": "", "2018-06-30": "", "2018-03-31": "", "2017-12-31": "", "2017-09-30": "", "2017-06-30": "", "2017-03-31": "", "2016-12-31": "", "2016-09-30": "", "2016-06-30": "", "2016-03-31": "", "2015-12-31": "", "2015-09-30": "", "2015-06-30": "", "2015-03-31": "", "2014-12-31": "", "2014-09-30": "", "2014-06-30": "", "2014-03-31": "", "2013-12-31": "", "2013-09-30": "", "2013-06-30": "", "2013-03-31": "", "2012-12-31": "", "2012-09-30": "", "2012-06-30": "", "2012-03-31": "7.00000", "2011-12-31": "", "2011-09-30": "", "2011-06-30": "0.00000", "2011-03-31": "2.00000", "2010-12-31": "-6.00000", "2010-09-30": "", "2010-06-30": "-16.00000", "2010-03-31": "-1.00000", "2009-12-31": "-3.00000", "2009-09-30": "-1.00000", "2009-06-30": "25.00000", "2009-03-31": "-1.00000", "2008-12-31": "1.00000", "2008-09-30": "1.00000", "2008-06-30": "-1.00000", "2008-03-31": "", "2007-12-31": "-23.00000", "2007-09-30": "", "2007-06-30": "91.00000", "2007-03-31": "-178.00000", "2006-12-31": "23.00000", "2006-09-30": "11.00000", "2006-06-30": "12.00000", "2006-03-31": "8.00000", "2005-12-31": "", "2005-09-30": "", "2005-06-30": "", "2005-03-31": ""}, "Net Income": {"2020-12-31": "158.00000", "2020-09-30": "218.00000", "2020-06-30": "136.00000", "2020-03-31": "243.00000", "2019-12-31": "167.00000", "2019-09-30": "207.00000", "2019-06-30": "93.00000", "2019-03-31": "213.00000", "2018-12-31": "108.00000", "2018-09-30": "169.00000", "2018-06-30": "139.00000", "2018-03-31": "241.00000", "2017-12-31": "-3.00000", "2017-09-30": "172.00000", "2017-06-30": "92.00000", "2017-03-31": "199.00000", "2016-12-31": "77.00000", "2016-09-30": "186.00000", "2016-06-30": "124.00000", "2016-03-31": "164.00000", "2015-12-31": "106.00000", "2015-09-30": "148.00000", "2015-06-30": "67.00000", "2015-03-31": "202.00000", "2014-12-31": "96.00000", "2014-09-30": "94.00000", "2014-06-30": "83.00000", "2014-03-31": "204.00000", "2013-12-31": "102.00000", "2013-09-30": "126.00000", "2013-06-30": "80.00000", "2013-03-31": "144.00000", "2012-12-31": "67.00000", "2012-09-30": "148.00000", "2012-06-30": "100.00000", "2012-03-31": "67.00000", "2011-12-31": "41.00000", "2011-09-30": "139.00000", "2011-06-30": "100.00000", "2011-03-31": "135.00000", "2010-12-31": "25.00000", "2010-09-30": "134.00000", "2010-06-30": "80.00000", "2010-03-31": "85.00000", "2009-12-31": "6.00000", "2009-09-30": "67.00000", "2009-06-30": "75.00000", "2009-03-31": "70.00000", "2008-12-31": "78.00000", "2008-09-30": "78.00000", "2008-06-30": "44.00000", "2008-03-31": "102.00000", "2007-12-31": "-134.00000", "2007-09-30": "82.00000", "2007-06-30": "33.00000", "2007-03-31": "-215.00000", "2006-12-31": "-32.00000", "2006-09-30": "-103.00000", "2006-06-30": "72.00000", "2006-03-31": "-27.00000", "2005-12-31": "-6.00000", "2005-09-30": "-265.00000", "2005-06-30": "27.00000", "2005-03-31": "150.00000"}, "EBITDA": {"2020-12-31": "", "2020-09-30": "597.00000", "2020-06-30": "496.00000", "2020-03-31": "684.00000", "2019-12-31": "574.00000", "2019-09-30": "566.00000", "2019-06-30": "434.00000", "2019-03-31": "657.00000", "2018-12-31": "494.00000", "2018-09-30": "500.00000", "2018-06-30": "459.00000", "2018-03-31": "642.00000", "2017-12-31": "608.00000", "2017-09-30": "523.00000", "2017-06-30": "438.00000", "2017-03-31": "650.00000", "2016-12-31": "494.00000", "2016-09-30": "558.00000", "2016-06-30": "451.00000", "2016-03-31": "564.00000", "2015-12-31": "446.00000", "2015-09-30": "490.00000", "2015-06-30": "373.00000", "2015-03-31": "619.00000", "2014-12-31": "455.00000", "2014-09-30": "389.00000", "2014-06-30": "386.00000", "2014-03-31": "607.00000", "2013-12-31": "429.00000", "2013-09-30": "462.00000", "2013-06-30": "369.00000", "2013-03-31": "510.00000", "2012-12-31": "370.00000", "2012-09-30": "481.00000", "2012-06-30": "390.00000", "2012-03-31": "360.00000", "2011-12-31": "316.00000", "2011-09-30": "436.00000", "2011-06-30": "329.00000", "2011-03-31": "468.00000", "2010-12-31": "298.00000", "2010-09-30": "452.00000", "2010-06-30": "393.00000", "2010-03-31": "411.00000", "2009-12-31": "225.00000", "2009-09-30": "370.00000", "2009-06-30": "280.00000", "2009-03-31": "393.00000", "2008-12-31": "375.00000", "2008-09-30": "353.00000", "2008-06-30": "296.00000", "2008-03-31": "438.00000", "2007-12-31": "6.00000", "2007-09-30": "350.00000", "2007-06-30": "126.00000", "2007-03-31": "131.00000", "2006-12-31": "154.00000", "2006-09-30": "94.00000", "2006-06-30": "200.00000", "2006-03-31": "118.00000", "2005-12-31": "122.00000", "2005-09-30": "-710.00000", "2005-06-30": "214.00000", "2005-03-31": "594.00000"}, "EBIT": {"2020-12-31": "352.00000", "2020-09-30": "369.00000", "2020-06-30": "273.00000", "2020-03-31": "368.00000", "2019-12-31": "311.00000", "2019-09-30": "351.00000", "2019-06-30": "218.00000", "2019-03-31": "359.00000", "2018-12-31": "250.00000", "2018-09-30": "294.00000", "2018-06-30": "255.00000", "2018-03-31": "363.00000", "2017-12-31": "379.00000", "2017-09-30": "330.00000", "2017-06-30": "241.00000", "2017-03-31": "388.00000", "2016-12-31": "280.00000", "2016-09-30": "375.00000", "2016-06-30": "275.00000", "2016-03-31": "326.00000", "2015-12-31": "260.00000", "2015-09-30": "317.00000", "2015-06-30": "204.00000", "2015-03-31": "397.00000", "2014-12-31": "273.00000", "2014-09-30": "236.00000", "2014-06-30": "235.00000", "2014-03-31": "408.00000", "2013-12-31": "264.00000", "2013-09-30": "317.00000", "2013-06-30": "232.00000", "2013-03-31": "329.00000", "2012-12-31": "212.00000", "2012-09-30": "343.00000", "2012-06-30": "260.00000", "2012-03-31": "188.00000", "2011-12-31": "174.00000", "2011-09-30": "316.00000", "2011-06-30": "207.00000", "2011-03-31": "306.00000", "2010-12-31": "158.00000", "2010-09-30": "319.00000", "2010-06-30": "262.00000", "2010-03-31": "239.00000", "2009-12-31": "108.00000", "2009-09-30": "230.00000", "2009-06-30": "150.00000", "2009-03-31": "210.00000", "2008-12-31": "212.00000", "2008-09-30": "207.00000", "2008-06-30": "156.00000", "2008-03-31": "254.00000", "2007-12-31": "-158.00000", "2007-09-30": "212.00000", "2007-06-30": "-10.00000", "2007-03-31": "-43.00000", "2006-12-31": "-14.00000", "2006-09-30": "-46.00000", "2006-06-30": "61.00000", "2006-03-31": "-55.00000", "2005-12-31": "", "2005-09-30": "-844.00000", "2005-06-30": "76.00000", "2005-03-31": "423.00000"}, "Basic Shares Outstanding": {"2020-12-31": "285.70000", "2020-09-30": "285.60000", "2020-06-30": "285.50000", "2020-03-31": "283.30000", "2019-12-31": "283.00000", "2019-09-30": "283.00000", "2019-06-30": "282.90000", "2019-03-31": "282.80000", "2018-12-31": "282.20000", "2018-09-30": "282.50000", "2018-06-30": "282.10000", "2018-03-31": "281.50000", "2017-12-31": "280.00000", "2017-09-30": "280.80000", "2017-06-30": "279.50000", "2017-03-31": "278.90000", "2016-12-31": "277.90000", "2016-09-30": "278.20000", "2016-06-30": "278.20000", "2016-03-31": "276.70000", "2015-12-31": "275.60000", "2015-09-30": "276.00000", "2015-06-30": "275.40000", "2015-03-31": "274.80000", "2014-12-31": "270.60000", "2014-09-30": "274.00000", "2014-06-30": "268.00000", "2014-03-31": "266.10000", "2013-12-31": "264.50000", "2013-09-30": "264.80000", "2013-06-30": "264.50000", "2013-03-31": "263.60000", "2012-12-31": "260.70000", "2012-09-30": "262.90000", "2012-06-30": "261.20000", "2012-03-31": "255.60000", "2011-12-31": "250.80000", "2011-09-30": "251.30000", "2011-06-30": "250.30000", "2011-03-31": "250.00000", "2010-12-31": "231.50000", "2010-09-30": "229.00000", "2010-06-30": "228.20000", "2010-03-31": "228.00000", "2009-12-31": "227.20000", "2009-09-30": "227.30000", "2009-06-30": "226.90000", "2009-03-31": "226.60000", "2008-12-31": "225.80000", "2008-09-30": "225.80000", "2008-06-30": "225.40000", "2008-03-31": "225.20000", "2007-12-31": "224.50000", "2007-09-30": "223.00000", "2007-06-30": "222.60000", "2007-03-31": "221.50000", "2006-12-31": "219.90000", "2006-09-30": "220.10000", "2006-06-30": "219.60000", "2006-03-31": "219.10000", "2005-12-31": "211.80000", "2005-09-30": "219.60000", "2005-06-30": "217.90000", "2005-03-31": "195.30000"}, "Shares Outstanding": {"2020-12-31": "286.90000", "2020-09-30": "286.90000", "2020-06-30": "286.50000", "2020-03-31": "285.20000", "2019-12-31": "284.30000", "2019-09-30": "284.60000", "2019-06-30": "284.00000", "2019-03-31": "283.60000", "2018-12-31": "282.90000", "2018-09-30": "283.20000", "2018-06-30": "282.60000", "2018-03-31": "282.20000", "2017-12-31": "280.80000", "2017-09-30": "281.60000", "2017-06-30": "280.30000", "2017-03-31": "279.90000", "2016-12-31": "278.90000", "2016-09-30": "279.20000", "2016-06-30": "279.30000", "2016-03-31": "277.90000", "2015-12-31": "276.50000", "2015-09-30": "276.90000", "2015-06-30": "276.20000", "2015-03-31": "275.70000", "2014-12-31": "274.60000", "2014-09-30": "274.70000", "2014-06-30": "274.60000", "2014-03-31": "273.00000", "2013-12-31": "271.90000", "2013-09-30": "272.00000", "2013-06-30": "272.20000", "2013-03-31": "270.90000", "2012-12-31": "268.60000", "2012-09-30": "269.00000", "2012-06-30": "268.20000", "2012-03-31": "266.80000", "2011-12-31": "263.40000", "2011-09-30": "263.90000", "2011-06-30": "261.90000", "2011-03-31": "261.70000", "2010-12-31": "252.90000", "2010-09-30": "254.70000", "2010-06-30": "247.60000", "2010-03-31": "246.50000", "2009-12-31": "237.90000", "2009-09-30": "238.50000", "2009-06-30": "234.60000", "2009-03-31": "233.20000", "2008-12-31": "236.30000", "2008-09-30": "236.30000", "2008-06-30": "240.60000", "2008-03-31": "237.60000", "2007-12-31": "224.50000", "2007-09-30": "241.30000", "2007-06-30": "222.60000", "2007-03-31": "221.50000", "2006-12-31": "219.90000", "2006-09-30": "220.10000", "2006-06-30": "229.60000", "2006-03-31": "219.10000", "2005-12-31": "211.80000", "2005-09-30": "219.60000", "2005-06-30": "228.90000", "2005-03-31": "206.30000"}, "Basic EPS": {"2020-12-31": "0.55000", "2020-09-30": "0.76000", "2020-06-30": "0.48000", "2020-03-31": "0.86000", "2019-12-31": "0.59000", "2019-09-30": "0.73000", "2019-06-30": "0.33000", "2019-03-31": "0.75000", "2018-12-31": "0.38000", "2018-09-30": "0.60000", "2018-06-30": "0.49000", "2018-03-31": "0.86000", "2017-12-31": "-0.01000", "2017-09-30": "0.61000", "2017-06-30": "0.33000", "2017-03-31": "0.71000", "2016-12-31": "0.28000", "2016-09-30": "0.67000", "2016-06-30": "0.45000", "2016-03-31": "0.59000", "2015-12-31": "0.39000", "2015-09-30": "0.53000", "2015-06-30": "0.25000", "2015-03-31": "0.73000", "2014-12-31": "0.34000", "2014-09-30": "0.34000", "2014-06-30": "0.31000", "2014-03-31": "0.77000", "2013-12-31": "0.38000", "2013-09-30": "0.48000", "2013-06-30": "0.30000", "2013-03-31": "0.55000", "2012-12-31": "0.26000", "2012-09-30": "0.56000", "2012-06-30": "0.38000", "2012-03-31": "0.26000", "2011-12-31": "0.17000", "2011-09-30": "0.55000", "2011-06-30": "0.40000", "2011-03-31": "0.54000", "2010-12-31": "0.10000", "2010-09-30": "0.58000", "2010-06-30": "0.35000", "2010-03-31": "0.37000", "2009-12-31": "0.03000", "2009-09-30": "0.29000", "2009-06-30": "0.33000", "2009-03-31": "0.31000", "2008-12-31": "0.35000", "2008-09-30": "0.35000", "2008-06-30": "0.20000", "2008-03-31": "0.45000", "2007-12-31": "-0.59000", "2007-09-30": "0.37000", "2007-06-30": "0.15000", "2007-03-31": "-0.97000", "2006-12-31": "-0.15000", "2006-09-30": "-0.47000", "2006-06-30": "0.33000", "2006-03-31": "-0.12000", "2005-12-31": "-0.12000", "2005-09-30": "-1.21000", "2005-06-30": "0.12000", "2005-03-31": "0.77000"}, "EPS - Earnings Per Share": {"2020-12-31": "0.55000", "2020-09-30": "0.76000", "2020-06-30": "0.48000", "2020-03-31": "0.85000", "2019-12-31": "0.58000", "2019-09-30": "0.73000", "2019-06-30": "0.33000", "2019-03-31": "0.75000", "2018-12-31": "0.38000", "2018-09-30": "0.59000", "2018-06-30": "0.49000", "2018-03-31": "0.86000", "2017-12-31": "-0.01000", "2017-09-30": "0.61000", "2017-06-30": "0.33000", "2017-03-31": "0.71000", "2016-12-31": "0.27000", "2016-09-30": "0.67000", "2016-06-30": "0.45000", "2016-03-31": "0.59000", "2015-12-31": "0.38000", "2015-09-30": "0.53000", "2015-06-30": "0.25000", "2015-03-31": "0.73000", "2014-12-31": "0.35000", "2014-09-30": "0.34000", "2014-06-30": "0.30000", "2014-03-31": "0.75000", "2013-12-31": "0.38000", "2013-09-30": "0.46000", "2013-06-30": "0.29000", "2013-03-31": "0.53000", "2012-12-31": "0.25000", "2012-09-30": "0.55000", "2012-06-30": "0.37000", "2012-03-31": "0.25000", "2011-12-31": "0.15000", "2011-09-30": "0.53000", "2011-06-30": "0.38000", "2011-03-31": "0.52000", "2010-12-31": "0.09000", "2010-09-30": "0.53000", "2010-06-30": "0.32000", "2010-03-31": "0.34000", "2009-12-31": "0.01000", "2009-09-30": "0.28000", "2009-06-30": "0.32000", "2009-03-31": "0.30000", "2008-12-31": "0.33000", "2008-09-30": "0.33000", "2008-06-30": "0.18000", "2008-03-31": "0.43000", "2007-12-31": "-0.56000", "2007-09-30": "0.34000", "2007-06-30": "0.15000", "2007-03-31": "-0.97000", "2006-12-31": "-0.13000", "2006-09-30": "-0.47000", "2006-06-30": "0.31000", "2006-03-31": "-0.12000", "2005-12-31": "-0.09000", "2005-09-30": "-1.21000", "2005-06-30": "0.12000", "2005-03-31": "0.74000"}}, "balance sheet": {"Cash On Hand": {"2020-12-31": "185.00000", "2019-12-31": "157.00000", "2018-12-31": "174.00000", "2017-12-31": "199.00000", "2016-12-31": "254.00000", "2015-12-31": "285.00000", "2014-12-31": "244.00000", "2013-12-31": "204.00000", "2012-12-31": "122.00000", "2011-12-31": "188.00000", "2010-12-31": "270.00000", "2009-12-31": "122.00000", "2008-12-31": "242.00000", "2007-12-31": "382.00000", "2006-12-31": "320.00000", "2005-12-31": "1045.00000"}, "Receivables": {"2020-12-31": "", "2019-12-31": "903.00000", "2018-12-31": "978.00000", "2017-12-31": "1044.00000", "2016-12-31": "833.00000", "2015-12-31": "785.00000", "2014-12-31": "892.00000", "2013-12-31": "924.00000", "2012-12-31": "865.00000", "2011-12-31": "879.00000", "2010-12-31": "991.00000", "2009-12-31": "996.00000", "2008-12-31": "857.00000", "2007-12-31": "884.00000", "2006-12-31": "720.00000", "2005-12-31": "899.00000"}, "Inventory": {"2020-12-31": "", "2019-12-31": "605.00000", "2018-12-31": "650.00000", "2017-12-31": "672.00000", "2016-12-31": "626.00000", "2015-12-31": "778.00000", "2014-12-31": "918.00000", "2013-12-31": "881.00000", "2012-12-31": "1084.00000", "2011-12-31": "1187.00000", "2010-12-31": "1175.00000", "2009-12-31": "1319.00000", "2008-12-31": "1405.00000", "2007-12-31": "1334.00000", "2006-12-31": "1342.00000", "2005-12-31": "1275.00000"}, "Pre-Paid Expenses": {"2020-12-31": "", "2019-12-31": "86.00000", "2018-12-31": "101.00000", "2017-12-31": "83.00000", "2016-12-31": "81.00000", "2015-12-31": "77.00000", "2014-12-31": "72.00000", "2013-12-31": "86.00000", "2012-12-31": "53.00000", "2011-12-31": "50.00000", "2010-12-31": "37.00000", "2009-12-31": "31.00000", "2008-12-31": "37.00000", "2007-12-31": "35.00000", "2006-12-31": "105.00000", "2005-12-31": "167.00000"}, "Other Current Assets": {"2020-12-31": "2219.00000", "2019-12-31": "33.00000", "2018-12-31": "53.00000", "2017-12-31": "20.00000", "2016-12-31": "17.00000", "2015-12-31": "16.00000", "2014-12-31": "116.00000", "2013-12-31": "40.00000", "2012-12-31": "67.00000", "2011-12-31": "1.00000", "2010-12-31": "36.00000", "2009-12-31": "21.00000", "2008-12-31": "26.00000", "2007-12-31": "19.00000", "2006-12-31": "303.00000", "2005-12-31": "374.00000"}, "Total Current Assets": {"2020-12-31": "2404.00000", "2019-12-31": "2331.00000", "2018-12-31": "2468.00000", "2017-12-31": "2475.00000", "2016-12-31": "2280.00000", "2015-12-31": "2320.00000", "2014-12-31": "2597.00000", "2013-12-31": "2526.00000", "2012-12-31": "2422.00000", "2011-12-31": "2565.00000", "2010-12-31": "2759.00000", "2009-12-31": "2742.00000", "2008-12-31": "2827.00000", "2007-12-31": "2880.00000", "2006-12-31": "3143.00000", "2005-12-31": "3920.00000"}, "Property, Plant, And Equipment": {"2020-12-31": "21039.00000", "2019-12-31": "18926.00000", "2018-12-31": "18126.00000", "2017-12-31": "16761.00000", "2016-12-31": "15715.00000", "2015-12-31": "14705.00000", "2014-12-31": "13412.00000", "2013-12-31": "12246.00000", "2012-12-31": "11551.00000", "2011-12-31": "10633.00000", "2010-12-31": "10069.00000", "2009-12-31": "9682.00000", "2008-12-31": "9181.00000", "2007-12-31": "8728.00000", "2006-12-31": "7708.00000", "2005-12-31": "7845.00000"}, "Long-Term Investments": {"2020-12-31": "", "2019-12-31": "71.00000", "2018-12-31": "69.00000", "2017-12-31": "64.00000", "2016-12-31": "65.00000", "2015-12-31": "64.00000", "2014-12-31": "61.00000", "2013-12-31": "59.00000", "2012-12-31": "57.00000", "2011-12-31": "50.00000", "2010-12-31": "49.00000", "2009-12-31": "9.00000", "2008-12-31": "11.00000", "2007-12-31": "11.00000", "2006-12-31": "566.00000", "2005-12-31": "725.00000"}, "Goodwill And Intangible Assets": {"2020-12-31": "", "2019-12-31": "", "2018-12-31": "", "2017-12-31": "", "2016-12-31": "", "2015-12-31": "", "2014-12-31": "", "2013-12-31": "", "2012-12-31": "", "2011-12-31": "", "2010-12-31": "", "2009-12-31": "", "2008-12-31": "", "2007-12-31": "", "2006-12-31": "", "2005-12-31": "27.00000"}, "Other Long-Term Assets": {"2020-12-31": "6223.00000", "2019-12-31": "739.00000", "2018-12-31": "478.00000", "2017-12-31": "799.00000", "2016-12-31": "353.00000", "2015-12-31": "343.00000", "2014-12-31": "352.00000", "2013-12-31": "409.00000", "2012-12-31": "293.00000", "2011-12-31": "276.00000", "2010-12-31": "249.00000", "2009-12-31": "235.00000", "2008-12-31": "277.00000", "2007-12-31": "266.00000", "2006-12-31": "758.00000", "2005-12-31": "814.00000"}, "Total Long-Term Assets": {"2020-12-31": "27262.00000", "2019-12-31": "24506.00000", "2018-12-31": "22061.00000", "2017-12-31": "20575.00000", "2016-12-31": "19342.00000", "2015-12-31": "17979.00000", "2014-12-31": "16588.00000", "2013-12-31": "14890.00000", "2012-12-31": "14709.00000", "2011-12-31": "13887.00000", "2010-12-31": "12857.00000", "2009-12-31": "12514.00000", "2008-12-31": "12074.00000", "2007-12-31": "11312.00000", "2006-12-31": "12228.00000", "2005-12-31": "12121.00000"}, "Total Assets": {"2020-12-31": "29666.00000", "2019-12-31": "26837.00000", "2018-12-31": "24529.00000", "2017-12-31": "23050.00000", "2016-12-31": "21622.00000", "2015-12-31": "20299.00000", "2014-12-31": "19185.00000", "2013-12-31": "17416.00000", "2012-12-31": "17131.00000", "2011-12-31": "16452.00000", "2010-12-31": "15616.00000", "2009-12-31": "15256.00000", "2008-12-31": "14901.00000", "2007-12-31": "14192.00000", "2006-12-31": "15371.00000", "2005-12-31": "16041.00000"}, "Total Current Liabilities": {"2020-12-31": "1568.00000", "2019-12-31": "2704.00000", "2018-12-31": "2624.00000", "2017-12-31": "2784.00000", "2016-12-31": "2655.00000", "2015-12-31": "2302.00000", "2014-12-31": "1948.00000", "2013-12-31": "1945.00000", "2012-12-31": "1797.00000", "2011-12-31": "2338.00000", "2010-12-31": "2021.00000", "2009-12-31": "1954.00000", "2008-12-31": "1863.00000", "2007-12-31": "2473.00000", "2006-12-31": "2156.00000", "2005-12-31": "2134.00000"}, "Long Term Debt": {"2020-12-31": "15196.00000", "2019-12-31": "12027.00000", "2018-12-31": "10684.00000", "2017-12-31": "9214.00000", "2016-12-31": "8750.00000", "2015-12-31": "8518.00000", "2014-12-31": "8139.00000", "2013-12-31": "7239.00000", "2012-12-31": "6863.00000", "2011-12-31": "6207.00000", "2010-12-31": "6636.00000", "2009-12-31": "6092.00000", "2008-12-31": "6221.00000", "2007-12-31": "5788.00000", "2006-12-31": "6420.00000", "2005-12-31": "7286.00000"}, "Other Non-Current Liabilities": {"2020-12-31": "6825.00000", "2019-12-31": "4602.00000", "2018-12-31": "4407.00000", "2017-12-31": "4452.00000", "2016-12-31": "2778.00000", "2015-12-31": "2840.00000", "2014-12-31": "2734.00000", "2013-12-31": "2846.00000", "2012-12-31": "2724.00000", "2011-12-31": "2465.00000", "2010-12-31": "2500.00000", "2009-12-31": "2530.00000", "2008-12-31": "2391.00000", "2007-12-31": "2538.00000", "2006-12-31": "2953.00000", "2005-12-31": "2915.00000"}, "Total Long Term Liabilities": {"2020-12-31": "22021.00000", "2019-12-31": "19078.00000", "2018-12-31": "17113.00000", "2017-12-31": "15788.00000", "2016-12-31": "14677.00000", "2015-12-31": "14022.00000", "2014-12-31": "13530.00000", "2013-12-31": "11980.00000", "2012-12-31": "12096.00000", "2011-12-31": "11042.00000", "2010-12-31": "10758.00000", "2009-12-31": "10364.00000", "2008-12-31": "10562.00000", "2007-12-31": "9589.00000", "2006-12-31": "10981.00000", "2005-12-31": "11585.00000"}, "Total Liabilities": {"2020-12-31": "23589.00000", "2019-12-31": "21782.00000", "2018-12-31": "19737.00000", "2017-12-31": "18572.00000", "2016-12-31": "17332.00000", "2015-12-31": "16324.00000", "2014-12-31": "15478.00000", "2013-12-31": "13925.00000", "2012-12-31": "13893.00000", "2011-12-31": "13380.00000", "2010-12-31": "12779.00000", "2009-12-31": "12318.00000", "2008-12-31": "12425.00000", "2007-12-31": "12062.00000", "2006-12-31": "13137.00000", "2005-12-31": "13719.00000"}, "Common Stock Net": {"2020-12-31": "", "2019-12-31": "3.00000", "2018-12-31": "3.00000", "2017-12-31": "3.00000", "2016-12-31": "3.00000", "2015-12-31": "3.00000", "2014-12-31": "3.00000", "2013-12-31": "3.00000", "2012-12-31": "3.00000", "2011-12-31": "3.00000", "2010-12-31": "2.00000", "2009-12-31": "2.00000", "2008-12-31": "2.00000", "2007-12-31": "2.00000", "2006-12-31": "2.00000", "2005-12-31": "2.00000"}, "Retained Earnings (Accumulated Deficit)": {"2020-12-31": "", "2019-12-31": "-25.00000", "2018-12-31": "-271.00000", "2017-12-31": "-531.00000", "2016-12-31": "-616.00000", "2015-12-31": "-855.00000", "2014-12-31": "-1058.00000", "2013-12-31": "-1242.00000", "2012-12-31": "-1423.00000", "2011-12-31": "-1553.00000", "2010-12-31": "-1757.00000", "2009-12-31": "-1927.00000", "2008-12-31": "-2031.00000", "2007-12-31": "-2208.00000", "2006-12-31": "-1918.00000", "2005-12-31": "-1828.00000"}, "Comprehensive Income": {"2020-12-31": "", "2019-12-31": "-73.00000", "2018-12-31": "-65.00000", "2017-12-31": "-50.00000", "2016-12-31": "-50.00000", "2015-12-31": "-47.00000", "2014-12-31": "-49.00000", "2013-12-31": "-22.00000", "2012-12-31": "-55.00000", "2011-12-31": "-49.00000", "2010-12-31": "-40.00000", "2009-12-31": "-33.00000", "2008-12-31": "-28.00000", "2007-12-31": "-144.00000", "2006-12-31": "-318.00000", "2005-12-31": "-288.00000"}, "Other Share Holders Equity": {"2020-12-31": "", "2019-12-31": "", "2018-12-31": "", "2017-12-31": "", "2016-12-31": "", "2015-12-31": "", "2014-12-31": "", "2013-12-31": "", "2012-12-31": "", "2011-12-31": "", "2010-12-31": "", "2009-12-31": "", "2008-12-31": "", "2007-12-31": "", "2006-12-31": "", "2005-12-31": ""}, "Share Holder Equity": {"2020-12-31": "6077.00000", "2019-12-31": "5055.00000", "2018-12-31": "4792.00000", "2017-12-31": "4478.00000", "2016-12-31": "4290.00000", "2015-12-31": "3975.00000", "2014-12-31": "3707.00000", "2013-12-31": "3491.00000", "2012-12-31": "3238.00000", "2011-12-31": "3072.00000", "2010-12-31": "2837.00000", "2009-12-31": "2938.00000", "2008-12-31": "2476.00000", "2007-12-31": "2130.00000", "2006-12-31": "2234.00000", "2005-12-31": "2322.00000"}, "Total Liabilities And Share Holders Equity": {"2020-12-31": "29666.00000", "2019-12-31": "26837.00000", "2018-12-31": "24529.00000", "2017-12-31": "23050.00000", "2016-12-31": "21622.00000", "2015-12-31": "20299.00000", "2014-12-31": "19185.00000", "2013-12-31": "17416.00000", "2012-12-31": "17131.00000", "2011-12-31": "16452.00000", "2010-12-31": "15616.00000", "2009-12-31": "15256.00000", "2008-12-31": "14901.00000", "2007-12-31": "14192.00000", "2006-12-31": "15371.00000", "2005-12-31": "16041.00000"}}, "balance sheet, quarterly": {"Cash On Hand": {"2020-12-31": "185.00000", "2020-09-30": "558.00000", "2020-06-30": "1604.00000", "2020-03-31": "861.00000", "2019-12-31": "157.00000", "2019-09-30": "432.00000", "2019-06-30": "334.00000", "2019-03-31": "267.00000", "2018-12-31": "174.00000", "2018-09-30": "365.00000", "2018-06-30": "494.00000", "2018-03-31": "221.00000", "2017-12-31": "199.00000", "2017-09-30": "169.00000", "2017-06-30": "435.00000", "2017-03-31": "463.00000", "2016-12-31": "254.00000", "2016-09-30": "367.00000", "2016-06-30": "403.00000", "2016-03-31": "205.00000", "2015-12-31": "285.00000", "2015-09-30": "202.00000", "2015-06-30": "517.00000", "2015-03-31": "571.00000", "2014-12-31": "244.00000", "2014-09-30": "530.00000", "2014-06-30": "389.00000", "2014-03-31": "789.00000", "2013-12-31": "204.00000", "2013-09-30": "292.00000", "2013-06-30": "566.00000", "2013-03-31": "615.00000", "2012-12-31": "122.00000", "2012-09-30": "159.00000", "2012-06-30": "215.00000", "2012-03-31": "387.00000", "2011-12-31": "188.00000", "2011-09-30": "652.00000", "2011-06-30": "1023.00000", "2011-03-31": "831.00000", "2010-12-31": "270.00000", "2010-09-30": "719.00000", "2010-06-30": "558.00000", "2010-03-31": "778.00000", "2009-12-31": "122.00000", "2009-09-30": "213.00000", "2009-06-30": "1056.00000", "2009-03-31": "862.00000", "2008-12-31": "242.00000", "2008-09-30": "193.00000", "2008-06-30": "555.00000", "2008-03-31": "964.00000", "2007-12-31": "382.00000", "2007-09-30": "1293.00000", "2007-06-30": "1944.00000", "2007-03-31": "642.00000", "2006-12-31": "320.00000", "2006-09-30": "529.00000", "2006-06-30": "918.00000", "2006-03-31": "824.00000", "2005-12-31": "1045.00000", "2005-09-30": "989.00000", "2005-06-30": "1080.00000", "2005-03-31": "985.00000"}, "Receivables": {"2020-12-31": "", "2020-09-30": "669.00000", "2020-06-30": "757.00000", "2020-03-31": "909.00000", "2019-12-31": "903.00000", "2019-09-30": "657.00000", "2019-06-30": "764.00000", "2019-03-31": "1011.00000", "2018-12-31": "978.00000", "2018-09-30": "725.00000", "2018-06-30": "722.00000", "2018-03-31": "1015.00000", "2017-12-31": "1044.00000", "2017-09-30": "643.00000", "2017-06-30": "678.00000", "2017-03-31": "787.00000", "2016-12-31": "833.00000", "2016-09-30": "646.00000", "2016-06-30": "615.00000", "2016-03-31": "741.00000", "2015-12-31": "785.00000", "2015-09-30": "662.00000", "2015-06-30": "681.00000", "2015-03-31": "919.00000", "2014-12-31": "892.00000", "2014-09-30": "694.00000", "2014-06-30": "765.00000", "2014-03-31": "1042.00000", "2013-12-31": "924.00000", "2013-09-30": "715.00000", "2013-06-30": "758.00000", "2013-03-31": "952.00000", "2012-12-31": "865.00000", "2012-09-30": "693.00000", "2012-06-30": "680.00000", "2012-03-31": "760.00000", "2011-12-31": "879.00000", "2011-09-30": "700.00000", "2011-06-30": "729.00000", "2011-03-31": "941.00000", "2010-12-31": "991.00000", "2010-09-30": "727.00000", "2010-06-30": "731.00000", "2010-03-31": "892.00000", "2009-12-31": "996.00000", "2009-09-30": "673.00000", "2009-06-30": "703.00000", "2009-03-31": "988.00000", "2008-12-31": "857.00000", "2008-09-30": "643.00000", "2008-06-30": "649.00000", "2008-03-31": "925.00000", "2007-12-31": "884.00000", "2007-09-30": "637.00000", "2007-06-30": "814.00000", "2007-03-31": "1201.00000", "2006-12-31": "720.00000", "2006-09-30": "559.00000", "2006-06-30": "857.00000", "2006-03-31": "1084.00000", "2005-12-31": "899.00000", "2005-09-30": "642.00000", "2005-06-30": "648.00000", "2005-03-31": "886.00000"}, "Inventory": {"2020-12-31": "", "2020-09-30": "639.00000", "2020-06-30": "506.00000", "2020-03-31": "434.00000", "2019-12-31": "605.00000", "2019-09-30": "699.00000", "2019-06-30": "552.00000", "2019-03-31": "442.00000", "2018-12-31": "650.00000", "2018-09-30": "741.00000", "2018-06-30": "570.00000", "2018-03-31": "445.00000", "2017-12-31": "672.00000", "2017-09-30": "787.00000", "2017-06-30": "582.00000", "2017-03-31": "425.00000", "2016-12-31": "626.00000", "2016-09-30": "736.00000", "2016-06-30": "573.00000", "2016-03-31": "498.00000", "2015-12-31": "778.00000", "2015-09-30": "863.00000", "2015-06-30": "683.00000", "2015-03-31": "540.00000", "2014-12-31": "918.00000", "2014-09-30": "1043.00000", "2014-06-30": "775.00000", "2014-03-31": "537.00000", "2013-12-31": "881.00000", "2013-09-30": "1089.00000", "2013-06-30": "830.00000", "2013-03-31": "637.00000", "2012-12-31": "1084.00000", "2012-09-30": "1272.00000", "2012-06-30": "1052.00000", "2012-03-31": "888.00000", "2011-12-31": "1187.00000", "2011-09-30": "1279.00000", "2011-06-30": "969.00000", "2011-03-31": "712.00000", "2010-12-31": "1175.00000", "2010-09-30": "1395.00000", "2010-06-30": "1077.00000", "2010-03-31": "846.00000", "2009-12-31": "1319.00000", "2009-09-30": "1527.00000", "2009-06-30": "1138.00000", "2009-03-31": "839.00000", "2008-12-31": "1405.00000", "2008-09-30": "1726.00000", "2008-06-30": "1194.00000", "2008-03-31": "808.00000", "2007-12-31": "1334.00000", "2007-09-30": "1509.00000", "2007-06-30": "1130.00000", "2007-03-31": "824.00000", "2006-12-31": "1342.00000", "2006-09-30": "1520.00000", "2006-06-30": "1171.00000", "2006-03-31": "898.00000", "2005-12-31": "1275.00000", "2005-09-30": "1380.00000", "2005-06-30": "918.00000", "2005-03-31": "612.00000"}, "Pre-Paid Expenses": {"2020-12-31": "", "2020-09-30": "148.00000", "2020-06-30": "162.00000", "2020-03-31": "101.00000", "2019-12-31": "86.00000", "2019-09-30": "86.00000", "2019-06-30": "83.00000", "2019-03-31": "97.00000", "2018-12-31": "101.00000", "2018-09-30": "103.00000", "2018-06-30": "93.00000", "2018-03-31": "101.00000", "2017-12-31": "83.00000", "2017-09-30": "118.00000", "2017-06-30": "117.00000", "2017-03-31": "120.00000", "2016-12-31": "81.00000", "2016-09-30": "94.00000", "2016-06-30": "102.00000", "2016-03-31": "91.00000", "2015-12-31": "77.00000", "2015-09-30": "", "2015-06-30": "89.00000", "2015-03-31": "84.00000", "2014-12-31": "72.00000", "2014-09-30": "79.00000", "2014-06-30": "108.00000", "2014-03-31": "119.00000", "2013-12-31": "86.00000", "2013-09-30": "68.00000", "2013-06-30": "79.00000", "2013-03-31": "56.00000", "2012-12-31": "53.00000", "2012-09-30": "62.00000", "2012-06-30": "70.00000", "2012-03-31": "50.00000", "2011-12-31": "50.00000", "2011-09-30": "49.00000", "2011-06-30": "37.00000", "2011-03-31": "39.00000", "2010-12-31": "37.00000", "2010-09-30": "39.00000", "2010-06-30": "35.00000", "2010-03-31": "35.00000", "2009-12-31": "31.00000", "2009-09-30": "28.00000", "2009-06-30": "25.00000", "2009-03-31": "59.00000", "2008-12-31": "37.00000", "2008-09-30": "39.00000", "2008-06-30": "31.00000", "2008-03-31": "35.00000", "2007-12-31": "35.00000", "2007-09-30": "51.00000", "2007-06-30": "80.00000", "2007-03-31": "112.00000", "2006-12-31": "105.00000", "2006-09-30": "163.00000", "2006-06-30": "127.00000", "2006-03-31": "129.00000", "2005-12-31": "167.00000", "2005-09-30": "154.00000", "2005-06-30": "117.00000", "2005-03-31": "123.00000"}, "Other Current Assets": {"2020-12-31": "2219.00000", "2020-09-30": "9.00000", "2020-06-30": "16.00000", "2020-03-31": "25.00000", "2019-12-31": "33.00000", "2019-09-30": "13.00000", "2019-06-30": "68.00000", "2019-03-31": "83.00000", "2018-12-31": "53.00000", "2018-09-30": "10.00000", "2018-06-30": "14.00000", "2018-03-31": "15.00000", "2017-12-31": "20.00000", "2017-09-30": "19.00000", "2017-06-30": "9.00000", "2017-03-31": "12.00000", "2016-12-31": "17.00000", "2016-09-30": "16.00000", "2016-06-30": "7.00000", "2016-03-31": "11.00000", "2015-12-31": "16.00000", "2015-09-30": "107.00000", "2015-06-30": "31.00000", "2015-03-31": "57.00000", "2014-12-31": "116.00000", "2014-09-30": "116.00000", "2014-06-30": "163.00000", "2014-03-31": "204.00000", "2013-12-31": "40.00000", "2013-09-30": "31.00000", "2013-06-30": "36.00000", "2013-03-31": "38.00000", "2012-12-31": "67.00000", "2012-09-30": "27.00000", "2012-06-30": "13.00000", "2012-03-31": "", "2011-12-31": "1.00000", "2011-09-30": "2.00000", "2011-06-30": "8.00000", "2011-03-31": "14.00000", "2010-12-31": "36.00000", "2010-09-30": "21.00000", "2010-06-30": "21.00000", "2010-03-31": "21.00000", "2009-12-31": "21.00000", "2009-09-30": "19.00000", "2009-06-30": "19.00000", "2009-03-31": "19.00000", "2008-12-31": "26.00000", "2008-09-30": "19.00000", "2008-06-30": "19.00000", "2008-03-31": "19.00000", "2007-12-31": "19.00000", "2007-09-30": "23.00000", "2007-06-30": "21.00000", "2007-03-31": "154.00000", "2006-12-31": "303.00000", "2006-09-30": "86.00000", "2006-06-30": "173.00000", "2006-03-31": "213.00000", "2005-12-31": "374.00000", "2005-09-30": "659.00000", "2005-06-30": "391.00000", "2005-03-31": "411.00000"}, "Total Current Assets": {"2020-12-31": "2404.00000", "2020-09-30": "2494.00000", "2020-06-30": "3532.00000", "2020-03-31": "2817.00000", "2019-12-31": "2331.00000", "2019-09-30": "2305.00000", "2019-06-30": "2254.00000", "2019-03-31": "2376.00000", "2018-12-31": "2468.00000", "2018-09-30": "2374.00000", "2018-06-30": "2286.00000", "2018-03-31": "2207.00000", "2017-12-31": "2475.00000", "2017-09-30": "2121.00000", "2017-06-30": "2211.00000", "2017-03-31": "2215.00000", "2016-12-31": "2280.00000", "2016-09-30": "2198.00000", "2016-06-30": "2031.00000", "2016-03-31": "1890.00000", "2015-12-31": "2320.00000", "2015-09-30": "2123.00000", "2015-06-30": "2291.00000", "2015-03-31": "2501.00000", "2014-12-31": "2597.00000", "2014-09-30": "2734.00000", "2014-06-30": "2465.00000", "2014-03-31": "2969.00000", "2013-12-31": "2526.00000", "2013-09-30": "2401.00000", "2013-06-30": "2485.00000", "2013-03-31": "2528.00000", "2012-12-31": "2422.00000", "2012-09-30": "2360.00000", "2012-06-30": "2206.00000", "2012-03-31": "2268.00000", "2011-12-31": "2565.00000", "2011-09-30": "2860.00000", "2011-06-30": "2956.00000", "2011-03-31": "2741.00000", "2010-12-31": "2759.00000", "2010-09-30": "3086.00000", "2010-06-30": "2621.00000", "2010-03-31": "2795.00000", "2009-12-31": "2742.00000", "2009-09-30": "2662.00000", "2009-06-30": "3156.00000", "2009-03-31": "2984.00000", "2008-12-31": "2827.00000", "2008-09-30": "2830.00000", "2008-06-30": "2647.00000", "2008-03-31": "2887.00000", "2007-12-31": "2880.00000", "2007-09-30": "3696.00000", "2007-06-30": "4171.00000", "2007-03-31": "3215.00000", "2006-12-31": "3143.00000", "2006-09-30": "3046.00000", "2006-06-30": "3393.00000", "2006-03-31": "3314.00000", "2005-12-31": "3920.00000", "2005-09-30": "3940.00000", "2005-06-30": "3293.00000", "2005-03-31": "3181.00000"}, "Property, Plant, And Equipment": {"2020-12-31": "21039.00000", "2020-09-30": "20630.00000", "2020-06-30": "19436.00000", "2020-03-31": "19144.00000", "2019-12-31": "18926.00000", "2019-09-30": "18524.00000", "2019-06-30": "18106.00000", "2019-03-31": "18315.00000", "2018-12-31": "18126.00000", "2018-09-30": "17790.00000", "2018-06-30": "17237.00000", "2018-03-31": "16904.00000", "2017-12-31": "16761.00000", "2017-09-30": "16444.00000", "2017-06-30": "16119.00000", "2017-03-31": "15857.00000", "2016-12-31": "15715.00000", "2016-09-30": "15443.00000", "2016-06-30": "15187.00000", "2016-03-31": "14907.00000", "2015-12-31": "14705.00000", "2015-09-30": "14160.00000", "2015-06-30": "13775.00000", "2015-03-31": "13526.00000", "2014-12-31": "13412.00000", "2014-09-30": "13045.00000", "2014-06-30": "12680.00000", "2014-03-31": "12360.00000", "2013-12-31": "12246.00000", "2013-09-30": "12154.00000", "2013-06-30": "11916.00000", "2013-03-31": "11667.00000", "2012-12-31": "11551.00000", "2012-09-30": "11190.00000", "2012-06-30": "10997.00000", "2012-03-31": "10755.00000", "2011-12-31": "10633.00000", "2011-09-30": "10410.00000", "2011-06-30": "10255.00000", "2011-03-31": "10138.00000", "2010-12-31": "10069.00000", "2010-09-30": "9918.00000", "2010-06-30": "9804.00000", "2010-03-31": "9647.00000", "2009-12-31": "9682.00000", "2009-09-30": "9566.00000", "2009-06-30": "9421.00000", "2009-03-31": "9266.00000", "2008-12-31": "9181.00000", "2008-09-30": "8995.00000", "2008-06-30": "8895.00000", "2008-03-31": "8786.00000", "2007-12-31": "8728.00000", "2007-09-30": "7961.00000", "2007-06-30": "7820.00000", "2007-03-31": "7903.00000", "2006-12-31": "7708.00000", "2006-09-30": "8081.00000", "2006-06-30": "8028.00000", "2006-03-31": "7898.00000", "2005-12-31": "7845.00000", "2005-09-30": "7719.00000", "2005-06-30": "8834.00000", "2005-03-31": "8798.00000"}, "Long-Term Investments": {"2020-12-31": "", "2020-09-30": "68.00000", "2020-06-30": "68.00000", "2020-03-31": "72.00000", "2019-12-31": "71.00000", "2019-09-30": "68.00000", "2019-06-30": "64.00000", "2019-03-31": "62.00000", "2018-12-31": "69.00000", "2018-09-30": "72.00000", "2018-06-30": "74.00000", "2018-03-31": "67.00000", "2017-12-31": "64.00000", "2017-09-30": "71.00000", "2017-06-30": "68.00000", "2017-03-31": "66.00000", "2016-12-31": "65.00000", "2016-09-30": "68.00000", "2016-06-30": "66.00000", "2016-03-31": "64.00000", "2015-12-31": "64.00000", "2015-09-30": "61.00000", "2015-06-30": "61.00000", "2015-03-31": "62.00000", "2014-12-31": "61.00000", "2014-09-30": "61.00000", "2014-06-30": "62.00000", "2014-03-31": "61.00000", "2013-12-31": "59.00000", "2013-09-30": "63.00000", "2013-06-30": "63.00000", "2013-03-31": "60.00000", "2012-12-31": "57.00000", "2012-09-30": "56.00000", "2012-06-30": "54.00000", "2012-03-31": "53.00000", "2011-12-31": "50.00000", "2011-09-30": "53.00000", "2011-06-30": "52.00000", "2011-03-31": "51.00000", "2010-12-31": "49.00000", "2010-09-30": "49.00000", "2010-06-30": "52.00000", "2010-03-31": "52.00000", "2009-12-31": "9.00000", "2009-09-30": "9.00000", "2009-06-30": "10.00000", "2009-03-31": "11.00000", "2008-12-31": "11.00000", "2008-09-30": "11.00000", "2008-06-30": "8.00000", "2008-03-31": "9.00000", "2007-12-31": "11.00000", "2007-09-30": "25.00000", "2007-06-30": "26.00000", "2007-03-31": "521.00000", "2006-12-31": "566.00000", "2006-09-30": "564.00000", "2006-06-30": "748.00000", "2006-03-31": "756.00000", "2005-12-31": "725.00000", "2005-09-30": "690.00000", "2005-06-30": "711.00000", "2005-03-31": "741.00000"}, "Goodwill And Intangible Assets": {"2020-12-31": "", "2020-09-30": "", "2020-06-30": "", "2020-03-31": "", "2019-12-31": "", "2019-09-30": "", "2019-06-30": "", "2019-03-31": "", "2018-12-31": "", "2018-09-30": "", "2018-06-30": "", "2018-03-31": "", "2017-12-31": "", "2017-09-30": "", "2017-06-30": "", "2017-03-31": "", "2016-12-31": "", "2016-09-30": "", "2016-06-30": "", "2016-03-31": "", "2015-12-31": "", "2015-09-30": "", "2015-06-30": "", "2015-03-31": "", "2014-12-31": "", "2014-09-30": "", "2014-06-30": "", "2014-03-31": "", "2013-12-31": "", "2013-09-30": "", "2013-06-30": "", "2013-03-31": "", "2012-12-31": "", "2012-09-30": "", "2012-06-30": "", "2012-03-31": "", "2011-12-31": "", "2011-09-30": "", "2011-06-30": "", "2011-03-31": "", "2010-12-31": "", "2010-09-30": "", "2010-06-30": "", "2010-03-31": "", "2009-12-31": "", "2009-09-30": "", "2009-06-30": "", "2009-03-31": "", "2008-12-31": "", "2008-09-30": "", "2008-06-30": "", "2008-03-31": "", "2007-12-31": "", "2007-09-30": "", "2007-06-30": "", "2007-03-31": "26.00000", "2006-12-31": "", "2006-09-30": "30.00000", "2006-06-30": "30.00000", "2006-03-31": "30.00000", "2005-12-31": "27.00000", "2005-09-30": "30.00000", "2005-06-30": "27.00000", "2005-03-31": "22.00000"}, "Other Long-Term Assets": {"2020-12-31": "6223.00000", "2020-09-30": "688.00000", "2020-06-30": "707.00000", "2020-03-31": "723.00000", "2019-12-31": "739.00000", "2019-09-30": "492.00000", "2019-06-30": "519.00000", "2019-03-31": "538.00000", "2018-12-31": "478.00000", "2018-09-30": "629.00000", "2018-06-30": "779.00000", "2018-03-31": "789.00000", "2017-12-31": "799.00000", "2017-09-30": "269.00000", "2017-06-30": "294.00000", "2017-03-31": "321.00000", "2016-12-31": "353.00000", "2016-09-30": "258.00000", "2016-06-30": "285.00000", "2016-03-31": "315.00000", "2015-12-31": "343.00000", "2015-09-30": "288.00000", "2015-06-30": "319.00000", "2015-03-31": "354.00000", "2014-12-31": "352.00000", "2014-09-30": "335.00000", "2014-06-30": "362.00000", "2014-03-31": "392.00000", "2013-12-31": "409.00000", "2013-09-30": "233.00000", "2013-06-30": "259.00000", "2013-03-31": "283.00000", "2012-12-31": "293.00000", "2012-09-30": "217.00000", "2012-06-30": "240.00000", "2012-03-31": "268.00000", "2011-12-31": "276.00000", "2011-09-30": "203.00000", "2011-06-30": "234.00000", "2011-03-31": "252.00000", "2010-12-31": "249.00000", "2010-09-30": "184.00000", "2010-06-30": "203.00000", "2010-03-31": "231.00000", "2009-12-31": "235.00000", "2009-09-30": "154.00000", "2009-06-30": "179.00000", "2009-03-31": "198.00000", "2008-12-31": "277.00000", "2008-09-30": "169.00000", "2008-06-30": "198.00000", "2008-03-31": "232.00000", "2007-12-31": "266.00000", "2007-09-30": "170.00000", "2007-06-30": "192.00000", "2007-03-31": "456.00000", "2006-12-31": "758.00000", "2006-09-30": "625.00000", "2006-06-30": "786.00000", "2006-03-31": "843.00000", "2005-12-31": "814.00000", "2005-09-30": "979.00000", "2005-06-30": "845.00000", "2005-03-31": "821.00000"}, "Total Long-Term Assets": {"2020-12-31": "27262.00000", "2020-09-30": "26786.00000", "2020-06-30": "25049.00000", "2020-03-31": "24630.00000", "2019-12-31": "24506.00000", "2019-09-30": "23704.00000", "2019-06-30": "23038.00000", "2019-03-31": "22417.00000", "2018-12-31": "22061.00000", "2018-09-30": "21539.00000", "2018-06-30": "21026.00000", "2018-03-31": "20661.00000", "2017-12-31": "20575.00000", "2017-09-30": "19999.00000", "2017-06-30": "19656.00000", "2017-03-31": "19408.00000", "2016-12-31": "19342.00000", "2016-09-30": "18644.00000", "2016-06-30": "18432.00000", "2016-03-31": "18147.00000", "2015-12-31": "17979.00000", "2015-09-30": "17329.00000", "2015-06-30": "16947.00000", "2015-03-31": "16697.00000", "2014-12-31": "16588.00000", "2014-09-30": "15647.00000", "2014-06-30": "15254.00000", "2014-03-31": "14955.00000", "2013-12-31": "14890.00000", "2013-09-30": "14585.00000", "2013-06-30": "14944.00000", "2013-03-31": "14741.00000", "2012-12-31": "14709.00000", "2012-09-30": "14248.00000", "2012-06-30": "14087.00000", "2012-03-31": "13892.00000", "2011-12-31": "13887.00000", "2011-09-30": "13098.00000", "2011-06-30": "12989.00000", "2011-03-31": "12901.00000", "2010-12-31": "12857.00000", "2010-09-30": "12485.00000", "2010-06-30": "12430.00000", "2010-03-31": "12431.00000", "2009-12-31": "12514.00000", "2009-09-30": "12221.00000", "2009-06-30": "12121.00000", "2009-03-31": "12018.00000", "2008-12-31": "12074.00000", "2008-09-30": "11247.00000", "2008-06-30": "11243.00000", "2008-03-31": "11355.00000", "2007-12-31": "11312.00000", "2007-09-30": "10608.00000", "2007-06-30": "10519.00000", "2007-03-31": "12062.00000", "2006-12-31": "12228.00000", "2006-09-30": "11932.00000", "2006-06-30": "12273.00000", "2006-03-31": "12236.00000", "2005-12-31": "12121.00000", "2005-09-30": "12175.00000", "2005-06-30": "13168.00000", "2005-03-31": "13020.00000"}, "Total Assets": {"2020-12-31": "29666.00000", "2020-09-30": "29280.00000", "2020-06-30": "28581.00000", "2020-03-31": "27447.00000", "2019-12-31": "26837.00000", "2019-09-30": "26009.00000", "2019-06-30": "25292.00000", "2019-03-31": "24793.00000", "2018-12-31": "24529.00000", "2018-09-30": "23913.00000", "2018-06-30": "23312.00000", "2018-03-31": "22868.00000", "2017-12-31": "23050.00000", "2017-09-30": "22120.00000", "2017-06-30": "21867.00000", "2017-03-31": "21623.00000", "2016-12-31": "21622.00000", "2016-09-30": "20842.00000", "2016-06-30": "20463.00000", "2016-03-31": "20037.00000", "2015-12-31": "20299.00000", "2015-09-30": "19452.00000", "2015-06-30": "19238.00000", "2015-03-31": "19198.00000", "2014-12-31": "19185.00000", "2014-09-30": "18381.00000", "2014-06-30": "17719.00000", "2014-03-31": "17924.00000", "2013-12-31": "17416.00000", "2013-09-30": "16986.00000", "2013-06-30": "17429.00000", "2013-03-31": "17269.00000", "2012-12-31": "17131.00000", "2012-09-30": "16608.00000", "2012-06-30": "16293.00000", "2012-03-31": "16160.00000", "2011-12-31": "16452.00000", "2011-09-30": "15958.00000", "2011-06-30": "15945.00000", "2011-03-31": "15642.00000", "2010-12-31": "15616.00000", "2010-09-30": "15571.00000", "2010-06-30": "15051.00000", "2010-03-31": "15226.00000", "2009-12-31": "15256.00000", "2009-09-30": "14883.00000", "2009-06-30": "15277.00000", "2009-03-31": "15002.00000", "2008-12-31": "14901.00000", "2008-09-30": "14077.00000", "2008-06-30": "13890.00000", "2008-03-31": "14242.00000", "2007-12-31": "14192.00000", "2007-09-30": "14304.00000", "2007-06-30": "14690.00000", "2007-03-31": "15277.00000", "2006-12-31": "15371.00000", "2006-09-30": "14978.00000", "2006-06-30": "15666.00000", "2006-03-31": "15550.00000", "2005-12-31": "16041.00000", "2005-09-30": "16115.00000", "2005-06-30": "16461.00000", "2005-03-31": "16201.00000"}, "Total Current Liabilities": {"2020-12-31": "1568.00000", "2020-09-30": "2992.00000", "2020-06-30": "3123.00000", "2020-03-31": "2940.00000", "2019-12-31": "2704.00000", "2019-09-30": "2165.00000", "2019-06-30": "2386.00000", "2019-03-31": "2106.00000", "2018-12-31": "2624.00000", "2018-09-30": "3442.00000", "2018-06-30": "2535.00000", "2018-03-31": "2482.00000", "2017-12-31": "2784.00000", "2017-09-30": "2261.00000", "2017-06-30": "2115.00000", "2017-03-31": "1926.00000", "2016-12-31": "2655.00000", "2016-09-30": "2069.00000", "2016-06-30": "2091.00000", "2016-03-31": "2047.00000", "2015-12-31": "2302.00000", "2015-09-30": "1788.00000", "2015-06-30": "1640.00000", "2015-03-31": "1599.00000", "2014-12-31": "1948.00000", "2014-09-30": "1648.00000", "2014-06-30": "1563.00000", "2014-03-31": "1801.00000", "2013-12-31": "1945.00000", "2013-09-30": "1464.00000", "2013-06-30": "1802.00000", "2013-03-31": "1645.00000", "2012-12-31": "1797.00000", "2012-09-30": "1485.00000", "2012-06-30": "1807.00000", "2012-03-31": "1819.00000", "2011-12-31": "2338.00000", "2011-09-30": "2214.00000", "2011-06-30": "2241.00000", "2011-03-31": "2290.00000", "2010-12-31": "2021.00000", "2010-09-30": "2297.00000", "2010-06-30": "1736.00000", "2010-03-31": "1693.00000", "2009-12-31": "1954.00000", "2009-09-30": "1830.00000", "2009-06-30": "1823.00000", "2009-03-31": "1436.00000", "2008-12-31": "1863.00000", "2008-09-30": "1875.00000", "2008-06-30": "1882.00000", "2008-03-31": "2234.00000", "2007-12-31": "2473.00000", "2007-09-30": "2449.00000", "2007-06-30": "2473.00000", "2007-03-31": "2184.00000", "2006-12-31": "2156.00000", "2006-09-30": "1585.00000", "2006-06-30": "1678.00000", "2006-03-31": "1626.00000", "2005-12-31": "2134.00000", "2005-09-30": "2168.00000", "2005-06-30": "1621.00000", "2005-03-31": "1666.00000"}, "Long Term Debt": {"2020-12-31": "15196.00000", "2020-09-30": "13336.00000", "2020-06-30": "13481.00000", "2020-03-31": "12616.00000", "2019-12-31": "12027.00000", "2019-09-30": "12121.00000", "2019-06-30": "11322.00000", "2019-03-31": "11196.00000", "2018-12-31": "10684.00000", "2018-09-30": "8944.00000", "2018-06-30": "9353.00000", "2018-03-31": "9082.00000", "2017-12-31": "9214.00000", "2017-09-30": "9121.00000", "2017-06-30": "9190.00000", "2017-03-31": "9233.00000", "2016-12-31": "8750.00000", "2016-09-30": "8832.00000", "2016-06-30": "8596.00000", "2016-03-31": "8284.00000", "2015-12-31": "8518.00000", "2015-09-30": "8014.00000", "2015-06-30": "8153.00000", "2015-03-31": "8260.00000", "2014-12-31": "8139.00000", "2014-09-30": "8171.00000", "2014-06-30": "7666.00000", "2014-03-31": "7671.00000", "2013-12-31": "7239.00000", "2013-09-30": "7229.00000", "2013-06-30": "6839.00000", "2013-03-31": "6890.00000", "2012-12-31": "6863.00000", "2012-09-30": "6866.00000", "2012-06-30": "6378.00000", "2012-03-31": "6355.00000", "2011-12-31": "6207.00000", "2011-09-30": "6208.00000", "2011-06-30": "6361.00000", "2011-03-31": "6108.00000", "2010-12-31": "6636.00000", "2010-09-30": "6203.00000", "2010-06-30": "6079.00000", "2010-03-31": "6305.00000", "2009-12-31": "6092.00000", "2009-09-30": "6116.00000", "2009-06-30": "6587.00000", "2009-03-31": "6657.00000", "2008-12-31": "6221.00000", "2008-09-30": "6108.00000", "2008-06-30": "5914.00000", "2008-03-31": "5943.00000", "2007-12-31": "5788.00000", "2007-09-30": "5794.00000", "2007-06-30": "5817.00000", "2007-03-31": "6262.00000", "2006-12-31": "6420.00000", "2006-09-30": "7118.00000", "2006-06-30": "7339.00000", "2006-03-31": "7201.00000", "2005-12-31": "7286.00000", "2005-09-30": "6998.00000", "2005-06-30": "7138.00000", "2005-03-31": "7279.00000"}, "Other Non-Current Liabilities": {"2020-12-31": "6825.00000", "2020-09-30": "4735.00000", "2020-06-30": "4705.00000", "2020-03-31": "4687.00000", "2019-12-31": "4602.00000", "2019-09-30": "4578.00000", "2019-06-30": "4588.00000", "2019-03-31": "4514.00000", "2018-12-31": "4407.00000", "2018-09-30": "4461.00000", "2018-06-30": "4482.00000", "2018-03-31": "4481.00000", "2017-12-31": "4452.00000", "2017-09-30": "2817.00000", "2017-06-30": "2795.00000", "2017-03-31": "2814.00000", "2016-12-31": "2778.00000", "2016-09-30": "2781.00000", "2016-06-30": "2813.00000", "2016-03-31": "2846.00000", "2015-12-31": "2840.00000", "2015-09-30": "2828.00000", "2015-06-30": "2788.00000", "2015-03-31": "2787.00000", "2014-12-31": "2734.00000", "2014-09-30": "2826.00000", "2014-06-30": "2852.00000", "2014-03-31": "2871.00000", "2013-12-31": "2846.00000", "2013-09-30": "2724.00000", "2013-06-30": "2878.00000", "2013-03-31": "2846.00000", "2012-12-31": "2724.00000", "2012-09-30": "2526.00000", "2012-06-30": "2530.00000", "2012-03-31": "2504.00000", "2011-12-31": "2465.00000", "2011-09-30": "2393.00000", "2011-06-30": "2390.00000", "2011-03-31": "2585.00000", "2010-12-31": "2500.00000", "2010-09-30": "2469.00000", "2010-06-30": "2474.00000", "2010-03-31": "2463.00000", "2009-12-31": "2530.00000", "2009-09-30": "2474.00000", "2009-06-30": "2456.00000", "2009-03-31": "2407.00000", "2008-12-31": "2391.00000", "2008-09-30": "2387.00000", "2008-06-30": "2463.00000", "2008-03-31": "2598.00000", "2007-12-31": "2538.00000", "2007-09-30": "2439.00000", "2007-06-30": "2681.00000", "2007-03-31": "3100.00000", "2006-12-31": "2953.00000", "2006-09-30": "2852.00000", "2006-06-30": "3026.00000", "2006-03-31": "3039.00000", "2005-12-31": "2915.00000", "2005-09-30": "2869.00000", "2005-06-30": "2789.00000", "2005-03-31": "2775.00000"}, "Total Long Term Liabilities": {"2020-12-31": "22021.00000", "2020-09-30": "20390.00000", "2020-06-30": "20207.00000", "2020-03-31": "19285.00000", "2019-12-31": "19078.00000", "2019-09-30": "18850.00000", "2019-06-30": "18018.00000", "2019-03-31": "17792.00000", "2018-12-31": "17113.00000", "2018-09-30": "15685.00000", "2018-06-30": "16068.00000", "2018-03-31": "15753.00000", "2017-12-31": "15788.00000", "2017-09-30": "15287.00000", "2017-06-30": "15266.00000", "2017-03-31": "15290.00000", "2016-12-31": "14677.00000", "2016-09-30": "14477.00000", "2016-06-30": "14179.00000", "2016-03-31": "13844.00000", "2015-12-31": "14022.00000", "2015-09-30": "13725.00000", "2015-06-30": "13743.00000", "2015-03-31": "13760.00000", "2014-12-31": "13530.00000", "2014-09-30": "13026.00000", "2014-06-30": "12474.00000", "2014-03-31": "12468.00000", "2013-12-31": "11980.00000", "2013-09-30": "12089.00000", "2013-06-30": "12267.00000", "2013-03-31": "12274.00000", "2012-12-31": "12096.00000", "2012-09-30": "11883.00000", "2012-06-30": "11331.00000", "2012-03-31": "11248.00000", "2011-12-31": "11042.00000", "2011-09-30": "10657.00000", "2011-06-30": "10702.00000", "2011-03-31": "10421.00000", "2010-12-31": "10758.00000", "2010-09-30": "10408.00000", "2010-06-30": "10561.00000", "2010-03-31": "10831.00000", "2009-12-31": "10364.00000", "2009-09-30": "10366.00000", "2009-06-30": "10821.00000", "2009-03-31": "10997.00000", "2008-12-31": "10562.00000", "2008-09-30": "9773.00000", "2008-06-30": "9646.00000", "2008-03-31": "9803.00000", "2007-12-31": "9589.00000", "2007-09-30": "9583.00000", "2007-06-30": "10015.00000", "2007-03-31": "10983.00000", "2006-12-31": "10981.00000", "2006-09-30": "11117.00000", "2006-06-30": "11599.00000", "2006-03-31": "11618.00000", "2005-12-31": "11585.00000", "2005-09-30": "11636.00000", "2005-06-30": "12306.00000", "2005-03-31": "12293.00000"}, "Total Liabilities": {"2020-12-31": "23589.00000", "2020-09-30": "23382.00000", "2020-06-30": "23330.00000", "2020-03-31": "22225.00000", "2019-12-31": "21782.00000", "2019-09-30": "21015.00000", "2019-06-30": "20404.00000", "2019-03-31": "19898.00000", "2018-12-31": "19737.00000", "2018-09-30": "19127.00000", "2018-06-30": "18603.00000", "2018-03-31": "18235.00000", "2017-12-31": "18572.00000", "2017-09-30": "17548.00000", "2017-06-30": "17381.00000", "2017-03-31": "17216.00000", "2016-12-31": "17332.00000", "2016-09-30": "16546.00000", "2016-06-30": "16270.00000", "2016-03-31": "15891.00000", "2015-12-31": "16324.00000", "2015-09-30": "15513.00000", "2015-06-30": "15383.00000", "2015-03-31": "15359.00000", "2014-12-31": "15478.00000", "2014-09-30": "14674.00000", "2014-06-30": "14037.00000", "2014-03-31": "14269.00000", "2013-12-31": "13925.00000", "2013-09-30": "13553.00000", "2013-06-30": "14069.00000", "2013-03-31": "13919.00000", "2012-12-31": "13893.00000", "2012-09-30": "13368.00000", "2012-06-30": "13138.00000", "2012-03-31": "13067.00000", "2011-12-31": "13380.00000", "2011-09-30": "12871.00000", "2011-06-30": "12943.00000", "2011-03-31": "12711.00000", "2010-12-31": "12779.00000", "2010-09-30": "12705.00000", "2010-06-30": "12297.00000", "2010-03-31": "12524.00000", "2009-12-31": "12318.00000", "2009-09-30": "12196.00000", "2009-06-30": "12644.00000", "2009-03-31": "12433.00000", "2008-12-31": "12425.00000", "2008-09-30": "11648.00000", "2008-06-30": "11528.00000", "2008-03-31": "12037.00000", "2007-12-31": "12062.00000", "2007-09-30": "12032.00000", "2007-06-30": "12488.00000", "2007-03-31": "13167.00000", "2006-12-31": "13137.00000", "2006-09-30": "12702.00000", "2006-06-30": "13277.00000", "2006-03-31": "13244.00000", "2005-12-31": "13719.00000", "2005-09-30": "13804.00000", "2005-06-30": "13927.00000", "2005-03-31": "13959.00000"}, "Common Stock Net": {"2020-12-31": "", "2020-09-30": "3.00000", "2020-06-30": "3.00000", "2020-03-31": "3.00000", "2019-12-31": "3.00000", "2019-09-30": "3.00000", "2019-06-30": "3.00000", "2019-03-31": "3.00000", "2018-12-31": "3.00000", "2018-09-30": "3.00000", "2018-06-30": "3.00000", "2018-03-31": "3.00000", "2017-12-31": "3.00000", "2017-09-30": "3.00000", "2017-06-30": "3.00000", "2017-03-31": "3.00000", "2016-12-31": "3.00000", "2016-09-30": "3.00000", "2016-06-30": "3.00000", "2016-03-31": "3.00000", "2015-12-31": "3.00000", "2015-09-30": "3.00000", "2015-06-30": "3.00000", "2015-03-31": "3.00000", "2014-12-31": "3.00000", "2014-09-30": "3.00000", "2014-06-30": "3.00000", "2014-03-31": "3.00000", "2013-12-31": "3.00000", "2013-09-30": "3.00000", "2013-06-30": "3.00000", "2013-03-31": "3.00000", "2012-12-31": "3.00000", "2012-09-30": "3.00000", "2012-06-30": "3.00000", "2012-03-31": "3.00000", "2011-12-31": "3.00000", "2011-09-30": "3.00000", "2011-06-30": "3.00000", "2011-03-31": "3.00000", "2010-12-31": "2.00000", "2010-09-30": "2.00000", "2010-06-30": "2.00000", "2010-03-31": "2.00000", "2009-12-31": "2.00000", "2009-09-30": "2.00000", "2009-06-30": "2.00000", "2009-03-31": "2.00000", "2008-12-31": "2.00000", "2008-09-30": "2.00000", "2008-06-30": "2.00000", "2008-03-31": "2.00000", "2007-12-31": "2.00000", "2007-09-30": "2.00000", "2007-06-30": "2.00000", "2007-03-31": "2.00000", "2006-12-31": "2.00000", "2006-09-30": "2.00000", "2006-06-30": "2.00000", "2006-03-31": "2.00000", "2005-12-31": "2.00000", "2005-09-30": "2.00000", "2005-06-30": "2.00000", "2005-03-31": "2.00000"}, "Retained Earnings (Accumulated Deficit)": {"2020-12-31": "", "2020-09-30": "171.00000", "2020-06-30": "70.00000", "2020-03-31": "51.00000", "2019-12-31": "-25.00000", "2019-09-30": "-83.00000", "2019-06-30": "-182.00000", "2019-03-31": "-166.00000", "2018-12-31": "-271.00000", "2018-09-30": "-278.00000", "2018-06-30": "-346.00000", "2018-03-31": "-383.00000", "2017-12-31": "-531.00000", "2017-09-30": "-434.00000", "2017-06-30": "-512.00000", "2017-03-31": "-511.00000", "2016-12-31": "-616.00000", "2016-09-30": "-607.00000", "2016-06-30": "-706.00000", "2016-03-31": "-744.00000", "2015-12-31": "-855.00000", "2015-09-30": "-881.00000", "2015-06-30": "-949.00000", "2015-03-31": "-936.00000", "2014-12-31": "-1058.00000", "2014-09-30": "-1080.00000", "2014-06-30": "-1099.00000", "2014-03-31": "-1110.00000", "2013-12-31": "-1242.00000", "2013-09-30": "-1276.00000", "2013-06-30": "-1334.00000", "2013-03-31": "-1346.00000", "2012-12-31": "-1423.00000", "2012-09-30": "-1426.00000", "2012-06-30": "-1511.00000", "2012-03-31": "-1548.00000", "2011-12-31": "-1553.00000", "2011-09-30": "-1542.00000", "2011-06-30": "-1628.00000", "2011-03-31": "-1675.00000", "2010-12-31": "-1757.00000", "2010-09-30": "-1731.00000", "2010-06-30": "-1831.00000", "2010-03-31": "-1876.00000", "2009-12-31": "-1927.00000", "2009-09-30": "-1900.00000", "2009-06-30": "-1945.00000", "2009-03-31": "-1991.00000", "2008-12-31": "-2031.00000", "2008-09-30": "-2047.00000", "2008-06-30": "-2106.00000", "2008-03-31": "-2131.00000", "2007-12-31": "-2208.00000", "2007-09-30": "-2070.00000", "2007-06-30": "-2140.00000", "2007-03-31": "-2168.00000", "2006-12-31": "-1918.00000", "2006-09-30": "-1886.00000", "2006-06-30": "-1783.00000", "2006-03-31": "-1855.00000", "2005-12-31": "-1828.00000", "2005-09-30": "-1822.00000", "2005-06-30": "-1557.00000", "2005-03-31": "-1584.00000"}, "Comprehensive Income": {"2020-12-31": "", "2020-09-30": "-79.00000", "2020-06-30": "-76.00000", "2020-03-31": "-76.00000", "2019-12-31": "-73.00000", "2019-09-30": "-67.00000", "2019-06-30": "-67.00000", "2019-03-31": "-66.00000", "2018-12-31": "-65.00000", "2018-09-30": "-59.00000", "2018-06-30": "-61.00000", "2018-03-31": "-61.00000", "2017-12-31": "-50.00000", "2017-09-30": "-47.00000", "2017-06-30": "-48.00000", "2017-03-31": "-49.00000", "2016-12-31": "-50.00000", "2016-09-30": "-45.00000", "2016-06-30": "-47.00000", "2016-03-31": "-47.00000", "2015-12-31": "-47.00000", "2015-09-30": "-49.00000", "2015-06-30": "-48.00000", "2015-03-31": "-48.00000", "2014-12-31": "-49.00000", "2014-09-30": "-20.00000", "2014-06-30": "-20.00000", "2014-03-31": "-21.00000", "2013-12-31": "-22.00000", "2013-09-30": "-39.00000", "2013-06-30": "-56.00000", "2013-03-31": "-54.00000", "2012-12-31": "-55.00000", "2012-09-30": "-43.00000", "2012-06-30": "-45.00000", "2012-03-31": "-47.00000", "2011-12-31": "-49.00000", "2011-09-30": "-40.00000", "2011-06-30": "-38.00000", "2011-03-31": "-40.00000", "2010-12-31": "-40.00000", "2010-09-30": "-31.00000", "2010-06-30": "-31.00000", "2010-03-31": "-32.00000", "2009-12-31": "-33.00000", "2009-09-30": "-23.00000", "2009-06-30": "-27.00000", "2009-03-31": "-32.00000", "2008-12-31": "-28.00000", "2008-09-30": "-17.00000", "2008-06-30": "-22.00000", "2008-03-31": "-149.00000", "2007-12-31": "-144.00000", "2007-09-30": "-136.00000", "2007-06-30": "-137.00000", "2007-03-31": "-192.00000", "2006-12-31": "-318.00000", "2006-09-30": "-301.00000", "2006-06-30": "-282.00000", "2006-03-31": "-286.00000", "2005-12-31": "-288.00000", "2005-09-30": "-297.00000", "2005-06-30": "-333.00000", "2005-03-31": "-323.00000"}, "Other Share Holders Equity": {"2020-12-31": "", "2020-09-30": "", "2020-06-30": "", "2020-03-31": "", "2019-12-31": "", "2019-09-30": "", "2019-06-30": "", "2019-03-31": "", "2018-12-31": "", "2018-09-30": "", "2018-06-30": "", "2018-03-31": "", "2017-12-31": "", "2017-09-30": "", "2017-06-30": "", "2017-03-31": "", "2016-12-31": "", "2016-09-30": "", "2016-06-30": "", "2016-03-31": "", "2015-12-31": "", "2015-09-30": "", "2015-06-30": "", "2015-03-31": "", "2014-12-31": "", "2014-09-30": "", "2014-06-30": "", "2014-03-31": "", "2013-12-31": "", "2013-09-30": "", "2013-06-30": "", "2013-03-31": "", "2012-12-31": "", "2012-09-30": "", "2012-06-30": "", "2012-03-31": "", "2011-12-31": "", "2011-09-30": "", "2011-06-30": "", "2011-03-31": "", "2010-12-31": "", "2010-09-30": "", "2010-06-30": "", "2010-03-31": "", "2009-12-31": "", "2009-09-30": "", "2009-06-30": "", "2009-03-31": "", "2008-12-31": "", "2008-09-30": "", "2008-06-30": "", "2008-03-31": "", "2007-12-31": "", "2007-09-30": "", "2007-06-30": "", "2007-03-31": "", "2006-12-31": "", "2006-09-30": "", "2006-06-30": "", "2006-03-31": "", "2005-12-31": "", "2005-09-30": "", "2005-06-30": "", "2005-03-31": ""}, "Share Holder Equity": {"2020-12-31": "6077.00000", "2020-09-30": "5898.00000", "2020-06-30": "5251.00000", "2020-03-31": "5222.00000", "2019-12-31": "5055.00000", "2019-09-30": "4994.00000", "2019-06-30": "4888.00000", "2019-03-31": "4895.00000", "2018-12-31": "4792.00000", "2018-09-30": "4786.00000", "2018-06-30": "4709.00000", "2018-03-31": "4633.00000", "2017-12-31": "4478.00000", "2017-09-30": "4572.00000", "2017-06-30": "4486.00000", "2017-03-31": "4407.00000", "2016-12-31": "4290.00000", "2016-09-30": "4296.00000", "2016-06-30": "4193.00000", "2016-03-31": "4146.00000", "2015-12-31": "3975.00000", "2015-09-30": "3939.00000", "2015-06-30": "3855.00000", "2015-03-31": "3839.00000", "2014-12-31": "3707.00000", "2014-09-30": "3707.00000", "2014-06-30": "3682.00000", "2014-03-31": "3655.00000", "2013-12-31": "3491.00000", "2013-09-30": "3433.00000", "2013-06-30": "3360.00000", "2013-03-31": "3350.00000", "2012-12-31": "3238.00000", "2012-09-30": "3240.00000", "2012-06-30": "3155.00000", "2012-03-31": "3093.00000", "2011-12-31": "3072.00000", "2011-09-30": "3087.00000", "2011-06-30": "3002.00000", "2011-03-31": "2931.00000", "2010-12-31": "2837.00000", "2010-09-30": "2866.00000", "2010-06-30": "2754.00000", "2010-03-31": "2702.00000", "2009-12-31": "2938.00000", "2009-09-30": "2687.00000", "2009-06-30": "2633.00000", "2009-03-31": "2569.00000", "2008-12-31": "2476.00000", "2008-09-30": "2429.00000", "2008-06-30": "2362.00000", "2008-03-31": "2205.00000", "2007-12-31": "2130.00000", "2007-09-30": "2272.00000", "2007-06-30": "2202.00000", "2007-03-31": "2110.00000", "2006-12-31": "2234.00000", "2006-09-30": "2276.00000", "2006-06-30": "2389.00000", "2006-03-31": "2306.00000", "2005-12-31": "2322.00000", "2005-09-30": "2311.00000", "2005-06-30": "2534.00000", "2005-03-31": "2242.00000"}, "Total Liabilities And Share Holders Equity": {"2020-12-31": "29666.00000", "2020-09-30": "29280.00000", "2020-06-30": "28581.00000", "2020-03-31": "27447.00000", "2019-12-31": "26837.00000", "2019-09-30": "26009.00000", "2019-06-30": "25292.00000", "2019-03-31": "24793.00000", "2018-12-31": "24529.00000", "2018-09-30": "23913.00000", "2018-06-30": "23312.00000", "2018-03-31": "22868.00000", "2017-12-31": "23050.00000", "2017-09-30": "22120.00000", "2017-06-30": "21867.00000", "2017-03-31": "21623.00000", "2016-12-31": "21622.00000", "2016-09-30": "20842.00000", "2016-06-30": "20463.00000", "2016-03-31": "20037.00000", "2015-12-31": "20299.00000", "2015-09-30": "19452.00000", "2015-06-30": "19238.00000", "2015-03-31": "19198.00000", "2014-12-31": "19185.00000", "2014-09-30": "18381.00000", "2014-06-30": "17719.00000", "2014-03-31": "17924.00000", "2013-12-31": "17416.00000", "2013-09-30": "16986.00000", "2013-06-30": "17429.00000", "2013-03-31": "17269.00000", "2012-12-31": "17131.00000", "2012-09-30": "16608.00000", "2012-06-30": "16293.00000", "2012-03-31": "16160.00000", "2011-12-31": "16452.00000", "2011-09-30": "15958.00000", "2011-06-30": "15945.00000", "2011-03-31": "15642.00000", "2010-12-31": "15616.00000", "2010-09-30": "15571.00000", "2010-06-30": "15051.00000", "2010-03-31": "15226.00000", "2009-12-31": "15256.00000", "2009-09-30": "14883.00000", "2009-06-30": "15277.00000", "2009-03-31": "15002.00000", "2008-12-31": "14901.00000", "2008-09-30": "14077.00000", "2008-06-30": "13890.00000", "2008-03-31": "14242.00000", "2007-12-31": "14192.00000", "2007-09-30": "14304.00000", "2007-06-30": "14690.00000", "2007-03-31": "15277.00000", "2006-12-31": "15371.00000", "2006-09-30": "14978.00000", "2006-06-30": "15666.00000", "2006-03-31": "15550.00000", "2005-12-31": "16041.00000", "2005-09-30": "16115.00000", "2005-06-30": "16461.00000", "2005-03-31": "16201.00000"}}, "cash flow statement": {"Net Income/Loss": {"2020-12-31": "0.00000", "2019-12-31": "682.00000", "2018-12-31": "659.00000", "2017-12-31": "462.00000", "2016-12-31": "553.00000", "2015-12-31": "525.00000", "2014-12-31": "479.00000", "2013-12-31": "454.00000", "2012-12-31": "384.00000", "2011-12-31": "417.00000", "2010-12-31": "343.00000", "2009-12-31": "240.00000", "2008-12-31": "302.00000", "2007-12-31": "-230.00000", "2006-12-31": "-79.00000", "2005-12-31": "-84.00000"}, "Total Depreciation And Amortization - Cash Flow": {"2020-12-31": "", "2019-12-31": "992.00000", "2018-12-31": "933.00000", "2017-12-31": "881.00000", "2016-12-31": "811.00000", "2015-12-31": "750.00000", "2014-12-31": "685.00000", "2013-12-31": "628.00000", "2012-12-31": "598.00000", "2011-12-31": "546.00000", "2010-12-31": "576.00000", "2009-12-31": "570.00000", "2008-12-31": "633.00000", "2007-12-31": "612.00000", "2006-12-31": "620.00000", "2005-12-31": "565.00000"}, "Other Non-Cash Items": {"2020-12-31": "", "2019-12-31": "149.00000", "2018-12-31": "6.00000", "2017-12-31": "536.00000", "2016-12-31": "258.00000", "2015-12-31": "143.00000", "2014-12-31": "333.00000", "2013-12-31": "341.00000", "2012-12-31": "415.00000", "2011-12-31": "112.00000", "2010-12-31": "73.00000", "2009-12-31": "45.00000", "2008-12-31": "-48.00000", "2007-12-31": "175.00000", "2006-12-31": "390.00000", "2005-12-31": "376.00000"}, "Total Non-Cash Items": {"2020-12-31": "", "2019-12-31": "1141.00000", "2018-12-31": "939.00000", "2017-12-31": "1417.00000", "2016-12-31": "1069.00000", "2015-12-31": "893.00000", "2014-12-31": "1018.00000", "2013-12-31": "969.00000", "2012-12-31": "1013.00000", "2011-12-31": "658.00000", "2010-12-31": "649.00000", "2009-12-31": "615.00000", "2008-12-31": "585.00000", "2007-12-31": "787.00000", "2006-12-31": "1010.00000", "2005-12-31": "941.00000"}, "Change In Accounts Receivable": {"2020-12-31": "", "2019-12-31": "45.00000", "2018-12-31": "15.00000", "2017-12-31": "-66.00000", "2016-12-31": "-155.00000", "2015-12-31": "120.00000", "2014-12-31": "-31.00000", "2013-12-31": "-120.00000", "2012-12-31": "-147.00000", "2011-12-31": "119.00000", "2010-12-31": "-72.00000", "2009-12-31": "-91.00000", "2008-12-31": "-80.00000", "2007-12-31": "-451.00000", "2006-12-31": "75.00000", "2005-12-31": "-246.00000"}, "Change In Inventories": {"2020-12-31": "", "2019-12-31": "44.00000", "2018-12-31": "14.00000", "2017-12-31": "-46.00000", "2016-12-31": "146.00000", "2015-12-31": "147.00000", "2014-12-31": "-36.00000", "2013-12-31": "202.00000", "2012-12-31": "104.00000", "2011-12-31": "-14.00000", "2010-12-31": "133.00000", "2009-12-31": "86.00000", "2008-12-31": "-71.00000", "2007-12-31": "-10.00000", "2006-12-31": "-105.00000", "2005-12-31": "-245.00000"}, "Change In Accounts Payable": {"2020-12-31": "", "2019-12-31": "", "2018-12-31": "", "2017-12-31": "", "2016-12-31": "", "2015-12-31": "", "2014-12-31": "", "2013-12-31": "", "2012-12-31": "-35.00000", "2011-12-31": "30.00000", "2010-12-31": "-7.00000", "2009-12-31": "-50.00000", "2008-12-31": "-5.00000", "2007-12-31": "-45.00000", "2006-12-31": "-43.00000", "2005-12-31": "170.00000"}, "Change In Assets/Liabilities": {"2020-12-31": "", "2019-12-31": "-53.00000", "2018-12-31": "54.00000", "2017-12-31": "-111.00000", "2016-12-31": "-43.00000", "2015-12-31": "-19.00000", "2014-12-31": "1.00000", "2013-12-31": "-88.00000", "2012-12-31": "-78.00000", "2011-12-31": "-7.00000", "2010-12-31": "-109.00000", "2009-12-31": "54.00000", "2008-12-31": "-143.00000", "2007-12-31": "3.00000", "2006-12-31": "-207.00000", "2005-12-31": "54.00000"}, "Total Change In Assets/Liabilities": {"2020-12-31": "", "2019-12-31": "-33.00000", "2018-12-31": "105.00000", "2017-12-31": "-174.00000", "2016-12-31": "7.00000", "2015-12-31": "222.00000", "2014-12-31": "-16.00000", "2013-12-31": "-2.00000", "2012-12-31": "-156.00000", "2011-12-31": "94.00000", "2010-12-31": "-33.00000", "2009-12-31": "-7.00000", "2008-12-31": "-330.00000", "2007-12-31": "-534.00000", "2006-12-31": "-241.00000", "2005-12-31": "-259.00000"}, "Cash Flow From Operating Activities": {"2020-12-31": "1276.00000", "2019-12-31": "1790.00000", "2018-12-31": "1703.00000", "2017-12-31": "1705.00000", "2016-12-31": "1629.00000", "2015-12-31": "1640.00000", "2014-12-31": "1481.00000", "2013-12-31": "1421.00000", "2012-12-31": "1241.00000", "2011-12-31": "1169.00000", "2010-12-31": "959.00000", "2009-12-31": "848.00000", "2008-12-31": "557.00000", "2007-12-31": "23.00000", "2006-12-31": "690.00000", "2005-12-31": "598.00000"}, "Net Change In Property, Plant, And Equipment": {"2020-12-31": "", "2019-12-31": "-2104.00000", "2018-12-31": "-2074.00000", "2017-12-31": "-1665.00000", "2016-12-31": "-1672.00000", "2015-12-31": "-1564.00000", "2014-12-31": "-1577.00000", "2013-12-31": "-1325.00000", "2012-12-31": "-1227.00000", "2011-12-31": "-882.00000", "2010-12-31": "-821.00000", "2009-12-31": "-818.00000", "2008-12-31": "-792.00000", "2007-12-31": "341.00000", "2006-12-31": "-749.00000", "2005-12-31": "-532.00000"}, "Net Change In Intangible Assets": {"2020-12-31": "", "2019-12-31": "", "2018-12-31": "", "2017-12-31": "", "2016-12-31": "", "2015-12-31": "", "2014-12-31": "", "2013-12-31": "", "2012-12-31": "", "2011-12-31": "", "2010-12-31": "", "2009-12-31": "", "2008-12-31": "", "2007-12-31": "", "2006-12-31": "", "2005-12-31": ""}, "Net Acquisitions/Divestitures": {"2020-12-31": "", "2019-12-31": "", "2018-12-31": "", "2017-12-31": "", "2016-12-31": "", "2015-12-31": "-154.00000", "2014-12-31": "", "2013-12-31": "", "2012-12-31": "", "2011-12-31": "", "2010-12-31": "", "2009-12-31": "", "2008-12-31": "", "2007-12-31": "", "2006-12-31": "", "2005-12-31": ""}, "Net Change In Short-term Investments": {"2020-12-31": "", "2019-12-31": "", "2018-12-31": "", "2017-12-31": "", "2016-12-31": "", "2015-12-31": "", "2014-12-31": "", "2013-12-31": "", "2012-12-31": "", "2011-12-31": "", "2010-12-31": "", "2009-12-31": "", "2008-12-31": "", "2007-12-31": "", "2006-12-31": "", "2005-12-31": "110.00000"}, "Net Change In Long-Term Investments": {"2020-12-31": "", "2019-12-31": "", "2018-12-31": "146.00000", "2017-12-31": "", "2016-12-31": "", "2015-12-31": "", "2014-12-31": "", "2013-12-31": "", "2012-12-31": "", "2011-12-31": "", "2010-12-31": "", "2009-12-31": "", "2008-12-31": "", "2007-12-31": "332.00000", "2006-12-31": "", "2005-12-31": "81.00000"}, "Net Change In Investments - Total": {"2020-12-31": "", "2019-12-31": "", "2018-12-31": "146.00000", "2017-12-31": "", "2016-12-31": "", "2015-12-31": "", "2014-12-31": "", "2013-12-31": "", "2012-12-31": "", "2011-12-31": "", "2010-12-31": "", "2009-12-31": "", "2008-12-31": "", "2007-12-31": "332.00000", "2006-12-31": "", "2005-12-31": "191.00000"}, "Investing Activities - Other": {"2020-12-31": "", "2019-12-31": "-712.00000", "2018-12-31": "-678.00000", "2017-12-31": "-203.00000", "2016-12-31": "-243.00000", "2015-12-31": "-346.00000", "2014-12-31": "-321.00000", "2013-12-31": "-207.00000", "2012-12-31": "-123.00000", "2011-12-31": "-176.00000", "2010-12-31": "-182.00000", "2009-12-31": "-117.00000", "2008-12-31": "-47.00000", "2007-12-31": "-11.00000", "2006-12-31": "-2.00000", "2005-12-31": "-152.00000"}, "Cash Flow From Investing Activities": {"2020-12-31": "-2867.00000", "2019-12-31": "-2816.00000", "2018-12-31": "-2606.00000", "2017-12-31": "-1868.00000", "2016-12-31": "-1915.00000", "2015-12-31": "-2064.00000", "2014-12-31": "-1898.00000", "2013-12-31": "-1532.00000", "2012-12-31": "-1350.00000", "2011-12-31": "-1058.00000", "2010-12-31": "-1003.00000", "2009-12-31": "-935.00000", "2008-12-31": "-839.00000", "2007-12-31": "662.00000", "2006-12-31": "-751.00000", "2005-12-31": "-493.00000"}, "Net Long-Term Debt": {"2020-12-31": "", "2019-12-31": "1497.00000", "2018-12-31": "1410.00000", "2017-12-31": "700.00000", "2016-12-31": "399.00000", "2015-12-31": "553.00000", "2014-12-31": "627.00000", "2013-12-31": "242.00000", "2012-12-31": "88.00000", "2011-12-31": "-72.00000", "2010-12-31": "484.00000", "2009-12-31": "41.00000", "2008-12-31": "217.00000", "2007-12-31": "-628.00000", "2006-12-31": "-419.00000", "2005-12-31": "-153.00000"}, "Net Current Debt": {"2020-12-31": "", "2019-12-31": "-7.00000", "2018-12-31": "-73.00000", "2017-12-31": "-228.00000", "2016-12-31": "149.00000", "2015-12-31": "189.00000", "2014-12-31": "123.00000", "2013-12-31": "185.00000", "2012-12-31": "175.00000", "2011-12-31": "98.00000", "2010-12-31": "109.00000", "2009-12-31": "79.00000", "2008-12-31": "23.00000", "2007-12-31": "28.00000", "2006-12-31": "", "2005-12-31": ""}, "Debt Issuance/Retirement Net - Total": {"2020-12-31": "", "2019-12-31": "1490.00000", "2018-12-31": "1337.00000", "2017-12-31": "472.00000", "2016-12-31": "548.00000", "2015-12-31": "742.00000", "2014-12-31": "750.00000", "2013-12-31": "427.00000", "2012-12-31": "263.00000", "2011-12-31": "26.00000", "2010-12-31": "593.00000", "2009-12-31": "120.00000", "2008-12-31": "240.00000", "2007-12-31": "-600.00000", "2006-12-31": "-419.00000", "2005-12-31": "-153.00000"}, "Net Common Equity Issued/Repurchased": {"2020-12-31": "", "2019-12-31": "12.00000", "2018-12-31": "41.00000", "2017-12-31": "83.00000", "2016-12-31": "72.00000", "2015-12-31": "43.00000", "2014-12-31": "43.00000", "2013-12-31": "36.00000", "2012-12-31": "30.00000", "2011-12-31": "29.00000", "2010-12-31": "10.00000", "2009-12-31": "9.00000", "2008-12-31": "9.00000", "2007-12-31": "15.00000", "2006-12-31": "8.00000", "2005-12-31": "295.00000"}, "Net Total Equity Issued/Repurchased": {"2020-12-31": "", "2019-12-31": "12.00000", "2018-12-31": "41.00000", "2017-12-31": "83.00000", "2016-12-31": "72.00000", "2015-12-31": "43.00000", "2014-12-31": "43.00000", "2013-12-31": "36.00000", "2012-12-31": "30.00000", "2011-12-31": "29.00000", "2010-12-31": "-229.00000", "2009-12-31": "5.00000", "2008-12-31": "8.00000", "2007-12-31": "-17.00000", "2006-12-31": "8.00000", "2005-12-31": "295.00000"}, "Total Common And Preferred Stock Dividends Paid": {"2020-12-31": "", "2019-12-31": "-436.00000", "2018-12-31": "-407.00000", "2017-12-31": "-377.00000", "2016-12-31": "-347.00000", "2015-12-31": "-322.00000", "2014-12-31": "-295.00000", "2013-12-31": "-273.00000", "2012-12-31": "-252.00000", "2011-12-31": "-211.00000", "2010-12-31": "-162.00000", "2009-12-31": "-125.00000", "2008-12-31": "-93.00000", "2007-12-31": "-56.00000", "2006-12-31": "-13.00000", "2005-12-31": "-11.00000"}, "Financial Activities - Other": {"2020-12-31": "", "2019-12-31": "-58.00000", "2018-12-31": "-97.00000", "2017-12-31": "-68.00000", "2016-12-31": "-18.00000", "2015-12-31": "", "2014-12-31": "-36.00000", "2013-12-31": "", "2012-12-31": "", "2011-12-31": "-43.00000", "2010-12-31": "", "2009-12-31": "-35.00000", "2008-12-31": "-8.00000", "2007-12-31": "-17.00000", "2006-12-31": "-12.00000", "2005-12-31": "-57.00000"}, "Cash Flow From Financial Activities": {"2020-12-31": "1619.00000", "2019-12-31": "1008.00000", "2018-12-31": "874.00000", "2017-12-31": "110.00000", "2016-12-31": "255.00000", "2015-12-31": "463.00000", "2014-12-31": "462.00000", "2013-12-31": "190.00000", "2012-12-31": "41.00000", "2011-12-31": "-199.00000", "2010-12-31": "202.00000", "2009-12-31": "-35.00000", "2008-12-31": "147.00000", "2007-12-31": "-690.00000", "2006-12-31": "-436.00000", "2005-12-31": "74.00000"}, "Net Cash Flow": {"2020-12-31": "28.00000", "2019-12-31": "-18.00000", "2018-12-31": "-29.00000", "2017-12-31": "-53.00000", "2016-12-31": "-31.00000", "2015-12-31": "39.00000", "2014-12-31": "45.00000", "2013-12-31": "79.00000", "2012-12-31": "-68.00000", "2011-12-31": "-86.00000", "2010-12-31": "157.00000", "2009-12-31": "-117.00000", "2008-12-31": "-137.00000", "2007-12-31": "97.00000", "2006-12-31": "-496.00000", "2005-12-31": "178.00000"}, "Stock-Based Compensation": {"2020-12-31": "", "2019-12-31": "", "2018-12-31": "", "2017-12-31": "", "2016-12-31": "", "2015-12-31": "", "2014-12-31": "", "2013-12-31": "", "2012-12-31": "", "2011-12-31": "", "2010-12-31": "", "2009-12-31": "", "2008-12-31": "", "2007-12-31": "-125.00000", "2006-12-31": "125.00000", "2005-12-31": ""}, "Common Stock Dividends Paid": {"2020-12-31": "", "2019-12-31": "-436.00000", "2018-12-31": "-407.00000", "2017-12-31": "-377.00000", "2016-12-31": "-347.00000", "2015-12-31": "-322.00000", "2014-12-31": "-295.00000", "2013-12-31": "-273.00000", "2012-12-31": "-252.00000", "2011-12-31": "-211.00000", "2010-12-31": "-162.00000", "2009-12-31": "-114.00000", "2008-12-31": "-82.00000", "2007-12-31": "-45.00000", "2006-12-31": "", "2005-12-31": ""}}, "cash flow statement, quarterly": {"Net Income/Loss": {"2020-12-31": -590, "2020-09-30": 210, "2020-06-30": 137, "2020-03-31": "243.00000", "2019-12-31": 168, "2019-09-30": 207, "2019-06-30": 94, "2019-03-31": "213.00000", "2018-12-31": 109, "2018-09-30": 169, "2018-06-30": 140, "2018-03-31": "241.00000", "2017-12-31": -2, "2017-09-30": 172, "2017-06-30": 93, "2017-03-31": "199.00000", "2016-12-31": 78, "2016-09-30": 186, "2016-06-30": 125, "2016-03-31": "164.00000", "2015-12-31": 107, "2015-09-30": 148, "2015-06-30": 68, "2015-03-31": "202.00000", "2014-12-31": 97, "2014-09-30": 94, "2014-06-30": 84, "2014-03-31": "204.00000", "2013-12-31": 102, "2013-09-30": 127, "2013-06-30": 81, "2013-03-31": "144.00000", "2012-12-31": 67, "2012-09-30": 149, "2012-06-30": 101, "2012-03-31": "67.00000", "2011-12-31": 41, "2011-09-30": 140, "2011-06-30": 101, "2011-03-31": "135.00000", "2010-12-31": 25, "2010-09-30": 146, "2010-06-30": 84, "2010-03-31": "88.00000", "2009-12-31": 11, "2009-09-30": 75, "2009-06-30": 80, "2009-03-31": "74.00000", "2008-12-31": 64, "2008-09-30": 86, "2008-06-30": 47, "2008-03-31": "105.00000", "2007-12-31": -139, "2007-09-30": 84, "2007-06-30": 36, "2007-03-31": "-211.00000", "2006-12-31": -29, "2006-09-30": -101, "2006-06-30": 75, "2006-03-31": "-24.00000", "2005-12-31": -3, "2005-09-30": -263, "2005-06-30": 30, "2005-03-31": "152.00000"}, "Total Depreciation And Amortization - Cash Flow": {"2020-12-31": -767, "2020-09-30": 228, "2020-06-30": 223, "2020-03-31": "316.00000", "2019-12-31": 263, "2019-09-30": 215, "2019-06-30": 216, "2019-03-31": "298.00000", "2018-12-31": 244, "2018-09-30": 206, "2018-06-30": 204, "2018-03-31": "279.00000", "2017-12-31": 229, "2017-09-30": 193, "2017-06-30": 197, "2017-03-31": "262.00000", "2016-12-31": 214, "2016-09-30": 183, "2016-06-30": 176, "2016-03-31": "238.00000", "2015-12-31": 186, "2015-09-30": 173, "2015-06-30": 169, "2015-03-31": "222.00000", "2014-12-31": 182, "2014-09-30": 153, "2014-06-30": 151, "2014-03-31": "199.00000", "2013-12-31": 165, "2013-09-30": 145, "2013-06-30": 137, "2013-03-31": "181.00000", "2012-12-31": 158, "2012-09-30": 138, "2012-06-30": 130, "2012-03-31": "172.00000", "2011-12-31": 142, "2011-09-30": 120, "2011-06-30": 122, "2011-03-31": "162.00000", "2010-12-31": 140, "2010-09-30": 133, "2010-06-30": 131, "2010-03-31": "172.00000", "2009-12-31": 117, "2009-09-30": 140, "2009-06-30": 130, "2009-03-31": "183.00000", "2008-12-31": 163, "2008-09-30": 146, "2008-06-30": 140, "2008-03-31": "184.00000", "2007-12-31": 164, "2007-09-30": 138, "2007-06-30": 136, "2007-03-31": "174.00000", "2006-12-31": 168, "2006-09-30": 140, "2006-06-30": 139, "2006-03-31": "173.00000", "2005-12-31": 122, "2005-09-30": 134, "2005-06-30": 138, "2005-03-31": "171.00000"}, "Other Non-Cash Items": {"2020-12-31": 367, "2020-09-30": 49, "2020-06-30": 39, "2020-03-31": "-455.00000", "2019-12-31": 71, "2019-09-30": 9, "2019-06-30": 10, "2019-03-31": "59.00000", "2018-12-31": -131, "2018-09-30": 55, "2018-06-30": 35, "2018-03-31": "47.00000", "2017-12-31": 260, "2017-09-30": 97, "2017-06-30": 68, "2017-03-31": "111.00000", "2016-12-31": -15, "2016-09-30": 113, "2016-06-30": 71, "2016-03-31": "89.00000", "2015-12-31": -191, "2015-09-30": 115, "2015-06-30": 78, "2015-03-31": "141.00000", "2014-12-31": 79, "2014-09-30": 72, "2014-06-30": 57, "2014-03-31": "125.00000", "2013-12-31": -11, "2013-09-30": 109, "2013-06-30": 89, "2013-03-31": "154.00000", "2012-12-31": 84, "2012-09-30": 137, "2012-06-30": 105, "2012-03-31": "89.00000", "2011-12-31": -170, "2011-09-30": 125, "2011-06-30": 42, "2011-03-31": "115.00000", "2010-12-31": -184, "2010-09-30": 174, "2010-06-30": -29, "2010-03-31": "112.00000", "2009-12-31": 70, "2009-09-30": 84, "2009-06-30": -211, "2009-03-31": "102.00000", "2008-12-31": 38, "2008-09-30": 58, "2008-06-30": 42, "2008-03-31": "-186.00000", "2007-12-31": 160, "2007-09-30": -263, "2007-06-30": -79, "2007-03-31": "357.00000", "2006-12-31": 206, "2006-09-30": 244, "2006-06-30": -101, "2006-03-31": "41.00000", "2005-12-31": 145, "2005-09-30": 312, "2005-06-30": -32, "2005-03-31": "-49.00000"}, "Total Non-Cash Items": {"2020-12-31": -400, "2020-09-30": 277, "2020-06-30": 262, "2020-03-31": "-139.00000", "2019-12-31": 334, "2019-09-30": 224, "2019-06-30": 226, "2019-03-31": "357.00000", "2018-12-31": 113, "2018-09-30": 261, "2018-06-30": 239, "2018-03-31": "326.00000", "2017-12-31": 489, "2017-09-30": 290, "2017-06-30": 265, "2017-03-31": "373.00000", "2016-12-31": 199, "2016-09-30": 296, "2016-06-30": 247, "2016-03-31": "327.00000", "2015-12-31": -5, "2015-09-30": 288, "2015-06-30": 247, "2015-03-31": "363.00000", "2014-12-31": 261, "2014-09-30": 225, "2014-06-30": 208, "2014-03-31": "324.00000", "2013-12-31": 154, "2013-09-30": 254, "2013-06-30": 226, "2013-03-31": "335.00000", "2012-12-31": 242, "2012-09-30": 275, "2012-06-30": 235, "2012-03-31": "261.00000", "2011-12-31": -28, "2011-09-30": 245, "2011-06-30": 164, "2011-03-31": "277.00000", "2010-12-31": -44, "2010-09-30": 307, "2010-06-30": 102, "2010-03-31": "284.00000", "2009-12-31": 187, "2009-09-30": 224, "2009-06-30": -81, "2009-03-31": "285.00000", "2008-12-31": 201, "2008-09-30": 204, "2008-06-30": 182, "2008-03-31": "-2.00000", "2007-12-31": 324, "2007-09-30": -125, "2007-06-30": 57, "2007-03-31": "531.00000", "2006-12-31": 374, "2006-09-30": 384, "2006-06-30": 38, "2006-03-31": "214.00000", "2005-12-31": 267, "2005-09-30": 446, "2005-06-30": 106, "2005-03-31": "122.00000"}, "Change In Accounts Receivable": {"2020-12-31": -218, "2020-09-30": 88, "2020-06-30": 147, "2020-03-31": "-17.00000", "2019-12-31": -252, "2019-09-30": 107, "2019-06-30": 251, "2019-03-31": "-61.00000", "2018-12-31": -284, "2018-09-30": 1, "2018-06-30": 291, "2018-03-31": "7.00000", "2017-12-31": -251, "2017-09-30": 31, "2017-06-30": 117, "2017-03-31": "37.00000", "2016-12-31": -206, "2016-09-30": -46, "2016-06-30": 81, "2016-03-31": "16.00000", "2015-12-31": -99, "2015-09-30": 25, "2015-06-30": 242, "2015-03-31": "-48.00000", "2014-12-31": -142, "2014-09-30": 125, "2014-06-30": 299, "2014-03-31": "-313.00000", "2013-12-31": -254, "2013-09-30": 49, "2013-06-30": 188, "2013-03-31": "-103.00000", "2012-12-31": -246, "2012-09-30": -47, "2012-06-30": 47, "2012-03-31": "99.00000", "2011-12-31": -176, "2011-09-30": 80, "2011-06-30": 206, "2011-03-31": "9.00000", "2010-12-31": -311, "2010-09-30": 61, "2010-06-30": 142, "2010-03-31": "36.00000", "2009-12-31": -296, "2009-09-30": 90, "2009-06-30": 276, "2009-03-31": "-161.00000", "2008-12-31": -258, "2008-09-30": -9, "2008-06-30": 245, "2008-03-31": "-58.00000", "2007-12-31": -303, "2007-09-30": 50, "2007-06-30": 268, "2007-03-31": "-466.00000", "2006-12-31": -265, "2006-09-30": 300, "2006-06-30": 216, "2006-03-31": "-176.00000", "2005-12-31": -228, "2005-09-30": 60, "2005-06-30": 239, "2005-03-31": "-317.00000"}, "Change In Inventories": {"2020-12-31": 34, "2020-09-30": -133, "2020-06-30": -72, "2020-03-31": "171.00000", "2019-12-31": 93, "2019-09-30": -147, "2019-06-30": -111, "2019-03-31": "209.00000", "2018-12-31": 90, "2018-09-30": -177, "2018-06-30": -127, "2018-03-31": "228.00000", "2017-12-31": 115, "2017-09-30": -205, "2017-06-30": -157, "2017-03-31": "201.00000", "2016-12-31": 111, "2016-09-30": -163, "2016-06-30": -76, "2016-03-31": "274.00000", "2015-12-31": 93, "2015-09-30": -181, "2015-06-30": -143, "2015-03-31": "378.00000", "2014-12-31": 125, "2014-09-30": -269, "2014-06-30": -237, "2014-03-31": "345.00000", "2013-12-31": 208, "2013-09-30": -259, "2013-06-30": -194, "2013-03-31": "447.00000", "2012-12-31": 187, "2012-09-30": -218, "2012-06-30": -177, "2012-03-31": "312.00000", "2011-12-31": 92, "2011-09-30": -310, "2011-06-30": -258, "2011-03-31": "462.00000", "2010-12-31": 221, "2010-09-30": -318, "2010-06-30": -230, "2010-03-31": "460.00000", "2009-12-31": 208, "2009-09-30": -389, "2009-06-30": -299, "2009-03-31": "566.00000", "2008-12-31": 322, "2008-09-30": -532, "2008-06-30": -387, "2008-03-31": "526.00000", "2007-12-31": 176, "2007-09-30": -378, "2007-06-30": -325, "2007-03-31": "517.00000", "2006-12-31": 141, "2006-09-30": -349, "2006-06-30": -274, "2006-03-31": "377.00000", "2005-12-31": 106, "2005-09-30": -463, "2005-06-30": -306, "2005-03-31": "418.00000"}, "Change In Accounts Payable": {"2020-12-31": 0, "2020-09-30": 0, "2020-06-30": 0, "2020-03-31": "", "2019-12-31": 0, "2019-09-30": 0, "2019-06-30": 0, "2019-03-31": "", "2018-12-31": 46, "2018-09-30": -46, "2018-06-30": 0, "2018-03-31": "", "2017-12-31": 6, "2017-09-30": -6, "2017-06-30": 0, "2017-03-31": "", "2016-12-31": 24, "2016-09-30": -24, "2016-06-30": 0, "2016-03-31": "", "2015-12-31": 0, "2015-09-30": 0, "2015-06-30": 0, "2015-03-31": "", "2014-12-31": 0, "2014-09-30": 0, "2014-06-30": 0, "2014-03-31": "", "2013-12-31": 0, "2013-09-30": -12, "2013-06-30": 56, "2013-03-31": "-44.00000", "2012-12-31": -19, "2012-09-30": -26, "2012-06-30": 99, "2012-03-31": "-89.00000", "2011-12-31": 20, "2011-09-30": -24, "2011-06-30": 43, "2011-03-31": "-9.00000", "2010-12-31": 2, "2010-09-30": -50, "2010-06-30": 85, "2010-03-31": "-44.00000", "2009-12-31": 5, "2009-09-30": -29, "2009-06-30": 49, "2009-03-31": "-75.00000", "2008-12-31": 16, "2008-09-30": -24, "2008-06-30": 38, "2008-03-31": "-35.00000", "2007-12-31": 46, "2007-09-30": -84, "2007-06-30": -5, "2007-03-31": "-2.00000", "2006-12-31": 73, "2006-09-30": -11, "2006-06-30": 44, "2006-03-31": "-149.00000", "2005-12-31": -14, "2005-09-30": 161, "2005-06-30": 48, "2005-03-31": "-25.00000"}, "Change In Assets/Liabilities": {"2020-12-31": 59, "2020-09-30": -100, "2020-06-30": 44, "2020-03-31": "-3.00000", "2019-12-31": 39, "2019-09-30": -147, "2019-06-30": 67, "2019-03-31": "-12.00000", "2018-12-31": 42, "2018-09-30": -100, "2018-06-30": 114, "2018-03-31": "-2.00000", "2017-12-31": 100, "2017-09-30": -165, "2017-06-30": 78, "2017-03-31": "-124.00000", "2016-12-31": 123, "2016-09-30": -130, "2016-06-30": 65, "2016-03-31": "-101.00000", "2015-12-31": 116, "2015-09-30": -123, "2015-06-30": 87, "2015-03-31": "-99.00000", "2014-12-31": 114, "2014-09-30": -134, "2014-06-30": 75, "2014-03-31": "-54.00000", "2013-12-31": 57, "2013-09-30": -104, "2013-06-30": -88, "2013-03-31": "47.00000", "2012-12-31": -175, "2012-09-30": 27, "2012-06-30": -24, "2012-03-31": "94.00000", "2011-12-31": -168, "2011-09-30": 39, "2011-06-30": 66, "2011-03-31": "56.00000", "2010-12-31": -141, "2010-09-30": -60, "2010-06-30": 182, "2010-03-31": "-90.00000", "2009-12-31": -76, "2009-09-30": 39, "2009-06-30": 122, "2009-03-31": "-31.00000", "2008-12-31": -169, "2008-09-30": -13, "2008-06-30": 11, "2008-03-31": "28.00000", "2007-12-31": -116, "2007-09-30": 57, "2007-06-30": 14, "2007-03-31": "48.00000", "2006-12-31": -207, "2006-09-30": -69, "2006-06-30": 77, "2006-03-31": "-8.00000", "2005-12-31": -287, "2005-09-30": 278, "2005-06-30": 72, "2005-03-31": "-9.00000"}, "Total Change In Assets/Liabilities": {"2020-12-31": -154, "2020-09-30": -139, "2020-06-30": 196, "2020-03-31": "97.00000", "2019-12-31": -107, "2019-09-30": -221, "2019-06-30": 248, "2019-03-31": "47.00000", "2018-12-31": -84, "2018-09-30": -281, "2018-06-30": 329, "2018-03-31": "141.00000", "2017-12-31": 19, "2017-09-30": -382, "2017-06-30": 115, "2017-03-31": "74.00000", "2016-12-31": 111, "2016-09-30": -342, "2016-06-30": 97, "2016-03-31": "141.00000", "2015-12-31": 118, "2015-09-30": -278, "2015-06-30": 187, "2015-03-31": "195.00000", "2014-12-31": 161, "2014-09-30": -294, "2014-06-30": 34, "2014-03-31": "83.00000", "2013-12-31": 47, "2013-09-30": -358, "2013-06-30": 63, "2013-03-31": "246.00000", "2012-12-31": -2, "2012-09-30": -433, "2012-06-30": -28, "2012-03-31": "307.00000", "2011-12-31": -39, "2011-09-30": -406, "2011-06-30": 110, "2011-03-31": "429.00000", "2010-12-31": -20, "2010-09-30": -503, "2010-06-30": 205, "2010-03-31": "285.00000", "2009-12-31": 16, "2009-09-30": -465, "2009-06-30": 195, "2009-03-31": "247.00000", "2008-12-31": 111, "2008-09-30": -760, "2008-06-30": -53, "2008-03-31": "372.00000", "2007-12-31": -47, "2007-09-30": -475, "2007-06-30": -7, "2007-03-31": "-5.00000", "2006-12-31": -102, "2006-09-30": -332, "2006-06-30": 212, "2006-03-31": "-19.00000", "2005-12-31": -233, "2005-09-30": -96, "2005-06-30": 82, "2005-03-31": "-12.00000"}, "Cash Flow From Operating Activities": {"2020-12-31": 132, "2020-09-30": 348, "2020-06-30": 595, "2020-03-31": "201.00000", "2019-12-31": 395, "2019-09-30": 210, "2019-06-30": 568, "2019-03-31": "617.00000", "2018-12-31": 138, "2018-09-30": 149, "2018-06-30": 708, "2018-03-31": "708.00000", "2017-12-31": 506, "2017-09-30": 80, "2017-06-30": 473, "2017-03-31": "646.00000", "2016-12-31": 388, "2016-09-30": 140, "2016-06-30": 469, "2016-03-31": "632.00000", "2015-12-31": 220, "2015-09-30": 158, "2015-06-30": 502, "2015-03-31": "760.00000", "2014-12-31": 519, "2014-09-30": 25, "2014-06-30": 326, "2014-03-31": "611.00000", "2013-12-31": 303, "2013-09-30": 23, "2013-06-30": 370, "2013-03-31": "725.00000", "2012-12-31": 307, "2012-09-30": -9, "2012-06-30": 308, "2012-03-31": "635.00000", "2011-12-31": -26, "2011-09-30": -21, "2011-06-30": 375, "2011-03-31": "841.00000", "2010-12-31": -39, "2010-09-30": -50, "2010-06-30": 391, "2010-03-31": "657.00000", "2009-12-31": 214, "2009-09-30": -166, "2009-06-30": 194, "2009-03-31": "606.00000", "2008-12-31": 376, "2008-09-30": -470, "2008-06-30": 176, "2008-03-31": "475.00000", "2007-12-31": 138, "2007-09-30": -516, "2007-06-30": 86, "2007-03-31": "315.00000", "2006-12-31": 243, "2006-09-30": -49, "2006-06-30": 325, "2006-03-31": "171.00000", "2005-12-31": 31, "2005-09-30": 87, "2005-06-30": 218, "2005-03-31": "262.00000"}, "Net Change In Property, Plant, And Equipment": {"2020-12-31": 1697, "2020-09-30": -751, "2020-06-30": -423, "2020-03-31": "-523.00000", "2019-12-31": -534, "2019-09-30": -597, "2019-06-30": -492, "2019-03-31": "-481.00000", "2018-12-31": -502, "2018-09-30": -700, "2018-06-30": -450, "2018-03-31": "-422.00000", "2017-12-31": -457, "2017-09-30": -462, "2017-06-30": -381, "2017-03-31": "-365.00000", "2016-12-31": -448, "2016-09-30": -407, "2016-06-30": -410, "2016-03-31": "-407.00000", "2015-12-31": -462, "2015-09-30": -427, "2015-06-30": -327, "2015-03-31": "-348.00000", "2014-12-31": -452, "2014-09-30": -462, "2014-06-30": -359, "2014-03-31": "-304.00000", "2013-12-31": -425, "2013-09-30": -320, "2013-06-30": -306, "2013-03-31": "-274.00000", "2012-12-31": -366, "2012-09-30": -286, "2012-06-30": -281, "2012-03-31": "-294.00000", "2011-12-31": -258, "2011-09-30": -225, "2011-06-30": -208, "2011-03-31": "-191.00000", "2010-12-31": -210, "2010-09-30": -187, "2010-06-30": -234, "2010-03-31": "-190.00000", "2009-12-31": -201, "2009-09-30": -215, "2009-06-30": -222, "2009-03-31": "-180.00000", "2008-12-31": -282, "2008-09-30": -170, "2008-06-30": -185, "2008-03-31": "-155.00000", "2007-12-31": -719, "2007-09-30": -65, "2007-06-30": 1211, "2007-03-31": "-86.00000", "2006-12-31": -272, "2006-09-30": -157, "2006-06-30": -191, "2006-03-31": "-129.00000", "2005-12-31": -156, "2005-09-30": -155, "2005-06-30": -93, "2005-03-31": "-128.00000"}, "Net Change In Intangible Assets": {"2020-12-31": 0, "2020-09-30": 0, "2020-06-30": 0, "2020-03-31": "", "2019-12-31": 0, "2019-09-30": 0, "2019-06-30": 0, "2019-03-31": "", "2018-12-31": 0, "2018-09-30": 0, "2018-06-30": 0, "2018-03-31": "", "2017-12-31": 0, "2017-09-30": 0, "2017-06-30": 0, "2017-03-31": "", "2016-12-31": 0, "2016-09-30": 0, "2016-06-30": 0, "2016-03-31": "", "2015-12-31": 0, "2015-09-30": 0, "2015-06-30": 0, "2015-03-31": "", "2014-12-31": 0, "2014-09-30": 0, "2014-06-30": 0, "2014-03-31": "", "2013-12-31": 0, "2013-09-30": 0, "2013-06-30": 0, "2013-03-31": "", "2012-12-31": 0, "2012-09-30": 0, "2012-06-30": 0, "2012-03-31": "", "2011-12-31": 0, "2011-09-30": 0, "2011-06-30": 0, "2011-03-31": "", "2010-12-31": 0, "2010-09-30": 0, "2010-06-30": 0, "2010-03-31": "", "2009-12-31": 0, "2009-09-30": 0, "2009-06-30": 0, "2009-03-31": "", "2008-12-31": 0, "2008-09-30": 0, "2008-06-30": 0, "2008-03-31": "", "2007-12-31": 0, "2007-09-30": 0, "2007-06-30": 0, "2007-03-31": "", "2006-12-31": 0, "2006-09-30": 0, "2006-06-30": 0, "2006-03-31": "", "2005-12-31": 0, "2005-09-30": 0, "2005-06-30": 0, "2005-03-31": ""}, "Net Acquisitions/Divestitures": {"2020-12-31": 0, "2020-09-30": 0, "2020-06-30": 0, "2020-03-31": "", "2019-12-31": 0, "2019-09-30": 0, "2019-06-30": 0, "2019-03-31": "", "2018-12-31": 0, "2018-09-30": 0, "2018-06-30": 0, "2018-03-31": "", "2017-12-31": 0, "2017-09-30": 0, "2017-06-30": 0, "2017-03-31": "", "2016-12-31": 0, "2016-09-30": 0, "2016-06-30": 0, "2016-03-31": "", "2015-12-31": -154, "2015-09-30": 0, "2015-06-30": 0, "2015-03-31": "", "2014-12-31": 0, "2014-09-30": 0, "2014-06-30": 0, "2014-03-31": "", "2013-12-31": 0, "2013-09-30": 0, "2013-06-30": 0, "2013-03-31": "", "2012-12-31": 0, "2012-09-30": 0, "2012-06-30": 0, "2012-03-31": "", "2011-12-31": 0, "2011-09-30": 0, "2011-06-30": 0, "2011-03-31": "", "2010-12-31": 0, "2010-09-30": 0, "2010-06-30": 0, "2010-03-31": "", "2009-12-31": 0, "2009-09-30": 0, "2009-06-30": 0, "2009-03-31": "", "2008-12-31": 0, "2008-09-30": 0, "2008-06-30": 0, "2008-03-31": "", "2007-12-31": 0, "2007-09-30": 0, "2007-06-30": 0, "2007-03-31": "", "2006-12-31": 0, "2006-09-30": 0, "2006-06-30": 0, "2006-03-31": "", "2005-12-31": 0, "2005-09-30": 0, "2005-06-30": 0, "2005-03-31": ""}, "Net Change In Short-term Investments": {"2020-12-31": 0, "2020-09-30": 0, "2020-06-30": 0, "2020-03-31": "", "2019-12-31": 0, "2019-09-30": 0, "2019-06-30": 0, "2019-03-31": "", "2018-12-31": 0, "2018-09-30": 0, "2018-06-30": 0, "2018-03-31": "", "2017-12-31": 0, "2017-09-30": 0, "2017-06-30": 0, "2017-03-31": "", "2016-12-31": 0, "2016-09-30": 0, "2016-06-30": 0, "2016-03-31": "", "2015-12-31": 0, "2015-09-30": 0, "2015-06-30": 0, "2015-03-31": "", "2014-12-31": 0, "2014-09-30": 0, "2014-06-30": 0, "2014-03-31": "", "2013-12-31": 0, "2013-09-30": 0, "2013-06-30": 0, "2013-03-31": "", "2012-12-31": 0, "2012-09-30": 0, "2012-06-30": 0, "2012-03-31": "", "2011-12-31": 0, "2011-09-30": 0, "2011-06-30": 0, "2011-03-31": "", "2010-12-31": 0, "2010-09-30": 0, "2010-06-30": 0, "2010-03-31": "", "2009-12-31": 0, "2009-09-30": 0, "2009-06-30": 0, "2009-03-31": "", "2008-12-31": 0, "2008-09-30": 0, "2008-06-30": 0, "2008-03-31": "", "2007-12-31": 0, "2007-09-30": 0, "2007-06-30": 0, "2007-03-31": "", "2006-12-31": 0, "2006-09-30": 0, "2006-06-30": 0, "2006-03-31": "", "2005-12-31": 1, "2005-09-30": 0, "2005-06-30": 0, "2005-03-31": "109.00000"}, "Net Change In Long-Term Investments": {"2020-12-31": 0, "2020-09-30": 0, "2020-06-30": 0, "2020-03-31": "", "2019-12-31": 0, "2019-09-30": 0, "2019-06-30": 0, "2019-03-31": "", "2018-12-31": 0, "2018-09-30": 146, "2018-06-30": 0, "2018-03-31": "", "2017-12-31": 0, "2017-09-30": 0, "2017-06-30": 0, "2017-03-31": "", "2016-12-31": 0, "2016-09-30": 0, "2016-06-30": 0, "2016-03-31": "", "2015-12-31": 0, "2015-09-30": 0, "2015-06-30": 0, "2015-03-31": "", "2014-12-31": 0, "2014-09-30": 0, "2014-06-30": 0, "2014-03-31": "", "2013-12-31": 0, "2013-09-30": 0, "2013-06-30": 0, "2013-03-31": "", "2012-12-31": 0, "2012-09-30": 0, "2012-06-30": 0, "2012-03-31": "", "2011-12-31": 0, "2011-09-30": 0, "2011-06-30": 0, "2011-03-31": "", "2010-12-31": 0, "2010-09-30": 0, "2010-06-30": 0, "2010-03-31": "", "2009-12-31": 0, "2009-09-30": 0, "2009-06-30": 0, "2009-03-31": "", "2008-12-31": 0, "2008-09-30": 0, "2008-06-30": 0, "2008-03-31": "", "2007-12-31": 0, "2007-09-30": 16, "2007-06-30": 315, "2007-03-31": "1.00000", "2006-12-31": -1, "2006-09-30": 6, "2006-06-30": 6, "2006-03-31": "-11.00000", "2005-12-31": 6, "2005-09-30": 55, "2005-06-30": 15, "2005-03-31": "5.00000"}, "Net Change In Investments - Total": {"2020-12-31": 0, "2020-09-30": 0, "2020-06-30": 0, "2020-03-31": "", "2019-12-31": 0, "2019-09-30": 0, "2019-06-30": 0, "2019-03-31": "", "2018-12-31": 0, "2018-09-30": 146, "2018-06-30": 0, "2018-03-31": "", "2017-12-31": 0, "2017-09-30": 0, "2017-06-30": 0, "2017-03-31": "", "2016-12-31": 0, "2016-09-30": 0, "2016-06-30": 0, "2016-03-31": "", "2015-12-31": 0, "2015-09-30": 0, "2015-06-30": 0, "2015-03-31": "", "2014-12-31": 0, "2014-09-30": 0, "2014-06-30": 0, "2014-03-31": "", "2013-12-31": 0, "2013-09-30": 0, "2013-06-30": 0, "2013-03-31": "", "2012-12-31": 0, "2012-09-30": 0, "2012-06-30": 0, "2012-03-31": "", "2011-12-31": 0, "2011-09-30": 0, "2011-06-30": 0, "2011-03-31": "", "2010-12-31": 0, "2010-09-30": 0, "2010-06-30": 0, "2010-03-31": "", "2009-12-31": 0, "2009-09-30": 0, "2009-06-30": 0, "2009-03-31": "", "2008-12-31": 0, "2008-09-30": 0, "2008-06-30": 0, "2008-03-31": "", "2007-12-31": 0, "2007-09-30": 16, "2007-06-30": 315, "2007-03-31": "1.00000", "2006-12-31": -1, "2006-09-30": 6, "2006-06-30": 6, "2006-03-31": "-11.00000", "2005-12-31": 7, "2005-09-30": 55, "2005-06-30": 15, "2005-03-31": "114.00000"}, "Investing Activities - Other": {"2020-12-31": 601, "2020-09-30": -379, "2020-06-30": -186, "2020-03-31": "-36.00000", "2019-12-31": -70, "2019-09-30": -205, "2019-06-30": -243, "2019-03-31": "-194.00000", "2018-12-31": -289, "2018-09-30": -253, "2018-06-30": -102, "2018-03-31": "-34.00000", "2017-12-31": -57, "2017-09-30": -86, "2017-06-30": -79, "2017-03-31": "19.00000", "2016-12-31": -69, "2016-09-30": -80, "2016-06-30": -57, "2016-03-31": "-37.00000", "2015-12-31": -108, "2015-09-30": -131, "2015-06-30": -33, "2015-03-31": "-74.00000", "2014-12-31": -99, "2014-09-30": -102, "2014-06-30": -78, "2014-03-31": "-42.00000", "2013-12-31": -103, "2013-09-30": -68, "2013-06-30": -17, "2013-03-31": "-19.00000", "2012-12-31": -46, "2012-09-30": -42, "2012-06-30": -16, "2012-03-31": "-19.00000", "2011-12-31": -48, "2011-09-30": -56, "2011-06-30": -35, "2011-03-31": "-37.00000", "2010-12-31": -67, "2010-09-30": -49, "2010-06-30": -44, "2010-03-31": "-22.00000", "2009-12-31": -59, "2009-09-30": -27, "2009-06-30": -19, "2009-03-31": "-12.00000", "2008-12-31": -19, "2008-09-30": -24, "2008-06-30": -7, "2008-03-31": "3.00000", "2007-12-31": -13, "2007-09-30": -36, "2007-06-30": -53, "2007-03-31": "91.00000", "2006-12-31": -42, "2006-09-30": -35, "2006-06-30": -29, "2006-03-31": "104.00000", "2005-12-31": 18, "2005-09-30": -152, "2005-06-30": -24, "2005-03-31": "6.00000"}, "Cash Flow From Investing Activities": {"2020-12-31": -569, "2020-09-30": -1130, "2020-06-30": -609, "2020-03-31": "-559.00000", "2019-12-31": -604, "2019-09-30": -802, "2019-06-30": -735, "2019-03-31": "-675.00000", "2018-12-31": -791, "2018-09-30": -807, "2018-06-30": -552, "2018-03-31": "-456.00000", "2017-12-31": -514, "2017-09-30": -548, "2017-06-30": -460, "2017-03-31": "-346.00000", "2016-12-31": -517, "2016-09-30": -487, "2016-06-30": -467, "2016-03-31": "-444.00000", "2015-12-31": -724, "2015-09-30": -558, "2015-06-30": -360, "2015-03-31": "-422.00000", "2014-12-31": -551, "2014-09-30": -564, "2014-06-30": -437, "2014-03-31": "-346.00000", "2013-12-31": -528, "2013-09-30": -388, "2013-06-30": -323, "2013-03-31": "-293.00000", "2012-12-31": -412, "2012-09-30": -328, "2012-06-30": -297, "2012-03-31": "-313.00000", "2011-12-31": -306, "2011-09-30": -281, "2011-06-30": -243, "2011-03-31": "-228.00000", "2010-12-31": -277, "2010-09-30": -236, "2010-06-30": -278, "2010-03-31": "-212.00000", "2009-12-31": -260, "2009-09-30": -242, "2009-06-30": -241, "2009-03-31": "-192.00000", "2008-12-31": -301, "2008-09-30": -194, "2008-06-30": -192, "2008-03-31": "-152.00000", "2007-12-31": -732, "2007-09-30": -85, "2007-06-30": 1473, "2007-03-31": "6.00000", "2006-12-31": -315, "2006-09-30": -186, "2006-06-30": -214, "2006-03-31": "-36.00000", "2005-12-31": -131, "2005-09-30": -252, "2005-06-30": -102, "2005-03-31": "-8.00000"}, "Net Long-Term Debt": {"2020-12-31": -1515, "2020-09-30": -578, "2020-06-30": 904, "2020-03-31": "1189.00000", "2019-12-31": -31, "2019-09-30": 806, "2019-06-30": 368, "2019-03-31": "354.00000", "2018-12-31": 783, "2018-09-30": 400, "2018-06-30": 188, "2018-03-31": "39.00000", "2017-12-31": 259, "2017-09-30": 33, "2017-06-30": 13, "2017-03-31": "395.00000", "2016-12-31": -203, "2016-09-30": 330, "2016-06-30": 284, "2016-03-31": "-12.00000", "2015-12-31": 632, "2015-09-30": -24, "2015-06-30": -128, "2015-03-31": "73.00000", "2014-12-31": -282, "2014-09-30": 676, "2014-06-30": -281, "2014-03-31": "514.00000", "2013-12-31": -46, "2013-09-30": 78, "2013-06-30": -20, "2013-03-31": "230.00000", "2012-12-31": -19, "2012-09-30": 308, "2012-06-30": -122, "2012-03-31": "-79.00000", "2011-12-31": -121, "2011-09-30": -22, "2011-06-30": 90, "2011-03-31": "-19.00000", "2010-12-31": 88, "2010-09-30": 460, "2010-06-30": -324, "2010-03-31": "260.00000", "2009-12-31": -56, "2009-09-30": -421, "2009-06-30": 32, "2009-03-31": "486.00000", "2008-12-31": -19, "2008-09-30": 323, "2008-06-30": -284, "2008-03-31": "197.00000", "2007-12-31": -321, "2007-09-30": -14, "2007-06-30": -276, "2007-03-31": "-17.00000", "2006-12-31": -35, "2006-09-30": -151, "2006-06-30": -17, "2006-03-31": "-216.00000", "2005-12-31": 168, "2005-09-30": -47, "2005-06-30": -297, "2005-03-31": "23.00000"}, "Net Current Debt": {"2020-12-31": 90, "2020-09-30": 0, "2020-06-30": 0, "2020-03-31": "-90.00000", "2019-12-31": 90, "2019-09-30": 0, "2019-06-30": -30, "2019-03-31": "-67.00000", "2018-12-31": -183, "2018-09-30": 280, "2018-06-30": 0, "2018-03-31": "-170.00000", "2017-12-31": -60, "2017-09-30": 257, "2017-06-30": -27, "2017-03-31": "-398.00000", "2016-12-31": 323, "2016-09-30": 63, "2016-06-30": -2, "2016-03-31": "-235.00000", "2015-12-31": 46, "2015-09-30": 164, "2015-06-30": -1, "2015-03-31": "-20.00000", "2014-12-31": 146, "2014-09-30": 69, "2014-06-30": 62, "2014-03-31": "-154.00000", "2013-12-31": 247, "2013-09-30": 76, "2013-06-30": -12, "2013-03-31": "-126.00000", "2012-12-31": 150, "2012-09-30": 29, "2012-06-30": -19, "2012-03-31": "15.00000", "2011-12-31": 40, "2011-09-30": 37, "2011-06-30": 8, "2011-03-31": "13.00000", "2010-12-31": 4, "2010-09-30": 39, "2010-06-30": 41, "2010-03-31": "25.00000", "2009-12-31": 91, "2009-09-30": -16, "2009-06-30": 4, "2009-03-31": "", "2008-12-31": 15, "2008-09-30": 1, "2008-06-30": 7, "2008-03-31": "", "2007-12-31": 28, "2007-09-30": 0, "2007-06-30": 0, "2007-03-31": "", "2006-12-31": 0, "2006-09-30": 0, "2006-06-30": 0, "2006-03-31": "", "2005-12-31": 0, "2005-09-30": 0, "2005-06-30": 0, "2005-03-31": ""}, "Debt Issuance/Retirement Net - Total": {"2020-12-31": -1425, "2020-09-30": -578, "2020-06-30": 904, "2020-03-31": "1099.00000", "2019-12-31": 59, "2019-09-30": 806, "2019-06-30": 338, "2019-03-31": "287.00000", "2018-12-31": 600, "2018-09-30": 680, "2018-06-30": 188, "2018-03-31": "-131.00000", "2017-12-31": 199, "2017-09-30": 290, "2017-06-30": -14, "2017-03-31": "-3.00000", "2016-12-31": 120, "2016-09-30": 393, "2016-06-30": 282, "2016-03-31": "-247.00000", "2015-12-31": 678, "2015-09-30": 140, "2015-06-30": -129, "2015-03-31": "53.00000", "2014-12-31": -136, "2014-09-30": 745, "2014-06-30": -219, "2014-03-31": "360.00000", "2013-12-31": 201, "2013-09-30": 154, "2013-06-30": -32, "2013-03-31": "104.00000", "2012-12-31": 131, "2012-09-30": 337, "2012-06-30": -141, "2012-03-31": "-64.00000", "2011-12-31": -81, "2011-09-30": 15, "2011-06-30": 98, "2011-03-31": "-6.00000", "2010-12-31": 92, "2010-09-30": 499, "2010-06-30": -283, "2010-03-31": "285.00000", "2009-12-31": 35, "2009-09-30": -437, "2009-06-30": 36, "2009-03-31": "486.00000", "2008-12-31": -4, "2008-09-30": 324, "2008-06-30": -277, "2008-03-31": "197.00000", "2007-12-31": -293, "2007-09-30": -14, "2007-06-30": -276, "2007-03-31": "-17.00000", "2006-12-31": -35, "2006-09-30": -151, "2006-06-30": -17, "2006-03-31": "-216.00000", "2005-12-31": 168, "2005-09-30": -47, "2005-06-30": -297, "2005-03-31": "23.00000"}, "Net Common Equity Issued/Repurchased": {"2020-12-31": -107, "2020-09-30": 3, "2020-06-30": 3, "2020-03-31": "101.00000", "2019-12-31": 3, "2019-09-30": 3, "2019-06-30": 3, "2019-03-31": "3.00000", "2018-12-31": 2, "2018-09-30": 3, "2018-06-30": 33, "2018-03-31": "3.00000", "2017-12-31": 3, "2017-09-30": 4, "2017-06-30": 73, "2017-03-31": "3.00000", "2016-12-31": 3, "2016-09-30": 3, "2016-06-30": 3, "2016-03-31": "63.00000", "2015-12-31": 3, "2015-09-30": 13, "2015-06-30": 23, "2015-03-31": "4.00000", "2014-12-31": 3, "2014-09-30": 3, "2014-06-30": 4, "2014-03-31": "33.00000", "2013-12-31": 4, "2013-09-30": 4, "2013-06-30": 4, "2013-03-31": "24.00000", "2012-12-31": 3, "2012-09-30": 4, "2012-06-30": 22, "2012-03-31": "1.00000", "2011-12-31": 3, "2011-09-30": 4, "2011-06-30": 22, "2011-03-31": "", "2010-12-31": 3, "2010-09-30": 2, "2010-06-30": 5, "2010-03-31": "", "2009-12-31": 2, "2009-09-30": 2, "2009-06-30": 2, "2009-03-31": "3.00000", "2008-12-31": 3, "2008-09-30": 2, "2008-06-30": 2, "2008-03-31": "2.00000", "2007-12-31": 2, "2007-09-30": 2, "2007-06-30": 4, "2007-03-31": "7.00000", "2006-12-31": 1, "2006-09-30": 2, "2006-06-30": 3, "2006-03-31": "2.00000", "2005-12-31": 6, "2005-09-30": 6, "2005-06-30": 277, "2005-03-31": "6.00000"}, "Net Total Equity Issued/Repurchased": {"2020-12-31": -107, "2020-09-30": 3, "2020-06-30": 3, "2020-03-31": "101.00000", "2019-12-31": 3, "2019-09-30": 3, "2019-06-30": 3, "2019-03-31": "3.00000", "2018-12-31": 2, "2018-09-30": 3, "2018-06-30": 33, "2018-03-31": "3.00000", "2017-12-31": 3, "2017-09-30": 4, "2017-06-30": 73, "2017-03-31": "3.00000", "2016-12-31": 3, "2016-09-30": 3, "2016-06-30": 3, "2016-03-31": "63.00000", "2015-12-31": 3, "2015-09-30": 13, "2015-06-30": 23, "2015-03-31": "4.00000", "2014-12-31": 3, "2014-09-30": 3, "2014-06-30": 4, "2014-03-31": "33.00000", "2013-12-31": 4, "2013-09-30": 4, "2013-06-30": 4, "2013-03-31": "24.00000", "2012-12-31": 3, "2012-09-30": 4, "2012-06-30": 22, "2012-03-31": "1.00000", "2011-12-31": 3, "2011-09-30": 4, "2011-06-30": 22, "2011-03-31": "", "2010-12-31": -223, "2010-09-30": -11, "2010-06-30": 5, "2010-03-31": "", "2009-12-31": 2, "2009-09-30": -2, "2009-06-30": 254, "2009-03-31": "-249.00000", "2008-12-31": 2, "2008-09-30": 2, "2008-06-30": 2, "2008-03-31": "2.00000", "2007-12-31": 2, "2007-09-30": 2, "2007-06-30": 4, "2007-03-31": "-25.00000", "2006-12-31": 1, "2006-09-30": 2, "2006-06-30": 3, "2006-03-31": "2.00000", "2005-12-31": 6, "2005-09-30": 6, "2005-06-30": 277, "2005-03-31": "6.00000"}, "Total Common And Preferred Stock Dividends Paid": {"2020-12-31": 351, "2020-09-30": -117, "2020-06-30": -118, "2020-03-31": "-116.00000", "2019-12-31": -110, "2019-09-30": -108, "2019-06-30": -110, "2019-03-31": "-108.00000", "2018-12-31": -102, "2018-09-30": -101, "2018-06-30": -103, "2018-03-31": "-101.00000", "2017-12-31": -95, "2017-09-30": -94, "2017-06-30": -94, "2017-03-31": "-94.00000", "2016-12-31": -87, "2016-09-30": -87, "2016-06-30": -87, "2016-03-31": "-86.00000", "2015-12-31": -81, "2015-09-30": -80, "2015-06-30": -81, "2015-03-31": "-80.00000", "2014-12-31": -75, "2014-09-30": -74, "2014-06-30": -74, "2014-03-31": "-72.00000", "2013-12-31": -68, "2013-09-30": -70, "2013-06-30": -68, "2013-03-31": "-67.00000", "2012-12-31": -64, "2012-09-30": -63, "2012-06-30": -63, "2012-03-31": "-62.00000", "2011-12-31": -52, "2011-09-30": -53, "2011-06-30": -53, "2011-03-31": "-53.00000", "2010-12-31": -51, "2010-09-30": -37, "2010-06-30": -40, "2010-03-31": "-34.00000", "2009-12-31": -32, "2009-09-30": -30, "2009-06-30": -31, "2009-03-31": "-32.00000", "2008-12-31": -24, "2008-09-30": -22, "2008-06-30": -23, "2008-03-31": "-24.00000", "2007-12-31": -13, "2007-09-30": -15, "2007-06-30": -14, "2007-03-31": "-14.00000", "2006-12-31": -5, "2006-09-30": -2, "2006-06-30": -3, "2006-03-31": "-3.00000", "2005-12-31": -3, "2005-09-30": -2, "2005-06-30": -4, "2005-03-31": "-2.00000"}, "Financial Activities - Other": {"2020-12-31": -374, "2020-09-30": 428, "2020-06-30": -32, "2020-03-31": "-22.00000", "2019-12-31": -19, "2019-09-30": -10, "2019-06-30": 3, "2019-03-31": "-32.00000", "2018-12-31": -38, "2018-09-30": -59, "2018-06-30": 0, "2018-03-31": "", "2017-12-31": -68, "2017-09-30": 0, "2017-06-30": 0, "2017-03-31": "", "2016-12-31": -18, "2016-09-30": 0, "2016-06-30": 0, "2016-03-31": "", "2015-12-31": 0, "2015-09-30": 0, "2015-06-30": 0, "2015-03-31": "", "2014-12-31": -36, "2014-09-30": 0, "2014-06-30": 0, "2014-03-31": "", "2013-12-31": 0, "2013-09-30": 0, "2013-06-30": 0, "2013-03-31": "", "2012-12-31": 0, "2012-09-30": 0, "2012-06-30": 0, "2012-03-31": "", "2011-12-31": 0, "2011-09-30": -35, "2011-06-30": -6, "2011-03-31": "-2.00000", "2010-12-31": 49, "2010-09-30": -5, "2010-06-30": -14, "2010-03-31": "-30.00000", "2009-12-31": -51, "2009-09-30": 35, "2009-06-30": -13, "2009-03-31": "-6.00000", "2008-12-31": 2, "2008-09-30": -5, "2008-06-30": 0, "2008-03-31": "-5.00000", "2007-12-31": 1, "2007-09-30": -18, "2007-06-30": 1, "2007-03-31": "-1.00000", "2006-12-31": 3, "2006-09-30": -6, "2006-06-30": -1, "2006-03-31": "-8.00000", "2005-12-31": -15, "2005-09-30": -12, "2005-06-30": -20, "2005-03-31": "-10.00000"}, "Cash Flow From Financial Activities": {"2020-12-31": 64, "2020-09-30": -264, "2020-06-30": 757, "2020-03-31": "1062.00000", "2019-12-31": -67, "2019-09-30": 691, "2019-06-30": 234, "2019-03-31": "150.00000", "2018-12-31": 462, "2018-09-30": 523, "2018-06-30": 118, "2018-03-31": "-229.00000", "2017-12-31": 39, "2017-09-30": 200, "2017-06-30": -35, "2017-03-31": "-94.00000", "2016-12-31": 18, "2016-09-30": 309, "2016-06-30": 198, "2016-03-31": "-270.00000", "2015-12-31": 600, "2015-09-30": 73, "2015-06-30": -187, "2015-03-31": "-23.00000", "2014-12-31": -244, "2014-09-30": 674, "2014-06-30": -289, "2014-03-31": "321.00000", "2013-12-31": 137, "2013-09-30": 88, "2013-06-30": -96, "2013-03-31": "61.00000", "2012-12-31": 70, "2012-09-30": 278, "2012-06-30": -182, "2012-03-31": "-125.00000", "2011-12-31": -130, "2011-09-30": -69, "2011-06-30": 61, "2011-03-31": "-61.00000", "2010-12-31": -133, "2010-09-30": 446, "2010-06-30": -332, "2010-03-31": "221.00000", "2009-12-31": -46, "2009-09-30": -434, "2009-06-30": 246, "2009-03-31": "199.00000", "2008-12-31": -24, "2008-09-30": 299, "2008-06-30": -298, "2008-03-31": "170.00000", "2007-12-31": -303, "2007-09-30": -45, "2007-06-30": -285, "2007-03-31": "-57.00000", "2006-12-31": -36, "2006-09-30": -157, "2006-06-30": -18, "2006-03-31": "-225.00000", "2005-12-31": 156, "2005-09-30": -55, "2005-06-30": -44, "2005-03-31": "17.00000"}, "Net Cash Flow": {"2020-12-31": -373, "2020-09-30": -1046, "2020-06-30": 743, "2020-03-31": "704.00000", "2019-12-31": -276, "2019-09-30": 99, "2019-06-30": 67, "2019-03-31": "92.00000", "2018-12-31": -191, "2018-09-30": -135, "2018-06-30": 274, "2018-03-31": "23.00000", "2017-12-31": 31, "2017-09-30": -268, "2017-06-30": -22, "2017-03-31": "206.00000", "2016-12-31": -111, "2016-09-30": -38, "2016-06-30": 200, "2016-03-31": "-82.00000", "2015-12-31": 96, "2015-09-30": -327, "2015-06-30": -45, "2015-03-31": "315.00000", "2014-12-31": -276, "2014-09-30": 135, "2014-06-30": -400, "2014-03-31": "586.00000", "2013-12-31": -88, "2013-09-30": -277, "2013-06-30": -49, "2013-03-31": "493.00000", "2012-12-31": -35, "2012-09-30": -59, "2012-06-30": -171, "2012-03-31": "197.00000", "2011-12-31": -462, "2011-09-30": -371, "2011-06-30": 193, "2011-03-31": "554.00000", "2010-12-31": -449, "2010-09-30": 160, "2010-06-30": -219, "2010-03-31": "665.00000", "2009-12-31": -91, "2009-09-30": -842, "2009-06-30": 201, "2009-03-31": "615.00000", "2008-12-31": 49, "2008-09-30": -365, "2008-06-30": -314, "2008-03-31": "493.00000", "2007-12-31": -797, "2007-09-30": -646, "2007-06-30": 1275, "2007-03-31": "265.00000", "2006-12-31": -108, "2006-09-30": -392, "2006-06-30": 93, "2006-03-31": "-89.00000", "2005-12-31": 54, "2005-09-30": -220, "2005-06-30": 73, "2005-03-31": "271.00000"}, "Stock-Based Compensation": {"2020-12-31": 0, "2020-09-30": 0, "2020-06-30": 0, "2020-03-31": "", "2019-12-31": 0, "2019-09-30": 0, "2019-06-30": 0, "2019-03-31": "", "2018-12-31": 0, "2018-09-30": 0, "2018-06-30": 0, "2018-03-31": "", "2017-12-31": 0, "2017-09-30": 0, "2017-06-30": 0, "2017-03-31": "", "2016-12-31": 0, "2016-09-30": 0, "2016-06-30": 0, "2016-03-31": "", "2015-12-31": 0, "2015-09-30": 0, "2015-06-30": 0, "2015-03-31": "", "2014-12-31": 0, "2014-09-30": 0, "2014-06-30": 0, "2014-03-31": "", "2013-12-31": 0, "2013-09-30": 0, "2013-06-30": 0, "2013-03-31": "", "2012-12-31": 0, "2012-09-30": 0, "2012-06-30": 0, "2012-03-31": "", "2011-12-31": 0, "2011-09-30": 0, "2011-06-30": 0, "2011-03-31": "", "2010-12-31": 0, "2010-09-30": 0, "2010-06-30": 0, "2010-03-31": "", "2009-12-31": 0, "2009-09-30": 0, "2009-06-30": 0, "2009-03-31": "", "2008-12-31": 0, "2008-09-30": 0, "2008-06-30": 0, "2008-03-31": "", "2007-12-31": 0, "2007-09-30": -125, "2007-06-30": 0, "2007-03-31": "", "2006-12-31": 125, "2006-09-30": 0, "2006-06-30": 0, "2006-03-31": "", "2005-12-31": 0, "2005-09-30": 0, "2005-06-30": 0, "2005-03-31": ""}, "Common Stock Dividends Paid": {"2020-12-31": 351, "2020-09-30": -117, "2020-06-30": -118, "2020-03-31": "-116.00000", "2019-12-31": -110, "2019-09-30": -108, "2019-06-30": -110, "2019-03-31": "-108.00000", "2018-12-31": -102, "2018-09-30": -101, "2018-06-30": -103, "2018-03-31": "-101.00000", "2017-12-31": -95, "2017-09-30": -94, "2017-06-30": -94, "2017-03-31": "-94.00000", "2016-12-31": -87, "2016-09-30": -87, "2016-06-30": -87, "2016-03-31": "-86.00000", "2015-12-31": -81, "2015-09-30": -80, "2015-06-30": -81, "2015-03-31": "-80.00000", "2014-12-31": -75, "2014-09-30": -74, "2014-06-30": -74, "2014-03-31": "-72.00000", "2013-12-31": -68, "2013-09-30": -70, "2013-06-30": -68, "2013-03-31": "-67.00000", "2012-12-31": -64, "2012-09-30": -63, "2012-06-30": -63, "2012-03-31": "-62.00000", "2011-12-31": -52, "2011-09-30": -53, "2011-06-30": -53, "2011-03-31": "-53.00000", "2010-12-31": -59, "2010-09-30": -34, "2010-06-30": -35, "2010-03-31": "-34.00000", "2009-12-31": -29, "2009-09-30": -28, "2009-06-30": -28, "2009-03-31": "-29.00000", "2008-12-31": -21, "2008-09-30": -20, "2008-06-30": -21, "2008-03-31": "-20.00000", "2007-12-31": -11, "2007-09-30": -12, "2007-06-30": -11, "2007-03-31": "-11.00000", "2006-12-31": 0, "2006-09-30": 0, "2006-06-30": 0, "2006-03-31": "", "2005-12-31": 0, "2005-09-30": 0, "2005-06-30": 0, "2005-03-31": ""}}, "financial ratios": {"Current Ratio": {"2019-12-31": "0.86210", "2018-12-31": "0.94050", "2017-12-31": "0.88900", "2016-12-31": "0.85880", "2015-12-31": "1.00780", "2014-12-31": "1.33320", "2013-12-31": "1.29870", "2012-12-31": "1.34780", "2011-12-31": "1.09710", "2010-12-31": "1.36520", "2009-12-31": "1.40330", "2008-12-31": "1.51740", "2007-12-31": "1.16460", "2006-12-31": "1.45780", "2005-12-31": "1.83690"}, "Long-term Debt / Capital": {"2019-12-31": "0.70410", "2018-12-31": "0.69040", "2017-12-31": "0.67290", "2016-12-31": "0.67100", "2015-12-31": "0.68180", "2014-12-31": "0.68710", "2013-12-31": "0.67470", "2012-12-31": "0.67940", "2011-12-31": "0.66890", "2010-12-31": "0.70050", "2009-12-31": "0.67460", "2008-12-31": "0.71530", "2007-12-31": "0.73100", "2006-12-31": "0.74190", "2005-12-31": "0.75830"}, "Debt/Equity Ratio": {"2019-12-31": "2.62060", "2018-12-31": "2.45760", "2017-12-31": "2.34190", "2016-12-31": "2.33890", "2015-12-31": "2.38310", "2014-12-31": "2.35740", "2013-12-31": "2.28330", "2012-12-31": "2.32060", "2011-12-31": "2.36460", "2010-12-31": "2.60350", "2009-12-31": "2.32330", "2008-12-31": "2.72010", "2007-12-31": "3.05680", "2006-12-31": "3.12670", "2005-12-31": "3.33380"}, "Gross Margin": {"2019-12-31": "58.61210", "2018-12-31": "55.50710", "2017-12-31": "56.79780", "2016-12-31": "56.19630", "2015-12-31": "52.86560", "2014-12-31": "46.25990", "2013-12-31": "49.34510", "2012-12-31": "48.84060", "2011-12-31": "45.99420", "2010-12-31": "45.30470", "2009-12-31": "42.46580", "2008-12-31": "23.15260", "2007-12-31": "36.41300", "2006-12-31": "42.03400", "2005-12-31": "42.49020"}, "Operating Margin": {"2019-12-31": "18.10080", "2018-12-31": "16.90670", "2017-12-31": "20.32510", "2016-12-31": "19.62810", "2015-12-31": "18.24660", "2014-12-31": "16.04680", "2013-12-31": "17.39260", "2012-12-31": "16.04030", "2011-12-31": "15.42370", "2010-12-31": "15.20520", "2009-12-31": "11.24900", "2008-12-31": "11.66450", "2007-12-31": "0.01550", "2006-12-31": "-0.88150", "2005-12-31": "-5.86830"}, "EBIT Margin": {"2019-12-31": "18.10080", "2018-12-31": "16.90670", "2017-12-31": "20.32510", "2016-12-31": "19.62810", "2015-12-31": "18.24660", "2014-12-31": "16.04680", "2013-12-31": "17.39260", "2012-12-31": "16.04030", "2011-12-31": "15.42370", "2010-12-31": "15.20520", "2009-12-31": "11.24900", "2008-12-31": "11.66450", "2007-12-31": "0.01550", "2006-12-31": "-0.88150", "2005-12-31": "-5.86830"}, "EBITDA Margin": {"2019-12-31": "32.59310", "2018-12-31": "30.48160", "2017-12-31": "33.70800", "2016-12-31": "32.30190", "2015-12-31": "29.86370", "2014-12-31": "25.58850", "2013-12-31": "26.95710", "2012-12-31": "25.60370", "2011-12-31": "23.81980", "2010-12-31": "24.16050", "2009-12-31": "20.43510", "2008-12-31": "20.96370", "2007-12-31": "9.50240", "2006-12-31": "9.23930", "2005-12-31": "3.74210"}, "Pre-Tax Profit Margin": {"2019-12-31": "12.11100", "2018-12-31": "11.26150", "2017-12-31": "13.45890", "2016-12-31": "12.90830", "2015-12-31": "12.32960", "2014-12-31": "10.15460", "2013-12-31": "11.51390", "2012-12-31": "9.94720", "2011-12-31": "9.31880", "2010-12-31": "9.17290", "2009-12-31": "5.39890", "2008-12-31": "6.46390", "2007-12-31": "-4.91400", "2006-12-31": "-6.93760", "2005-12-31": "-13.02940"}, "Net Profit Margin": {"2019-12-31": "9.93430", "2018-12-31": "9.55910", "2017-12-31": "6.98770", "2016-12-31": "8.61070", "2015-12-31": "8.10100", "2014-12-31": "6.64440", "2013-12-31": "6.88390", "2012-12-31": "6.10910", "2011-12-31": "6.38170", "2010-12-31": "5.03730", "2009-12-31": "3.51330", "2008-12-31": "4.17220", "2007-12-31": "-3.62730", "2006-12-31": "-1.46910", "2005-12-31": "-1.59890"}, "Asset Turnover": {"2019-12-31": "0.25510", "2018-12-31": "0.28020", "2017-12-31": "0.28560", "2016-12-31": "0.29590", "2015-12-31": "0.31800", "2014-12-31": "0.37420", "2013-12-31": "0.37700", "2012-12-31": "0.36500", "2011-12-31": "0.39530", "2010-12-31": "0.41190", "2009-12-31": "0.40670", "2008-12-31": "0.45680", "2007-12-31": "0.45460", "2006-12-31": "0.39850", "2005-12-31": "0.36650"}, "Inventory Turnover Ratio": {"2019-12-31": "4.68260", "2018-12-31": "4.70460", "2017-12-31": "4.23210", "2016-12-31": "4.47760", "2015-12-31": "3.91130", "2014-12-31": "4.20260", "2013-12-31": "3.77530", "2012-12-31": "2.95110", "2011-12-31": "2.95870", "2010-12-31": "2.99400", "2009-12-31": "2.70660", "2008-12-31": "3.72310", "2007-12-31": "3.07500", "2006-12-31": "2.64610", "2005-12-31": "2.65180"}, "Receiveable Turnover": {"2019-12-31": "7.58030", "2018-12-31": "7.02760", "2017-12-31": "6.30560", "2016-12-31": "7.68190", "2015-12-31": "8.22420", "2014-12-31": "8.04820", "2013-12-31": "7.10610", "2012-12-31": "7.22890", "2011-12-31": "7.39820", "2010-12-31": "6.49040", "2009-12-31": "6.22990", "2008-12-31": "7.94280", "2007-12-31": "7.29750", "2006-12-31": "8.50830", "2005-12-31": "6.53950"}, "Days Sales In Receivables": {"2019-12-31": "48.15120", "2018-12-31": "51.93800", "2017-12-31": "57.88550", "2016-12-31": "47.51450", "2015-12-31": "44.38120", "2014-12-31": "45.35170", "2013-12-31": "51.36460", "2012-12-31": "50.49180", "2011-12-31": "49.33650", "2010-12-31": "56.23680", "2009-12-31": "58.58820", "2008-12-31": "45.95340", "2007-12-31": "50.01710", "2006-12-31": "42.89910", "2005-12-31": "55.81480"}, "ROE - Return On Equity": {"2019-12-31": "13.49160", "2018-12-31": "13.75210", "2017-12-31": "10.31710", "2016-12-31": "12.89040", "2015-12-31": "13.20760", "2014-12-31": "12.92150", "2013-12-31": "13.00490", "2012-12-31": "11.64300", "2011-12-31": "13.50910", "2010-12-31": "12.90100", "2009-12-31": "8.15120", "2008-12-31": "12.15670", "2007-12-31": "-5.63380", "2006-12-31": "-5.95340", "2005-12-31": "-6.07240"}, "Return On Tangible Equity": {"2019-12-31": "13.49160", "2018-12-31": "13.75210", "2017-12-31": "10.31710", "2016-12-31": "12.89040", "2015-12-31": "13.20760", "2014-12-31": "12.92150", "2013-12-31": "13.00490", "2012-12-31": "11.64300", "2011-12-31": "13.50910", "2010-12-31": "12.90100", "2009-12-31": "7.48810", "2008-12-31": "12.15670", "2007-12-31": "-5.63380", "2006-12-31": "-5.95340", "2005-12-31": "-6.14380"}, "ROA - Return On Assets": {"2019-12-31": "2.54130", "2018-12-31": "2.68660", "2017-12-31": "2.00430", "2016-12-31": "2.55760", "2015-12-31": "2.58630", "2014-12-31": "2.49670", "2013-12-31": "2.60680", "2012-12-31": "2.20070", "2011-12-31": "2.52250", "2010-12-31": "2.34380", "2009-12-31": "1.44210", "2008-12-31": "2.02000", "2007-12-31": "-0.84550", "2006-12-31": "-0.86530", "2005-12-31": "-0.87900"}, "ROI - Return On Investment": {"2019-12-31": "3.99250", "2018-12-31": "4.25820", "2017-12-31": "3.37420", "2016-12-31": "4.24080", "2015-12-31": "4.20240", "2014-12-31": "4.04360", "2013-12-31": "4.23110", "2012-12-31": "3.73230", "2011-12-31": "4.47250", "2010-12-31": "3.86360", "2009-12-31": "2.43630", "2008-12-31": "3.46100", "2007-12-31": "-1.51550", "2006-12-31": "-1.53690", "2005-12-31": "-1.46750"}, "Book Value Per Share": {"2019-12-31": "17.80560", "2018-12-31": "16.90900", "2017-12-31": "15.90200", "2016-12-31": "15.36530", "2015-12-31": "14.33980", "2014-12-31": "13.47020", "2013-12-31": "13.11910", "2012-12-31": "12.26050", "2011-12-31": "12.08970", "2010-12-31": "11.36620", "2009-12-31": "12.89160", "2008-12-31": "10.93640", "2007-12-31": "9.46250", "2006-12-31": "10.02690", "2005-12-31": "10.53060"}, "Operating Cash Flow Per Share": {"2019-12-31": 0.2764, "2018-12-31": -0.0521, "2017-12-31": 0.2311, "2016-12-31": -0.0905, "2015-12-31": 0.538, "2014-12-31": 0.1671, "2013-12-31": 0.6059, "2012-12-31": 0.1822, "2011-12-31": 0.6461, "2010-12-31": 0.2275, "2009-12-31": 1.2063, "2008-12-31": 2.2558, "2007-12-31": -3.0354, "2006-12-31": 0.3144, "2005-12-31": 2.8234}, "Free Cash Flow Per Share": {"2019-12-31": 0.2069, "2018-12-31": -1.4539, "2017-12-31": 0.2967, "2016-12-31": -0.4291, "2015-12-31": 0.6245, "2014-12-31": -0.7027, "2013-12-31": 0.301, "2012-12-31": -1.0375, "2011-12-31": 0.5439, "2010-12-31": 0.4196, "2009-12-31": 1.121, "2008-12-31": -2.6163, "2007-12-31": 1.8897, "2006-12-31": -0.5799, "2005-12-31": 0.3116}}, "financial ratios, quarterly": {"Current Ratio": {"2020-09-30": "0.83360", "2020-06-30": "1.13100", "2020-03-31": "0.95820", "2019-12-31": "0.86210", "2019-09-30": "1.06470", "2019-06-30": "0.94470", "2019-03-31": "1.12820", "2018-12-31": "0.94050", "2018-09-30": "0.68970", "2018-06-30": "0.90180", "2018-03-31": "0.88920", "2017-12-31": "0.88900", "2017-09-30": "0.93810", "2017-06-30": "1.04540", "2017-03-31": "1.15010", "2016-12-31": "0.85880", "2016-09-30": "1.06230", "2016-06-30": "0.97130", "2016-03-31": "0.92330", "2015-12-31": "1.00780", "2015-09-30": "1.18740", "2015-06-30": "1.39700", "2015-03-31": "1.56410", "2014-12-31": "1.33320", "2014-09-30": "1.65900", "2014-06-30": "1.57710", "2014-03-31": "1.64850", "2013-12-31": "1.29870", "2013-09-30": "1.64000", "2013-06-30": "1.37900", "2013-03-31": "1.53680", "2012-12-31": "1.34780", "2012-09-30": "1.58920", "2012-06-30": "1.22080", "2012-03-31": "1.24680", "2011-12-31": "1.09710", "2011-09-30": "1.29180", "2011-06-30": "1.31910", "2011-03-31": "1.19690", "2010-12-31": "1.36520", "2010-09-30": "1.34350", "2010-06-30": "1.50980", "2010-03-31": "1.65090", "2009-12-31": "1.40330", "2009-09-30": "1.45460", "2009-06-30": "1.73120", "2009-03-31": "2.07800", "2008-12-31": "1.51740", "2008-09-30": "1.50930", "2008-06-30": "1.40650", "2008-03-31": "1.29230", "2007-12-31": "1.16460", "2007-09-30": "1.50920", "2007-06-30": "1.68660", "2007-03-31": "1.47210", "2006-12-31": "1.45780", "2006-09-30": "1.92180", "2006-06-30": "2.02210", "2006-03-31": "2.03810", "2005-12-31": "1.83690", "2005-09-30": "1.81730", "2005-06-30": "2.03150", "2005-03-31": "1.90940"}, "Long-term Debt / Capital": {"2020-09-30": "0.69340", "2020-06-30": "0.71970", "2020-03-31": "0.70730", "2019-12-31": "0.70410", "2019-09-30": "0.70820", "2019-06-30": "0.69850", "2019-03-31": "0.69580", "2018-12-31": "0.69040", "2018-09-30": "0.65140", "2018-06-30": "0.66510", "2018-03-31": "0.66220", "2017-12-31": "0.67290", "2017-09-30": "0.66610", "2017-06-30": "0.67200", "2017-03-31": "0.67690", "2016-12-31": "0.67100", "2016-09-30": "0.67280", "2016-06-30": "0.67210", "2016-03-31": "0.66650", "2015-12-31": "0.68180", "2015-09-30": "0.67050", "2015-06-30": "0.67900", "2015-03-31": "0.68270", "2014-12-31": "0.68710", "2014-09-30": "0.68790", "2014-06-30": "0.67550", "2014-03-31": "0.67730", "2013-12-31": "0.67470", "2013-09-30": "0.67800", "2013-06-30": "0.67060", "2013-03-31": "0.67290", "2012-12-31": "0.67940", "2012-09-30": "0.67940", "2012-06-30": "0.66900", "2012-03-31": "0.67260", "2011-12-31": "0.66890", "2011-09-30": "0.66790", "2011-06-30": "0.67940", "2011-03-31": "0.67570", "2010-12-31": "0.70050", "2010-09-30": "0.68400", "2010-06-30": "0.68820", "2010-03-31": "0.70000", "2009-12-31": "0.67460", "2009-09-30": "0.69480", "2009-06-30": "0.71440", "2009-03-31": "0.72150", "2008-12-31": "0.71530", "2008-09-30": "0.71550", "2008-06-30": "0.71460", "2008-03-31": "0.72940", "2007-12-31": "0.73100", "2007-09-30": "0.71830", "2007-06-30": "0.72540", "2007-03-31": "0.74800", "2006-12-31": "0.74190", "2006-09-30": "0.75770", "2006-06-30": "0.75440", "2006-03-31": "0.75740", "2005-12-31": "0.75830", "2005-09-30": "0.75170", "2005-06-30": "0.73800", "2005-03-31": "0.76450"}, "Debt/Equity Ratio": {"2020-09-30": "2.56610", "2020-06-30": "2.89940", "2020-03-31": "2.74550", "2019-12-31": "2.62060", "2019-09-30": "2.64220", "2019-06-30": "2.53660", "2019-03-31": "2.46540", "2018-12-31": "2.45760", "2018-09-30": "2.33890", "2018-06-30": "2.24440", "2018-03-31": "2.23790", "2017-12-31": "2.34190", "2017-09-30": "2.25960", "2017-06-30": "2.23580", "2017-03-31": "2.27930", "2016-12-31": "2.33890", "2016-09-30": "2.30730", "2016-06-30": "2.26900", "2016-03-31": "2.22720", "2015-12-31": "2.38310", "2015-09-30": "2.23990", "2015-06-30": "2.24950", "2015-03-31": "2.29300", "2014-12-31": "2.35740", "2014-09-30": "2.39030", "2014-06-30": "2.20120", "2014-03-31": "2.28100", "2013-12-31": "2.28330", "2013-09-30": "2.26070", "2013-06-30": "2.26100", "2013-03-31": "2.27520", "2012-12-31": "2.32060", "2012-09-30": "2.27650", "2012-06-30": "2.22850", "2012-03-31": "2.32530", "2011-12-31": "2.36460", "2011-09-30": "2.38030", "2011-06-30": "2.49300", "2011-03-31": "2.51890", "2010-12-31": "2.60350", "2010-09-30": "2.52410", "2010-06-30": "2.44440", "2010-03-31": "2.59990", "2009-12-31": "2.32330", "2009-09-30": "2.54110", "2009-06-30": "2.73830", "2009-03-31": "2.71230", "2008-12-31": "2.72010", "2008-09-30": "2.78180", "2008-06-30": "2.72270", "2008-03-31": "3.08340", "2007-12-31": "3.05680", "2007-09-30": "2.98940", "2007-06-30": "3.08950", "2007-03-31": "3.31040", "2006-12-31": "3.12670", "2006-09-30": "3.26580", "2006-06-30": "3.14940", "2006-03-31": "3.26540", "2005-12-31": "3.33380", "2005-09-30": "3.23410", "2005-06-30": "2.96570", "2005-03-31": "3.47860"}, "Gross Margin": {"2020-09-30": "62.79370", "2020-06-30": "63.89470", "2020-03-31": "59.71030", "2019-12-31": "61.16990", "2019-09-30": "61.38420", "2019-06-30": "58.68510", "2019-03-31": "54.24960", "2018-12-31": "54.12790", "2018-09-30": "58.34900", "2018-06-30": "57.17160", "2018-03-31": "53.20020", "2017-12-31": "56.80540", "2017-09-30": "58.21870", "2017-06-30": "56.52170", "2017-03-31": "55.82290", "2016-12-31": "56.34150", "2016-09-30": "58.03400", "2016-06-30": "58.13280", "2016-03-31": "52.97060", "2015-12-31": "54.67200", "2015-09-30": "57.87350", "2015-06-30": "55.18520", "2015-03-31": "46.56560", "2014-12-31": "48.46420", "2014-09-30": "54.19580", "2014-06-30": "50.81740", "2014-03-31": "37.57430", "2013-12-31": "49.25120", "2013-09-30": "55.36330", "2013-06-30": "51.42250", "2013-03-31": "43.55740", "2012-12-31": "46.82640", "2012-09-30": "54.94360", "2012-06-30": "54.01350", "2012-03-31": "41.53760", "2011-12-31": "45.61730", "2011-09-30": "52.59560", "2011-06-30": "48.97360", "2011-03-31": "39.61070", "2010-12-31": "42.44950", "2010-09-30": "53.49970", "2010-06-30": "50.44780", "2010-03-31": "38.23080", "2009-12-31": "38.37570", "2009-09-30": "53.99840", "2009-06-30": "50.36740", "2009-03-31": "34.07800", "2008-12-31": "46.07840", "2008-09-30": "46.07840", "2008-06-30": "42.63740", "2008-03-31": "32.73810", "2007-12-31": "33.41360", "2007-09-30": "43.91580", "2007-06-30": "37.90750", "2007-03-31": "33.39430", "2006-12-31": "38.46610", "2006-09-30": "51.47520", "2006-06-30": "48.40030", "2006-03-31": "34.84770", "2005-12-31": "33.46690", "2005-09-30": "49.50270", "2005-06-30": "50.08130", "2005-03-31": "39.78320"}, "Operating Margin": {"2020-09-30": "23.42860", "2020-06-30": "18.91890", "2020-03-31": "19.74250", "2019-12-31": "17.32590", "2019-09-30": "22.70380", "2019-06-30": "15.08650", "2019-03-31": "17.43570", "2018-12-31": "13.66870", "2018-09-30": "18.38650", "2018-06-30": "17.09120", "2018-03-31": "18.58680", "2017-12-31": "21.31610", "2017-09-30": "21.61100", "2017-06-30": "16.63220", "2017-03-31": "21.21380", "2016-12-31": "17.07320", "2016-09-30": "23.62950", "2016-06-30": "20.05840", "2016-03-31": "18.10110", "2015-12-31": "17.23000", "2015-09-30": "21.33240", "2015-06-30": "15.11110", "2015-03-31": "18.80630", "2014-12-31": "15.52900", "2014-09-30": "16.50350", "2014-06-30": "16.00820", "2014-03-31": "16.17120", "2013-12-31": "15.20740", "2013-09-30": "21.93770", "2013-06-30": "16.50070", "2013-03-31": "16.62460", "2012-12-31": "12.69460", "2012-09-30": "22.76050", "2012-06-30": "19.50490", "2012-03-31": "10.78600", "2011-12-31": "10.74070", "2011-09-30": "21.58470", "2011-06-30": "15.17600", "2011-03-31": "14.89050", "2010-12-31": "9.39360", "2010-09-30": "22.10670", "2010-06-30": "19.55220", "2010-03-31": "12.15050", "2009-12-31": "6.69560", "2009-09-30": "18.21060", "2009-06-30": "12.24490", "2009-03-31": "9.98100", "2008-12-31": "14.84590", "2008-09-30": "14.49580", "2008-06-30": "11.42860", "2008-03-31": "11.63000", "2007-12-31": "-9.51230", "2007-09-30": "16.53670", "2007-06-30": "-0.75820", "2007-03-31": "-1.96440", "2006-12-31": "-0.83230", "2006-09-30": "-3.57140", "2006-06-30": "5.00410", "2006-03-31": "-2.83940", "2005-12-31": "", "2005-09-30": "-64.57540", "2005-06-30": "6.17890", "2005-03-31": "22.92680"}, "EBIT Margin": {"2020-09-30": "23.42860", "2020-06-30": "18.91890", "2020-03-31": "19.74250", "2019-12-31": "17.32590", "2019-09-30": "22.70380", "2019-06-30": "15.08650", "2019-03-31": "17.43570", "2018-12-31": "13.66870", "2018-09-30": "18.38650", "2018-06-30": "17.09120", "2018-03-31": "18.58680", "2017-12-31": "21.31610", "2017-09-30": "21.61100", "2017-06-30": "16.63220", "2017-03-31": "21.21380", "2016-12-31": "17.07320", "2016-09-30": "23.62950", "2016-06-30": "20.05840", "2016-03-31": "18.10110", "2015-12-31": "17.23000", "2015-09-30": "21.33240", "2015-06-30": "15.11110", "2015-03-31": "18.80630", "2014-12-31": "15.52900", "2014-09-30": "16.50350", "2014-06-30": "16.00820", "2014-03-31": "16.17120", "2013-12-31": "15.20740", "2013-09-30": "21.93770", "2013-06-30": "16.50070", "2013-03-31": "16.62460", "2012-12-31": "12.69460", "2012-09-30": "22.76050", "2012-06-30": "19.50490", "2012-03-31": "10.78600", "2011-12-31": "10.74070", "2011-09-30": "21.58470", "2011-06-30": "15.17600", "2011-03-31": "14.89050", "2010-12-31": "9.39360", "2010-09-30": "22.10670", "2010-06-30": "19.55220", "2010-03-31": "12.15050", "2009-12-31": "6.69560", "2009-09-30": "18.21060", "2009-06-30": "12.24490", "2009-03-31": "9.98100", "2008-12-31": "14.84590", "2008-09-30": "14.49580", "2008-06-30": "11.42860", "2008-03-31": "11.63000", "2007-12-31": "-9.51230", "2007-09-30": "16.53670", "2007-06-30": "-0.75820", "2007-03-31": "-1.96440", "2006-12-31": "-0.83230", "2006-09-30": "-3.57140", "2006-06-30": "5.00410", "2006-03-31": "-2.83940", "2005-12-31": "", "2005-09-30": "-64.57540", "2005-06-30": "6.17890", "2005-03-31": "22.92680"}, "EBITDA Margin": {"2020-09-30": "", "2020-06-30": "", "2020-03-31": "", "2019-12-31": "", "2019-09-30": "", "2019-06-30": "", "2019-03-31": "", "2018-12-31": "", "2018-09-30": "", "2018-06-30": "", "2018-03-31": "", "2017-12-31": "", "2017-09-30": "", "2017-06-30": "", "2017-03-31": "", "2016-12-31": "", "2016-09-30": "", "2016-06-30": "", "2016-03-31": "", "2015-12-31": "", "2015-09-30": "", "2015-06-30": "", "2015-03-31": "", "2014-12-31": "", "2014-09-30": "", "2014-06-30": "", "2014-03-31": "", "2013-12-31": "", "2013-09-30": "", "2013-06-30": "", "2013-03-31": "", "2012-12-31": "", "2012-09-30": "", "2012-06-30": "", "2012-03-31": "", "2011-12-31": "", "2011-09-30": "", "2011-06-30": "", "2011-03-31": "", "2010-12-31": "", "2010-09-30": "", "2010-06-30": "", "2010-03-31": "", "2009-12-31": "", "2009-09-30": "", "2009-06-30": "", "2009-03-31": "", "2008-12-31": "", "2008-09-30": "", "2008-06-30": "", "2008-03-31": "", "2007-12-31": "", "2007-09-30": "", "2007-06-30": "", "2007-03-31": "", "2006-12-31": "", "2006-09-30": "", "2006-06-30": "", "2006-03-31": "", "2005-12-31": "", "2005-09-30": "", "2005-06-30": "", "2005-03-31": ""}, "Pre-Tax Profit Margin": {"2020-09-30": "16.12700", "2020-06-30": "11.36520", "2020-03-31": "14.48500", "2019-12-31": "11.42060", "2019-09-30": "16.10610", "2019-06-30": "7.88930", "2019-03-31": "12.67610", "2018-12-31": "6.88900", "2018-09-30": "12.63290", "2018-06-30": "11.05900", "2018-03-31": "14.38810", "2017-12-31": "12.48590", "2017-09-30": "14.99670", "2017-06-30": "9.66180", "2017-03-31": "16.12900", "2016-12-31": "7.56100", "2016-09-30": "17.70640", "2016-06-30": "13.34790", "2016-03-31": "13.21490", "2015-12-31": "11.06690", "2015-09-30": "15.00670", "2015-06-30": "7.70370", "2015-03-31": "14.30600", "2014-12-31": "8.64620", "2014-09-30": "9.86010", "2014-06-30": "8.65120", "2014-03-31": "12.24730", "2013-12-31": "9.44700", "2013-09-30": "15.08650", "2013-06-30": "9.60170", "2013-03-31": "12.07680", "2012-12-31": "6.52690", "2012-09-30": "16.39020", "2012-06-30": "12.60320", "2012-03-31": "5.62250", "2011-12-31": "3.95060", "2011-09-30": "15.09560", "2011-06-30": "8.13780", "2011-03-31": "10.21900", "2010-12-31": "2.85370", "2010-09-30": "16.14690", "2010-06-30": "11.86570", "2010-03-31": "7.62580", "2009-12-31": "", "2009-09-30": "9.73870", "2009-06-30": "7.10200", "2009-03-31": "5.94110", "2008-12-31": "8.19330", "2008-09-30": "8.19330", "2008-06-30": "5.34800", "2008-03-31": "7.82970", "2007-12-31": "-15.71340", "2007-09-30": "10.45240", "2007-06-30": "-6.36850", "2007-03-31": "-4.84240", "2006-12-31": "-13.85260", "2006-09-30": "-8.92860", "2006-06-30": "-1.39460", "2006-03-31": "-3.09760", "2005-12-31": "-38.00940", "2005-09-30": "-32.74680", "2005-06-30": "0.40650", "2005-03-31": "12.24930"}, "Net Profit Margin": {"2020-09-30": "13.84130", "2020-06-30": "9.42480", "2020-03-31": "13.03650", "2019-12-31": "9.30360", "2019-09-30": "13.38940", "2019-06-30": "6.43600", "2019-03-31": "10.34480", "2018-12-31": "5.90490", "2018-09-30": "10.56910", "2018-06-30": "9.31640", "2018-03-31": "12.34000", "2017-12-31": "-0.16870", "2017-09-30": "11.26390", "2017-06-30": "6.34920", "2017-03-31": "10.88030", "2016-12-31": "4.69510", "2016-09-30": "11.72020", "2016-06-30": "9.04450", "2016-03-31": "9.10610", "2015-12-31": "7.02450", "2015-09-30": "9.95960", "2015-06-30": "4.96300", "2015-03-31": "9.56890", "2014-12-31": "5.46080", "2014-09-30": "6.57340", "2014-06-30": "5.65400", "2014-03-31": "8.08560", "2013-12-31": "5.87560", "2013-09-30": "8.71970", "2013-06-30": "5.68990", "2013-03-31": "7.27640", "2012-12-31": "4.01200", "2012-09-30": "9.82080", "2012-06-30": "7.50190", "2012-03-31": "3.84390", "2011-12-31": "2.53090", "2011-09-30": "9.49450", "2011-06-30": "7.33140", "2011-03-31": "6.56930", "2010-12-31": "1.48630", "2010-09-30": "9.28620", "2010-06-30": "5.97010", "2010-03-31": "4.32130", "2009-12-31": "0.37200", "2009-09-30": "5.30480", "2009-06-30": "6.12240", "2009-03-31": "3.32700", "2008-12-31": "5.46220", "2008-09-30": "5.46220", "2008-06-30": "3.22340", "2008-03-31": "4.67030", "2007-12-31": "-8.06740", "2007-09-30": "6.39630", "2007-06-30": "2.50190", "2007-03-31": "-9.82180", "2006-12-31": "-1.90250", "2006-09-30": "-7.99690", "2006-06-30": "5.90650", "2006-03-31": "-1.39390", "2005-12-31": "-0.40080", "2005-09-30": "-20.27540", "2005-06-30": "2.19510", "2005-03-31": "8.13010"}, "Asset Turnover": {"2020-09-30": "0.05380", "2020-06-30": "0.05050", "2020-03-31": "0.06790", "2019-12-31": "0.06690", "2019-09-30": "0.05940", "2019-06-30": "0.05710", "2019-03-31": "0.08300", "2018-12-31": "0.07460", "2018-09-30": "0.06690", "2018-06-30": "0.06400", "2018-03-31": "0.08540", "2017-12-31": "0.07710", "2017-09-30": "0.06900", "2017-06-30": "0.06630", "2017-03-31": "0.08460", "2016-12-31": "0.07580", "2016-09-30": "0.07610", "2016-06-30": "0.06700", "2016-03-31": "0.08990", "2015-12-31": "0.07430", "2015-09-30": "0.07640", "2015-06-30": "0.07020", "2015-03-31": "0.11000", "2014-12-31": "0.09160", "2014-09-30": "0.07780", "2014-06-30": "0.08280", "2014-03-31": "0.14080", "2013-12-31": "0.09970", "2013-09-30": "0.08510", "2013-06-30": "0.08070", "2013-03-31": "0.11460", "2012-12-31": "0.09750", "2012-09-30": "0.09070", "2012-06-30": "0.08180", "2012-03-31": "0.10790", "2011-12-31": "0.09850", "2011-09-30": "0.09170", "2011-06-30": "0.08550", "2011-03-31": "0.13140", "2010-12-31": "0.10770", "2010-09-30": "0.09270", "2010-06-30": "0.08900", "2010-03-31": "0.12920", "2009-12-31": "0.10570", "2009-09-30": "0.08490", "2009-06-30": "0.08020", "2009-03-31": "0.14020", "2008-12-31": "0.09580", "2008-09-30": "0.10140", "2008-06-30": "0.09830", "2008-03-31": "0.15330", "2007-12-31": "0.11700", "2007-09-30": "0.08960", "2007-06-30": "0.08980", "2007-03-31": "0.14330", "2006-12-31": "0.10940", "2006-09-30": "0.08600", "2006-06-30": "0.07780", "2006-03-31": "0.12460", "2005-12-31": "0.09330", "2005-09-30": "0.08110", "2005-06-30": "0.07470", "2005-03-31": "0.11390"}, "Inventory Turnover Ratio": {"2020-09-30": "0.91710", "2020-06-30": "1.02960", "2020-03-31": "1.73040", "2019-12-31": "1.15210", "2019-09-30": "0.85410", "2019-06-30": "1.08150", "2019-03-31": "2.13120", "2018-12-31": "1.29080", "2018-09-30": "0.89880", "2018-06-30": "1.12110", "2018-03-31": "2.05390", "2017-12-31": "1.14290", "2017-09-30": "0.81070", "2017-06-30": "1.08250", "2017-03-31": "1.90120", "2016-12-31": "1.14380", "2016-09-30": "0.90490", "2016-06-30": "1.00170", "2016-03-31": "1.70080", "2015-12-31": "0.87920", "2015-09-30": "0.72540", "2015-06-30": "0.88580", "2015-03-31": "2.08890", "2014-12-31": "0.98690", "2014-09-30": "0.62800", "2014-06-30": "0.93160", "2014-03-31": "2.93300", "2013-12-31": "1.00000", "2013-09-30": "0.59230", "2013-06-30": "0.82290", "2013-03-31": "1.75350", "2012-12-31": "0.81920", "2012-09-30": "0.53380", "2012-06-30": "0.58270", "2012-03-31": "1.14750", "2011-12-31": "0.74220", "2011-09-30": "0.54260", "2011-06-30": "0.71830", "2011-03-31": "1.74300", "2010-12-31": "0.82380", "2010-09-30": "0.48100", "2010-06-30": "0.61650", "2010-03-31": "1.43620", "2009-12-31": "0.75360", "2009-09-30": "0.38050", "2009-06-30": "0.53430", "2009-03-31": "1.65320", "2008-12-31": "0.54800", "2008-09-30": "0.44610", "2008-06-30": "0.65580", "2008-03-31": "1.81810", "2007-12-31": "0.82910", "2007-09-30": "0.47650", "2007-06-30": "0.72480", "2007-03-31": "1.76940", "2006-12-31": "0.77120", "2006-09-30": "0.41120", "2006-06-30": "0.53710", "2006-03-31": "1.40530", "2005-12-31": "0.78120", "2005-09-30": "0.47830", "2005-06-30": "0.66880", "2005-03-31": "1.81540"}, "Receiveable Turnover": {"2020-09-30": "2.35430", "2020-06-30": "1.90620", "2020-03-31": "2.05060", "2019-12-31": "1.98780", "2019-09-30": "2.35310", "2019-06-30": "1.89140", "2019-03-31": "2.03660", "2018-12-31": "1.87010", "2018-09-30": "2.20550", "2018-06-30": "2.06650", "2018-03-31": "1.92410", "2017-12-31": "1.70310", "2017-09-30": "2.37480", "2017-06-30": "2.13720", "2017-03-31": "2.32400", "2016-12-31": "1.96880", "2016-09-30": "2.45670", "2016-06-30": "2.22930", "2016-03-31": "2.43050", "2015-12-31": "1.92230", "2015-09-30": "2.24470", "2015-06-30": "1.98240", "2015-03-31": "2.29710", "2014-12-31": "1.97090", "2014-09-30": "2.06050", "2014-06-30": "1.91900", "2014-03-31": "2.42130", "2013-12-31": "1.87880", "2013-09-30": "2.02100", "2013-06-30": "1.85490", "2013-03-31": "2.07880", "2012-12-31": "1.93060", "2012-09-30": "2.17460", "2012-06-30": "1.96030", "2012-03-31": "2.29340", "2011-12-31": "1.84300", "2011-09-30": "2.09140", "2011-06-30": "1.87110", "2011-03-31": "2.18380", "2010-12-31": "1.69730", "2010-09-30": "1.98490", "2010-06-30": "1.83310", "2010-03-31": "2.20520", "2009-12-31": "1.61950", "2009-09-30": "1.87670", "2009-06-30": "1.74250", "2009-03-31": "2.12960", "2008-12-31": "1.66630", "2008-09-30": "2.22080", "2008-06-30": "2.10320", "2008-03-31": "2.36110", "2007-12-31": "1.87900", "2007-09-30": "2.01260", "2007-06-30": "1.62040", "2007-03-31": "1.82260", "2006-12-31": "2.33610", "2006-09-30": "2.30410", "2006-06-30": "1.42240", "2006-03-31": "1.78690", "2005-12-31": "1.66520", "2005-09-30": "2.03580", "2005-06-30": "1.89810", "2005-03-31": "2.08240"}, "Days Sales In Receivables": {"2020-09-30": "38.22860", "2020-06-30": "47.21410", "2020-03-31": "43.88950", "2019-12-31": "45.27580", "2019-09-30": "38.24710", "2019-06-30": "47.58480", "2019-03-31": "44.19140", "2018-12-31": "48.12470", "2018-09-30": "40.80680", "2018-06-30": "43.55230", "2018-03-31": "46.77420", "2017-12-31": "52.84590", "2017-09-30": "37.89780", "2017-06-30": "42.11180", "2017-03-31": "38.72610", "2016-12-31": "45.71340", "2016-09-30": "36.63520", "2016-06-30": "40.37200", "2016-03-31": "37.02940", "2015-12-31": "46.81910", "2015-09-30": "40.09420", "2015-06-30": "45.40000", "2015-03-31": "39.18050", "2014-12-31": "45.66550", "2014-09-30": "43.67830", "2014-06-30": "46.90050", "2014-03-31": "37.17000", "2013-12-31": "47.90320", "2013-09-30": "44.53290", "2013-06-30": "48.52060", "2013-03-31": "43.29460", "2012-12-31": "46.61680", "2012-09-30": "41.38690", "2012-06-30": "45.91150", "2012-03-31": "39.24270", "2011-12-31": "48.83330", "2011-09-30": "43.03280", "2011-06-30": "48.10120", "2011-03-31": "41.21170", "2010-12-31": "53.02620", "2010-09-30": "45.34300", "2010-06-30": "49.09700", "2010-03-31": "40.81340", "2009-12-31": "55.57350", "2009-09-30": "47.95720", "2009-06-30": "51.64900", "2009-03-31": "42.26240", "2008-12-31": "54.01260", "2008-09-30": "40.52520", "2008-06-30": "42.79120", "2008-03-31": "38.11810", "2007-12-31": "47.89890", "2007-09-30": "44.71920", "2007-06-30": "55.54210", "2007-03-31": "49.37870", "2006-12-31": "38.52560", "2006-09-30": "39.06060", "2006-06-30": "63.27320", "2006-03-31": "50.36660", "2005-12-31": "54.04810", "2005-09-30": "44.20810", "2005-06-30": "47.41460", "2005-03-31": "43.21950"}, "ROE - Return On Equity": {"2020-09-30": "3.56050", "2020-06-30": "2.60900", "2020-03-31": "4.65340", "2019-12-31": "3.32340", "2019-09-30": "4.14500", "2019-06-30": "1.92310", "2019-03-31": "4.35140", "2018-12-31": "2.27460", "2018-09-30": "3.53110", "2018-06-30": "2.97300", "2018-03-31": "5.20180", "2017-12-31": "-0.04470", "2017-09-30": "3.76200", "2017-06-30": "2.07310", "2017-03-31": "4.51550", "2016-12-31": "1.81820", "2016-09-30": "4.32960", "2016-06-30": "2.98120", "2016-03-31": "3.95560", "2015-12-31": "2.69180", "2015-09-30": "3.75730", "2015-06-30": "1.76390", "2015-03-31": "5.26180", "2014-12-31": "2.61670", "2014-09-30": "2.53570", "2014-06-30": "2.28140", "2014-03-31": "5.58140", "2013-12-31": "2.92180", "2013-09-30": "3.69940", "2013-06-30": "2.41070", "2013-03-31": "4.29850", "2012-12-31": "2.06920", "2012-09-30": "4.59880", "2012-06-30": "3.20130", "2012-03-31": "1.93990", "2011-12-31": "1.33460", "2011-09-30": "4.53510", "2011-06-30": "3.36440", "2011-03-31": "4.53770", "2010-12-31": "1.09270", "2010-09-30": "5.09420", "2010-06-30": "3.63110", "2010-03-31": "3.29390", "2009-12-31": "0.51870", "2009-09-30": "2.82840", "2009-06-30": "2.08890", "2009-03-31": "2.91940", "2008-12-31": "3.27140", "2008-09-30": "3.33470", "2008-06-30": "2.07450", "2008-03-31": "4.89800", "2007-12-31": "-5.44600", "2007-09-30": "3.69720", "2007-06-30": "-2.49770", "2007-03-31": "-1.56400", "2006-12-31": "-2.32770", "2006-09-30": "-4.92090", "2006-06-30": "2.63710", "2006-03-31": "-1.38770", "2005-12-31": "-2.58400", "2005-09-30": "-11.38040", "2005-06-30": "1.18390", "2005-03-31": "6.77970"}, "Return On Tangible Equity": {"2020-09-30": "3.56050", "2020-06-30": "2.60900", "2020-03-31": "4.65340", "2019-12-31": "3.32340", "2019-09-30": "4.14500", "2019-06-30": "1.92310", "2019-03-31": "4.35140", "2018-12-31": "2.27460", "2018-09-30": "3.53110", "2018-06-30": "2.97300", "2018-03-31": "5.20180", "2017-12-31": "-0.04470", "2017-09-30": "3.76200", "2017-06-30": "2.07310", "2017-03-31": "4.51550", "2016-12-31": "1.81820", "2016-09-30": "4.32960", "2016-06-30": "2.98120", "2016-03-31": "3.95560", "2015-12-31": "2.69180", "2015-09-30": "3.75730", "2015-06-30": "1.76390", "2015-03-31": "5.26180", "2014-12-31": "2.61670", "2014-09-30": "2.53570", "2014-06-30": "2.28140", "2014-03-31": "5.58140", "2013-12-31": "2.92180", "2013-09-30": "3.69940", "2013-06-30": "2.41070", "2013-03-31": "4.29850", "2012-12-31": "2.06920", "2012-09-30": "4.59880", "2012-06-30": "3.20130", "2012-03-31": "1.93990", "2011-12-31": "1.33460", "2011-09-30": "4.53510", "2011-06-30": "3.36440", "2011-03-31": "4.53770", "2010-12-31": "1.09270", "2010-09-30": "5.09420", "2010-06-30": "3.63110", "2010-03-31": "3.29390", "2009-12-31": "0.47650", "2009-09-30": "2.82840", "2009-06-30": "2.08890", "2009-03-31": "2.91940", "2008-12-31": "3.27140", "2008-09-30": "3.33470", "2008-06-30": "2.07450", "2008-03-31": "4.89800", "2007-12-31": "-5.44600", "2007-09-30": "3.69720", "2007-06-30": "-2.49770", "2007-03-31": "-1.58350", "2006-12-31": "-2.32770", "2006-09-30": "-4.98660", "2006-06-30": "2.67060", "2006-03-31": "-1.40600", "2005-12-31": "-2.61440", "2005-09-30": "-11.53000", "2005-06-30": "1.19660", "2005-03-31": "6.84680"}, "ROA - Return On Assets": {"2020-09-30": "0.71720", "2020-06-30": "0.47930", "2020-03-31": "0.88530", "2019-12-31": "0.62600", "2019-09-30": "0.79590", "2019-06-30": "0.37170", "2019-03-31": "0.85910", "2018-12-31": "0.44440", "2018-09-30": "0.70670", "2018-06-30": "0.60050", "2018-03-31": "1.05390", "2017-12-31": "-0.00870", "2017-09-30": "0.77760", "2017-06-30": "0.42530", "2017-03-31": "0.92030", "2016-12-31": "0.36070", "2016-09-30": "0.89240", "2016-06-30": "0.61090", "2016-03-31": "0.81850", "2015-12-31": "0.52710", "2015-09-30": "0.76080", "2015-06-30": "0.35350", "2015-03-31": "1.05220", "2014-12-31": "0.50560", "2014-09-30": "0.51140", "2014-06-30": "0.47410", "2014-03-31": "1.13810", "2013-12-31": "0.58570", "2013-09-30": "0.74770", "2013-06-30": "0.46470", "2013-03-31": "0.83390", "2012-12-31": "0.39110", "2012-09-30": "0.89720", "2012-06-30": "0.61990", "2012-03-31": "0.37130", "2011-12-31": "0.24920", "2011-09-30": "0.87730", "2011-06-30": "0.63340", "2011-03-31": "0.85030", "2010-12-31": "0.19850", "2010-09-30": "0.93760", "2010-06-30": "0.66440", "2010-03-31": "0.58450", "2009-12-31": "0.09180", "2009-09-30": "0.51060", "2009-06-30": "0.36000", "2009-03-31": "0.49990", "2008-12-31": "0.54360", "2008-09-30": "0.57540", "2008-06-30": "0.35280", "2008-03-31": "0.75830", "2007-12-31": "-0.81740", "2007-09-30": "0.58720", "2007-06-30": "-0.37440", "2007-03-31": "-0.21600", "2006-12-31": "-0.33830", "2006-09-30": "-0.74780", "2006-06-30": "0.40210", "2006-03-31": "-0.20580", "2005-12-31": "-0.37400", "2005-09-30": "-1.63200", "2005-06-30": "0.18220", "2005-03-31": "0.93820"}, "ROI - Return On Investment": {"2020-09-30": "1.09180", "2020-06-30": "0.73140", "2020-03-31": "1.36230", "2019-12-31": "0.98350", "2019-09-30": "1.20950", "2019-06-30": "0.57990", "2019-03-31": "1.32370", "2018-12-31": "0.70430", "2018-09-30": "1.23090", "2018-06-30": "0.99560", "2018-03-31": "1.75720", "2017-12-31": "-0.01460", "2017-09-30": "1.25610", "2017-06-30": "0.68000", "2017-03-31": "1.45890", "2016-12-31": "0.59820", "2016-09-30": "1.41680", "2016-06-30": "0.97740", "2016-03-31": "1.31940", "2015-12-31": "0.85650", "2015-09-30": "1.23820", "2015-06-30": "0.56630", "2015-03-31": "1.66960", "2014-12-31": "0.81880", "2014-09-30": "0.79140", "2014-06-30": "0.74020", "2014-03-31": "1.80120", "2013-12-31": "0.95060", "2013-09-30": "1.19110", "2013-06-30": "0.79420", "2013-03-31": "1.40630", "2012-12-31": "0.66330", "2012-09-30": "1.47440", "2012-06-30": "1.05950", "2012-03-31": "0.63510", "2011-12-31": "0.44190", "2011-09-30": "1.50620", "2011-06-30": "1.07870", "2011-03-31": "1.47140", "2010-12-31": "0.32720", "2010-09-30": "1.60990", "2010-06-30": "1.13210", "2010-03-31": "0.98810", "2009-12-31": "0.15500", "2009-09-30": "0.86330", "2009-06-30": "0.59650", "2009-03-31": "0.81290", "2008-12-31": "0.93140", "2008-09-30": "0.94880", "2008-06-30": "0.59210", "2008-03-31": "1.32550", "2007-12-31": "-1.46500", "2007-09-30": "1.04140", "2007-06-30": "-0.68590", "2007-03-31": "-0.39420", "2006-12-31": "-0.60090", "2006-09-30": "-1.19230", "2006-06-30": "0.64760", "2006-03-31": "-0.33660", "2005-12-31": "-0.62450", "2005-09-30": "-2.82520", "2005-06-30": "0.31020", "2005-03-31": "1.59650"}, "Book Value Per Share": {"2020-09-30": "20.60080", "2020-06-30": "18.34090", "2020-03-31": "18.24600", "2019-12-31": "17.80560", "2019-09-30": "17.59690", "2019-06-30": "17.22340", "2019-03-31": "17.25410", "2018-12-31": "16.90900", "2018-09-30": "16.89380", "2018-06-30": "16.62780", "2018-03-31": "16.40000", "2017-12-31": "15.90200", "2017-09-30": "16.23580", "2017-06-30": "15.93040", "2017-03-31": "15.73930", "2016-12-31": "15.36530", "2016-09-30": "15.39230", "2016-06-30": "15.01250", "2016-03-31": "14.84960", "2015-12-31": "14.33980", "2015-09-30": "14.21510", "2015-06-30": "13.93210", "2015-03-31": "13.90940", "2014-12-31": "13.47020", "2014-09-30": "13.47510", "2014-06-30": "13.38910", "2014-03-31": "13.61770", "2013-12-31": "13.11910", "2013-09-30": "12.90600", "2013-06-30": "12.63630", "2013-03-31": "12.60820", "2012-12-31": "12.26050", "2012-09-30": "12.27740", "2012-06-30": "11.96440", "2012-03-31": "12.01630", "2011-12-31": "12.08970", "2011-09-30": "12.25000", "2011-06-30": "11.92220", "2011-03-31": "11.68660", "2010-12-31": "11.36620", "2010-09-30": "12.48260", "2010-06-30": "12.06310", "2010-03-31": "11.85090", "2009-12-31": "12.89160", "2009-09-30": "11.80580", "2009-06-30": "11.59910", "2009-03-31": "11.32720", "2008-12-31": "10.93640", "2008-09-30": "10.74300", "2008-06-30": "10.47450", "2008-03-31": "9.78700", "2007-12-31": "9.46250", "2007-09-30": "10.09330", "2007-06-30": "9.80410", "2007-03-31": "9.41120", "2006-12-31": "10.02690", "2006-09-30": "10.23380", "2006-06-30": "10.78560", "2006-03-31": "10.43440", "2005-12-31": "10.53060", "2005-09-30": "10.50460", "2005-06-30": "11.56020", "2005-03-31": "11.46220"}, "Operating Cash Flow Per Share": {"2020-09-30": 1.2091, "2020-06-30": 2.0736, "2020-03-31": "0.70480", "2019-12-31": 1.3946, "2019-09-30": 0.7291, "2019-06-30": 1.9969, "2019-03-31": "2.17560", "2018-12-31": 0.4937, "2018-09-30": 0.5155, "2018-06-30": 2.5017, "2018-03-31": "2.50890", "2017-12-31": 1.8141, "2017-09-30": 0.2656, "2017-06-30": 1.6842, "2017-03-31": "2.30800", "2016-12-31": 1.396, "2016-09-30": 0.5028, "2016-06-30": 1.6678, "2016-03-31": "2.27420", "2015-12-31": 0.8031, "2015-09-30": 0.559, "2015-06-30": 1.8126, "2015-03-31": "2.75660", "2014-12-31": 1.8913, "2014-09-30": 0.0898, "2014-06-30": 1.1741, "2014-03-31": "2.23810", "2013-12-31": 1.1159, "2013-09-30": 0.0875, "2013-06-30": 1.3465, "2013-03-31": "2.67630", "2012-12-31": 1.1482, "2012-09-30": -0.0439, "2012-06-30": 1.1359, "2012-03-31": "2.38010", "2011-12-31": -0.0901, "2011-09-30": -0.1148, "2011-06-30": 1.4294, "2011-03-31": "3.21360", "2010-12-31": -0.1263, "2010-09-30": -0.3143, "2010-06-30": 1.5673, "2010-03-31": "2.66530", "2009-12-31": 0.9062, "2009-09-30": -0.7518, "2009-06-30": 0.8115, "2009-03-31": "2.59860", "2008-12-31": 1.5912, "2008-09-30": -1.9397, "2008-06-30": 0.7065, "2008-03-31": "1.99920", "2007-12-31": 0.579, "2007-09-30": -2.278, "2007-06-30": 0.3793, "2007-03-31": "1.42210", "2006-12-31": 1.1069, "2006-09-30": -0.1294, "2006-06-30": 1.3798, "2006-03-31": "0.78050", "2005-12-31": 0.2414, "2005-09-30": 0.485, "2005-06-30": 0.827, "2005-03-31": "1.27000"}, "Free Cash Flow Per Share": {"2020-09-30": -1.4039, "2020-06-30": 0.6054, "2020-03-31": "-1.12900", "2019-12-31": -0.4896, "2019-09-30": -1.3614, "2019-06-30": 0.267, "2019-03-31": "0.47950", "2018-12-31": -1.2867, "2018-09-30": -1.9497, "2018-06-30": 0.9115, "2018-03-31": "1.01350", "2017-12-31": 0.1745, "2017-09-30": -1.3627, "2017-06-30": 0.3268, "2017-03-31": "1.00390", "2016-12-31": -0.2151, "2016-09-30": -0.9559, "2016-06-30": 0.2072, "2016-03-31": "0.80960", "2015-12-31": -0.8735, "2015-09-30": -0.9769, "2015-06-30": 0.6309, "2015-03-31": "1.49440", "2014-12-31": 0.2438, "2014-09-30": -1.5912, "2014-06-30": -0.1267, "2014-03-31": "1.12450", "2013-12-31": -0.4484, "2013-09-30": -1.0905, "2013-06-30": 0.2272, "2013-03-31": "1.66480", "2012-12-31": -0.2193, "2012-09-30": -1.1007, "2012-06-30": 0.094, "2012-03-31": "1.27810", "2011-12-31": -1.0741, "2011-09-30": -0.9558, "2011-06-30": 0.6357, "2011-03-31": "2.48380", "2010-12-31": -0.9737, "2010-09-30": -1.0008, "2010-06-30": 0.6257, "2010-03-31": "1.89450", "2009-12-31": 0.0548, "2009-09-30": -1.6252, "2009-06-30": -0.1303, "2009-03-31": "1.82680", "2008-12-31": 0.3978, "2008-09-30": -2.6849, "2008-06-30": -0.0542, "2008-03-31": "1.34680", "2007-12-31": -2.2949, "2007-09-30": -2.939, "2007-06-30": 5.8214, "2007-03-31": "1.03390", "2006-12-31": -0.132, "2006-09-30": -0.9029, "2006-06-30": 0.5749, "2006-03-31": "0.19170", "2005-12-31": -0.5582, "2005-09-30": -0.2617, "2005-06-30": 0.482, "2005-03-31": "0.64950"}}, "revenue": {"CMS Energy Annual Revenue (Millions of US $)": {"2020": "$6,680", "2019": "$6,845", "2018": "$6,873", "2017": "$6,583", "2016": "$6,399", "2015": "$6,456", "2014": "$7,179", "2013": "$6,566", "2012": "$6,253", "2011": "$6,503", "2010": "$6,432", "2009": "$6,205", "2008": "$6,807", "2007": "$6,451", "2006": "$6,126", "2005": "$5,879"}, "CMS Energy Quarterly Revenue (Millions of US $)": {"2020-12-31": "$1,798", "2020-09-30": "$1,575", "2020-06-30": "$1,443", "2020-03-31": "$1,864", "2019-12-31": "$1,795", "2019-09-30": "$1,546", "2019-06-30": "$1,445", "2019-03-31": "$2,059", "2018-12-31": "$1,829", "2018-09-30": "$1,599", "2018-06-30": "$1,492", "2018-03-31": "$1,953", "2017-12-31": "$1,778", "2017-09-30": "$1,527", "2017-06-30": "$1,449", "2017-03-31": "$1,829", "2016-12-31": "$1,640", "2016-09-30": "$1,587", "2016-06-30": "$1,371", "2016-03-31": "$1,801", "2015-12-31": "$1,509", "2015-09-30": "$1,486", "2015-06-30": "$1,350", "2015-03-31": "$2,111", "2014-12-31": "$1,758", "2014-09-30": "$1,430", "2014-06-30": "$1,468", "2014-03-31": "$2,523", "2013-12-31": "$1,736", "2013-09-30": "$1,445", "2013-06-30": "$1,406", "2013-03-31": "$1,979", "2012-12-31": "$1,670", "2012-09-30": "$1,507", "2012-06-30": "$1,333", "2012-03-31": "$1,743", "2011-12-31": "$1,620", "2011-09-30": "$1,464", "2011-06-30": "$1,364", "2011-03-31": "$2,055", "2010-12-31": "$1,682", "2010-09-30": "$1,443", "2010-06-30": "$1,340", "2010-03-31": "$1,967", "2009-12-31": "$1,613", "2009-09-30": "$1,263", "2009-06-30": "$1,225", "2009-03-31": "$2,104", "2008-12-31": "$1,428", "2008-09-30": "$1,428", "2008-06-30": "$1,365", "2008-03-31": "$2,184", "2007-12-31": "$1,661", "2007-09-30": "$1,282", "2007-06-30": "$1,319", "2007-03-31": "$2,189", "2006-12-31": "$1,682", "2006-09-30": "$1,288", "2006-06-30": "$1,219", "2006-03-31": "$1,937", "2005-12-31": "$1,497", "2005-09-30": "$1,307", "2005-06-30": "$1,230", "2005-03-31": "$1,845"}}, "gross-profit": {"CMS Energy Annual Gross Profit (Millions of US $)": {"2020": "$6,680", "2019": "$4,012", "2018": "$3,815", "2017": "$3,739", "2016": "$3,596", "2015": "$3,413", "2014": "$3,321", "2013": "$3,240", "2012": "$3,054", "2011": "$2,991", "2010": "$2,914", "2009": "$2,635", "2008": "$1,576", "2007": "$2,349", "2006": "$2,575", "2005": "$2,498"}, "CMS Energy Quarterly Gross Profit (Millions of US $)": {"2020-12-31": "$1,798", "2020-09-30": "$989", "2020-06-30": "$922", "2020-03-31": "$1,113", "2019-12-31": "$1,098", "2019-09-30": "$949", "2019-06-30": "$848", "2019-03-31": "$1,117", "2018-12-31": "$990", "2018-09-30": "$933", "2018-06-30": "$853", "2018-03-31": "$1,039", "2017-12-31": "$1,010", "2017-09-30": "$889", "2017-06-30": "$819", "2017-03-31": "$1,021", "2016-12-31": "$924", "2016-09-30": "$921", "2016-06-30": "$797", "2016-03-31": "$954", "2015-12-31": "$825", "2015-09-30": "$860", "2015-06-30": "$745", "2015-03-31": "$983", "2014-12-31": "$852", "2014-09-30": "$775", "2014-06-30": "$746", "2014-03-31": "$948", "2013-12-31": "$855", "2013-09-30": "$800", "2013-06-30": "$723", "2013-03-31": "$862", "2012-12-31": "$782", "2012-09-30": "$828", "2012-06-30": "$720", "2012-03-31": "$724", "2011-12-31": "$739", "2011-09-30": "$770", "2011-06-30": "$668", "2011-03-31": "$814", "2010-12-31": "$714", "2010-09-30": "$772", "2010-06-30": "$676", "2010-03-31": "$752", "2009-12-31": "$619", "2009-09-30": "$682", "2009-06-30": "$617", "2009-03-31": "$717", "2008-12-31": "$658", "2008-09-30": "$658", "2008-06-30": "$582", "2008-03-31": "$715", "2007-12-31": "$555", "2007-09-30": "$563", "2007-06-30": "$500", "2007-03-31": "$731", "2006-12-31": "$647", "2006-09-30": "$663", "2006-06-30": "$590", "2006-03-31": "$675", "2005-12-31": "$501", "2005-09-30": "$647", "2005-06-30": "$616", "2005-03-31": "$734"}}, "operating-income": {"CMS Energy Annual Operating Income (Millions of US $)": {"2020": "$1,362", "2019": "$1,239", "2018": "$1,162", "2017": "$1,338", "2016": "$1,256", "2015": "$1,178", "2014": "$1,152", "2013": "$1,142", "2012": "$1,003", "2011": "$1,003", "2010": "$978", "2009": "$698", "2008": "$794", "2007": "$1", "2006": "$-54", "2005": "$-345"}, "CMS Energy Quarterly Operating Income (Millions of US $)": {"2020-12-31": "$352", "2020-09-30": "$369", "2020-06-30": "$273", "2020-03-31": "$368", "2019-12-31": "$311", "2019-09-30": "$351", "2019-06-30": "$218", "2019-03-31": "$359", "2018-12-31": "$250", "2018-09-30": "$294", "2018-06-30": "$255", "2018-03-31": "$363", "2017-12-31": "$379", "2017-09-30": "$330", "2017-06-30": "$241", "2017-03-31": "$388", "2016-12-31": "$280", "2016-09-30": "$375", "2016-06-30": "$275", "2016-03-31": "$326", "2015-12-31": "$260", "2015-09-30": "$317", "2015-06-30": "$204", "2015-03-31": "$397", "2014-12-31": "$273", "2014-09-30": "$236", "2014-06-30": "$235", "2014-03-31": "$408", "2013-12-31": "$264", "2013-09-30": "$317", "2013-06-30": "$232", "2013-03-31": "$329", "2012-12-31": "$212", "2012-09-30": "$343", "2012-06-30": "$260", "2012-03-31": "$188", "2011-12-31": "$174", "2011-09-30": "$316", "2011-06-30": "$207", "2011-03-31": "$306", "2010-12-31": "$158", "2010-09-30": "$319", "2010-06-30": "$262", "2010-03-31": "$239", "2009-12-31": "$108", "2009-09-30": "$230", "2009-06-30": "$150", "2009-03-31": "$210", "2008-12-31": "$212", "2008-09-30": "$207", "2008-06-30": "$156", "2008-03-31": "$254", "2007-12-31": "$-158", "2007-09-30": "$212", "2007-06-30": "$-10", "2007-03-31": "$-43", "2006-12-31": "$-14", "2006-09-30": "$-46", "2006-06-30": "$61", "2006-03-31": "$-55", "2005-12-31": "", "2005-09-30": "$-844", "2005-06-30": "$76", "2005-03-31": "$423"}}, "ebitda": {"CMS Energy Annual EBITDA (Millions of US $)": {"2019": "$2,231", "2018": "$2,095", "2017": "$2,219", "2016": "$2,067", "2015": "$1,928", "2014": "$1,837", "2013": "$1,770", "2012": "$1,601", "2011": "$1,549", "2010": "$1,554", "2009": "$1,268", "2008": "$1,427", "2007": "$613", "2006": "$566", "2005": "$220"}, "CMS Energy Quarterly EBITDA (Millions of US $)": {"2020-09-30": "$597", "2020-06-30": "$496", "2020-03-31": "$684", "2019-12-31": "$574", "2019-09-30": "$566", "2019-06-30": "$434", "2019-03-31": "$657", "2018-12-31": "$494", "2018-09-30": "$500", "2018-06-30": "$459", "2018-03-31": "$642", "2017-12-31": "$608", "2017-09-30": "$523", "2017-06-30": "$438", "2017-03-31": "$650", "2016-12-31": "$494", "2016-09-30": "$558", "2016-06-30": "$451", "2016-03-31": "$564", "2015-12-31": "$446", "2015-09-30": "$490", "2015-06-30": "$373", "2015-03-31": "$619", "2014-12-31": "$455", "2014-09-30": "$389", "2014-06-30": "$386", "2014-03-31": "$607", "2013-12-31": "$429", "2013-09-30": "$462", "2013-06-30": "$369", "2013-03-31": "$510", "2012-12-31": "$370", "2012-09-30": "$481", "2012-06-30": "$390", "2012-03-31": "$360", "2011-12-31": "$316", "2011-09-30": "$436", "2011-06-30": "$329", "2011-03-31": "$468", "2010-12-31": "$298", "2010-09-30": "$452", "2010-06-30": "$393", "2010-03-31": "$411", "2009-12-31": "$225", "2009-09-30": "$370", "2009-06-30": "$280", "2009-03-31": "$393", "2008-12-31": "$375", "2008-09-30": "$353", "2008-06-30": "$296", "2008-03-31": "$438", "2007-12-31": "$6", "2007-09-30": "$350", "2007-06-30": "$126", "2007-03-31": "$131", "2006-12-31": "$154", "2006-09-30": "$94", "2006-06-30": "$200", "2006-03-31": "$118", "2005-12-31": "$122", "2005-09-30": "$-710", "2005-06-30": "$214", "2005-03-31": "$594"}}, "net-income": {"CMS Energy Annual Net Income (Millions of US $)": {"2020": "$755", "2019": "$680", "2018": "$657", "2017": "$460", "2016": "$551", "2015": "$523", "2014": "$477", "2013": "$452", "2012": "$382", "2011": "$415", "2010": "$324", "2009": "$218", "2008": "$284", "2007": "$-234", "2006": "$-90", "2005": "$-94"}, "CMS Energy Quarterly Net Income (Millions of US $)": {"2020-12-31": "$158", "2020-09-30": "$218", "2020-06-30": "$136", "2020-03-31": "$243", "2019-12-31": "$167", "2019-09-30": "$207", "2019-06-30": "$93", "2019-03-31": "$213", "2018-12-31": "$108", "2018-09-30": "$169", "2018-06-30": "$139", "2018-03-31": "$241", "2017-12-31": "$-3", "2017-09-30": "$172", "2017-06-30": "$92", "2017-03-31": "$199", "2016-12-31": "$77", "2016-09-30": "$186", "2016-06-30": "$124", "2016-03-31": "$164", "2015-12-31": "$106", "2015-09-30": "$148", "2015-06-30": "$67", "2015-03-31": "$202", "2014-12-31": "$96", "2014-09-30": "$94", "2014-06-30": "$83", "2014-03-31": "$204", "2013-12-31": "$102", "2013-09-30": "$126", "2013-06-30": "$80", "2013-03-31": "$144", "2012-12-31": "$67", "2012-09-30": "$148", "2012-06-30": "$100", "2012-03-31": "$67", "2011-12-31": "$41", "2011-09-30": "$139", "2011-06-30": "$100", "2011-03-31": "$135", "2010-12-31": "$25", "2010-09-30": "$134", "2010-06-30": "$80", "2010-03-31": "$85", "2009-12-31": "$6", "2009-09-30": "$67", "2009-06-30": "$75", "2009-03-31": "$70", "2008-12-31": "$78", "2008-09-30": "$78", "2008-06-30": "$44", "2008-03-31": "$102", "2007-12-31": "$-134", "2007-09-30": "$82", "2007-06-30": "$33", "2007-03-31": "$-215", "2006-12-31": "$-32", "2006-09-30": "$-103", "2006-06-30": "$72", "2006-03-31": "$-27", "2005-12-31": "$-6", "2005-09-30": "$-265", "2005-06-30": "$27", "2005-03-31": "$150"}}, "eps-earnings-per-share-diluted": {"CMS Energy Annual EPS": {"2020": "$2.64", "2019": "$2.39", "2018": "$2.32", "2017": "$1.64", "2016": "$1.98", "2015": "$1.89", "2014": "$1.74", "2013": "$1.66", "2012": "$1.42", "2011": "$1.58", "2010": "$1.28", "2009": "$0.91", "2008": "$1.20", "2007": "$-1.04", "2006": "$-0.41", "2005": "$-0.44"}, "CMS Energy Quarterly EPS": {"2020-12-31": "$0.55", "2020-09-30": "$0.76", "2020-06-30": "$0.48", "2020-03-31": "$0.85", "2019-12-31": "$0.58", "2019-09-30": "$0.73", "2019-06-30": "$0.33", "2019-03-31": "$0.75", "2018-12-31": "$0.38", "2018-09-30": "$0.59", "2018-06-30": "$0.49", "2018-03-31": "$0.86", "2017-12-31": "$-0.01", "2017-09-30": "$0.61", "2017-06-30": "$0.33", "2017-03-31": "$0.71", "2016-12-31": "$0.27", "2016-09-30": "$0.67", "2016-06-30": "$0.45", "2016-03-31": "$0.59", "2015-12-31": "$0.38", "2015-09-30": "$0.53", "2015-06-30": "$0.25", "2015-03-31": "$0.73", "2014-12-31": "$0.35", "2014-09-30": "$0.34", "2014-06-30": "$0.30", "2014-03-31": "$0.75", "2013-12-31": "$0.38", "2013-09-30": "$0.46", "2013-06-30": "$0.29", "2013-03-31": "$0.53", "2012-12-31": "$0.25", "2012-09-30": "$0.55", "2012-06-30": "$0.37", "2012-03-31": "$0.25", "2011-12-31": "$0.15", "2011-09-30": "$0.53", "2011-06-30": "$0.38", "2011-03-31": "$0.52", "2010-12-31": "$0.09", "2010-09-30": "$0.53", "2010-06-30": "$0.32", "2010-03-31": "$0.34", "2009-12-31": "$0.01", "2009-09-30": "$0.28", "2009-06-30": "$0.32", "2009-03-31": "$0.30", "2008-12-31": "$0.33", "2008-09-30": "$0.33", "2008-06-30": "$0.18", "2008-03-31": "$0.43", "2007-12-31": "$-0.56", "2007-09-30": "$0.34", "2007-06-30": "$0.15", "2007-03-31": "$-0.97", "2006-12-31": "$-0.13", "2006-09-30": "$-0.47", "2006-06-30": "$0.31", "2006-03-31": "$-0.12", "2005-12-31": "$-0.09", "2005-09-30": "$-1.21", "2005-06-30": "$0.12", "2005-03-31": "$0.74"}}, "shares-outstanding": {"CMS Energy Annual Shares Outstanding (Millions of Shares)": {"2020": "286", "2019": "284", "2018": "283", "2017": "281", "2016": "279", "2015": "277", "2014": "275", "2013": "272", "2012": "269", "2011": "263", "2010": "253", "2009": "238", "2008": "236", "2007": "225", "2006": "220", "2005": "212"}, "CMS Energy Quarterly Shares Outstanding (Millions of Shares)": {"2020-12-31": "287", "2020-09-30": "287", "2020-06-30": "287", "2020-03-31": "285", "2019-12-31": "284", "2019-09-30": "285", "2019-06-30": "284", "2019-03-31": "284", "2018-12-31": "283", "2018-09-30": "283", "2018-06-30": "283", "2018-03-31": "282", "2017-12-31": "281", "2017-09-30": "282", "2017-06-30": "280", "2017-03-31": "280", "2016-12-31": "279", "2016-09-30": "279", "2016-06-30": "279", "2016-03-31": "278", "2015-12-31": "277", "2015-09-30": "277", "2015-06-30": "276", "2015-03-31": "276", "2014-12-31": "275", "2014-09-30": "275", "2014-06-30": "275", "2014-03-31": "273", "2013-12-31": "272", "2013-09-30": "272", "2013-06-30": "272", "2013-03-31": "271", "2012-12-31": "269", "2012-09-30": "269", "2012-06-30": "268", "2012-03-31": "267", "2011-12-31": "263", "2011-09-30": "264", "2011-06-30": "262", "2011-03-31": "262", "2010-12-31": "253", "2010-09-30": "255", "2010-06-30": "248", "2010-03-31": "247", "2009-12-31": "238", "2009-09-30": "239", "2009-06-30": "235", "2009-03-31": "233", "2008-12-31": "236", "2008-09-30": "236", "2008-06-30": "241", "2008-03-31": "238", "2007-12-31": "225", "2007-09-30": "241", "2007-06-30": "223", "2007-03-31": "222", "2006-12-31": "220", "2006-09-30": "220", "2006-06-30": "230", "2006-03-31": "219", "2005-12-31": "212", "2005-09-30": "220", "2005-06-30": "229", "2005-03-31": "206"}}, "total-assets": {"CMS Energy Annual Total Assets (Millions of US $)": {"2019": "$26,837", "2018": "$24,529", "2017": "$23,050", "2016": "$21,622", "2015": "$20,299", "2014": "$19,185", "2013": "$17,416", "2012": "$17,131", "2011": "$16,452", "2010": "$15,616", "2009": "$15,256", "2008": "$14,901", "2007": "$14,192", "2006": "$15,371", "2005": "$16,041"}, "CMS Energy Quarterly Total Assets (Millions of US $)": {"2020-09-30": "$29,280", "2020-06-30": "$28,581", "2020-03-31": "$27,447", "2019-12-31": "$26,837", "2019-09-30": "$26,009", "2019-06-30": "$25,292", "2019-03-31": "$24,793", "2018-12-31": "$24,529", "2018-09-30": "$23,913", "2018-06-30": "$23,312", "2018-03-31": "$22,868", "2017-12-31": "$23,050", "2017-09-30": "$22,120", "2017-06-30": "$21,867", "2017-03-31": "$21,623", "2016-12-31": "$21,622", "2016-09-30": "$20,842", "2016-06-30": "$20,463", "2016-03-31": "$20,037", "2015-12-31": "$20,299", "2015-09-30": "$19,452", "2015-06-30": "$19,238", "2015-03-31": "$19,198", "2014-12-31": "$19,185", "2014-09-30": "$18,381", "2014-06-30": "$17,719", "2014-03-31": "$17,924", "2013-12-31": "$17,416", "2013-09-30": "$16,986", "2013-06-30": "$17,429", "2013-03-31": "$17,269", "2012-12-31": "$17,131", "2012-09-30": "$16,608", "2012-06-30": "$16,293", "2012-03-31": "$16,160", "2011-12-31": "$16,452", "2011-09-30": "$15,958", "2011-06-30": "$15,945", "2011-03-31": "$15,642", "2010-12-31": "$15,616", "2010-09-30": "$15,571", "2010-06-30": "$15,051", "2010-03-31": "$15,226", "2009-12-31": "$15,256", "2009-09-30": "$14,883", "2009-06-30": "$15,277", "2009-03-31": "$15,002", "2008-12-31": "$14,901", "2008-09-30": "$14,077", "2008-06-30": "$13,890", "2008-03-31": "$14,242", "2007-12-31": "$14,192", "2007-09-30": "$14,304", "2007-06-30": "$14,690", "2007-03-31": "$15,277", "2006-12-31": "$15,371", "2006-09-30": "$14,978", "2006-06-30": "$15,666", "2006-03-31": "$15,550", "2005-12-31": "$16,041", "2005-09-30": "$16,115", "2005-06-30": "$16,461", "2005-03-31": "$16,201"}}, "cash-on-hand": {"CMS Energy Annual Cash on Hand (Millions of US $)": {"2019": "$157", "2018": "$174", "2017": "$199", "2016": "$254", "2015": "$285", "2014": "$244", "2013": "$204", "2012": "$122", "2011": "$188", "2010": "$270", "2009": "$122", "2008": "$242", "2007": "$382", "2006": "$320", "2005": "$1,045"}, "CMS Energy Quarterly Cash on Hand (Millions of US $)": {"2020-09-30": "$558", "2020-06-30": "$1,604", "2020-03-31": "$861", "2019-12-31": "$157", "2019-09-30": "$432", "2019-06-30": "$334", "2019-03-31": "$267", "2018-12-31": "$174", "2018-09-30": "$365", "2018-06-30": "$494", "2018-03-31": "$221", "2017-12-31": "$199", "2017-09-30": "$169", "2017-06-30": "$435", "2017-03-31": "$463", "2016-12-31": "$254", "2016-09-30": "$367", "2016-06-30": "$403", "2016-03-31": "$205", "2015-12-31": "$285", "2015-09-30": "$202", "2015-06-30": "$517", "2015-03-31": "$571", "2014-12-31": "$244", "2014-09-30": "$530", "2014-06-30": "$389", "2014-03-31": "$789", "2013-12-31": "$204", "2013-09-30": "$292", "2013-06-30": "$566", "2013-03-31": "$615", "2012-12-31": "$122", "2012-09-30": "$159", "2012-06-30": "$215", "2012-03-31": "$387", "2011-12-31": "$188", "2011-09-30": "$652", "2011-06-30": "$1,023", "2011-03-31": "$831", "2010-12-31": "$270", "2010-09-30": "$719", "2010-06-30": "$558", "2010-03-31": "$778", "2009-12-31": "$122", "2009-09-30": "$213", "2009-06-30": "$1,056", "2009-03-31": "$862", "2008-12-31": "$242", "2008-09-30": "$193", "2008-06-30": "$555", "2008-03-31": "$964", "2007-12-31": "$382", "2007-09-30": "$1,293", "2007-06-30": "$1,944", "2007-03-31": "$642", "2006-12-31": "$320", "2006-09-30": "$529", "2006-06-30": "$918", "2006-03-31": "$824", "2005-12-31": "$1,045", "2005-09-30": "$989", "2005-06-30": "$1,080", "2005-03-31": "$985"}}, "long-term-debt": {"CMS Energy Annual Long Term Debt (Millions of US $)": {"2019": "$12,027", "2018": "$10,684", "2017": "$9,214", "2016": "$8,750", "2015": "$8,518", "2014": "$8,139", "2013": "$7,239", "2012": "$6,863", "2011": "$6,207", "2010": "$6,636", "2009": "$6,092", "2008": "$6,221", "2007": "$5,788", "2006": "$6,420", "2005": "$7,286"}, "CMS Energy Quarterly Long Term Debt (Millions of US $)": {"2020-09-30": "$13,336", "2020-06-30": "$13,481", "2020-03-31": "$12,616", "2019-12-31": "$12,027", "2019-09-30": "$12,121", "2019-06-30": "$11,322", "2019-03-31": "$11,196", "2018-12-31": "$10,684", "2018-09-30": "$8,944", "2018-06-30": "$9,353", "2018-03-31": "$9,082", "2017-12-31": "$9,214", "2017-09-30": "$9,121", "2017-06-30": "$9,190", "2017-03-31": "$9,233", "2016-12-31": "$8,750", "2016-09-30": "$8,832", "2016-06-30": "$8,596", "2016-03-31": "$8,284", "2015-12-31": "$8,518", "2015-09-30": "$8,014", "2015-06-30": "$8,153", "2015-03-31": "$8,260", "2014-12-31": "$8,139", "2014-09-30": "$8,171", "2014-06-30": "$7,666", "2014-03-31": "$7,671", "2013-12-31": "$7,239", "2013-09-30": "$7,229", "2013-06-30": "$6,839", "2013-03-31": "$6,890", "2012-12-31": "$6,863", "2012-09-30": "$6,866", "2012-06-30": "$6,378", "2012-03-31": "$6,355", "2011-12-31": "$6,207", "2011-09-30": "$6,208", "2011-06-30": "$6,361", "2011-03-31": "$6,108", "2010-12-31": "$6,636", "2010-09-30": "$6,203", "2010-06-30": "$6,079", "2010-03-31": "$6,305", "2009-12-31": "$6,092", "2009-09-30": "$6,116", "2009-06-30": "$6,587", "2009-03-31": "$6,657", "2008-12-31": "$6,221", "2008-09-30": "$6,108", "2008-06-30": "$5,914", "2008-03-31": "$5,943", "2007-12-31": "$5,788", "2007-09-30": "$5,794", "2007-06-30": "$5,817", "2007-03-31": "$6,262", "2006-12-31": "$6,420", "2006-09-30": "$7,118", "2006-06-30": "$7,339", "2006-03-31": "$7,201", "2005-12-31": "$7,286", "2005-09-30": "$6,998", "2005-06-30": "$7,138", "2005-03-31": "$7,279"}}, "total-liabilities": {"CMS Energy Annual Total Liabilities (Millions of US $)": {"2019": "$21,782", "2018": "$19,737", "2017": "$18,572", "2016": "$17,332", "2015": "$16,324", "2014": "$15,478", "2013": "$13,925", "2012": "$13,893", "2011": "$13,380", "2010": "$12,779", "2009": "$12,318", "2008": "$12,425", "2007": "$12,062", "2006": "$13,137", "2005": "$13,719"}, "CMS Energy Quarterly Total Liabilities (Millions of US $)": {"2020-09-30": "$23,382", "2020-06-30": "$23,330", "2020-03-31": "$22,225", "2019-12-31": "$21,782", "2019-09-30": "$21,015", "2019-06-30": "$20,404", "2019-03-31": "$19,898", "2018-12-31": "$19,737", "2018-09-30": "$19,127", "2018-06-30": "$18,603", "2018-03-31": "$18,235", "2017-12-31": "$18,572", "2017-09-30": "$17,548", "2017-06-30": "$17,381", "2017-03-31": "$17,216", "2016-12-31": "$17,332", "2016-09-30": "$16,546", "2016-06-30": "$16,270", "2016-03-31": "$15,891", "2015-12-31": "$16,324", "2015-09-30": "$15,513", "2015-06-30": "$15,383", "2015-03-31": "$15,359", "2014-12-31": "$15,478", "2014-09-30": "$14,674", "2014-06-30": "$14,037", "2014-03-31": "$14,269", "2013-12-31": "$13,925", "2013-09-30": "$13,553", "2013-06-30": "$14,069", "2013-03-31": "$13,919", "2012-12-31": "$13,893", "2012-09-30": "$13,368", "2012-06-30": "$13,138", "2012-03-31": "$13,067", "2011-12-31": "$13,380", "2011-09-30": "$12,871", "2011-06-30": "$12,943", "2011-03-31": "$12,711", "2010-12-31": "$12,779", "2010-09-30": "$12,705", "2010-06-30": "$12,297", "2010-03-31": "$12,524", "2009-12-31": "$12,318", "2009-09-30": "$12,196", "2009-06-30": "$12,644", "2009-03-31": "$12,433", "2008-12-31": "$12,425", "2008-09-30": "$11,648", "2008-06-30": "$11,528", "2008-03-31": "$12,037", "2007-12-31": "$12,062", "2007-09-30": "$12,032", "2007-06-30": "$12,488", "2007-03-31": "$13,167", "2006-12-31": "$13,137", "2006-09-30": "$12,702", "2006-06-30": "$13,277", "2006-03-31": "$13,244", "2005-12-31": "$13,719", "2005-09-30": "$13,804", "2005-06-30": "$13,927", "2005-03-31": "$13,959"}}, "total-share-holder-equity": {"CMS Energy Annual Share Holder Equity (Millions of US $)": {"2019": "$5,055", "2018": "$4,792", "2017": "$4,478", "2016": "$4,290", "2015": "$3,975", "2014": "$3,707", "2013": "$3,491", "2012": "$3,238", "2011": "$3,072", "2010": "$2,837", "2009": "$2,938", "2008": "$2,476", "2007": "$2,130", "2006": "$2,234", "2005": "$2,322"}, "CMS Energy Quarterly Share Holder Equity (Millions of US $)": {"2020-09-30": "$5,898", "2020-06-30": "$5,251", "2020-03-31": "$5,222", "2019-12-31": "$5,055", "2019-09-30": "$4,994", "2019-06-30": "$4,888", "2019-03-31": "$4,895", "2018-12-31": "$4,792", "2018-09-30": "$4,786", "2018-06-30": "$4,709", "2018-03-31": "$4,633", "2017-12-31": "$4,478", "2017-09-30": "$4,572", "2017-06-30": "$4,486", "2017-03-31": "$4,407", "2016-12-31": "$4,290", "2016-09-30": "$4,296", "2016-06-30": "$4,193", "2016-03-31": "$4,146", "2015-12-31": "$3,975", "2015-09-30": "$3,939", "2015-06-30": "$3,855", "2015-03-31": "$3,839", "2014-12-31": "$3,707", "2014-09-30": "$3,707", "2014-06-30": "$3,682", "2014-03-31": "$3,655", "2013-12-31": "$3,491", "2013-09-30": "$3,433", "2013-06-30": "$3,360", "2013-03-31": "$3,350", "2012-12-31": "$3,238", "2012-09-30": "$3,240", "2012-06-30": "$3,155", "2012-03-31": "$3,093", "2011-12-31": "$3,072", "2011-09-30": "$3,087", "2011-06-30": "$3,002", "2011-03-31": "$2,931", "2010-12-31": "$2,837", "2010-09-30": "$2,866", "2010-06-30": "$2,754", "2010-03-31": "$2,702", "2009-12-31": "$2,938", "2009-09-30": "$2,687", "2009-06-30": "$2,633", "2009-03-31": "$2,569", "2008-12-31": "$2,476", "2008-09-30": "$2,429", "2008-06-30": "$2,362", "2008-03-31": "$2,205", "2007-12-31": "$2,130", "2007-09-30": "$2,272", "2007-06-30": "$2,202", "2007-03-31": "$2,110", "2006-12-31": "$2,234", "2006-09-30": "$2,276", "2006-06-30": "$2,389", "2006-03-31": "$2,306", "2005-12-31": "$2,322", "2005-09-30": "$2,311", "2005-06-30": "$2,534", "2005-03-31": "$2,242"}}, "profit-margins": {"current": "11.3%"}, "gross margin": {"2020-12-31": "72.19%", "2020-09-30": "61.73%", "2020-06-30": "61.40%", "2020-03-31": "60.27%", "2019-12-31": "58.61%", "2019-09-30": "56.75%", "2019-06-30": "56.09%", "2019-03-31": "55.78%", "2018-12-31": "55.51%", "2018-09-30": "56.22%", "2018-06-30": "56.16%", "2018-03-31": "56.02%", "2017-12-31": "56.80%", "2017-09-30": "56.68%", "2017-06-30": "56.65%", "2017-03-31": "56.99%", "2016-12-31": "56.20%", "2016-09-30": "55.79%", "2016-06-30": "55.72%", "2016-03-31": "55.06%", "2015-12-31": "52.87%", "2015-09-30": "51.30%", "2015-06-30": "50.46%", "2015-03-31": "49.59%", "2014-12-31": "46.26%", "2014-09-30": "46.44%", "2014-06-30": "46.70%", "2014-03-31": "46.78%", "2013-12-31": "49.35%", "2013-09-30": "48.72%", "2013-06-30": "48.69%", "2013-03-31": "49.19%", "2012-12-31": "48.84%", "2012-09-30": "48.54%", "2012-06-30": "47.94%", "2012-03-31": "46.86%", "2011-12-31": "45.99%", "2011-09-30": "45.18%", "2011-06-30": "45.35%", "2011-03-31": "45.64%", "2010-12-31": "45.30%", "2010-09-30": "44.30%", "2010-06-30": "44.14%", "2010-03-31": "44.00%", "2009-12-31": "42.47%", "2009-09-30": "44.42%", "2009-06-30": "42.85%", "2009-03-31": "41.34%", "2008-12-31": "40.80%", "2008-09-30": "37.81%", "2008-06-30": "37.20%", "2008-03-31": "36.19%", "2007-12-31": "36.41%", "2007-09-30": "37.72%", "2007-06-30": "39.23%", "2007-03-31": "41.25%", "2006-12-31": "42.03%", "2006-09-30": "40.89%", "2006-06-30": "40.49%", "2006-03-31": "40.85%", "2005-12-31": "42.49%"}, "operating margin": {"2020-12-31": "20.39%", "2020-09-30": "19.78%", "2020-06-30": "19.60%", "2020-03-31": "18.77%", "2019-12-31": "18.10%", "2019-09-30": "17.12%", "2019-06-30": "16.17%", "2019-03-31": "16.59%", "2018-12-31": "16.91%", "2018-09-30": "18.92%", "2018-06-30": "19.66%", "2018-03-31": "19.58%", "2017-12-31": "20.33%", "2017-09-30": "19.22%", "2017-06-30": "19.74%", "2017-03-31": "20.51%", "2016-12-31": "19.63%", "2016-09-30": "19.72%", "2016-06-30": "19.10%", "2016-03-31": "18.01%", "2015-12-31": "18.25%", "2015-09-30": "17.76%", "2015-06-30": "16.69%", "2015-03-31": "16.86%", "2014-12-31": "16.05%", "2014-09-30": "15.97%", "2014-06-30": "17.07%", "2014-03-31": "17.17%", "2013-12-31": "17.39%", "2013-09-30": "16.77%", "2013-06-30": "17.01%", "2013-03-31": "17.63%", "2012-12-31": "16.04%", "2012-09-30": "15.56%", "2012-06-30": "15.23%", "2012-03-31": "14.29%", "2011-12-31": "15.42%", "2011-09-30": "15.03%", "2011-06-30": "15.13%", "2011-03-31": "16.03%", "2010-12-31": "15.21%", "2010-09-30": "14.58%", "2010-06-30": "13.57%", "2010-03-31": "11.98%", "2009-12-31": "11.25%", "2009-09-30": "13.32%", "2009-06-30": "12.59%", "2009-03-31": "12.41%", "2008-12-31": "12.94%", "2008-09-30": "6.91%", "2008-06-30": "7.15%", "2008-03-31": "4.62%", "2007-12-31": "0.02%", "2007-09-30": "2.24%", "2007-06-30": "-1.74%", "2007-03-31": "-0.66%", "2006-12-31": "-0.88%", "2006-09-30": "-0.67%", "2006-06-30": "-14.06%", "2006-03-31": "-13.78%", "2005-12-31": "-5.87%"}, "ebitda margin": {"2020-09-30": "35.21%", "2020-06-30": "34.90%", "2020-03-31": "33.95%", "2019-12-31": "32.59%", "2019-09-30": "31.27%", "2019-06-30": "30.08%", "2019-03-31": "30.23%", "2018-12-31": "30.48%", "2018-09-30": "32.38%", "2018-06-30": "33.07%", "2018-03-31": "32.97%", "2017-12-31": "33.71%", "2017-09-30": "32.66%", "2017-06-30": "32.90%", "2017-03-31": "33.50%", "2016-12-31": "32.30%", "2016-09-30": "32.21%", "2016-06-30": "31.64%", "2016-03-31": "30.48%", "2015-12-31": "29.86%", "2015-09-30": "28.89%", "2015-06-30": "27.61%", "2015-03-31": "27.32%", "2014-12-31": "25.59%", "2014-09-30": "25.30%", "2014-06-30": "26.27%", "2014-03-31": "26.26%", "2013-12-31": "26.96%", "2013-09-30": "26.32%", "2013-06-30": "26.36%", "2013-03-31": "26.98%", "2012-12-31": "25.60%", "2012-09-30": "24.94%", "2012-06-30": "24.38%", "2012-03-31": "23.28%", "2011-12-31": "23.82%", "2011-09-30": "23.32%", "2011-06-30": "23.64%", "2011-03-31": "24.71%", "2010-12-31": "24.16%", "2010-09-30": "23.28%", "2010-06-30": "22.63%", "2010-03-31": "21.19%", "2009-12-31": "20.44%", "2009-09-30": "23.55%", "2009-06-30": "22.65%", "2009-03-31": "22.40%", "2008-12-31": "22.83%", "2008-09-30": "16.47%", "2008-06-30": "16.79%", "2008-03-31": "14.27%", "2007-12-31": "9.50%", "2007-09-30": "11.76%", "2007-06-30": "7.80%", "2007-03-31": "9.08%", "2006-12-31": "9.24%", "2006-09-30": "8.99%", "2006-06-30": "-4.53%", "2006-03-31": "-4.29%", "2005-12-31": "3.74%"}, "pre tax profit margin": {"2020-12-31": "13.25%", "2020-09-30": "13.37%", "2020-06-30": "13.36%", "2020-03-31": "12.60%", "2019-12-31": "12.11%", "2019-09-30": "10.90%", "2019-06-30": "10.14%", "2019-03-31": "10.80%", "2018-12-31": "11.26%", "2018-09-30": "12.75%", "2018-06-30": "13.29%", "2018-03-31": "13.00%", "2017-12-31": "13.46%", "2017-09-30": "12.23%", "2017-06-30": "12.91%", "2017-03-31": "13.74%", "2016-12-31": "12.91%", "2016-09-30": "13.86%", "2016-06-30": "13.15%", "2016-03-31": "11.91%", "2015-12-31": "12.33%", "2015-09-30": "11.65%", "2015-06-30": "10.51%", "2015-03-31": "10.67%", "2014-12-31": "10.15%", "2014-09-30": "10.35%", "2014-06-30": "11.41%", "2014-03-31": "11.62%", "2013-12-31": "11.51%", "2013-09-30": "10.78%", "2013-06-30": "11.12%", "2013-03-31": "11.76%", "2012-12-31": "9.95%", "2012-09-30": "9.30%", "2012-06-30": "8.94%", "2012-03-31": "7.98%", "2011-12-31": "9.32%", "2011-09-30": "8.99%", "2011-06-30": "9.20%", "2011-03-31": "9.97%", "2010-12-31": "9.17%", "2010-09-30": "8.52%", "2010-06-30": "6.99%", "2010-03-31": "5.93%", "2009-12-31": "5.40%", "2009-09-30": "7.51%", "2009-06-30": "7.21%", "2009-03-31": "6.83%", "2008-12-31": "7.46%", "2008-09-30": "1.51%", "2008-06-30": "1.80%", "2008-03-31": "-0.62%", "2007-12-31": "-4.91%", "2007-09-30": "-4.47%", "2007-06-30": "-8.31%", "2007-03-31": "-7.38%", "2006-12-31": "-6.94%", "2006-09-30": "-12.81%", "2006-06-30": "-18.02%", "2006-03-31": "-17.62%", "2005-12-31": "-13.03%"}, "net profit margin": {"2020-12-31": "11.30%", "2020-09-30": "11.44%", "2020-06-30": "11.33%", "2020-03-31": "10.68%", "2019-12-31": "9.93%", "2019-09-30": "9.03%", "2019-06-30": "8.41%", "2019-03-31": "9.01%", "2018-12-31": "9.56%", "2018-09-30": "8.00%", "2018-06-30": "8.13%", "2018-03-31": "7.48%", "2017-12-31": "6.99%", "2017-09-30": "8.38%", "2017-06-30": "8.52%", "2017-03-31": "9.12%", "2016-12-31": "8.61%", "2016-09-30": "9.25%", "2016-06-30": "8.79%", "2016-03-31": "7.89%", "2015-12-31": "8.10%", "2015-09-30": "7.65%", "2015-06-30": "6.90%", "2015-03-31": "7.02%", "2014-12-31": "6.64%", "2014-09-30": "6.75%", "2014-06-30": "7.18%", "2014-03-31": "7.20%", "2013-12-31": "6.88%", "2013-09-30": "6.42%", "2013-06-30": "6.69%", "2013-03-31": "7.07%", "2012-12-31": "6.11%", "2012-09-30": "5.74%", "2012-06-30": "5.63%", "2012-03-31": "5.60%", "2011-12-31": "6.38%", "2011-09-30": "6.08%", "2011-06-30": "6.02%", "2011-03-31": "5.74%", "2010-12-31": "5.04%", "2010-09-30": "4.79%", "2010-06-30": "3.85%", "2010-03-31": "3.84%", "2009-12-31": "3.51%", "2009-09-30": "4.82%", "2009-06-30": "4.87%", "2009-03-31": "4.27%", "2008-12-31": "4.72%", "2008-09-30": "1.36%", "2008-06-30": "1.45%", "2008-03-31": "1.29%", "2007-12-31": "-3.63%", "2007-09-30": "-2.04%", "2007-06-30": "-4.89%", "2007-03-31": "-4.36%", "2006-12-31": "-1.47%", "2006-09-30": "-1.08%", "2006-06-30": "-3.79%", "2006-03-31": "-4.54%", "2005-12-31": "-1.60%"}, "pe ratio": {"current": "21.11", "2021-02-11": "27.07", "2020-12-31": "28.97", "2020-09-30": "22.60", "2020-06-30": "21.60", "2020-03-31": "22.85", "2019-12-31": "25.31", "2019-09-30": "28.06", "2019-06-30": "26.97", "2019-03-31": "23.82", "2018-12-31": "20.14", "2018-09-30": "23.72", "2018-06-30": "22.48", "2018-03-31": "23.28", "2017-12-31": "26.32", "2017-09-30": "21.76", "2017-06-30": "20.92", "2017-03-31": "18.94", "2016-12-31": "18.54", "2016-09-30": "17.68", "2016-06-30": "20.55", "2016-03-31": "21.03", "2015-12-31": "16.42", "2015-09-30": "16.21", "2015-06-30": "16.13", "2015-03-31": "17.03", "2014-12-31": "16.62", "2014-09-30": "13.91", "2014-06-30": "13.56", "2014-03-31": "12.70", "2013-12-31": "13.02", "2013-09-30": "13.68", "2013-06-30": "13.22", "2013-03-31": "12.84", "2012-12-31": "13.29", "2012-09-30": "13.67", "2012-06-30": "13.71", "2012-03-31": "12.61", "2011-12-31": "10.38", "2011-09-30": "9.57", "2011-06-30": "9.41", "2011-03-31": "9.67", "2010-12-31": "10.34", "2010-09-30": "10.48", "2010-06-30": "10.31", "2010-03-31": "10.78", "2009-12-31": "11.27", "2009-09-30": "7.56", "2009-06-30": "6.58", "2009-03-31": "7.14", "2008-12-31": "5.35", "2008-09-30": "20.29", "2008-06-30": "24.08", "2008-03-31": "24.17", "2007-12-31": "0.00", "2007-09-30": "0.00", "2007-06-30": "0.00", "2007-03-31": "0.00", "2006-12-31": "0.00"}, "price sales": {"2021-02-11": "2.43", "2020-12-31": "2.60", "2020-09-30": "2.59", "2020-06-30": "2.45", "2020-03-31": "2.44", "2019-12-31": "2.52", "2019-09-30": "2.53", "2019-06-30": "2.26", "2019-03-31": "2.14", "2018-12-31": "1.92", "2018-09-30": "1.89", "2018-06-30": "1.83", "2018-03-31": "1.75", "2017-12-31": "1.84", "2017-09-30": "1.83", "2017-06-30": "1.79", "2017-03-31": "1.74", "2016-12-31": "1.61", "2016-09-30": "1.64", "2016-06-30": "1.80", "2016-03-31": "1.66", "2015-12-31": "1.33", "2015-09-30": "1.24", "2015-06-30": "1.12", "2015-03-31": "1.19", "2014-12-31": "1.10", "2014-09-30": "0.94", "2014-06-30": "0.97", "2014-03-31": "0.91", "2013-12-31": "0.89", "2013-09-30": "0.87", "2013-06-30": "0.88", "2013-03-31": "0.91", "2012-12-31": "0.81", "2012-09-30": "0.78", "2012-06-30": "0.77", "2012-03-31": "0.70", "2011-12-31": "0.66", "2011-09-30": "0.58", "2011-06-30": "0.56", "2011-03-31": "0.55", "2010-12-31": "0.51", "2010-09-30": "0.49", "2010-06-30": "0.40", "2010-03-31": "0.42", "2009-12-31": "0.41", "2009-09-30": "0.35", "2009-06-30": "0.31", "2009-03-31": "0.29", "2008-12-31": "0.25", "2008-09-30": "0.29", "2008-06-30": "0.35", "2008-03-31": "0.31", "2007-12-31": "0.39", "2007-09-30": "0.37", "2007-06-30": "0.37", "2007-03-31": "0.39", "2006-12-31": "0.38"}, "price book": {"current": "2.67", "2021-02-11": "2.75", "2020-09-30": "2.94", "2020-06-30": "3.12", "2020-03-31": "3.13", "2019-12-31": "3.41", "2019-09-30": "3.49", "2019-06-30": "3.21", "2019-03-31": "3.05", "2018-12-31": "2.76", "2018-09-30": "2.71", "2018-06-30": "2.64", "2018-03-31": "2.54", "2017-12-31": "2.71", "2017-09-30": "2.59", "2017-06-30": "2.61", "2017-03-31": "2.54", "2016-12-31": "2.40", "2016-09-30": "2.40", "2016-06-30": "2.67", "2016-03-31": "2.48", "2015-12-31": "2.16", "2015-09-30": "2.12", "2015-06-30": "1.93", "2015-03-31": "2.11", "2014-12-31": "2.15", "2014-09-30": "1.82", "2014-06-30": "1.90", "2014-03-31": "1.74", "2013-12-31": "1.64", "2013-09-30": "1.62", "2013-06-30": "1.69", "2013-03-31": "1.73", "2012-12-31": "1.54", "2012-09-30": "1.47", "2012-06-30": "1.49", "2012-03-31": "1.37", "2011-12-31": "1.36", "2011-09-30": "1.19", "2011-06-30": "1.20", "2011-03-31": "1.21", "2010-12-31": "1.16", "2010-09-30": "1.02", "2010-06-30": "0.85", "2010-03-31": "0.90", "2009-12-31": "0.83", "2009-09-30": "0.77", "2009-06-30": "0.70", "2009-03-31": "0.69", "2008-12-31": "0.61", "2008-09-30": "0.76", "2008-06-30": "0.92", "2008-03-31": "0.89", "2007-12-31": "1.17", "2007-09-30": "1.06", "2007-06-30": "1.11", "2007-03-31": "1.20", "2006-12-31": "1.05", "2006-09-30": "0.89", "2006-06-30": "0.76", "2006-03-31": "0.78"}, "price fcf": {"2021-02-11": "", "2020-09-30": "$-2.42", "2020-06-30": "$-2.37", "2020-03-31": "$-2.71", "2019-12-31": "$-1.10", "2019-09-30": "$-1.90", "2019-06-30": "$-2.49", "2019-03-31": "$-1.85", "2018-12-31": "$-1.31", "2018-09-30": "$0.15", "2018-06-30": "$0.74", "2018-03-31": "$0.15", "2017-12-31": "$0.14", "2017-09-30": "$-0.25", "2017-06-30": "$0.16", "2017-03-31": "$0.04", "2016-12-31": "$-0.15", "2016-09-30": "$-0.81", "2016-06-30": "$-0.83", "2016-03-31": "$-0.41", "2015-12-31": "$0.27", "2015-09-30": "$1.39", "2015-06-30": "$0.78", "2015-03-31": "$0.02", "2014-12-31": "$-0.35", "2014-09-30": "$-1.04", "2014-06-30": "$-0.54", "2014-03-31": "$-0.19", "2013-12-31": "$0.35", "2013-09-30": "$0.58", "2013-06-30": "$0.57", "2013-03-31": "$0.44", "2012-12-31": "$0.05", "2012-09-30": "$-0.80", "2012-06-30": "$-0.66", "2012-03-31": "$-0.12", "2011-12-31": "$1.09", "2011-09-30": "$1.19", "2011-06-30": "$1.15", "2011-03-31": "$1.14", "2010-12-31": "$0.55", "2010-09-30": "$1.57", "2010-06-30": "$0.95", "2010-03-31": "$0.19", "2009-12-31": "$0.13", "2009-09-30": "$0.47", "2009-06-30": "$-0.59", "2009-03-31": "$-0.51", "2008-12-31": "$-0.99", "2008-09-30": "$-3.69", "2008-06-30": "$-3.94", "2008-03-31": "$1.93", "2007-12-31": "$1.62", "2007-09-30": "$3.78", "2007-06-30": "$5.82", "2007-03-31": "$0.57", "2006-12-31": "$-0.27"}, "net worth": {"value": "$16.2B"}, "current ratio": {"2020-12-31": "1.53", "2020-09-30": "0.83", "2020-06-30": "1.13", "2020-03-31": "0.96", "2019-12-31": "0.86", "2019-09-30": "1.07", "2019-06-30": "0.95", "2019-03-31": "1.13", "2018-12-31": "0.94", "2018-09-30": "0.69", "2018-06-30": "0.90", "2018-03-31": "0.89", "2017-12-31": "0.89", "2017-09-30": "0.94", "2017-06-30": "1.05", "2017-03-31": "1.15", "2016-12-31": "0.86", "2016-09-30": "1.06", "2016-06-30": "0.97", "2016-03-31": "0.92", "2015-12-31": "1.01", "2015-09-30": "1.19", "2015-06-30": "1.40", "2015-03-31": "1.56", "2014-12-31": "1.33", "2014-09-30": "1.66", "2014-06-30": "1.58", "2014-03-31": "1.65", "2013-12-31": "1.30", "2013-09-30": "1.64", "2013-06-30": "1.38", "2013-03-31": "1.54", "2012-12-31": "1.35", "2012-09-30": "1.59", "2012-06-30": "1.22", "2012-03-31": "1.25", "2011-12-31": "1.10", "2011-09-30": "1.29", "2011-06-30": "1.32", "2011-03-31": "1.20", "2010-12-31": "1.37", "2010-09-30": "1.34", "2010-06-30": "1.51", "2010-03-31": "1.65", "2009-12-31": "1.40", "2009-09-30": "1.46", "2009-06-30": "1.73", "2009-03-31": "2.08", "2008-12-31": "1.52", "2008-09-30": "1.51", "2008-06-30": "1.41", "2008-03-31": "1.29", "2007-12-31": "1.17", "2007-09-30": "1.51", "2007-06-30": "1.69", "2007-03-31": "1.47", "2006-12-31": "1.46", "2006-09-30": "1.92", "2006-06-30": "2.02", "2006-03-31": "2.04", "2005-12-31": "1.84", "2005-09-30": "1.82", "2005-06-30": "2.03", "2005-03-31": "1.91"}, "quick ratio": {"2020-12-31": "0.00", "2020-09-30": "0.62", "2020-06-30": "0.97", "2020-03-31": "0.81", "2019-12-31": "0.64", "2019-09-30": "0.74", "2019-06-30": "0.71", "2019-03-31": "0.92", "2018-12-31": "0.69", "2018-09-30": "0.47", "2018-06-30": "0.68", "2018-03-31": "0.71", "2017-12-31": "0.65", "2017-09-30": "0.59", "2017-06-30": "0.77", "2017-03-31": "0.93", "2016-12-31": "0.62", "2016-09-30": "0.71", "2016-06-30": "0.70", "2016-03-31": "0.68", "2015-12-31": "0.67", "2015-09-30": "0.71", "2015-06-30": "0.98", "2015-03-31": "1.23", "2014-12-31": "0.86", "2014-09-30": "1.03", "2014-06-30": "1.08", "2014-03-31": "1.35", "2013-12-31": "0.85", "2013-09-30": "0.90", "2013-06-30": "0.92", "2013-03-31": "1.15", "2012-12-31": "0.75", "2012-09-30": "0.73", "2012-06-30": "0.64", "2012-03-31": "0.76", "2011-12-31": "0.59", "2011-09-30": "0.71", "2011-06-30": "0.89", "2011-03-31": "0.89", "2010-12-31": "0.78", "2010-09-30": "0.74", "2010-06-30": "0.89", "2010-03-31": "1.15", "2009-12-31": "0.73", "2009-09-30": "0.62", "2009-06-30": "1.11", "2009-03-31": "1.49", "2008-12-31": "0.76", "2008-09-30": "0.59", "2008-06-30": "0.77", "2008-03-31": "0.93", "2007-12-31": "0.63", "2007-09-30": "0.89", "2007-06-30": "1.23", "2007-03-31": "1.10", "2006-12-31": "0.84", "2006-09-30": "0.96", "2006-06-30": "1.32", "2006-03-31": "1.49", "2005-12-31": "1.24", "2005-09-30": "1.18", "2005-06-30": "1.47", "2005-03-31": "1.54"}, "debt equity ratio": {"current": "2.50", "2020-12-31": "3.88", "2020-09-30": "3.96", "2020-06-30": "4.44", "2020-03-31": "4.26", "2019-12-31": "4.31", "2019-09-30": "4.21", "2019-06-30": "4.17", "2019-03-31": "4.07", "2018-12-31": "4.12", "2018-09-30": "4.00", "2018-06-30": "3.95", "2018-03-31": "3.94", "2017-12-31": "4.15", "2017-09-30": "3.84", "2017-06-30": "3.87", "2017-03-31": "3.91", "2016-12-31": "4.04", "2016-09-30": "3.85", "2016-06-30": "3.88", "2016-03-31": "3.83", "2015-12-31": "4.11", "2015-09-30": "3.94", "2015-06-30": "3.99", "2015-03-31": "4.00", "2014-12-31": "4.18", "2014-09-30": "3.96", "2014-06-30": "3.81", "2014-03-31": "3.90", "2013-12-31": "3.99", "2013-09-30": "3.95", "2013-06-30": "4.19", "2013-03-31": "4.16", "2012-12-31": "4.29", "2012-09-30": "4.13", "2012-06-30": "4.16", "2012-03-31": "4.23", "2011-12-31": "4.36", "2011-09-30": "4.17", "2011-06-30": "4.31", "2011-03-31": "4.34", "2010-12-31": "4.50", "2010-09-30": "4.43", "2010-06-30": "4.47", "2010-03-31": "4.64", "2009-12-31": "4.19", "2009-09-30": "4.54", "2009-06-30": "4.80", "2009-03-31": "4.84", "2008-12-31": "5.02", "2008-09-30": "4.80", "2008-06-30": "4.88", "2008-03-31": "5.46", "2007-12-31": "5.66", "2007-09-30": "5.30", "2007-06-30": "5.67", "2007-03-31": "6.24", "2006-12-31": "5.88", "2006-09-30": "5.58", "2006-06-30": "5.56", "2006-03-31": "5.74", "2005-12-31": "5.91", "2005-09-30": "5.97", "2005-06-30": "5.50", "2005-03-31": "6.23"}, "return on equity": {"2020-12-31": "13.45%", "2020-09-30": "14.26%", "2020-06-30": "14.68%", "2020-03-31": "14.09%", "2019-12-31": "13.72%", "2019-09-30": "12.69%", "2019-06-30": "12.04%", "2019-03-31": "13.12%", "2018-12-31": "13.89%", "2018-09-30": "11.74%", "2018-06-30": "11.94%", "2018-03-31": "11.05%", "2017-12-31": "10.25%", "2017-09-30": "12.17%", "2017-06-30": "12.68%", "2017-03-31": "13.64%", "2016-12-31": "13.02%", "2016-09-30": "13.97%", "2016-06-30": "13.34%", "2016-03-31": "12.19%", "2015-12-31": "13.40%", "2015-09-30": "13.38%", "2015-06-30": "12.15%", "2015-03-31": "12.72%", "2014-12-31": "12.93%", "2014-09-30": "13.29%", "2014-06-30": "14.44%", "2014-03-31": "14.69%", "2013-12-31": "13.26%", "2013-09-30": "12.47%", "2013-06-30": "13.32%", "2013-03-31": "14.14%", "2012-12-31": "12.01%", "2012-09-30": "11.34%", "2012-06-30": "11.19%", "2012-03-31": "11.33%", "2011-12-31": "13.73%", "2011-09-30": "13.46%", "2011-06-30": "13.54%", "2011-03-31": "13.14%", "2010-12-31": "11.61%", "2010-09-30": "10.83%", "2010-06-30": "8.59%", "2010-03-31": "8.50%", "2009-12-31": "8.05%", "2009-09-30": "11.19%", "2009-06-30": "11.91%", "2009-03-31": "10.98%", "2008-12-31": "12.75%", "2008-09-30": "3.94%", "2008-06-30": "4.19%", "2008-03-31": "3.77%", "2007-12-31": "-10.74%", "2007-09-30": "-5.99%", "2007-06-30": "-14.37%", "2007-03-31": "-12.34%", "2006-12-31": "-3.91%", "2006-09-30": "-2.75%", "2006-06-30": "-9.69%", "2006-03-31": "-11.44%", "2005-12-31": "-4.00%"}, "return on assets": {"2020-12-31": "2.63%", "2020-09-30": "2.73%", "2020-06-30": "2.77%", "2020-03-31": "2.69%", "2019-12-31": "2.64%", "2019-09-30": "2.47%", "2019-06-30": "2.37%", "2019-03-31": "2.61%", "2018-12-31": "2.78%", "2018-09-30": "2.34%", "2018-06-30": "2.40%", "2018-03-31": "2.23%", "2017-12-31": "2.08%", "2017-09-30": "2.48%", "2017-06-30": "2.58%", "2017-03-31": "2.77%", "2016-12-31": "2.66%", "2016-09-30": "2.84%", "2016-06-30": "2.70%", "2016-03-31": "2.45%", "2015-12-31": "2.68%", "2015-09-30": "2.66%", "2015-06-30": "2.42%", "2015-03-31": "2.55%", "2014-12-31": "2.61%", "2014-09-30": "2.70%", "2014-06-30": "2.94%", "2014-03-31": "2.94%", "2013-12-31": "2.62%", "2013-09-30": "2.42%", "2013-06-30": "2.57%", "2013-03-31": "2.73%", "2012-12-31": "2.31%", "2012-09-30": "2.17%", "2012-06-30": "2.14%", "2012-03-31": "2.15%", "2011-12-31": "2.59%", "2011-09-30": "2.53%", "2011-06-30": "2.51%", "2011-03-31": "2.42%", "2010-12-31": "2.11%", "2010-09-30": "2.00%", "2010-06-30": "1.58%", "2010-03-31": "1.54%", "2009-12-31": "1.44%", "2009-09-30": "1.93%", "2009-06-30": "2.03%", "2009-03-31": "1.87%", "2008-12-31": "2.12%", "2008-09-30": "0.64%", "2008-06-30": "0.66%", "2008-03-31": "0.58%", "2007-12-31": "-1.60%", "2007-09-30": "-0.89%", "2007-06-30": "-2.10%", "2007-03-31": "-1.81%", "2006-12-31": "-0.58%", "2006-09-30": "-0.41%", "2006-06-30": "-1.43%", "2006-03-31": "-1.69%", "2005-12-31": "-0.58%"}, "return on investments": {"2020-12-31": "7.07%", "2020-09-30": "7.25%", "2020-06-30": "7.37%", "2020-03-31": "7.31%", "2019-12-31": "7.45%", "2019-09-30": "7.26%", "2019-06-30": "7.29%", "2019-03-31": "7.80%", "2018-12-31": "8.16%", "2018-09-30": "9.36%", "2018-06-30": "9.62%", "2018-03-31": "9.59%", "2017-12-31": "9.78%", "2017-09-30": "9.17%", "2017-06-30": "9.60%", "2017-03-31": "10.02%", "2016-12-31": "9.78%", "2016-09-30": "9.72%", "2016-06-30": "9.49%", "2016-03-31": "9.06%", "2015-12-31": "9.70%", "2015-09-30": "9.94%", "2015-06-30": "9.28%", "2015-03-31": "9.68%", "2014-12-31": "9.93%", "2014-09-30": "10.10%", "2014-06-30": "11.11%", "2014-03-31": "11.38%", "2013-12-31": "10.92%", "2013-09-30": "10.58%", "2013-06-30": "10.98%", "2013-03-31": "11.45%", "2012-12-31": "10.24%", "2012-09-30": "10.06%", "2012-06-30": "9.99%", "2012-03-31": "9.47%", "2011-12-31": "10.85%", "2011-09-30": "10.62%", "2011-06-30": "10.72%", "2011-03-31": "11.48%", "2010-12-31": "10.75%", "2010-09-30": "10.33%", "2010-06-30": "9.41%", "2010-03-31": "8.06%", "2009-12-31": "7.70%", "2009-09-30": "8.92%", "2009-06-30": "8.73%", "2009-03-31": "9.04%", "2008-12-31": "9.85%", "2008-09-30": "5.58%", "2008-06-30": "5.73%", "2008-03-31": "3.71%", "2007-12-31": "0.01%", "2007-09-30": "1.75%", "2007-06-30": "-1.31%", "2007-03-31": "-0.46%", "2006-12-31": "-0.58%", "2006-06-30": "-8.79%", "2006-03-31": "-8.64%"}, "return on tangible equity": {"2020-09-30": "14.26%", "2020-06-30": "14.68%", "2020-03-31": "14.09%", "2019-12-31": "13.72%", "2019-09-30": "12.69%", "2019-06-30": "12.04%", "2019-03-31": "13.12%", "2018-12-31": "13.89%", "2018-09-30": "11.74%", "2018-06-30": "11.94%", "2018-03-31": "11.05%", "2017-12-31": "10.25%", "2017-09-30": "12.17%", "2017-06-30": "12.68%", "2017-03-31": "13.64%", "2016-12-31": "13.02%", "2016-09-30": "13.97%", "2016-06-30": "13.34%", "2016-03-31": "12.19%", "2015-12-31": "13.40%", "2015-09-30": "13.38%", "2015-06-30": "12.15%", "2015-03-31": "12.72%", "2014-12-31": "12.93%", "2014-09-30": "13.29%", "2014-06-30": "14.44%", "2014-03-31": "14.69%", "2013-12-31": "13.26%", "2013-09-30": "12.47%", "2013-06-30": "13.32%", "2013-03-31": "14.14%", "2012-12-31": "12.01%", "2012-09-30": "11.34%", "2012-06-30": "11.19%", "2012-03-31": "11.33%", "2011-12-31": "13.73%", "2011-09-30": "13.46%", "2011-06-30": "13.54%", "2011-03-31": "13.14%", "2010-12-31": "11.61%", "2010-09-30": "10.83%", "2010-06-30": "8.59%", "2010-03-31": "8.50%", "2009-12-31": "8.05%", "2009-09-30": "11.19%", "2009-06-30": "11.91%", "2009-03-31": "10.98%", "2008-12-31": "12.75%", "2008-09-30": "3.94%", "2008-06-30": "4.19%", "2008-03-31": "3.77%", "2007-12-31": "-10.77%", "2007-09-30": "-6.01%", "2007-06-30": "-14.46%", "2007-03-31": "-12.46%", "2006-12-31": "-3.95%", "2006-09-30": "-2.79%", "2006-06-30": "-9.81%", "2006-03-31": "-11.58%", "2005-12-31": "-4.04%"}, "dividend yield history": {"last payout": "$1.74", "last yield": "3.08%"}}