{"ticker": "CNA", "price": {"title": "CNA Financial Historical Annual Stock Price Data", "value": 40.76, "historical": {"2021": {"Average Stock Price": "39.7142", "Year Open": "38.0200", "Year High": "41.2800", "Year Low": "38.0200", "Year Close": "40.7600", "Annual % Change": "4.62%"}, "2020": {"Average Stock Price": "34.8028", "Year Open": "44.9500", "Year High": "50.8100", "Year Low": "26.0000", "Year Close": "38.9600", "Annual % Change": "-13.06%"}, "2019": {"Average Stock Price": "45.7318", "Year Open": "43.6400", "Year High": "49.8900", "Year Low": "42.3500", "Year Close": "44.8100", "Annual % Change": "1.49%"}, "2018": {"Average Stock Price": "47.9365", "Year Open": "52.4200", "Year High": "55.0800", "Year Low": "42.0400", "Year Close": "44.1500", "Annual % Change": "-16.78%"}, "2017": {"Average Stock Price": "47.7656", "Year Open": "41.5800", "Year High": "54.9800", "Year Low": "40.2100", "Year Close": "53.0500", "Annual % Change": "27.83%"}, "2016": {"Average Stock Price": "33.4821", "Year Open": "34.4300", "Year High": "42.0700", "Year Low": "28.2100", "Year Close": "41.5000", "Annual % Change": "18.07%"}, "2015": {"Average Stock Price": "38.3381", "Year Open": "38.4700", "Year High": "43.4000", "Year Low": "34.2400", "Year Close": "35.1500", "Annual % Change": "-9.20%"}, "2014": {"Average Stock Price": "39.8857", "Year Open": "42.0800", "Year High": "43.0800", "Year Low": "36.2900", "Year Close": "38.7100", "Annual % Change": "-9.75%"}, "2013": {"Average Stock Price": "35.2031", "Year Open": "28.9600", "Year High": "42.8900", "Year Low": "28.8900", "Year Close": "42.8900", "Annual % Change": "53.12%"}, "2012": {"Average Stock Price": "28.0767", "Year Open": "26.8200", "Year High": "30.6700", "Year Low": "25.9100", "Year Close": "28.0100", "Annual % Change": "4.71%"}, "2011": {"Average Stock Price": "27.1119", "Year Open": "27.3600", "Year High": "31.0400", "Year Low": "21.5800", "Year Close": "26.7500", "Annual % Change": "-1.11%"}, "2010": {"Average Stock Price": "26.6044", "Year Open": "24.5400", "Year High": "28.9900", "Year Low": "22.1500", "Year Close": "27.0500", "Annual % Change": "12.71%"}, "2009": {"Average Stock Price": "17.0227", "Year Open": "17.0200", "Year High": "25.9900", "Year Low": "6.4900", "Year Close": "24.0000", "Annual % Change": "45.99%"}, "2008": {"Average Stock Price": "24.7049", "Year Open": "34.1100", "Year High": "34.2300", "Year Low": "9.3600", "Year Close": "16.4400", "Annual % Change": "-51.25%"}, "2007": {"Average Stock Price": "42.0792", "Year Open": "40.0800", "Year High": "51.8100", "Year Low": "32.7000", "Year Close": "33.7200", "Annual % Change": "-16.37%"}, "2006": {"Average Stock Price": "34.1088", "Year Open": "32.7500", "Year High": "40.3200", "Year Low": "29.8800", "Year Close": "40.3200", "Annual % Change": "23.19%"}, "2005": {"Average Stock Price": "29.2524", "Year Open": "26.3100", "Year High": "34.9100", "Year Low": "25.8400", "Year Close": "32.7300", "Annual % Change": "22.36%"}, "2004": {"Average Stock Price": "26.6102", "Year Open": "24.5200", "Year High": "30.4900", "Year Low": "22.1700", "Year Close": "26.7500", "Annual % Change": "11.00%"}, "2003": {"Average Stock Price": "23.3659", "Year Open": "26.5000", "Year High": "26.9000", "Year Low": "19.0000", "Year Close": "24.1000", "Annual % Change": "-5.86%"}, "2002": {"Average Stock Price": "27.0746", "Year Open": "29.0000", "Year High": "30.8600", "Year Low": "22.3200", "Year Close": "25.6000", "Annual % Change": "-12.24%"}, "2001": {"Average Stock Price": "33.2655", "Year Open": "38.0000", "Year High": "39.9000", "Year Low": "24.3500", "Year Close": "29.1700", "Annual % Change": "-24.72%"}, "2000": {"Average Stock Price": "34.6949", "Year Open": "37.8100", "Year High": "41.4400", "Year Low": "24.7500", "Year Close": "38.7500", "Annual % Change": "-0.49%"}, "1999": {"Average Stock Price": "38.1003", "Year Open": "40.3800", "Year High": "45.3100", "Year Low": "33.3100", "Year Close": "38.9400", "Annual % Change": "-3.25%"}, "1998": {"Average Stock Price": "44.2254", "Year Open": "42.6667", "Year High": "53.1667", "Year Low": "35.1900", "Year Close": "40.2500", "Annual % Change": "-5.52%"}, "1997": {"Average Stock Price": "37.7031", "Year Open": "34.9333", "Year High": "43.9333", "Year Low": "32.2933", "Year Close": "42.6000", "Annual % Change": "19.44%"}, "1996": {"Average Stock Price": "34.7442", "Year Open": "37.5833", "Year High": "39.1250", "Year Low": "31.9567", "Year Close": "35.6667", "Annual % Change": "-5.73%"}, "1995": {"Average Stock Price": "30.1377", "Year Open": "21.6267", "Year High": "41.0000", "Year Low": "21.6267", "Year Close": "37.8333", "Annual % Change": "75.62%"}, "1994": {"Average Stock Price": "21.9119", "Year Open": "25.6267", "Year High": "27.1267", "Year Low": "20.1667", "Year Close": "21.5433", "Annual % Change": "-16.61%"}, "1993": {"Average Stock Price": "29.8269", "Year Open": "32.5833", "Year High": "33.5000", "Year Low": "25.1667", "Year Close": "25.8333", "Annual % Change": "-20.92%"}, "1992": {"Average Stock Price": "29.7987", "Year Open": "32.6667", "Year High": "34.8333", "Year Low": "26.4600", "Year Close": "32.6667", "Annual % Change": "0.00%"}, "1991": {"Average Stock Price": "27.6338", "Year Open": "22.9600", "Year High": "33.0000", "Year Low": "21.0833", "Year Close": "32.6667", "Annual % Change": "42.79%"}, "1990": {"Average Stock Price": "23.5946", "Year Open": "33.3333", "Year High": "33.3333", "Year Low": "16.7933", "Year Close": "22.8767", "Annual % Change": "-29.97%"}, "1989": {"Average Stock Price": "25.5833", "Year Open": "19.5833", "Year High": "35.9167", "Year Low": "19.3733", "Year Close": "32.6667", "Annual % Change": "61.98%"}, "1988": {"Average Stock Price": "19.2737", "Year Open": "19.0833", "Year High": "21.8333", "Year Low": "17.4567", "Year Close": "20.1667", "Annual % Change": "8.75%"}, "1987": {"Average Stock Price": "18.5907", "Year Open": "18.3333", "Year High": "22.0000", "Year Low": "15.6667", "Year Close": "18.5433", "Annual % Change": "3.50%"}, "1986": {"Average Stock Price": "20.3520", "Year Open": "20.9567", "Year High": "24.7933", "Year Low": "16.0833", "Year Close": "17.9167", "Annual % Change": "-16.67%"}}}, "market cap": {"value": "$11.06B"}, "income statement": {"Revenue": {"2019-12-31": "10767.00000", "2018-12-31": "10134.00000", "2017-12-31": "9542.00000", "2016-12-31": "9366.00000", "2015-12-31": "9101.00000", "2014-12-31": "9692.00000", "2013-12-31": "9932.00000", "2012-12-31": "9364.00000", "2011-12-31": "8949.00000", "2010-12-31": "9209.00000", "2009-12-31": "8472.00000", "2008-12-31": "7799.00000", "2007-12-31": "9885.00000", "2006-12-31": "10376.00000", "2005-12-31": "9862.00000"}, "Cost Of Goods Sold": {"2019-12-31": "5806.00000", "2018-12-31": "5572.00000", "2017-12-31": "5310.00000", "2016-12-31": "5283.00000", "2015-12-31": "5384.00000", "2014-12-31": "5591.00000", "2013-12-31": "5806.00000", "2012-12-31": "5729.00000", "2011-12-31": "5489.00000", "2010-12-31": "4985.00000", "2009-12-31": "5290.00000", "2008-12-31": "5723.00000", "2007-12-31": "6009.00000", "2006-12-31": "6047.00000", "2005-12-31": "6999.00000"}, "Gross Profit": {"2019-12-31": "4961.00000", "2018-12-31": "4562.00000", "2017-12-31": "4232.00000", "2016-12-31": "4083.00000", "2015-12-31": "3717.00000", "2014-12-31": "4101.00000", "2013-12-31": "4126.00000", "2012-12-31": "3635.00000", "2011-12-31": "3460.00000", "2010-12-31": "4224.00000", "2009-12-31": "3182.00000", "2008-12-31": "2076.00000", "2007-12-31": "3876.00000", "2006-12-31": "4329.00000", "2005-12-31": "2863.00000"}, "Research And Development Expenses": {"2019-12-31": "", "2018-12-31": "", "2017-12-31": "", "2016-12-31": "", "2015-12-31": "", "2014-12-31": "", "2013-12-31": "", "2012-12-31": "", "2011-12-31": "", "2010-12-31": "", "2009-12-31": "", "2008-12-31": "", "2007-12-31": "", "2006-12-31": "", "2005-12-31": ""}, "SG&A Expenses": {"2019-12-31": "1383.00000", "2018-12-31": "1335.00000", "2017-12-31": "1233.00000", "2016-12-31": "1235.00000", "2015-12-31": "1540.00000", "2014-12-31": "1317.00000", "2013-12-31": "1362.00000", "2012-12-31": "1274.00000", "2011-12-31": "1176.00000", "2010-12-31": "1168.00000", "2009-12-31": "1417.00000", "2008-12-31": "1467.00000", "2007-12-31": "1520.00000", "2006-12-31": "1534.00000", "2005-12-31": "1543.00000"}, "Other Operating Income Or Expenses": {"2019-12-31": "-2224.00000", "2018-12-31": "-2125.00000", "2017-12-31": "-1528.00000", "2016-12-31": "-1552.00000", "2015-12-31": "-1473.00000", "2014-12-31": "-1394.00000", "2013-12-31": "-1322.00000", "2012-12-31": "-1332.00000", "2011-12-31": "-1238.00000", "2010-12-31": "-1787.00000", "2009-12-31": "-1097.00000", "2008-12-31": "-1037.00000", "2007-12-31": "-994.00000", "2006-12-31": "-1027.00000", "2005-12-31": "-1034.00000"}, "Operating Expenses": {"2019-12-31": "9413.00000", "2018-12-31": "9032.00000", "2017-12-31": "8071.00000", "2016-12-31": "8070.00000", "2015-12-31": "8397.00000", "2014-12-31": "8302.00000", "2013-12-31": "8490.00000", "2012-12-31": "8335.00000", "2011-12-31": "7903.00000", "2010-12-31": "7940.00000", "2009-12-31": "7804.00000", "2008-12-31": "8227.00000", "2007-12-31": "8523.00000", "2006-12-31": "8608.00000", "2005-12-31": "9576.00000"}, "Operating Income": {"2019-12-31": "1354.00000", "2018-12-31": "1102.00000", "2017-12-31": "1471.00000", "2016-12-31": "1296.00000", "2015-12-31": "704.00000", "2014-12-31": "1390.00000", "2013-12-31": "1442.00000", "2012-12-31": "1029.00000", "2011-12-31": "1046.00000", "2010-12-31": "1269.00000", "2009-12-31": "668.00000", "2008-12-31": "-428.00000", "2007-12-31": "1362.00000", "2006-12-31": "1768.00000", "2005-12-31": "286.00000"}, "Total Non-Operating Income/Expense": {"2019-12-31": "-131.00000", "2018-12-31": "-138.00000", "2017-12-31": "-161.00000", "2016-12-31": "-159.00000", "2015-12-31": "-155.00000", "2014-12-31": "-183.00000", "2013-12-31": "-166.00000", "2012-12-31": "-170.00000", "2011-12-31": "-175.00000", "2010-12-31": "-157.00000", "2009-12-31": "-128.00000", "2008-12-31": "-134.00000", "2007-12-31": "-140.00000", "2006-12-31": "-118.00000", "2005-12-31": "-124.00000"}, "Pre-Tax Income": {"2019-12-31": "1223.00000", "2018-12-31": "964.00000", "2017-12-31": "1310.00000", "2016-12-31": "1137.00000", "2015-12-31": "549.00000", "2014-12-31": "1207.00000", "2013-12-31": "1276.00000", "2012-12-31": "859.00000", "2011-12-31": "871.00000", "2010-12-31": "1112.00000", "2009-12-31": "540.00000", "2008-12-31": "-562.00000", "2007-12-31": "1222.00000", "2006-12-31": "1650.00000", "2005-12-31": "162.00000"}, "Income Taxes": {"2019-12-31": "223.00000", "2018-12-31": "151.00000", "2017-12-31": "411.00000", "2016-12-31": "278.00000", "2015-12-31": "70.00000", "2014-12-31": "319.00000", "2013-12-31": "361.00000", "2012-12-31": "239.00000", "2011-12-31": "242.00000", "2010-12-31": "332.00000", "2009-12-31": "57.00000", "2008-12-31": "-311.00000", "2007-12-31": "317.00000", "2006-12-31": "469.00000", "2005-12-31": "-105.00000"}, "Income After Taxes": {"2019-12-31": "1000.00000", "2018-12-31": "813.00000", "2017-12-31": "899.00000", "2016-12-31": "859.00000", "2015-12-31": "479.00000", "2014-12-31": "888.00000", "2013-12-31": "915.00000", "2012-12-31": "620.00000", "2011-12-31": "629.00000", "2010-12-31": "780.00000", "2009-12-31": "483.00000", "2008-12-31": "-251.00000", "2007-12-31": "905.00000", "2006-12-31": "1181.00000", "2005-12-31": "267.00000"}, "Other Income": {"2019-12-31": "", "2018-12-31": "", "2017-12-31": "", "2016-12-31": "", "2015-12-31": "", "2014-12-31": "", "2013-12-31": "", "2012-12-31": "", "2011-12-31": "", "2010-12-31": "", "2009-12-31": "", "2008-12-31": "", "2007-12-31": "", "2006-12-31": "", "2005-12-31": ""}, "Income From Continuous Operations": {"2019-12-31": "1000.00000", "2018-12-31": "813.00000", "2017-12-31": "899.00000", "2016-12-31": "859.00000", "2015-12-31": "479.00000", "2014-12-31": "888.00000", "2013-12-31": "915.00000", "2012-12-31": "620.00000", "2011-12-31": "629.00000", "2010-12-31": "780.00000", "2009-12-31": "483.00000", "2008-12-31": "-251.00000", "2007-12-31": "905.00000", "2006-12-31": "1137.00000", "2005-12-31": "243.00000"}, "Income From Discontinued Operations": {"2019-12-31": "", "2018-12-31": "", "2017-12-31": "", "2016-12-31": "", "2015-12-31": "", "2014-12-31": "-197.00000", "2013-12-31": "22.00000", "2012-12-31": "8.00000", "2011-12-31": "-1.00000", "2010-12-31": "-21.00000", "2009-12-31": "-2.00000", "2008-12-31": "9.00000", "2007-12-31": "-6.00000", "2006-12-31": "-29.00000", "2005-12-31": "21.00000"}, "Net Income": {"2019-12-31": "1000.00000", "2018-12-31": "813.00000", "2017-12-31": "899.00000", "2016-12-31": "859.00000", "2015-12-31": "479.00000", "2014-12-31": "691.00000", "2013-12-31": "937.00000", "2012-12-31": "628.00000", "2011-12-31": "612.00000", "2010-12-31": "615.00000", "2009-12-31": "419.00000", "2008-12-31": "-299.00000", "2007-12-31": "851.00000", "2006-12-31": "1108.00000", "2005-12-31": "264.00000"}, "EBITDA": {"2019-12-31": "1333.00000", "2018-12-31": "1111.00000", "2017-12-31": "1519.00000", "2016-12-31": "1346.00000", "2015-12-31": "805.00000", "2014-12-31": "1489.00000", "2013-12-31": "1519.00000", "2012-12-31": "1099.00000", "2011-12-31": "1061.00000", "2010-12-31": "1230.00000", "2009-12-31": "556.00000", "2008-12-31": "-628.00000", "2007-12-31": "1174.00000", "2006-12-31": "1542.00000", "2005-12-31": "187.00000"}, "EBIT": {"2019-12-31": "1354.00000", "2018-12-31": "1102.00000", "2017-12-31": "1471.00000", "2016-12-31": "1296.00000", "2015-12-31": "704.00000", "2014-12-31": "1390.00000", "2013-12-31": "1442.00000", "2012-12-31": "1029.00000", "2011-12-31": "1046.00000", "2010-12-31": "1269.00000", "2009-12-31": "668.00000", "2008-12-31": "-428.00000", "2007-12-31": "1362.00000", "2006-12-31": "1768.00000", "2005-12-31": "286.00000"}, "Basic Shares Outstanding": {"2019-12-31": "271.60000", "2018-12-31": "271.50000", "2017-12-31": "271.10000", "2016-12-31": "270.40000", "2015-12-31": "270.20000", "2014-12-31": "269.90000", "2013-12-31": "269.70000", "2012-12-31": "269.40000", "2011-12-31": "269.30000", "2010-12-31": "269.10000", "2009-12-31": "269.00000", "2008-12-31": "269.40000", "2007-12-31": "271.50000", "2006-12-31": "262.10000", "2005-12-31": "256.00000"}, "Shares Outstanding": {"2019-12-31": "272.50000", "2018-12-31": "272.50000", "2017-12-31": "272.10000", "2016-12-31": "271.10000", "2015-12-31": "270.70000", "2014-12-31": "270.60000", "2013-12-31": "270.20000", "2012-12-31": "269.80000", "2011-12-31": "269.60000", "2010-12-31": "269.50000", "2009-12-31": "269.10000", "2008-12-31": "269.40000", "2007-12-31": "271.80000", "2006-12-31": "262.30000", "2005-12-31": "256.00000"}, "Basic EPS": {"2019-12-31": "3.68000", "2018-12-31": "2.99000", "2017-12-31": "3.32000", "2016-12-31": "3.18000", "2015-12-31": "1.77000", "2014-12-31": "2.56000", "2013-12-31": "3.48000", "2012-12-31": "2.33000", "2011-12-31": "2.27000", "2010-12-31": "2.28000", "2009-12-31": "1.10000", "2008-12-31": "-1.18000", "2007-12-31": "3.13000", "2006-12-31": "4.06000", "2005-12-31": "0.76000"}, "EPS - Earnings Per Share": {"2019-12-31": "3.67000", "2018-12-31": "2.98000", "2017-12-31": "3.30000", "2016-12-31": "3.17000", "2015-12-31": "1.77000", "2014-12-31": "2.55000", "2013-12-31": "3.47000", "2012-12-31": "2.33000", "2011-12-31": "2.27000", "2010-12-31": "2.28000", "2009-12-31": "1.10000", "2008-12-31": "-1.18000", "2007-12-31": "3.13000", "2006-12-31": "4.05000", "2005-12-31": "0.76000"}}, "income statement, quarterly": {"Revenue": {"2020-09-30": "2820.00000", "2020-06-30": "2766.00000", "2020-03-31": "2291.00000", "2019-12-31": "2777.00000", "2019-09-30": "2685.00000", "2019-06-30": "2610.00000", "2019-03-31": "2695.00000", "2018-12-31": "2403.00000", "2018-09-30": "2622.00000", "2018-06-30": "2574.00000", "2018-03-31": "2535.00000", "2017-12-31": "2448.00000", "2017-09-30": "2398.00000", "2017-06-30": "2366.00000", "2017-03-31": "2330.00000", "2016-12-31": "2390.00000", "2016-09-30": "2433.00000", "2016-06-30": "2348.00000", "2016-03-31": "2195.00000", "2015-12-31": "2269.00000", "2015-09-30": "2153.00000", "2015-06-30": "2327.00000", "2015-03-31": "2352.00000", "2014-12-31": "2378.00000", "2014-09-30": "2411.00000", "2014-06-30": "2440.00000", "2014-03-31": "2463.00000", "2013-12-31": "2569.00000", "2013-09-30": "2458.00000", "2013-06-30": "2450.00000", "2013-03-31": "2455.00000", "2012-12-31": "2251.00000", "2012-09-30": "2466.00000", "2012-06-30": "2246.00000", "2012-03-31": "2401.00000", "2011-12-31": "2261.00000", "2011-09-30": "2175.00000", "2011-06-30": "2198.00000", "2011-03-31": "2315.00000", "2010-12-31": "2298.00000", "2010-09-30": "2363.00000", "2010-06-30": "2233.00000", "2010-03-31": "2315.00000", "2009-12-31": "2398.00000", "2009-09-30": "2340.00000", "2009-06-30": "2096.00000", "2009-03-31": "1638.00000", "2008-12-31": "1537.00000", "2008-09-30": "1659.00000", "2008-06-30": "2321.00000", "2008-03-31": "2282.00000", "2007-12-31": "2415.00000", "2007-09-30": "2484.00000", "2007-06-30": "2469.00000", "2007-03-31": "2517.00000", "2006-12-31": "2843.00000", "2006-09-30": "2620.00000", "2006-06-30": "2412.00000", "2006-03-31": "2501.00000", "2005-12-31": "2408.00000", "2005-09-30": "2520.00000", "2005-06-30": "2570.00000", "2005-03-31": "2364.00000"}, "Cost Of Goods Sold": {"2020-09-30": "1616.00000", "2020-06-30": "1642.00000", "2020-03-31": "1425.00000", "2019-12-31": "1483.00000", "2019-09-30": "1614.00000", "2019-06-30": "1352.00000", "2019-03-31": "1357.00000", "2018-12-31": "1594.00000", "2018-09-30": "1312.00000", "2018-06-30": "1327.00000", "2018-03-31": "1339.00000", "2017-12-31": "1257.00000", "2017-09-30": "1480.00000", "2017-06-30": "1280.00000", "2017-03-31": "1293.00000", "2016-12-31": "1334.00000", "2016-09-30": "1202.00000", "2016-06-30": "1339.00000", "2016-03-31": "1408.00000", "2015-12-31": "1376.00000", "2015-09-30": "1200.00000", "2015-06-30": "1469.00000", "2015-03-31": "1339.00000", "2014-12-31": "1350.00000", "2014-09-30": "1354.00000", "2014-06-30": "1441.00000", "2014-03-31": "1446.00000", "2013-12-31": "1547.00000", "2013-09-30": "1378.00000", "2013-06-30": "1485.00000", "2013-03-31": "1396.00000", "2012-12-31": "1565.00000", "2012-09-30": "1435.00000", "2012-06-30": "1348.00000", "2012-03-31": "1381.00000", "2011-12-31": "1358.00000", "2011-09-30": "1400.00000", "2011-06-30": "1367.00000", "2011-03-31": "1364.00000", "2010-12-31": "1186.00000", "2010-09-30": "1344.00000", "2010-06-30": "1147.00000", "2010-03-31": "1308.00000", "2009-12-31": "1371.00000", "2009-09-30": "1283.00000", "2009-06-30": "1294.00000", "2009-03-31": "1342.00000", "2008-12-31": "1343.00000", "2008-09-30": "1519.00000", "2008-06-30": "1472.00000", "2008-03-31": "1389.00000", "2007-12-31": "1513.00000", "2007-09-30": "1575.00000", "2007-06-30": "1473.00000", "2007-03-31": "1448.00000", "2006-12-31": "1601.00000", "2006-09-30": "1522.00000", "2006-06-30": "1432.00000", "2006-03-31": "1492.00000", "2005-12-31": "2113.00000", "2005-09-30": "1871.00000", "2005-06-30": "1581.00000", "2005-03-31": "1434.00000"}, "Gross Profit": {"2020-09-30": "1204.00000", "2020-06-30": "1124.00000", "2020-03-31": "866.00000", "2019-12-31": "1294.00000", "2019-09-30": "1071.00000", "2019-06-30": "1258.00000", "2019-03-31": "1338.00000", "2018-12-31": "809.00000", "2018-09-30": "1310.00000", "2018-06-30": "1247.00000", "2018-03-31": "1196.00000", "2017-12-31": "1191.00000", "2017-09-30": "918.00000", "2017-06-30": "1086.00000", "2017-03-31": "1037.00000", "2016-12-31": "1056.00000", "2016-09-30": "1231.00000", "2016-06-30": "1009.00000", "2016-03-31": "787.00000", "2015-12-31": "893.00000", "2015-09-30": "953.00000", "2015-06-30": "858.00000", "2015-03-31": "1013.00000", "2014-12-31": "1028.00000", "2014-09-30": "1057.00000", "2014-06-30": "999.00000", "2014-03-31": "1017.00000", "2013-12-31": "1022.00000", "2013-09-30": "1080.00000", "2013-06-30": "965.00000", "2013-03-31": "1059.00000", "2012-12-31": "686.00000", "2012-09-30": "1031.00000", "2012-06-30": "898.00000", "2012-03-31": "1020.00000", "2011-12-31": "903.00000", "2011-09-30": "775.00000", "2011-06-30": "831.00000", "2011-03-31": "951.00000", "2010-12-31": "1112.00000", "2010-09-30": "1019.00000", "2010-06-30": "1086.00000", "2010-03-31": "1007.00000", "2009-12-31": "1027.00000", "2009-09-30": "1057.00000", "2009-06-30": "802.00000", "2009-03-31": "296.00000", "2008-12-31": "194.00000", "2008-09-30": "140.00000", "2008-06-30": "849.00000", "2008-03-31": "893.00000", "2007-12-31": "902.00000", "2007-09-30": "909.00000", "2007-06-30": "996.00000", "2007-03-31": "1069.00000", "2006-12-31": "1242.00000", "2006-09-30": "1098.00000", "2006-06-30": "980.00000", "2006-03-31": "1009.00000", "2005-12-31": "295.00000", "2005-09-30": "649.00000", "2005-06-30": "989.00000", "2005-03-31": "930.00000"}, "Research And Development Expenses": {"2020-09-30": "", "2020-06-30": "", "2020-03-31": "", "2019-12-31": "", "2019-09-30": "", "2019-06-30": "", "2019-03-31": "", "2018-12-31": "", "2018-09-30": "", "2018-06-30": "", "2018-03-31": "", "2017-12-31": "", "2017-09-30": "", "2017-06-30": "", "2017-03-31": "", "2016-12-31": "", "2016-09-30": "", "2016-06-30": "", "2016-03-31": "", "2015-12-31": "", "2015-09-30": "", "2015-06-30": "", "2015-03-31": "", "2014-12-31": "", "2014-09-30": "", "2014-06-30": "", "2014-03-31": "", "2013-12-31": "", "2013-09-30": "", "2013-06-30": "", "2013-03-31": "", "2012-12-31": "", "2012-09-30": "", "2012-06-30": "", "2012-03-31": "", "2011-12-31": "", "2011-09-30": "", "2011-06-30": "", "2011-03-31": "", "2010-12-31": "", "2010-09-30": "", "2010-06-30": "", "2010-03-31": "", "2009-12-31": "", "2009-09-30": "", "2009-06-30": "", "2009-03-31": "", "2008-12-31": "", "2008-09-30": "", "2008-06-30": "", "2008-03-31": "", "2007-12-31": "", "2007-09-30": "", "2007-06-30": "", "2007-03-31": "", "2006-12-31": "", "2006-09-30": "", "2006-06-30": "", "2006-03-31": "", "2005-12-31": "", "2005-09-30": "", "2005-06-30": "", "2005-03-31": ""}, "SG&A Expenses": {"2020-09-30": "360.00000", "2020-06-30": "342.00000", "2020-03-31": "344.00000", "2019-12-31": "358.00000", "2019-09-30": "345.00000", "2019-06-30": "338.00000", "2019-03-31": "342.00000", "2018-12-31": "343.00000", "2018-09-30": "337.00000", "2018-06-30": "359.00000", "2018-03-31": "296.00000", "2017-12-31": "307.00000", "2017-09-30": "309.00000", "2017-06-30": "312.00000", "2017-03-31": "305.00000", "2016-12-31": "309.00000", "2016-09-30": "314.00000", "2016-06-30": "305.00000", "2016-03-31": "307.00000", "2015-12-31": "604.00000", "2015-09-30": "319.00000", "2015-06-30": "314.00000", "2015-03-31": "303.00000", "2014-12-31": "321.00000", "2014-09-30": "332.00000", "2014-06-30": "335.00000", "2014-03-31": "329.00000", "2013-12-31": "358.00000", "2013-09-30": "341.00000", "2013-06-30": "335.00000", "2013-03-31": "328.00000", "2012-12-31": "337.00000", "2012-09-30": "333.00000", "2012-06-30": "309.00000", "2012-03-31": "295.00000", "2011-12-31": "296.00000", "2011-09-30": "297.00000", "2011-06-30": "286.00000", "2011-03-31": "297.00000", "2010-12-31": "130.00000", "2010-09-30": "351.00000", "2010-06-30": "345.00000", "2010-03-31": "342.00000", "2009-12-31": "354.00000", "2009-09-30": "365.00000", "2009-06-30": "349.00000", "2009-03-31": "349.00000", "2008-12-31": "384.00000", "2008-09-30": "355.00000", "2008-06-30": "360.00000", "2008-03-31": "368.00000", "2007-12-31": "383.00000", "2007-09-30": "384.00000", "2007-06-30": "372.00000", "2007-03-31": "381.00000", "2006-12-31": "402.00000", "2006-09-30": "390.00000", "2006-06-30": "372.00000", "2006-03-31": "370.00000", "2005-12-31": "375.00000", "2005-09-30": "416.00000", "2005-06-30": "374.00000", "2005-03-31": "378.00000"}, "Other Operating Income Or Expenses": {"2020-09-30": "-562.00000", "2020-06-30": "-569.00000", "2020-03-31": "-580.00000", "2019-12-31": "-570.00000", "2019-09-30": "-567.00000", "2019-06-30": "-544.00000", "2019-03-31": "-543.00000", "2018-12-31": "-546.00000", "2018-09-30": "-537.00000", "2018-06-30": "-523.00000", "2018-03-31": "-519.00000", "2017-12-31": "-437.00000", "2017-09-30": "-381.00000", "2017-06-30": "-364.00000", "2017-03-31": "-346.00000", "2016-12-31": "-390.00000", "2016-09-30": "-403.00000", "2016-06-30": "-378.00000", "2016-03-31": "-381.00000", "2015-12-31": "-412.00000", "2015-09-30": "-362.00000", "2015-06-30": "-341.00000", "2015-03-31": "-358.00000", "2014-12-31": "-410.00000", "2014-09-30": "-384.00000", "2014-06-30": "-254.00000", "2014-03-31": "-346.00000", "2013-12-31": "-337.00000", "2013-09-30": "-326.00000", "2013-06-30": "-319.00000", "2013-03-31": "-340.00000", "2012-12-31": "-356.00000", "2012-09-30": "-341.00000", "2012-06-30": "-316.00000", "2012-03-31": "-319.00000", "2011-12-31": "-324.00000", "2011-09-30": "-311.00000", "2011-06-30": "-326.00000", "2011-03-31": "-277.00000", "2010-12-31": "-462.00000", "2010-09-30": "-795.00000", "2010-06-30": "-258.00000", "2010-03-31": "-272.00000", "2009-12-31": "-283.00000", "2009-09-30": "-272.00000", "2009-06-30": "-291.00000", "2009-03-31": "-251.00000", "2008-12-31": "-313.00000", "2008-09-30": "-294.00000", "2008-06-30": "-203.00000", "2008-03-31": "-227.00000", "2007-12-31": "-272.00000", "2007-09-30": "-244.00000", "2007-06-30": "-260.00000", "2007-03-31": "-218.00000", "2006-12-31": "-304.00000", "2006-09-30": "-224.00000", "2006-06-30": "-242.00000", "2006-03-31": "-257.00000", "2005-12-31": "-268.00000", "2005-09-30": "-241.00000", "2005-06-30": "-251.00000", "2005-03-31": "-274.00000"}, "Operating Expenses": {"2020-09-30": "2538.00000", "2020-06-30": "2553.00000", "2020-03-31": "2349.00000", "2019-12-31": "2411.00000", "2019-09-30": "2526.00000", "2019-06-30": "2234.00000", "2019-03-31": "2242.00000", "2018-12-31": "2483.00000", "2018-09-30": "2186.00000", "2018-06-30": "2209.00000", "2018-03-31": "2154.00000", "2017-12-31": "2001.00000", "2017-09-30": "2170.00000", "2017-06-30": "1956.00000", "2017-03-31": "1944.00000", "2016-12-31": "2033.00000", "2016-09-30": "1919.00000", "2016-06-30": "2022.00000", "2016-03-31": "2096.00000", "2015-12-31": "2392.00000", "2015-09-30": "1881.00000", "2015-06-30": "2124.00000", "2015-03-31": "2000.00000", "2014-12-31": "2081.00000", "2014-09-30": "2070.00000", "2014-06-30": "2030.00000", "2014-03-31": "2121.00000", "2013-12-31": "2242.00000", "2013-09-30": "2045.00000", "2013-06-30": "2139.00000", "2013-03-31": "2064.00000", "2012-12-31": "2258.00000", "2012-09-30": "2109.00000", "2012-06-30": "1973.00000", "2012-03-31": "1995.00000", "2011-12-31": "1978.00000", "2011-09-30": "2008.00000", "2011-06-30": "1979.00000", "2011-03-31": "1938.00000", "2010-12-31": "1778.00000", "2010-09-30": "2490.00000", "2010-06-30": "1750.00000", "2010-03-31": "1922.00000", "2009-12-31": "2008.00000", "2009-09-30": "1920.00000", "2009-06-30": "1934.00000", "2009-03-31": "1942.00000", "2008-12-31": "2040.00000", "2008-09-30": "2168.00000", "2008-06-30": "2035.00000", "2008-03-31": "1984.00000", "2007-12-31": "2168.00000", "2007-09-30": "2203.00000", "2007-06-30": "2105.00000", "2007-03-31": "2047.00000", "2006-12-31": "2307.00000", "2006-09-30": "2136.00000", "2006-06-30": "2046.00000", "2006-03-31": "2119.00000", "2005-12-31": "2756.00000", "2005-09-30": "2528.00000", "2005-06-30": "2206.00000", "2005-03-31": "2086.00000"}, "Operating Income": {"2020-09-30": "282.00000", "2020-06-30": "213.00000", "2020-03-31": "-58.00000", "2019-12-31": "366.00000", "2019-09-30": "159.00000", "2019-06-30": "376.00000", "2019-03-31": "453.00000", "2018-12-31": "-80.00000", "2018-09-30": "436.00000", "2018-06-30": "365.00000", "2018-03-31": "381.00000", "2017-12-31": "447.00000", "2017-09-30": "228.00000", "2017-06-30": "410.00000", "2017-03-31": "386.00000", "2016-12-31": "357.00000", "2016-09-30": "514.00000", "2016-06-30": "326.00000", "2016-03-31": "99.00000", "2015-12-31": "-123.00000", "2015-09-30": "272.00000", "2015-06-30": "203.00000", "2015-03-31": "352.00000", "2014-12-31": "297.00000", "2014-09-30": "341.00000", "2014-06-30": "410.00000", "2014-03-31": "342.00000", "2013-12-31": "327.00000", "2013-09-30": "413.00000", "2013-06-30": "311.00000", "2013-03-31": "391.00000", "2012-12-31": "-7.00000", "2012-09-30": "357.00000", "2012-06-30": "273.00000", "2012-03-31": "406.00000", "2011-12-31": "283.00000", "2011-09-30": "167.00000", "2011-06-30": "219.00000", "2011-03-31": "377.00000", "2010-12-31": "520.00000", "2010-09-30": "-127.00000", "2010-06-30": "483.00000", "2010-03-31": "393.00000", "2009-12-31": "390.00000", "2009-09-30": "420.00000", "2009-06-30": "162.00000", "2009-03-31": "-304.00000", "2008-12-31": "-503.00000", "2008-09-30": "-509.00000", "2008-06-30": "286.00000", "2008-03-31": "298.00000", "2007-12-31": "247.00000", "2007-09-30": "281.00000", "2007-06-30": "364.00000", "2007-03-31": "470.00000", "2006-12-31": "536.00000", "2006-09-30": "484.00000", "2006-06-30": "366.00000", "2006-03-31": "382.00000", "2005-12-31": "-348.00000", "2005-09-30": "-8.00000", "2005-06-30": "364.00000", "2005-03-31": "278.00000"}, "Total Non-Operating Income/Expense": {"2020-09-30": "-32.00000", "2020-06-30": "-31.00000", "2020-03-31": "-31.00000", "2019-12-31": "-31.00000", "2019-09-30": "-32.00000", "2019-06-30": "-34.00000", "2019-03-31": "-34.00000", "2018-12-31": "-34.00000", "2018-09-30": "-34.00000", "2018-06-30": "-35.00000", "2018-03-31": "-35.00000", "2017-12-31": "-37.00000", "2017-09-30": "-41.00000", "2017-06-30": "-40.00000", "2017-03-31": "-43.00000", "2016-12-31": "-40.00000", "2016-09-30": "-39.00000", "2016-06-30": "-38.00000", "2016-03-31": "-42.00000", "2015-12-31": "-38.00000", "2015-09-30": "-39.00000", "2015-06-30": "-39.00000", "2015-03-31": "-39.00000", "2014-12-31": "-45.00000", "2014-09-30": "-48.00000", "2014-06-30": "-46.00000", "2014-03-31": "-44.00000", "2013-12-31": "-41.00000", "2013-09-30": "-42.00000", "2013-06-30": "-41.00000", "2013-03-31": "-42.00000", "2012-12-31": "-42.00000", "2012-09-30": "-43.00000", "2012-06-30": "-43.00000", "2012-03-31": "-42.00000", "2011-12-31": "-43.00000", "2011-09-30": "-43.00000", "2011-06-30": "-43.00000", "2011-03-31": "-46.00000", "2010-12-31": "-44.00000", "2010-09-30": "-40.00000", "2010-06-30": "-37.00000", "2010-03-31": "-36.00000", "2009-12-31": "-33.00000", "2009-09-30": "-34.00000", "2009-06-30": "-30.00000", "2009-03-31": "-31.00000", "2008-12-31": "-34.00000", "2008-09-30": "-33.00000", "2008-06-30": "-33.00000", "2008-03-31": "-34.00000", "2007-12-31": "-36.00000", "2007-09-30": "-35.00000", "2007-06-30": "-35.00000", "2007-03-31": "-34.00000", "2006-12-31": "-38.00000", "2006-09-30": "-35.00000", "2006-06-30": "-15.00000", "2006-03-31": "-30.00000", "2005-12-31": "-28.00000", "2005-09-30": "-29.00000", "2005-06-30": "-30.00000", "2005-03-31": "-37.00000"}, "Pre-Tax Income": {"2020-09-30": "250.00000", "2020-06-30": "182.00000", "2020-03-31": "-89.00000", "2019-12-31": "335.00000", "2019-09-30": "127.00000", "2019-06-30": "342.00000", "2019-03-31": "419.00000", "2018-12-31": "-114.00000", "2018-09-30": "402.00000", "2018-06-30": "330.00000", "2018-03-31": "346.00000", "2017-12-31": "410.00000", "2017-09-30": "187.00000", "2017-06-30": "370.00000", "2017-03-31": "343.00000", "2016-12-31": "317.00000", "2016-09-30": "475.00000", "2016-06-30": "288.00000", "2016-03-31": "57.00000", "2015-12-31": "-161.00000", "2015-09-30": "233.00000", "2015-06-30": "164.00000", "2015-03-31": "313.00000", "2014-12-31": "252.00000", "2014-09-30": "293.00000", "2014-06-30": "364.00000", "2014-03-31": "298.00000", "2013-12-31": "286.00000", "2013-09-30": "371.00000", "2013-06-30": "270.00000", "2013-03-31": "349.00000", "2012-12-31": "-49.00000", "2012-09-30": "314.00000", "2012-06-30": "230.00000", "2012-03-31": "364.00000", "2011-12-31": "240.00000", "2011-09-30": "124.00000", "2011-06-30": "176.00000", "2011-03-31": "331.00000", "2010-12-31": "476.00000", "2010-09-30": "-167.00000", "2010-06-30": "446.00000", "2010-03-31": "357.00000", "2009-12-31": "357.00000", "2009-09-30": "386.00000", "2009-06-30": "132.00000", "2009-03-31": "-335.00000", "2008-12-31": "-537.00000", "2008-09-30": "-542.00000", "2008-06-30": "253.00000", "2008-03-31": "264.00000", "2007-12-31": "211.00000", "2007-09-30": "246.00000", "2007-06-30": "329.00000", "2007-03-31": "436.00000", "2006-12-31": "498.00000", "2006-09-30": "449.00000", "2006-06-30": "351.00000", "2006-03-31": "352.00000", "2005-12-31": "-376.00000", "2005-09-30": "-37.00000", "2005-06-30": "334.00000", "2005-03-31": "241.00000"}, "Income Taxes": {"2020-09-30": "37.00000", "2020-06-30": "31.00000", "2020-03-31": "-28.00000", "2019-12-31": "62.00000", "2019-09-30": "20.00000", "2019-06-30": "64.00000", "2019-03-31": "77.00000", "2018-12-31": "-30.00000", "2018-09-30": "66.00000", "2018-06-30": "60.00000", "2018-03-31": "55.00000", "2017-12-31": "187.00000", "2017-09-30": "43.00000", "2017-06-30": "98.00000", "2017-03-31": "83.00000", "2016-12-31": "76.00000", "2016-09-30": "132.00000", "2016-06-30": "79.00000", "2016-03-31": "-9.00000", "2015-12-31": "-91.00000", "2015-09-30": "55.00000", "2015-06-30": "26.00000", "2015-03-31": "80.00000", "2014-12-31": "54.00000", "2014-09-30": "84.00000", "2014-06-30": "103.00000", "2014-03-31": "78.00000", "2013-12-31": "73.00000", "2013-09-30": "100.00000", "2013-06-30": "80.00000", "2013-03-31": "108.00000", "2012-12-31": "-32.00000", "2012-09-30": "93.00000", "2012-06-30": "64.00000", "2012-03-31": "114.00000", "2011-12-31": "46.00000", "2011-09-30": "48.00000", "2011-06-30": "47.00000", "2011-03-31": "101.00000", "2010-12-31": "149.00000", "2010-09-30": "-64.00000", "2010-06-30": "145.00000", "2010-03-31": "102.00000", "2009-12-31": "87.00000", "2009-09-30": "108.00000", "2009-06-30": "12.00000", "2009-03-31": "-150.00000", "2008-12-31": "-219.00000", "2008-09-30": "-218.00000", "2008-06-30": "62.00000", "2008-03-31": "64.00000", "2007-12-31": "38.00000", "2007-09-30": "56.00000", "2007-06-30": "91.00000", "2007-03-31": "132.00000", "2006-12-31": "130.00000", "2006-09-30": "131.00000", "2006-06-30": "100.00000", "2006-03-31": "108.00000", "2005-12-31": "-158.00000", "2005-09-30": "-51.00000", "2005-06-30": "48.00000", "2005-03-31": "56.00000"}, "Income After Taxes": {"2020-09-30": "213.00000", "2020-06-30": "151.00000", "2020-03-31": "-61.00000", "2019-12-31": "273.00000", "2019-09-30": "107.00000", "2019-06-30": "278.00000", "2019-03-31": "342.00000", "2018-12-31": "-84.00000", "2018-09-30": "336.00000", "2018-06-30": "270.00000", "2018-03-31": "291.00000", "2017-12-31": "223.00000", "2017-09-30": "144.00000", "2017-06-30": "272.00000", "2017-03-31": "260.00000", "2016-12-31": "241.00000", "2016-09-30": "343.00000", "2016-06-30": "209.00000", "2016-03-31": "66.00000", "2015-12-31": "-70.00000", "2015-09-30": "178.00000", "2015-06-30": "138.00000", "2015-03-31": "233.00000", "2014-12-31": "198.00000", "2014-09-30": "209.00000", "2014-06-30": "261.00000", "2014-03-31": "220.00000", "2013-12-31": "213.00000", "2013-09-30": "271.00000", "2013-06-30": "190.00000", "2013-03-31": "241.00000", "2012-12-31": "-17.00000", "2012-09-30": "221.00000", "2012-06-30": "166.00000", "2012-03-31": "250.00000", "2011-12-31": "194.00000", "2011-09-30": "76.00000", "2011-06-30": "129.00000", "2011-03-31": "230.00000", "2010-12-31": "327.00000", "2010-09-30": "-103.00000", "2010-06-30": "301.00000", "2010-03-31": "255.00000", "2009-12-31": "270.00000", "2009-09-30": "278.00000", "2009-06-30": "120.00000", "2009-03-31": "-185.00000", "2008-12-31": "-318.00000", "2008-09-30": "-324.00000", "2008-06-30": "191.00000", "2008-03-31": "200.00000", "2007-12-31": "173.00000", "2007-09-30": "190.00000", "2007-06-30": "238.00000", "2007-03-31": "304.00000", "2006-12-31": "368.00000", "2006-09-30": "318.00000", "2006-06-30": "251.00000", "2006-03-31": "244.00000", "2005-12-31": "-218.00000", "2005-09-30": "14.00000", "2005-06-30": "286.00000", "2005-03-31": "185.00000"}, "Other Income": {"2020-09-30": "", "2020-06-30": "", "2020-03-31": "", "2019-12-31": "", "2019-09-30": "", "2019-06-30": "", "2019-03-31": "", "2018-12-31": "", "2018-09-30": "", "2018-06-30": "", "2018-03-31": "", "2017-12-31": "", "2017-09-30": "", "2017-06-30": "", "2017-03-31": "", "2016-12-31": "", "2016-09-30": "", "2016-06-30": "", "2016-03-31": "", "2015-12-31": "", "2015-09-30": "", "2015-06-30": "", "2015-03-31": "", "2014-12-31": "", "2014-09-30": "", "2014-06-30": "", "2014-03-31": "", "2013-12-31": "", "2013-09-30": "", "2013-06-30": "", "2013-03-31": "", "2012-12-31": "", "2012-09-30": "", "2012-06-30": "", "2012-03-31": "", "2011-12-31": "", "2011-09-30": "", "2011-06-30": "", "2011-03-31": "", "2010-12-31": "", "2010-09-30": "", "2010-06-30": "", "2010-03-31": "", "2009-12-31": "", "2009-09-30": "", "2009-06-30": "", "2009-03-31": "", "2008-12-31": "", "2008-09-30": "", "2008-06-30": "", "2008-03-31": "", "2007-12-31": "", "2007-09-30": "", "2007-06-30": "", "2007-03-31": "", "2006-12-31": "", "2006-09-30": "", "2006-06-30": "", "2006-03-31": "", "2005-12-31": "", "2005-09-30": "", "2005-06-30": "", "2005-03-31": ""}, "Income From Continuous Operations": {"2020-09-30": "213.00000", "2020-06-30": "151.00000", "2020-03-31": "-61.00000", "2019-12-31": "273.00000", "2019-09-30": "107.00000", "2019-06-30": "278.00000", "2019-03-31": "342.00000", "2018-12-31": "-84.00000", "2018-09-30": "336.00000", "2018-06-30": "270.00000", "2018-03-31": "291.00000", "2017-12-31": "223.00000", "2017-09-30": "144.00000", "2017-06-30": "272.00000", "2017-03-31": "260.00000", "2016-12-31": "241.00000", "2016-09-30": "343.00000", "2016-06-30": "209.00000", "2016-03-31": "66.00000", "2015-12-31": "-70.00000", "2015-09-30": "178.00000", "2015-06-30": "138.00000", "2015-03-31": "233.00000", "2014-12-31": "198.00000", "2014-09-30": "209.00000", "2014-06-30": "261.00000", "2014-03-31": "220.00000", "2013-12-31": "213.00000", "2013-09-30": "271.00000", "2013-06-30": "190.00000", "2013-03-31": "241.00000", "2012-12-31": "-17.00000", "2012-09-30": "221.00000", "2012-06-30": "166.00000", "2012-03-31": "250.00000", "2011-12-31": "194.00000", "2011-09-30": "76.00000", "2011-06-30": "129.00000", "2011-03-31": "230.00000", "2010-12-31": "327.00000", "2010-09-30": "-103.00000", "2010-06-30": "301.00000", "2010-03-31": "255.00000", "2009-12-31": "270.00000", "2009-09-30": "278.00000", "2009-06-30": "120.00000", "2009-03-31": "-185.00000", "2008-12-31": "-318.00000", "2008-09-30": "-324.00000", "2008-06-30": "191.00000", "2008-03-31": "200.00000", "2007-12-31": "210.00000", "2007-09-30": "174.00000", "2007-06-30": "227.00000", "2007-03-31": "294.00000", "2006-12-31": "356.00000", "2006-09-30": "305.00000", "2006-06-30": "241.00000", "2006-03-31": "235.00000", "2005-12-31": "-226.00000", "2005-09-30": "3.00000", "2005-06-30": "288.00000", "2005-03-31": "178.00000"}, "Income From Discontinued Operations": {"2020-09-30": "", "2020-06-30": "", "2020-03-31": "", "2019-12-31": "", "2019-09-30": "", "2019-06-30": "", "2019-03-31": "", "2018-12-31": "", "2018-09-30": "", "2018-06-30": "", "2018-03-31": "", "2017-12-31": "", "2017-09-30": "", "2017-06-30": "", "2017-03-31": "", "2016-12-31": "", "2016-09-30": "", "2016-06-30": "", "2016-03-31": "", "2015-12-31": "", "2015-09-30": "", "2015-06-30": "", "2015-03-31": "", "2014-12-31": "", "2014-09-30": "4.00000", "2014-06-30": "6.00000", "2014-03-31": "-207.00000", "2013-12-31": "8.00000", "2013-09-30": "1.00000", "2013-06-30": "4.00000", "2013-03-31": "9.00000", "2012-12-31": "", "2012-09-30": "", "2012-06-30": "", "2012-03-31": "", "2011-12-31": "", "2011-09-30": "", "2011-06-30": "", "2011-03-31": "-1.00000", "2010-12-31": "", "2010-09-30": "-22.00000", "2010-06-30": "1.00000", "2010-03-31": "", "2009-12-31": "", "2009-09-30": "-1.00000", "2009-06-30": "-1.00000", "2009-03-31": "", "2008-12-31": "-1.00000", "2008-09-30": "9.00000", "2008-06-30": "2.00000", "2008-03-31": "-1.00000", "2007-12-31": "2.00000", "2007-09-30": "", "2007-06-30": "-10.00000", "2007-03-31": "2.00000", "2006-12-31": "-27.00000", "2006-09-30": "6.00000", "2006-06-30": "-2.00000", "2006-03-31": "-6.00000", "2005-12-31": "9.00000", "2005-09-30": "3.00000", "2005-06-30": "2.00000", "2005-03-31": "7.00000"}, "Net Income": {"2020-09-30": "213.00000", "2020-06-30": "151.00000", "2020-03-31": "-61.00000", "2019-12-31": "273.00000", "2019-09-30": "107.00000", "2019-06-30": "278.00000", "2019-03-31": "342.00000", "2018-12-31": "-84.00000", "2018-09-30": "336.00000", "2018-06-30": "270.00000", "2018-03-31": "291.00000", "2017-12-31": "223.00000", "2017-09-30": "144.00000", "2017-06-30": "272.00000", "2017-03-31": "260.00000", "2016-12-31": "241.00000", "2016-09-30": "343.00000", "2016-06-30": "209.00000", "2016-03-31": "66.00000", "2015-12-31": "-70.00000", "2015-09-30": "178.00000", "2015-06-30": "138.00000", "2015-03-31": "233.00000", "2014-12-31": "198.00000", "2014-09-30": "213.00000", "2014-06-30": "267.00000", "2014-03-31": "13.00000", "2013-12-31": "221.00000", "2013-09-30": "272.00000", "2013-06-30": "194.00000", "2013-03-31": "250.00000", "2012-12-31": "-9.00000", "2012-09-30": "221.00000", "2012-06-30": "166.00000", "2012-03-31": "250.00000", "2011-12-31": "193.00000", "2011-09-30": "75.00000", "2011-06-30": "124.00000", "2011-03-31": "220.00000", "2010-12-31": "227.00000", "2010-09-30": "-140.00000", "2010-06-30": "283.00000", "2010-03-31": "245.00000", "2009-12-31": "277.00000", "2009-09-30": "263.00000", "2009-06-30": "105.00000", "2009-03-31": "-226.00000", "2008-12-31": "-336.00000", "2008-09-30": "-331.00000", "2008-06-30": "181.00000", "2008-03-31": "187.00000", "2007-12-31": "164.00000", "2007-09-30": "174.00000", "2007-06-30": "217.00000", "2007-03-31": "296.00000", "2006-12-31": "329.00000", "2006-09-30": "311.00000", "2006-06-30": "239.00000", "2006-03-31": "229.00000", "2005-12-31": "-217.00000", "2005-09-30": "6.00000", "2005-06-30": "290.00000", "2005-03-31": "185.00000"}, "EBITDA": {"2020-09-30": "278.00000", "2020-06-30": "211.00000", "2020-03-31": "-57.00000", "2019-12-31": "357.00000", "2019-09-30": "158.00000", "2019-06-30": "371.00000", "2019-03-31": "447.00000", "2018-12-31": "-82.00000", "2018-09-30": "436.00000", "2018-06-30": "371.00000", "2018-03-31": "386.00000", "2017-12-31": "459.00000", "2017-09-30": "242.00000", "2017-06-30": "423.00000", "2017-03-31": "395.00000", "2016-12-31": "367.00000", "2016-09-30": "525.00000", "2016-06-30": "338.00000", "2016-03-31": "116.00000", "2015-12-31": "-67.00000", "2015-09-30": "291.00000", "2015-06-30": "210.00000", "2015-03-31": "371.00000", "2014-12-31": "335.00000", "2014-09-30": "360.00000", "2014-06-30": "433.00000", "2014-03-31": "361.00000", "2013-12-31": "344.00000", "2013-09-30": "429.00000", "2013-06-30": "332.00000", "2013-03-31": "414.00000", "2012-12-31": "23.00000", "2012-09-30": "391.00000", "2012-06-30": "282.00000", "2012-03-31": "403.00000", "2011-12-31": "286.00000", "2011-09-30": "178.00000", "2011-06-30": "222.00000", "2011-03-31": "375.00000", "2010-12-31": "505.00000", "2010-09-30": "-133.00000", "2010-06-30": "477.00000", "2010-03-31": "381.00000", "2009-12-31": "384.00000", "2009-09-30": "387.00000", "2009-06-30": "126.00000", "2009-03-31": "-341.00000", "2008-12-31": "-542.00000", "2008-09-30": "-569.00000", "2008-06-30": "232.00000", "2008-03-31": "251.00000", "2007-12-31": "208.00000", "2007-09-30": "236.00000", "2007-06-30": "303.00000", "2007-03-31": "427.00000", "2006-12-31": "486.00000", "2006-09-30": "436.00000", "2006-06-30": "288.00000", "2006-03-31": "332.00000", "2005-12-31": "-404.00000", "2005-09-30": "-24.00000", "2005-06-30": "345.00000", "2005-03-31": "270.00000"}, "EBIT": {"2020-09-30": "282.00000", "2020-06-30": "213.00000", "2020-03-31": "-58.00000", "2019-12-31": "366.00000", "2019-09-30": "159.00000", "2019-06-30": "376.00000", "2019-03-31": "453.00000", "2018-12-31": "-80.00000", "2018-09-30": "436.00000", "2018-06-30": "365.00000", "2018-03-31": "381.00000", "2017-12-31": "447.00000", "2017-09-30": "228.00000", "2017-06-30": "410.00000", "2017-03-31": "386.00000", "2016-12-31": "357.00000", "2016-09-30": "514.00000", "2016-06-30": "326.00000", "2016-03-31": "99.00000", "2015-12-31": "-123.00000", "2015-09-30": "272.00000", "2015-06-30": "203.00000", "2015-03-31": "352.00000", "2014-12-31": "297.00000", "2014-09-30": "341.00000", "2014-06-30": "410.00000", "2014-03-31": "342.00000", "2013-12-31": "327.00000", "2013-09-30": "413.00000", "2013-06-30": "311.00000", "2013-03-31": "391.00000", "2012-12-31": "-7.00000", "2012-09-30": "357.00000", "2012-06-30": "273.00000", "2012-03-31": "406.00000", "2011-12-31": "283.00000", "2011-09-30": "167.00000", "2011-06-30": "219.00000", "2011-03-31": "377.00000", "2010-12-31": "520.00000", "2010-09-30": "-127.00000", "2010-06-30": "483.00000", "2010-03-31": "393.00000", "2009-12-31": "390.00000", "2009-09-30": "420.00000", "2009-06-30": "162.00000", "2009-03-31": "-304.00000", "2008-12-31": "-503.00000", "2008-09-30": "-509.00000", "2008-06-30": "286.00000", "2008-03-31": "298.00000", "2007-12-31": "247.00000", "2007-09-30": "281.00000", "2007-06-30": "364.00000", "2007-03-31": "470.00000", "2006-12-31": "536.00000", "2006-09-30": "484.00000", "2006-06-30": "366.00000", "2006-03-31": "382.00000", "2005-12-31": "-348.00000", "2005-09-30": "-8.00000", "2005-06-30": "364.00000", "2005-03-31": "278.00000"}, "Basic Shares Outstanding": {"2020-09-30": "271.70000", "2020-06-30": "271.50000", "2020-03-31": "271.50000", "2019-12-31": "271.60000", "2019-09-30": "271.60000", "2019-06-30": "271.60000", "2019-03-31": "271.60000", "2018-12-31": "271.50000", "2018-09-30": "271.60000", "2018-06-30": "271.50000", "2018-03-31": "271.40000", "2017-12-31": "271.10000", "2017-09-30": "271.20000", "2017-06-30": "271.10000", "2017-03-31": "270.70000", "2016-12-31": "270.40000", "2016-09-30": "270.50000", "2016-06-30": "270.50000", "2016-03-31": "270.30000", "2015-12-31": "270.20000", "2015-09-30": "270.30000", "2015-06-30": "270.30000", "2015-03-31": "270.10000", "2014-12-31": "269.90000", "2014-09-30": "269.90000", "2014-06-30": "269.90000", "2014-03-31": "269.80000", "2013-12-31": "269.70000", "2013-09-30": "269.70000", "2013-06-30": "269.70000", "2013-03-31": "269.50000", "2012-12-31": "269.40000", "2012-09-30": "269.40000", "2012-06-30": "269.40000", "2012-03-31": "269.30000", "2011-12-31": "269.30000", "2011-09-30": "269.30000", "2011-06-30": "269.30000", "2011-03-31": "269.20000", "2010-12-31": "269.10000", "2010-09-30": "269.20000", "2010-06-30": "269.10000", "2010-03-31": "269.10000", "2009-12-31": "269.00000", "2009-09-30": "269.00000", "2009-06-30": "269.00000", "2009-03-31": "269.00000", "2008-12-31": "269.40000", "2008-09-30": "269.00000", "2008-06-30": "269.00000", "2008-03-31": "270.70000", "2007-12-31": "271.50000", "2007-09-30": "271.60000", "2007-06-30": "271.60000", "2007-03-31": "271.30000", "2006-12-31": "262.10000", "2006-09-30": "265.00000", "2006-06-30": "256.00000", "2006-03-31": "256.00000", "2005-12-31": "256.00000", "2005-09-30": "256.00000", "2005-06-30": "256.00000", "2005-03-31": "256.00000"}, "Shares Outstanding": {"2020-09-30": "272.30000", "2020-06-30": "272.00000", "2020-03-31": "271.50000", "2019-12-31": "272.50000", "2019-09-30": "272.60000", "2019-06-30": "272.40000", "2019-03-31": "272.60000", "2018-12-31": "272.50000", "2018-09-30": "272.50000", "2018-06-30": "272.40000", "2018-03-31": "272.00000", "2017-12-31": "272.10000", "2017-09-30": "272.10000", "2017-06-30": "271.90000", "2017-03-31": "271.70000", "2016-12-31": "271.10000", "2016-09-30": "271.20000", "2016-06-30": "270.90000", "2016-03-31": "270.90000", "2015-12-31": "270.70000", "2015-09-30": "270.80000", "2015-06-30": "270.70000", "2015-03-31": "270.70000", "2014-12-31": "270.60000", "2014-09-30": "270.60000", "2014-06-30": "270.60000", "2014-03-31": "270.00000", "2013-12-31": "270.20000", "2013-09-30": "270.20000", "2013-06-30": "270.10000", "2013-03-31": "269.90000", "2012-12-31": "269.80000", "2012-09-30": "269.80000", "2012-06-30": "269.80000", "2012-03-31": "269.70000", "2011-12-31": "269.60000", "2011-09-30": "269.60000", "2011-06-30": "269.60000", "2011-03-31": "269.50000", "2010-12-31": "269.50000", "2010-09-30": "269.20000", "2010-06-30": "269.30000", "2010-03-31": "269.20000", "2009-12-31": "269.10000", "2009-09-30": "269.20000", "2009-06-30": "269.00000", "2009-03-31": "269.00000", "2008-12-31": "269.40000", "2008-09-30": "269.10000", "2008-06-30": "269.10000", "2008-03-31": "270.80000", "2007-12-31": "271.80000", "2007-09-30": "271.90000", "2007-06-30": "271.90000", "2007-03-31": "271.60000", "2006-12-31": "262.30000", "2006-09-30": "265.20000", "2006-06-30": "256.00000", "2006-03-31": "256.00000", "2005-12-31": "256.00000", "2005-09-30": "256.00000", "2005-06-30": "256.00000", "2005-03-31": "256.00000"}, "Basic EPS": {"2020-09-30": "0.79000", "2020-06-30": "0.56000", "2020-03-31": "-0.23000", "2019-12-31": "1.00000", "2019-09-30": "0.39000", "2019-06-30": "1.03000", "2019-03-31": "1.26000", "2018-12-31": "-0.31000", "2018-09-30": "1.24000", "2018-06-30": "0.99000", "2018-03-31": "1.07000", "2017-12-31": "0.82000", "2017-09-30": "0.53000", "2017-06-30": "1.01000", "2017-03-31": "0.96000", "2016-12-31": "0.89000", "2016-09-30": "1.27000", "2016-06-30": "0.77000", "2016-03-31": "0.25000", "2015-12-31": "-0.26000", "2015-09-30": "0.66000", "2015-06-30": "0.51000", "2015-03-31": "0.86000", "2014-12-31": "0.73000", "2014-09-30": "0.79000", "2014-06-30": "0.99000", "2014-03-31": "0.05000", "2013-12-31": "0.82000", "2013-09-30": "1.01000", "2013-06-30": "0.72000", "2013-03-31": "0.93000", "2012-12-31": "-0.04000", "2012-09-30": "0.82000", "2012-06-30": "0.62000", "2012-03-31": "0.93000", "2011-12-31": "0.71000", "2011-09-30": "0.28000", "2011-06-30": "0.46000", "2011-03-31": "0.82000", "2010-12-31": "1.09000", "2010-09-30": "-0.59000", "2010-06-30": "0.96000", "2010-03-31": "0.82000", "2009-12-31": "0.81000", "2009-09-30": "0.86000", "2009-06-30": "0.27000", "2009-03-31": "-0.84000", "2008-12-31": "-1.31000", "2008-09-30": "-1.23000", "2008-06-30": "0.67000", "2008-03-31": "0.69000", "2007-12-31": "0.60000", "2007-09-30": "0.64000", "2007-06-30": "0.80000", "2007-03-31": "1.09000", "2006-12-31": "1.23000", "2006-09-30": "1.15000", "2006-06-30": "0.86000", "2006-03-31": "0.82000", "2005-12-31": "-0.92000", "2005-09-30": "-0.04000", "2005-06-30": "1.06000", "2005-03-31": "0.66000"}, "EPS - Earnings Per Share": {"2020-09-30": "0.79000", "2020-06-30": "0.55000", "2020-03-31": "-0.23000", "2019-12-31": "1.01000", "2019-09-30": "0.39000", "2019-06-30": "1.02000", "2019-03-31": "1.25000", "2018-12-31": "-0.31000", "2018-09-30": "1.23000", "2018-06-30": "0.99000", "2018-03-31": "1.07000", "2017-12-31": "0.81000", "2017-09-30": "0.53000", "2017-06-30": "1.00000", "2017-03-31": "0.96000", "2016-12-31": "0.90000", "2016-09-30": "1.26000", "2016-06-30": "0.77000", "2016-03-31": "0.24000", "2015-12-31": "-0.26000", "2015-09-30": "0.66000", "2015-06-30": "0.51000", "2015-03-31": "0.86000", "2014-12-31": "0.73000", "2014-09-30": "0.79000", "2014-06-30": "0.98000", "2014-03-31": "0.05000", "2013-12-31": "0.81000", "2013-09-30": "1.01000", "2013-06-30": "0.72000", "2013-03-31": "0.93000", "2012-12-31": "-0.04000", "2012-09-30": "0.82000", "2012-06-30": "0.62000", "2012-03-31": "0.93000", "2011-12-31": "0.71000", "2011-09-30": "0.28000", "2011-06-30": "0.46000", "2011-03-31": "0.82000", "2010-12-31": "1.09000", "2010-09-30": "-0.59000", "2010-06-30": "0.96000", "2010-03-31": "0.82000", "2009-12-31": "0.81000", "2009-09-30": "0.86000", "2009-06-30": "0.27000", "2009-03-31": "-0.84000", "2008-12-31": "-1.31000", "2008-09-30": "-1.23000", "2008-06-30": "0.67000", "2008-03-31": "0.69000", "2007-12-31": "0.60000", "2007-09-30": "0.64000", "2007-06-30": "0.80000", "2007-03-31": "1.09000", "2006-12-31": "1.22000", "2006-09-30": "1.15000", "2006-06-30": "0.86000", "2006-03-31": "0.82000", "2005-12-31": "-0.92000", "2005-09-30": "-0.04000", "2005-06-30": "1.06000", "2005-03-31": "0.66000"}}, "balance sheet": {"Cash On Hand": {"2019-12-31": "242.00000", "2018-12-31": "310.00000", "2017-12-31": "355.00000", "2016-12-31": "271.00000", "2015-12-31": "387.00000", "2014-12-31": "190.00000", "2013-12-31": "195.00000", "2012-12-31": "156.00000", "2011-12-31": "75.00000", "2010-12-31": "77.00000", "2009-12-31": "140.00000", "2008-12-31": "85.00000", "2007-12-31": "94.00000", "2006-12-31": "84.00000", "2005-12-31": "96.00000"}, "Receivables": {"2019-12-31": "6628.00000", "2018-12-31": "6749.00000", "2017-12-31": "6553.00000", "2016-12-31": "6625.00000", "2015-12-31": "6531.00000", "2014-12-31": "6630.00000", "2013-12-31": "7996.00000", "2012-12-31": "8040.00000", "2011-12-31": "7615.00000", "2010-12-31": "8636.00000", "2009-12-31": "8237.00000", "2008-12-31": "9615.00000", "2007-12-31": "10342.00000", "2006-12-31": "11889.00000", "2005-12-31": "14578.00000"}, "Inventory": {"2019-12-31": "", "2018-12-31": "", "2017-12-31": "", "2016-12-31": "", "2015-12-31": "", "2014-12-31": "", "2013-12-31": "", "2012-12-31": "", "2011-12-31": "", "2010-12-31": "", "2009-12-31": "", "2008-12-31": "", "2007-12-31": "", "2006-12-31": "", "2005-12-31": ""}, "Pre-Paid Expenses": {"2019-12-31": "", "2018-12-31": "", "2017-12-31": "", "2016-12-31": "", "2015-12-31": "", "2014-12-31": "", "2013-12-31": "", "2012-12-31": "", "2011-12-31": "", "2010-12-31": "", "2009-12-31": "", "2008-12-31": "", "2007-12-31": "", "2006-12-31": "", "2005-12-31": ""}, "Other Current Assets": {"2019-12-31": "", "2018-12-31": "", "2017-12-31": "", "2016-12-31": "", "2015-12-31": "", "2014-12-31": "", "2013-12-31": "", "2012-12-31": "", "2011-12-31": "", "2010-12-31": "", "2009-12-31": "", "2008-12-31": "", "2007-12-31": "", "2006-12-31": "", "2005-12-31": ""}, "Total Current Assets": {"2019-12-31": "6870.00000", "2018-12-31": "7059.00000", "2017-12-31": "6908.00000", "2016-12-31": "6896.00000", "2015-12-31": "6918.00000", "2014-12-31": "6820.00000", "2013-12-31": "8191.00000", "2012-12-31": "8196.00000", "2011-12-31": "7690.00000", "2010-12-31": "8713.00000", "2009-12-31": "8377.00000", "2008-12-31": "9700.00000", "2007-12-31": "10436.00000", "2006-12-31": "11973.00000", "2005-12-31": "14674.00000"}, "Property, Plant, And Equipment": {"2019-12-31": "282.00000", "2018-12-31": "324.00000", "2017-12-31": "326.00000", "2016-12-31": "310.00000", "2015-12-31": "343.00000", "2014-12-31": "295.00000", "2013-12-31": "304.00000", "2012-12-31": "326.00000", "2011-12-31": "309.00000", "2010-12-31": "333.00000", "2009-12-31": "360.00000", "2008-12-31": "393.00000", "2007-12-31": "378.00000", "2006-12-31": "277.00000", "2005-12-31": "197.00000"}, "Long-Term Investments": {"2019-12-31": "48139.00000", "2018-12-31": "44877.00000", "2017-12-31": "47281.00000", "2016-12-31": "45825.00000", "2015-12-31": "45103.00000", "2014-12-31": "46667.00000", "2013-12-31": "46550.00000", "2012-12-31": "48070.00000", "2011-12-31": "44809.00000", "2010-12-31": "43080.00000", "2009-12-31": "42412.00000", "2008-12-31": "35359.00000", "2007-12-31": "42119.00000", "2006-12-31": "44409.00000", "2005-12-31": "40007.00000"}, "Goodwill And Intangible Assets": {"2019-12-31": "147.00000", "2018-12-31": "146.00000", "2017-12-31": "148.00000", "2016-12-31": "145.00000", "2015-12-31": "150.00000", "2014-12-31": "152.00000", "2013-12-31": "155.00000", "2012-12-31": "154.00000", "2011-12-31": "123.00000", "2010-12-31": "141.00000", "2009-12-31": "141.00000", "2008-12-31": "141.00000", "2007-12-31": "142.00000", "2006-12-31": "142.00000", "2005-12-31": "146.00000"}, "Other Long-Term Assets": {"2019-12-31": "1473.00000", "2018-12-31": "1208.00000", "2017-12-31": "921.00000", "2016-12-31": "1078.00000", "2015-12-31": "1295.00000", "2014-12-31": "841.00000", "2013-12-31": "1150.00000", "2012-12-31": "1085.00000", "2011-12-31": "1212.00000", "2010-12-31": "1318.00000", "2009-12-31": "1567.00000", "2008-12-31": "1477.00000", "2007-12-31": "1325.00000", "2006-12-31": "1437.00000", "2005-12-31": "1690.00000"}, "Total Long-Term Assets": {"2019-12-31": "53742.00000", "2018-12-31": "50093.00000", "2017-12-31": "49659.00000", "2016-12-31": "48337.00000", "2015-12-31": "48127.00000", "2014-12-31": "48746.00000", "2013-12-31": "49003.00000", "2012-12-31": "50326.00000", "2011-12-31": "47420.00000", "2010-12-31": "46618.00000", "2009-12-31": "46921.00000", "2008-12-31": "41988.00000", "2007-12-31": "46323.00000", "2006-12-31": "48310.00000", "2005-12-31": "44342.00000"}, "Total Assets": {"2019-12-31": "60612.00000", "2018-12-31": "57152.00000", "2017-12-31": "56567.00000", "2016-12-31": "55233.00000", "2015-12-31": "55045.00000", "2014-12-31": "55566.00000", "2013-12-31": "57194.00000", "2012-12-31": "58522.00000", "2011-12-31": "55110.00000", "2010-12-31": "55331.00000", "2009-12-31": "55298.00000", "2008-12-31": "51688.00000", "2007-12-31": "56759.00000", "2006-12-31": "60283.00000", "2005-12-31": "59016.00000"}, "Total Current Liabilities": {"2019-12-31": "38614.00000", "2018-12-31": "36764.00000", "2017-12-31": "37362.00000", "2016-12-31": "36431.00000", "2015-12-31": "36836.00000", "2014-12-31": "36380.00000", "2013-12-31": "38943.00000", "2012-12-31": "40018.00000", "2011-12-31": "37705.00000", "2010-12-31": "38050.00000", "2009-12-31": "38319.00000", "2008-12-31": "39107.00000", "2007-12-31": "41018.00000", "2006-12-31": "41669.00000", "2005-12-31": "44377.00000"}, "Long Term Debt": {"2019-12-31": "2679.00000", "2018-12-31": "2680.00000", "2017-12-31": "2708.00000", "2016-12-31": "2710.00000", "2015-12-31": "2210.00000", "2014-12-31": "2559.00000", "2013-12-31": "2011.00000", "2012-12-31": "2557.00000", "2011-12-31": "2525.00000", "2010-12-31": "2251.00000", "2009-12-31": "2303.00000", "2008-12-31": "2070.00000", "2007-12-31": "2223.00000", "2006-12-31": "5228.00000", "2005-12-31": "2334.00000"}, "Other Non-Current Liabilities": {"2019-12-31": "7104.00000", "2018-12-31": "6491.00000", "2017-12-31": "4253.00000", "2016-12-31": "4123.00000", "2015-12-31": "4243.00000", "2014-12-31": "3833.00000", "2013-12-31": "3589.00000", "2012-12-31": "3633.00000", "2011-12-31": "3392.00000", "2010-12-31": "3506.00000", "2009-12-31": "3510.00000", "2008-12-31": "3214.00000", "2007-12-31": "2981.00000", "2006-12-31": "3243.00000", "2005-12-31": "3064.00000"}, "Total Long Term Liabilities": {"2019-12-31": "9783.00000", "2018-12-31": "9171.00000", "2017-12-31": "6961.00000", "2016-12-31": "6833.00000", "2015-12-31": "6453.00000", "2014-12-31": "6392.00000", "2013-12-31": "5600.00000", "2012-12-31": "6190.00000", "2011-12-31": "5917.00000", "2010-12-31": "5757.00000", "2009-12-31": "5813.00000", "2008-12-31": "5284.00000", "2007-12-31": "5591.00000", "2006-12-31": "8846.00000", "2005-12-31": "5689.00000"}, "Total Liabilities": {"2019-12-31": "48397.00000", "2018-12-31": "45935.00000", "2017-12-31": "44323.00000", "2016-12-31": "43264.00000", "2015-12-31": "43289.00000", "2014-12-31": "42772.00000", "2013-12-31": "44543.00000", "2012-12-31": "46208.00000", "2011-12-31": "43622.00000", "2010-12-31": "43807.00000", "2009-12-31": "44132.00000", "2008-12-31": "44391.00000", "2007-12-31": "46609.00000", "2006-12-31": "50515.00000", "2005-12-31": "50066.00000"}, "Common Stock Net": {"2019-12-31": "683.00000", "2018-12-31": "683.00000", "2017-12-31": "683.00000", "2016-12-31": "683.00000", "2015-12-31": "683.00000", "2014-12-31": "683.00000", "2013-12-31": "683.00000", "2012-12-31": "683.00000", "2011-12-31": "683.00000", "2010-12-31": "683.00000", "2009-12-31": "683.00000", "2008-12-31": "683.00000", "2007-12-31": "683.00000", "2006-12-31": "683.00000", "2005-12-31": "645.00000"}, "Retained Earnings (Accumulated Deficit)": {"2019-12-31": "9348.00000", "2018-12-31": "9277.00000", "2017-12-31": "9414.00000", "2016-12-31": "9359.00000", "2015-12-31": "9313.00000", "2014-12-31": "9645.00000", "2013-12-31": "9495.00000", "2012-12-31": "8774.00000", "2011-12-31": "8308.00000", "2010-12-31": "7876.00000", "2009-12-31": "7264.00000", "2008-12-31": "6845.00000", "2007-12-31": "7285.00000", "2006-12-31": "6486.00000", "2005-12-31": "5621.00000"}, "Comprehensive Income": {"2019-12-31": "51.00000", "2018-12-31": "-878.00000", "2017-12-31": "32.00000", "2016-12-31": "-173.00000", "2015-12-31": "-315.00000", "2014-12-31": "400.00000", "2013-12-31": "442.00000", "2012-12-31": "831.00000", "2011-12-31": "480.00000", "2010-12-31": "326.00000", "2009-12-31": "-325.00000", "2008-12-31": "-3924.00000", "2007-12-31": "103.00000", "2006-12-31": "549.00000", "2005-12-31": "359.00000"}, "Other Share Holders Equity": {"2019-12-31": "", "2018-12-31": "", "2017-12-31": "", "2016-12-31": "", "2015-12-31": "", "2014-12-31": "-1.00000", "2013-12-31": "-23.00000", "2012-12-31": "-21.00000", "2011-12-31": "-22.00000", "2010-12-31": "-26.00000", "2009-12-31": "-30.00000", "2008-12-31": "-42.00000", "2007-12-31": "-51.00000", "2006-12-31": "-58.00000", "2005-12-31": "-59.00000"}, "Share Holder Equity": {"2019-12-31": "12215.00000", "2018-12-31": "11217.00000", "2017-12-31": "12244.00000", "2016-12-31": "11969.00000", "2015-12-31": "11756.00000", "2014-12-31": "12794.00000", "2013-12-31": "12651.00000", "2012-12-31": "12314.00000", "2011-12-31": "11488.00000", "2010-12-31": "11524.00000", "2009-12-31": "11166.00000", "2008-12-31": "7297.00000", "2007-12-31": "10150.00000", "2006-12-31": "9768.00000", "2005-12-31": "8950.00000"}, "Total Liabilities And Share Holders Equity": {"2019-12-31": "60612.00000", "2018-12-31": "57152.00000", "2017-12-31": "56567.00000", "2016-12-31": "55233.00000", "2015-12-31": "55045.00000", "2014-12-31": "55566.00000", "2013-12-31": "57194.00000", "2012-12-31": "58522.00000", "2011-12-31": "55110.00000", "2010-12-31": "55331.00000", "2009-12-31": "55298.00000", "2008-12-31": "51688.00000", "2007-12-31": "56759.00000", "2006-12-31": "60283.00000", "2005-12-31": "59016.00000"}}, "balance sheet, quarterly": {"Cash On Hand": {"2020-09-30": "442.00000", "2020-06-30": "586.00000", "2020-03-31": "857.00000", "2019-12-31": "242.00000", "2019-09-30": "340.00000", "2019-06-30": "271.00000", "2019-03-31": "223.00000", "2018-12-31": "310.00000", "2018-09-30": "310.00000", "2018-06-30": "288.00000", "2018-03-31": "282.00000", "2017-12-31": "355.00000", "2017-09-30": "283.00000", "2017-06-30": "225.00000", "2017-03-31": "299.00000", "2016-12-31": "271.00000", "2016-09-30": "290.00000", "2016-06-30": "289.00000", "2016-03-31": "242.00000", "2015-12-31": "387.00000", "2015-09-30": "236.00000", "2015-06-30": "145.00000", "2015-03-31": "201.00000", "2014-12-31": "190.00000", "2014-09-30": "247.00000", "2014-06-30": "204.00000", "2014-03-31": "206.00000", "2013-12-31": "195.00000", "2013-09-30": "185.00000", "2013-06-30": "121.00000", "2013-03-31": "123.00000", "2012-12-31": "156.00000", "2012-09-30": "129.00000", "2012-06-30": "100.00000", "2012-03-31": "59.00000", "2011-12-31": "75.00000", "2011-09-30": "84.00000", "2011-06-30": "84.00000", "2011-03-31": "81.00000", "2010-12-31": "77.00000", "2010-09-30": "82.00000", "2010-06-30": "72.00000", "2010-03-31": "95.00000", "2009-12-31": "140.00000", "2009-09-30": "128.00000", "2009-06-30": "98.00000", "2009-03-31": "94.00000", "2008-12-31": "85.00000", "2008-09-30": "115.00000", "2008-06-30": "78.00000", "2008-03-31": "132.00000", "2007-12-31": "94.00000", "2007-09-30": "80.00000", "2007-06-30": "80.00000", "2007-03-31": "91.00000", "2006-12-31": "84.00000", "2006-09-30": "98.00000", "2006-06-30": "98.00000", "2006-03-31": "96.00000", "2005-12-31": "96.00000", "2005-09-30": "86.00000", "2005-06-30": "70.00000", "2005-03-31": "93.00000"}, "Receivables": {"2020-09-30": "6897.00000", "2020-06-30": "7190.00000", "2020-03-31": "6830.00000", "2019-12-31": "6628.00000", "2019-09-30": "6527.00000", "2019-06-30": "6885.00000", "2019-03-31": "6712.00000", "2018-12-31": "6749.00000", "2018-09-30": "6578.00000", "2018-06-30": "7133.00000", "2018-03-31": "6779.00000", "2017-12-31": "6553.00000", "2017-09-30": "6626.00000", "2017-06-30": "6832.00000", "2017-03-31": "6539.00000", "2016-12-31": "6625.00000", "2016-09-30": "6812.00000", "2016-06-30": "7051.00000", "2016-03-31": "6843.00000", "2015-12-31": "6531.00000", "2015-09-30": "6548.00000", "2015-06-30": "6841.00000", "2015-03-31": "6770.00000", "2014-12-31": "6630.00000", "2014-09-30": "6763.00000", "2014-06-30": "7192.00000", "2014-03-31": "7084.00000", "2013-12-31": "7996.00000", "2013-09-30": "7724.00000", "2013-06-30": "8103.00000", "2013-03-31": "8040.00000", "2012-12-31": "8040.00000", "2012-09-30": "7742.00000", "2012-06-30": "7545.00000", "2012-03-31": "7562.00000", "2011-12-31": "7615.00000", "2011-09-30": "8417.00000", "2011-06-30": "8497.00000", "2011-03-31": "8565.00000", "2010-12-31": "8636.00000", "2010-09-30": "8939.00000", "2010-06-30": "7916.00000", "2010-03-31": "7973.00000", "2009-12-31": "8237.00000", "2009-09-30": "8599.00000", "2009-06-30": "9219.00000", "2009-03-31": "9275.00000", "2008-12-31": "9615.00000", "2008-09-30": "10761.00000", "2008-06-30": "10566.00000", "2008-03-31": "10617.00000", "2007-12-31": "10342.00000", "2007-09-30": "11645.00000", "2007-06-30": "11818.00000", "2007-03-31": "12013.00000", "2006-12-31": "11889.00000", "2006-09-30": "13139.00000", "2006-06-30": "13741.00000", "2006-03-31": "14263.00000", "2005-12-31": "14578.00000", "2005-09-30": "16820.00000", "2005-06-30": "17304.00000", "2005-03-31": "17901.00000"}, "Inventory": {"2020-09-30": "", "2020-06-30": "", "2020-03-31": "", "2019-12-31": "", "2019-09-30": "", "2019-06-30": "", "2019-03-31": "", "2018-12-31": "", "2018-09-30": "", "2018-06-30": "", "2018-03-31": "", "2017-12-31": "", "2017-09-30": "", "2017-06-30": "", "2017-03-31": "", "2016-12-31": "", "2016-09-30": "", "2016-06-30": "", "2016-03-31": "", "2015-12-31": "", "2015-09-30": "", "2015-06-30": "", "2015-03-31": "", "2014-12-31": "", "2014-09-30": "", "2014-06-30": "", "2014-03-31": "", "2013-12-31": "", "2013-09-30": "", "2013-06-30": "", "2013-03-31": "", "2012-12-31": "", "2012-09-30": "", "2012-06-30": "", "2012-03-31": "", "2011-12-31": "", "2011-09-30": "", "2011-06-30": "", "2011-03-31": "", "2010-12-31": "", "2010-09-30": "", "2010-06-30": "", "2010-03-31": "", "2009-12-31": "", "2009-09-30": "", "2009-06-30": "", "2009-03-31": "", "2008-12-31": "", "2008-09-30": "", "2008-06-30": "", "2008-03-31": "", "2007-12-31": "", "2007-09-30": "", "2007-06-30": "", "2007-03-31": "", "2006-12-31": "", "2006-09-30": "", "2006-06-30": "", "2006-03-31": "", "2005-12-31": "", "2005-09-30": "", "2005-06-30": "", "2005-03-31": ""}, "Pre-Paid Expenses": {"2020-09-30": "", "2020-06-30": "", "2020-03-31": "", "2019-12-31": "", "2019-09-30": "", "2019-06-30": "", "2019-03-31": "", "2018-12-31": "", "2018-09-30": "", "2018-06-30": "", "2018-03-31": "", "2017-12-31": "", "2017-09-30": "", "2017-06-30": "", "2017-03-31": "", "2016-12-31": "", "2016-09-30": "", "2016-06-30": "", "2016-03-31": "", "2015-12-31": "", "2015-09-30": "", "2015-06-30": "", "2015-03-31": "", "2014-12-31": "", "2014-09-30": "", "2014-06-30": "", "2014-03-31": "", "2013-12-31": "", "2013-09-30": "", "2013-06-30": "", "2013-03-31": "", "2012-12-31": "", "2012-09-30": "", "2012-06-30": "", "2012-03-31": "", "2011-12-31": "", "2011-09-30": "", "2011-06-30": "", "2011-03-31": "", "2010-12-31": "", "2010-09-30": "", "2010-06-30": "", "2010-03-31": "", "2009-12-31": "", "2009-09-30": "", "2009-06-30": "", "2009-03-31": "", "2008-12-31": "", "2008-09-30": "", "2008-06-30": "", "2008-03-31": "", "2007-12-31": "", "2007-09-30": "", "2007-06-30": "", "2007-03-31": "", "2006-12-31": "", "2006-09-30": "", "2006-06-30": "", "2006-03-31": "", "2005-12-31": "", "2005-09-30": "", "2005-06-30": "", "2005-03-31": ""}, "Other Current Assets": {"2020-09-30": "", "2020-06-30": "", "2020-03-31": "", "2019-12-31": "", "2019-09-30": "", "2019-06-30": "", "2019-03-31": "", "2018-12-31": "", "2018-09-30": "", "2018-06-30": "", "2018-03-31": "", "2017-12-31": "", "2017-09-30": "", "2017-06-30": "", "2017-03-31": "", "2016-12-31": "", "2016-09-30": "", "2016-06-30": "", "2016-03-31": "", "2015-12-31": "", "2015-09-30": "", "2015-06-30": "", "2015-03-31": "", "2014-12-31": "", "2014-09-30": "", "2014-06-30": "", "2014-03-31": "", "2013-12-31": "", "2013-09-30": "", "2013-06-30": "", "2013-03-31": "", "2012-12-31": "", "2012-09-30": "", "2012-06-30": "", "2012-03-31": "", "2011-12-31": "", "2011-09-30": "", "2011-06-30": "", "2011-03-31": "", "2010-12-31": "", "2010-09-30": "", "2010-06-30": "", "2010-03-31": "", "2009-12-31": "", "2009-09-30": "", "2009-06-30": "", "2009-03-31": "", "2008-12-31": "", "2008-09-30": "", "2008-06-30": "", "2008-03-31": "", "2007-12-31": "", "2007-09-30": "", "2007-06-30": "", "2007-03-31": "", "2006-12-31": "", "2006-09-30": "", "2006-06-30": "", "2006-03-31": "", "2005-12-31": "", "2005-09-30": "", "2005-06-30": "", "2005-03-31": ""}, "Total Current Assets": {"2020-09-30": "7339.00000", "2020-06-30": "7776.00000", "2020-03-31": "7687.00000", "2019-12-31": "6870.00000", "2019-09-30": "6867.00000", "2019-06-30": "7156.00000", "2019-03-31": "6935.00000", "2018-12-31": "7059.00000", "2018-09-30": "6888.00000", "2018-06-30": "7421.00000", "2018-03-31": "7061.00000", "2017-12-31": "6908.00000", "2017-09-30": "6909.00000", "2017-06-30": "7057.00000", "2017-03-31": "6838.00000", "2016-12-31": "6896.00000", "2016-09-30": "7102.00000", "2016-06-30": "7340.00000", "2016-03-31": "7085.00000", "2015-12-31": "6918.00000", "2015-09-30": "6784.00000", "2015-06-30": "6986.00000", "2015-03-31": "6971.00000", "2014-12-31": "6820.00000", "2014-09-30": "7010.00000", "2014-06-30": "7396.00000", "2014-03-31": "7290.00000", "2013-12-31": "8191.00000", "2013-09-30": "7909.00000", "2013-06-30": "8224.00000", "2013-03-31": "8163.00000", "2012-12-31": "8196.00000", "2012-09-30": "7871.00000", "2012-06-30": "7645.00000", "2012-03-31": "7621.00000", "2011-12-31": "7690.00000", "2011-09-30": "8501.00000", "2011-06-30": "8581.00000", "2011-03-31": "8646.00000", "2010-12-31": "8713.00000", "2010-09-30": "9021.00000", "2010-06-30": "7988.00000", "2010-03-31": "8068.00000", "2009-12-31": "8377.00000", "2009-09-30": "8727.00000", "2009-06-30": "9317.00000", "2009-03-31": "9369.00000", "2008-12-31": "9700.00000", "2008-09-30": "10876.00000", "2008-06-30": "10644.00000", "2008-03-31": "10749.00000", "2007-12-31": "10436.00000", "2007-09-30": "11725.00000", "2007-06-30": "11898.00000", "2007-03-31": "12104.00000", "2006-12-31": "11973.00000", "2006-09-30": "13237.00000", "2006-06-30": "13839.00000", "2006-03-31": "14359.00000", "2005-12-31": "14674.00000", "2005-09-30": "16906.00000", "2005-06-30": "17374.00000", "2005-03-31": "17994.00000"}, "Property, Plant, And Equipment": {"2020-09-30": "256.00000", "2020-06-30": "264.00000", "2020-03-31": "271.00000", "2019-12-31": "282.00000", "2019-09-30": "293.00000", "2019-06-30": "302.00000", "2019-03-31": "314.00000", "2018-12-31": "324.00000", "2018-09-30": "332.00000", "2018-06-30": "347.00000", "2018-03-31": "346.00000", "2017-12-31": "326.00000", "2017-09-30": "325.00000", "2017-06-30": "336.00000", "2017-03-31": "324.00000", "2016-12-31": "310.00000", "2016-09-30": "287.00000", "2016-06-30": "276.00000", "2016-03-31": "263.00000", "2015-12-31": "343.00000", "2015-09-30": "320.00000", "2015-06-30": "317.00000", "2015-03-31": "298.00000", "2014-12-31": "295.00000", "2014-09-30": "287.00000", "2014-06-30": "289.00000", "2014-03-31": "293.00000", "2013-12-31": "304.00000", "2013-09-30": "334.00000", "2013-06-30": "327.00000", "2013-03-31": "323.00000", "2012-12-31": "326.00000", "2012-09-30": "317.00000", "2012-06-30": "310.00000", "2012-03-31": "307.00000", "2011-12-31": "309.00000", "2011-09-30": "324.00000", "2011-06-30": "300.00000", "2011-03-31": "316.00000", "2010-12-31": "333.00000", "2010-09-30": "337.00000", "2010-06-30": "340.00000", "2010-03-31": "350.00000", "2009-12-31": "360.00000", "2009-09-30": "363.00000", "2009-06-30": "378.00000", "2009-03-31": "390.00000", "2008-12-31": "393.00000", "2008-09-30": "404.00000", "2008-06-30": "402.00000", "2008-03-31": "394.00000", "2007-12-31": "378.00000", "2007-09-30": "353.00000", "2007-06-30": "334.00000", "2007-03-31": "296.00000", "2006-12-31": "277.00000", "2006-09-30": "239.00000", "2006-06-30": "222.00000", "2006-03-31": "200.00000", "2005-12-31": "197.00000", "2005-09-30": "230.00000", "2005-06-30": "223.00000", "2005-03-31": "230.00000"}, "Long-Term Investments": {"2020-09-30": "49407.00000", "2020-06-30": "48139.00000", "2020-03-31": "44488.00000", "2019-12-31": "48139.00000", "2019-09-30": "47944.00000", "2019-06-30": "47145.00000", "2019-03-31": "46045.00000", "2018-12-31": "44877.00000", "2018-09-30": "45335.00000", "2018-06-30": "45548.00000", "2018-03-31": "45949.00000", "2017-12-31": "47281.00000", "2017-09-30": "47183.00000", "2017-06-30": "46674.00000", "2017-03-31": "45710.00000", "2016-12-31": "45825.00000", "2016-09-30": "47414.00000", "2016-06-30": "46949.00000", "2016-03-31": "45797.00000", "2015-12-31": "45103.00000", "2015-09-30": "45757.00000", "2015-06-30": "45729.00000", "2015-03-31": "46362.00000", "2014-12-31": "46667.00000", "2014-09-30": "46762.00000", "2014-06-30": "46491.00000", "2014-03-31": "45445.00000", "2013-12-31": "46550.00000", "2013-09-30": "46715.00000", "2013-06-30": "46745.00000", "2013-03-31": "48069.00000", "2012-12-31": "48070.00000", "2012-09-30": "48272.00000", "2012-06-30": "46447.00000", "2012-03-31": "45943.00000", "2011-12-31": "44809.00000", "2011-09-30": "44572.00000", "2011-06-30": "43813.00000", "2011-03-31": "43299.00000", "2010-12-31": "43080.00000", "2010-09-30": "43987.00000", "2010-06-30": "43647.00000", "2010-03-31": "43283.00000", "2009-12-31": "42412.00000", "2009-09-30": "42090.00000", "2009-06-30": "38440.00000", "2009-03-31": "35835.00000", "2008-12-31": "35359.00000", "2008-09-30": "37443.00000", "2008-06-30": "39697.00000", "2008-03-31": "40929.00000", "2007-12-31": "42119.00000", "2007-09-30": "44251.00000", "2007-06-30": "44753.00000", "2007-03-31": "45524.00000", "2006-12-31": "44409.00000", "2006-09-30": "43265.00000", "2006-06-30": "40628.00000", "2006-03-31": "40937.00000", "2005-12-31": "40007.00000", "2005-09-30": "42100.00000", "2005-06-30": "40231.00000", "2005-03-31": "39992.00000"}, "Goodwill And Intangible Assets": {"2020-09-30": "146.00000", "2020-06-30": "145.00000", "2020-03-31": "145.00000", "2019-12-31": "147.00000", "2019-09-30": "145.00000", "2019-06-30": "146.00000", "2019-03-31": "147.00000", "2018-12-31": "146.00000", "2018-09-30": "147.00000", "2018-06-30": "147.00000", "2018-03-31": "149.00000", "2017-12-31": "148.00000", "2017-09-30": "147.00000", "2017-06-30": "147.00000", "2017-03-31": "146.00000", "2016-12-31": "145.00000", "2016-09-30": "146.00000", "2016-06-30": "147.00000", "2016-03-31": "150.00000", "2015-12-31": "150.00000", "2015-09-30": "151.00000", "2015-06-30": "153.00000", "2015-03-31": "151.00000", "2014-12-31": "152.00000", "2014-09-30": "154.00000", "2014-06-30": "156.00000", "2014-03-31": "155.00000", "2013-12-31": "155.00000", "2013-09-30": "154.00000", "2013-06-30": "152.00000", "2013-03-31": "151.00000", "2012-12-31": "154.00000", "2012-09-30": "285.00000", "2012-06-30": "139.00000", "2012-03-31": "139.00000", "2011-12-31": "123.00000", "2011-09-30": "141.00000", "2011-06-30": "141.00000", "2011-03-31": "141.00000", "2010-12-31": "141.00000", "2010-09-30": "141.00000", "2010-06-30": "141.00000", "2010-03-31": "141.00000", "2009-12-31": "141.00000", "2009-09-30": "141.00000", "2009-06-30": "141.00000", "2009-03-31": "141.00000", "2008-12-31": "141.00000", "2008-09-30": "142.00000", "2008-06-30": "142.00000", "2008-03-31": "142.00000", "2007-12-31": "142.00000", "2007-09-30": "142.00000", "2007-06-30": "142.00000", "2007-03-31": "142.00000", "2006-12-31": "142.00000", "2006-09-30": "142.00000", "2006-06-30": "146.00000", "2006-03-31": "147.00000", "2005-12-31": "146.00000", "2005-09-30": "145.00000", "2005-06-30": "145.00000", "2005-03-31": "145.00000"}, "Other Long-Term Assets": {"2020-09-30": "1788.00000", "2020-06-30": "1961.00000", "2020-03-31": "1708.00000", "2019-12-31": "1473.00000", "2019-09-30": "1571.00000", "2019-06-30": "1749.00000", "2019-03-31": "1579.00000", "2018-12-31": "1208.00000", "2018-09-30": "3589.00000", "2018-06-30": "3426.00000", "2018-03-31": "3241.00000", "2017-12-31": "921.00000", "2017-09-30": "1234.00000", "2017-06-30": "1178.00000", "2017-03-31": "1290.00000", "2016-12-31": "1078.00000", "2016-09-30": "1070.00000", "2016-06-30": "1281.00000", "2016-03-31": "1124.00000", "2015-12-31": "1295.00000", "2015-09-30": "915.00000", "2015-06-30": "961.00000", "2015-03-31": "1010.00000", "2014-12-31": "841.00000", "2014-09-30": "891.00000", "2014-06-30": "4455.00000", "2014-03-31": "4341.00000", "2013-12-31": "1150.00000", "2013-09-30": "1102.00000", "2013-06-30": "1154.00000", "2013-03-31": "1359.00000", "2012-12-31": "1085.00000", "2012-09-30": "1256.00000", "2012-06-30": "1247.00000", "2012-03-31": "1220.00000", "2011-12-31": "1212.00000", "2011-09-30": "1318.00000", "2011-06-30": "1457.00000", "2011-03-31": "1496.00000", "2010-12-31": "1318.00000", "2010-09-30": "1932.00000", "2010-06-30": "1617.00000", "2010-03-31": "1630.00000", "2009-12-31": "1567.00000", "2009-09-30": "1733.00000", "2009-06-30": "1630.00000", "2009-03-31": "1497.00000", "2008-12-31": "1477.00000", "2008-09-30": "1277.00000", "2008-06-30": "1324.00000", "2008-03-31": "1358.00000", "2007-12-31": "1325.00000", "2007-09-30": "1379.00000", "2007-06-30": "1406.00000", "2007-03-31": "1545.00000", "2006-12-31": "1437.00000", "2006-09-30": "1542.00000", "2006-06-30": "1515.00000", "2006-03-31": "1635.00000", "2005-12-31": "1690.00000", "2005-09-30": "2453.00000", "2005-06-30": "2629.00000", "2005-03-31": "2525.00000"}, "Total Long-Term Assets": {"2020-09-30": "55436.00000", "2020-06-30": "54319.00000", "2020-03-31": "50718.00000", "2019-12-31": "53742.00000", "2019-09-30": "53583.00000", "2019-06-30": "52807.00000", "2019-03-31": "51542.00000", "2018-12-31": "50093.00000", "2018-09-30": "50371.00000", "2018-06-30": "50437.00000", "2018-03-31": "50588.00000", "2017-12-31": "49659.00000", "2017-09-30": "49673.00000", "2017-06-30": "49148.00000", "2017-03-31": "48363.00000", "2016-12-31": "48337.00000", "2016-09-30": "49757.00000", "2016-06-30": "49566.00000", "2016-03-31": "48417.00000", "2015-12-31": "48127.00000", "2015-09-30": "48028.00000", "2015-06-30": "48036.00000", "2015-03-31": "48494.00000", "2014-12-31": "48746.00000", "2014-09-30": "48721.00000", "2014-06-30": "52041.00000", "2014-03-31": "50934.00000", "2013-12-31": "49003.00000", "2013-09-30": "49278.00000", "2013-06-30": "49343.00000", "2013-03-31": "50564.00000", "2012-12-31": "50326.00000", "2012-09-30": "50741.00000", "2012-06-30": "48854.00000", "2012-03-31": "48386.00000", "2011-12-31": "47420.00000", "2011-09-30": "47343.00000", "2011-06-30": "47193.00000", "2011-03-31": "46897.00000", "2010-12-31": "46618.00000", "2010-09-30": "47860.00000", "2010-06-30": "47686.00000", "2010-03-31": "47611.00000", "2009-12-31": "46921.00000", "2009-09-30": "46848.00000", "2009-06-30": "44271.00000", "2009-03-31": "42408.00000", "2008-12-31": "41988.00000", "2008-09-30": "42832.00000", "2008-06-30": "44537.00000", "2008-03-31": "45675.00000", "2007-12-31": "46323.00000", "2007-09-30": "48390.00000", "2007-06-30": "48839.00000", "2007-03-31": "49501.00000", "2006-12-31": "48310.00000", "2006-09-30": "47320.00000", "2006-06-30": "45073.00000", "2006-03-31": "45316.00000", "2005-12-31": "44342.00000", "2005-09-30": "47070.00000", "2005-06-30": "45243.00000", "2005-03-31": "45004.00000"}, "Total Assets": {"2020-09-30": "62775.00000", "2020-06-30": "62095.00000", "2020-03-31": "58405.00000", "2019-12-31": "60612.00000", "2019-09-30": "60450.00000", "2019-06-30": "59963.00000", "2019-03-31": "58477.00000", "2018-12-31": "57152.00000", "2018-09-30": "57259.00000", "2018-06-30": "57858.00000", "2018-03-31": "57649.00000", "2017-12-31": "56567.00000", "2017-09-30": "56582.00000", "2017-06-30": "56205.00000", "2017-03-31": "55201.00000", "2016-12-31": "55233.00000", "2016-09-30": "56859.00000", "2016-06-30": "56906.00000", "2016-03-31": "55502.00000", "2015-12-31": "55045.00000", "2015-09-30": "54812.00000", "2015-06-30": "55022.00000", "2015-03-31": "55465.00000", "2014-12-31": "55566.00000", "2014-09-30": "55731.00000", "2014-06-30": "59437.00000", "2014-03-31": "58224.00000", "2013-12-31": "57194.00000", "2013-09-30": "57187.00000", "2013-06-30": "57567.00000", "2013-03-31": "58727.00000", "2012-12-31": "58522.00000", "2012-09-30": "58612.00000", "2012-06-30": "56499.00000", "2012-03-31": "56007.00000", "2011-12-31": "55110.00000", "2011-09-30": "55844.00000", "2011-06-30": "55774.00000", "2011-03-31": "55543.00000", "2010-12-31": "55331.00000", "2010-09-30": "56881.00000", "2010-06-30": "55674.00000", "2010-03-31": "55679.00000", "2009-12-31": "55298.00000", "2009-09-30": "55575.00000", "2009-06-30": "53588.00000", "2009-03-31": "51777.00000", "2008-12-31": "51688.00000", "2008-09-30": "53708.00000", "2008-06-30": "55181.00000", "2008-03-31": "56424.00000", "2007-12-31": "56759.00000", "2007-09-30": "60115.00000", "2007-06-30": "60737.00000", "2007-03-31": "61605.00000", "2006-12-31": "60283.00000", "2006-09-30": "60557.00000", "2006-06-30": "58912.00000", "2006-03-31": "59675.00000", "2005-12-31": "59016.00000", "2005-09-30": "63976.00000", "2005-06-30": "62617.00000", "2005-03-31": "62998.00000"}, "Total Current Liabilities": {"2020-09-30": "40532.00000", "2020-06-30": "39862.00000", "2020-03-31": "38351.00000", "2019-12-31": "38614.00000", "2019-09-30": "38509.00000", "2019-06-30": "37914.00000", "2019-03-31": "37336.00000", "2018-12-31": "36764.00000", "2018-09-30": "36498.00000", "2018-06-30": "37097.00000", "2018-03-31": "37136.00000", "2017-12-31": "37362.00000", "2017-09-30": "37459.00000", "2017-06-30": "37260.00000", "2017-03-31": "36813.00000", "2016-12-31": "36431.00000", "2016-09-30": "37753.00000", "2016-06-30": "37980.00000", "2016-03-31": "37325.00000", "2015-12-31": "36836.00000", "2015-09-30": "36443.00000", "2015-06-30": "36368.00000", "2015-03-31": "36705.00000", "2014-12-31": "36380.00000", "2014-09-30": "36644.00000", "2014-06-30": "37119.00000", "2014-03-31": "36600.00000", "2013-12-31": "38943.00000", "2013-09-30": "38590.00000", "2013-06-30": "39141.00000", "2013-03-31": "39906.00000", "2012-12-31": "40018.00000", "2012-09-30": "39235.00000", "2012-06-30": "38158.00000", "2012-03-31": "37865.00000", "2011-12-31": "37705.00000", "2011-09-30": "38017.00000", "2011-06-30": "37856.00000", "2011-03-31": "37742.00000", "2010-12-31": "38050.00000", "2010-09-30": "38056.00000", "2010-06-30": "37721.00000", "2010-03-31": "38163.00000", "2009-12-31": "38319.00000", "2009-09-30": "38756.00000", "2009-06-30": "38958.00000", "2009-03-31": "38956.00000", "2008-12-31": "39107.00000", "2008-09-30": "40062.00000", "2008-06-30": "40361.00000", "2008-03-31": "40778.00000", "2007-12-31": "41018.00000", "2007-09-30": "41427.00000", "2007-06-30": "41659.00000", "2007-03-31": "41694.00000", "2006-12-31": "41669.00000", "2006-09-30": "42798.00000", "2006-06-30": "43614.00000", "2006-03-31": "43830.00000", "2005-12-31": "44377.00000", "2005-09-30": "46304.00000", "2005-06-30": "45866.00000", "2005-03-31": "46789.00000"}, "Long Term Debt": {"2020-09-30": "2776.00000", "2020-06-30": "2680.00000", "2020-03-31": "2680.00000", "2019-12-31": "2679.00000", "2019-09-30": "2678.00000", "2019-06-30": "2678.00000", "2019-03-31": "2681.00000", "2018-12-31": "2680.00000", "2018-09-30": "2680.00000", "2018-06-30": "2679.00000", "2018-03-31": "2679.00000", "2017-12-31": "2708.00000", "2017-09-30": "2707.00000", "2017-06-30": "2561.00000", "2017-03-31": "2560.00000", "2016-12-31": "2710.00000", "2016-09-30": "2709.00000", "2016-06-30": "2708.00000", "2016-03-31": "2708.00000", "2015-12-31": "2210.00000", "2015-09-30": "2211.00000", "2015-06-30": "2560.00000", "2015-03-31": "2560.00000", "2014-12-31": "2559.00000", "2014-09-30": "2559.00000", "2014-06-30": "2558.00000", "2014-03-31": "2558.00000", "2013-12-31": "2011.00000", "2013-09-30": "2559.00000", "2013-06-30": "2558.00000", "2013-03-31": "2558.00000", "2012-12-31": "2557.00000", "2012-09-30": "2557.00000", "2012-06-30": "2526.00000", "2012-03-31": "2526.00000", "2011-12-31": "2525.00000", "2011-09-30": "2538.00000", "2011-06-30": "2648.00000", "2011-03-31": "2647.00000", "2010-12-31": "2251.00000", "2010-09-30": "2251.00000", "2010-06-30": "2254.00000", "2010-03-31": "2304.00000", "2009-12-31": "2303.00000", "2009-09-30": "2559.00000", "2009-06-30": "2539.00000", "2009-03-31": "2297.00000", "2008-12-31": "2070.00000", "2008-09-30": "2764.00000", "2008-06-30": "2296.00000", "2008-03-31": "2958.00000", "2007-12-31": "2223.00000", "2007-09-30": "5152.00000", "2007-06-30": "5672.00000", "2007-03-31": "6260.00000", "2006-12-31": "5228.00000", "2006-09-30": "5233.00000", "2006-06-30": "3218.00000", "2006-03-31": "3793.00000", "2005-12-31": "2334.00000", "2005-09-30": "5245.00000", "2005-06-30": "3676.00000", "2005-03-31": "3875.00000"}, "Other Non-Current Liabilities": {"2020-09-30": "7446.00000", "2020-06-30": "7908.00000", "2020-03-31": "7012.00000", "2019-12-31": "7104.00000", "2019-09-30": "7140.00000", "2019-06-30": "7284.00000", "2019-03-31": "7005.00000", "2018-12-31": "6491.00000", "2018-09-30": "6571.00000", "2018-06-30": "6667.00000", "2018-03-31": "6409.00000", "2017-12-31": "4253.00000", "2017-09-30": "4247.00000", "2017-06-30": "4356.00000", "2017-03-31": "4135.00000", "2016-12-31": "4123.00000", "2016-09-30": "4202.00000", "2016-06-30": "4332.00000", "2016-03-31": "3999.00000", "2015-12-31": "4243.00000", "2015-09-30": "3893.00000", "2015-06-30": "3860.00000", "2015-03-31": "3763.00000", "2014-12-31": "3833.00000", "2014-09-30": "3435.00000", "2014-06-30": "6592.00000", "2014-03-31": "6484.00000", "2013-12-31": "3589.00000", "2013-09-30": "3885.00000", "2013-06-30": "3924.00000", "2013-03-31": "3858.00000", "2012-12-31": "3633.00000", "2012-09-30": "4160.00000", "2012-06-30": "3601.00000", "2012-03-31": "3635.00000", "2011-12-31": "3392.00000", "2011-09-30": "3333.00000", "2011-06-30": "3521.00000", "2011-03-31": "3332.00000", "2010-12-31": "3506.00000", "2010-09-30": "4009.00000", "2010-06-30": "3294.00000", "2010-03-31": "3488.00000", "2009-12-31": "3510.00000", "2009-09-30": "3005.00000", "2009-06-30": "2980.00000", "2009-03-31": "3035.00000", "2008-12-31": "3214.00000", "2008-09-30": "2742.00000", "2008-06-30": "2756.00000", "2008-03-31": "2859.00000", "2007-12-31": "2981.00000", "2007-09-30": "3047.00000", "2007-06-30": "3043.00000", "2007-03-31": "3065.00000", "2006-12-31": "3243.00000", "2006-09-30": "2781.00000", "2006-06-30": "2787.00000", "2006-03-31": "2760.00000", "2005-12-31": "3064.00000", "2005-09-30": "2750.00000", "2005-06-30": "2845.00000", "2005-03-31": "3003.00000"}, "Total Long Term Liabilities": {"2020-09-30": "10222.00000", "2020-06-30": "10588.00000", "2020-03-31": "9692.00000", "2019-12-31": "9783.00000", "2019-09-30": "9818.00000", "2019-06-30": "9962.00000", "2019-03-31": "9686.00000", "2018-12-31": "9171.00000", "2018-09-30": "9251.00000", "2018-06-30": "9346.00000", "2018-03-31": "9088.00000", "2017-12-31": "6961.00000", "2017-09-30": "6954.00000", "2017-06-30": "6917.00000", "2017-03-31": "6695.00000", "2016-12-31": "6833.00000", "2016-09-30": "6911.00000", "2016-06-30": "7040.00000", "2016-03-31": "6707.00000", "2015-12-31": "6453.00000", "2015-09-30": "6104.00000", "2015-06-30": "6420.00000", "2015-03-31": "6323.00000", "2014-12-31": "6392.00000", "2014-09-30": "6053.00000", "2014-06-30": "9244.00000", "2014-03-31": "9042.00000", "2013-12-31": "5600.00000", "2013-09-30": "6444.00000", "2013-06-30": "6482.00000", "2013-03-31": "6416.00000", "2012-12-31": "6190.00000", "2012-09-30": "6717.00000", "2012-06-30": "6127.00000", "2012-03-31": "6161.00000", "2011-12-31": "5917.00000", "2011-09-30": "5871.00000", "2011-06-30": "6169.00000", "2011-03-31": "5979.00000", "2010-12-31": "5757.00000", "2010-09-30": "6260.00000", "2010-06-30": "5548.00000", "2010-03-31": "5792.00000", "2009-12-31": "5813.00000", "2009-09-30": "5564.00000", "2009-06-30": "5519.00000", "2009-03-31": "5332.00000", "2008-12-31": "5284.00000", "2008-09-30": "5910.00000", "2008-06-30": "5474.00000", "2008-03-31": "6286.00000", "2007-12-31": "5591.00000", "2007-09-30": "8573.00000", "2007-06-30": "9067.00000", "2007-03-31": "9772.00000", "2006-12-31": "8846.00000", "2006-09-30": "8430.00000", "2006-06-30": "6363.00000", "2006-03-31": "6905.00000", "2005-12-31": "5689.00000", "2005-09-30": "8278.00000", "2005-06-30": "7013.00000", "2005-03-31": "7155.00000"}, "Total Liabilities": {"2020-09-30": "50754.00000", "2020-06-30": "50450.00000", "2020-03-31": "48043.00000", "2019-12-31": "48397.00000", "2019-09-30": "48327.00000", "2019-06-30": "47876.00000", "2019-03-31": "47022.00000", "2018-12-31": "45935.00000", "2018-09-30": "45749.00000", "2018-06-30": "46443.00000", "2018-03-31": "46224.00000", "2017-12-31": "44323.00000", "2017-09-30": "44413.00000", "2017-06-30": "44177.00000", "2017-03-31": "43508.00000", "2016-12-31": "43264.00000", "2016-09-30": "44664.00000", "2016-06-30": "45020.00000", "2016-03-31": "44032.00000", "2015-12-31": "43289.00000", "2015-09-30": "42547.00000", "2015-06-30": "42788.00000", "2015-03-31": "43028.00000", "2014-12-31": "42772.00000", "2014-09-30": "42697.00000", "2014-06-30": "46363.00000", "2014-03-31": "45642.00000", "2013-12-31": "44543.00000", "2013-09-30": "45034.00000", "2013-06-30": "45623.00000", "2013-03-31": "46322.00000", "2012-12-31": "46208.00000", "2012-09-30": "45952.00000", "2012-06-30": "44285.00000", "2012-03-31": "44026.00000", "2011-12-31": "43622.00000", "2011-09-30": "43888.00000", "2011-06-30": "44025.00000", "2011-03-31": "43721.00000", "2010-12-31": "43807.00000", "2010-09-30": "44316.00000", "2010-06-30": "43269.00000", "2010-03-31": "43955.00000", "2009-12-31": "44132.00000", "2009-09-30": "44320.00000", "2009-06-30": "44477.00000", "2009-03-31": "44288.00000", "2008-12-31": "44391.00000", "2008-09-30": "45972.00000", "2008-06-30": "45835.00000", "2008-03-31": "47064.00000", "2007-12-31": "46609.00000", "2007-09-30": "50000.00000", "2007-06-30": "50726.00000", "2007-03-31": "51466.00000", "2006-12-31": "50515.00000", "2006-09-30": "51228.00000", "2006-06-30": "49977.00000", "2006-03-31": "50735.00000", "2005-12-31": "50066.00000", "2005-09-30": "54582.00000", "2005-06-30": "52879.00000", "2005-03-31": "53944.00000"}, "Common Stock Net": {"2020-09-30": "683.00000", "2020-06-30": "683.00000", "2020-03-31": "683.00000", "2019-12-31": "683.00000", "2019-09-30": "683.00000", "2019-06-30": "683.00000", "2019-03-31": "683.00000", "2018-12-31": "683.00000", "2018-09-30": "683.00000", "2018-06-30": "683.00000", "2018-03-31": "683.00000", "2017-12-31": "683.00000", "2017-09-30": "683.00000", "2017-06-30": "683.00000", "2017-03-31": "683.00000", "2016-12-31": "683.00000", "2016-09-30": "683.00000", "2016-06-30": "683.00000", "2016-03-31": "683.00000", "2015-12-31": "683.00000", "2015-09-30": "683.00000", "2015-06-30": "683.00000", "2015-03-31": "683.00000", "2014-12-31": "683.00000", "2014-09-30": "683.00000", "2014-06-30": "683.00000", "2014-03-31": "683.00000", "2013-12-31": "683.00000", "2013-09-30": "683.00000", "2013-06-30": "683.00000", "2013-03-31": "683.00000", "2012-12-31": "683.00000", "2012-09-30": "683.00000", "2012-06-30": "683.00000", "2012-03-31": "683.00000", "2011-12-31": "683.00000", "2011-09-30": "683.00000", "2011-06-30": "683.00000", "2011-03-31": "683.00000", "2010-12-31": "683.00000", "2010-09-30": "683.00000", "2010-06-30": "683.00000", "2010-03-31": "683.00000", "2009-12-31": "683.00000", "2009-09-30": "683.00000", "2009-06-30": "683.00000", "2009-03-31": "683.00000", "2008-12-31": "683.00000", "2008-09-30": "683.00000", "2008-06-30": "683.00000", "2008-03-31": "683.00000", "2007-12-31": "683.00000", "2007-09-30": "683.00000", "2007-06-30": "683.00000", "2007-03-31": "683.00000", "2006-12-31": "683.00000", "2006-09-30": "683.00000", "2006-06-30": "645.00000", "2006-03-31": "645.00000", "2005-12-31": "645.00000", "2005-09-30": "645.00000", "2005-06-30": "645.00000", "2005-03-31": "645.00000"}, "Retained Earnings (Accumulated Deficit)": {"2020-09-30": "8796.00000", "2020-06-30": "8683.00000", "2020-03-31": "8634.00000", "2019-12-31": "9348.00000", "2019-09-30": "9171.00000", "2019-06-30": "9159.00000", "2019-03-31": "8976.00000", "2018-12-31": "9277.00000", "2018-09-30": "9456.00000", "2018-06-30": "9216.00000", "2018-03-31": "9028.00000", "2017-12-31": "9414.00000", "2017-09-30": "9273.00000", "2017-06-30": "9211.00000", "2017-03-31": "9006.00000", "2016-12-31": "9359.00000", "2016-09-30": "9185.00000", "2016-06-30": "8911.00000", "2016-03-31": "8770.00000", "2015-12-31": "9313.00000", "2015-09-30": "9450.00000", "2015-06-30": "9340.00000", "2015-03-31": "9270.00000", "2014-12-31": "9645.00000", "2014-09-30": "9515.00000", "2014-06-30": "9369.00000", "2014-03-31": "9170.00000", "2013-12-31": "9495.00000", "2013-09-30": "9328.00000", "2013-06-30": "9110.00000", "2013-03-31": "8969.00000", "2012-12-31": "8774.00000", "2012-09-30": "8823.00000", "2012-06-30": "8643.00000", "2012-03-31": "8517.00000", "2011-12-31": "8308.00000", "2011-09-30": "8219.00000", "2011-06-30": "8171.00000", "2011-03-31": "8072.00000", "2010-12-31": "7876.00000", "2010-09-30": "7582.00000", "2010-06-30": "7742.00000", "2010-03-31": "7484.00000", "2009-12-31": "7264.00000", "2009-09-30": "7046.00000", "2009-06-30": "6814.00000", "2009-03-31": "6619.00000", "2008-12-31": "6845.00000", "2008-09-30": "7200.00000", "2008-06-30": "7572.00000", "2008-03-31": "7431.00000", "2007-12-31": "7285.00000", "2007-09-30": "7162.00000", "2007-06-30": "7015.00000", "2007-03-31": "6825.00000", "2006-12-31": "6486.00000", "2006-09-30": "6157.00000", "2006-06-30": "6089.00000", "2006-03-31": "5850.00000", "2005-12-31": "5621.00000", "2005-09-30": "6041.00000", "2005-06-30": "6038.00000", "2005-03-31": "5750.00000"}, "Comprehensive Income": {"2020-09-30": "411.00000", "2020-06-30": "154.00000", "2020-03-31": "-1070.00000", "2019-12-31": "51.00000", "2019-09-30": "139.00000", "2019-06-30": "120.00000", "2019-03-31": "-324.00000", "2018-12-31": "-878.00000", "2018-09-30": "-757.00000", "2018-06-30": "-605.00000", "2018-03-31": "-400.00000", "2017-12-31": "32.00000", "2017-09-30": "107.00000", "2017-06-30": "32.00000", "2017-03-31": "-92.00000", "2016-12-31": "-173.00000", "2016-09-30": "237.00000", "2016-06-30": "210.00000", "2016-03-31": "-56.00000", "2015-12-31": "-315.00000", "2015-09-30": "60.00000", "2015-06-30": "143.00000", "2015-03-31": "421.00000", "2014-12-31": "400.00000", "2014-09-30": "773.00000", "2014-06-30": "962.00000", "2014-03-31": "692.00000", "2013-12-31": "442.00000", "2013-09-30": "113.00000", "2013-06-30": "126.00000", "2013-03-31": "727.00000", "2012-12-31": "831.00000", "2012-09-30": "1130.00000", "2012-06-30": "867.00000", "2012-03-31": "764.00000", "2011-12-31": "480.00000", "2011-09-30": "886.00000", "2011-06-30": "730.00000", "2011-03-31": "415.00000", "2010-12-31": "326.00000", "2010-09-30": "1177.00000", "2010-06-30": "390.00000", "2010-03-31": "-11.00000", "2009-12-31": "-325.00000", "2009-09-30": "-247.00000", "2009-06-30": "-2127.00000", "2009-03-31": "-3536.00000", "2008-12-31": "-3924.00000", "2008-09-30": "-2163.00000", "2008-06-30": "-921.00000", "2008-03-31": "-763.00000", "2007-12-31": "103.00000", "2007-09-30": "192.00000", "2007-06-30": "235.00000", "2007-03-31": "563.00000", "2006-12-31": "549.00000", "2006-09-30": "447.00000", "2006-06-30": "-127.00000", "2006-03-31": "120.00000", "2005-12-31": "359.00000", "2005-09-30": "384.00000", "2005-06-30": "742.00000", "2005-03-31": "346.00000"}, "Other Share Holders Equity": {"2020-09-30": "", "2020-06-30": "", "2020-03-31": "", "2019-12-31": "", "2019-09-30": "", "2019-06-30": "", "2019-03-31": "", "2018-12-31": "", "2018-09-30": "", "2018-06-30": "", "2018-03-31": "", "2017-12-31": "", "2017-09-30": "", "2017-06-30": "", "2017-03-31": "", "2016-12-31": "", "2016-09-30": "", "2016-06-30": "", "2016-03-31": "", "2015-12-31": "", "2015-09-30": "", "2015-06-30": "", "2015-03-31": "-1.00000", "2014-12-31": "-1.00000", "2014-09-30": "-1.00000", "2014-06-30": "-1.00000", "2014-03-31": "-22.00000", "2013-12-31": "-23.00000", "2013-09-30": "-22.00000", "2013-06-30": "-24.00000", "2013-03-31": "-20.00000", "2012-12-31": "-21.00000", "2012-09-30": "-21.00000", "2012-06-30": "-21.00000", "2012-03-31": "-23.00000", "2011-12-31": "-22.00000", "2011-09-30": "-22.00000", "2011-06-30": "-23.00000", "2011-03-31": "-25.00000", "2010-12-31": "-26.00000", "2010-09-30": "-30.00000", "2010-06-30": "-30.00000", "2010-03-31": "-30.00000", "2009-12-31": "-30.00000", "2009-09-30": "-30.00000", "2009-06-30": "-30.00000", "2009-03-31": "-30.00000", "2008-12-31": "-42.00000", "2008-09-30": "-47.00000", "2008-06-30": "-50.00000", "2008-03-31": "-52.00000", "2007-12-31": "-51.00000", "2007-09-30": "-51.00000", "2007-06-30": "-50.00000", "2007-03-31": "-56.00000", "2006-12-31": "-58.00000", "2006-09-30": "-59.00000", "2006-06-30": "-58.00000", "2006-03-31": "-60.00000", "2005-12-31": "-59.00000", "2005-09-30": "-58.00000", "2005-06-30": "-69.00000", "2005-03-31": "-69.00000"}, "Share Holder Equity": {"2020-09-30": "12021.00000", "2020-06-30": "11645.00000", "2020-03-31": "10362.00000", "2019-12-31": "12215.00000", "2019-09-30": "12123.00000", "2019-06-30": "12087.00000", "2019-03-31": "11455.00000", "2018-12-31": "11217.00000", "2018-09-30": "11510.00000", "2018-06-30": "11415.00000", "2018-03-31": "11425.00000", "2017-12-31": "12244.00000", "2017-09-30": "12169.00000", "2017-06-30": "12028.00000", "2017-03-31": "11693.00000", "2016-12-31": "11969.00000", "2016-09-30": "12195.00000", "2016-06-30": "11886.00000", "2016-03-31": "11470.00000", "2015-12-31": "11756.00000", "2015-09-30": "12265.00000", "2015-06-30": "12234.00000", "2015-03-31": "12437.00000", "2014-12-31": "12794.00000", "2014-09-30": "13034.00000", "2014-06-30": "13074.00000", "2014-03-31": "12582.00000", "2013-12-31": "12651.00000", "2013-09-30": "12153.00000", "2013-06-30": "11944.00000", "2013-03-31": "12405.00000", "2012-12-31": "12314.00000", "2012-09-30": "12660.00000", "2012-06-30": "12214.00000", "2012-03-31": "11981.00000", "2011-12-31": "11488.00000", "2011-09-30": "11956.00000", "2011-06-30": "11749.00000", "2011-03-31": "11822.00000", "2010-12-31": "11524.00000", "2010-09-30": "12565.00000", "2010-06-30": "12405.00000", "2010-03-31": "11724.00000", "2009-12-31": "11166.00000", "2009-09-30": "11255.00000", "2009-06-30": "9111.00000", "2009-03-31": "7489.00000", "2008-12-31": "7297.00000", "2008-09-30": "7736.00000", "2008-06-30": "9346.00000", "2008-03-31": "9360.00000", "2007-12-31": "10150.00000", "2007-09-30": "10115.00000", "2007-06-30": "10011.00000", "2007-03-31": "10139.00000", "2006-12-31": "9768.00000", "2006-09-30": "9329.00000", "2006-06-30": "8935.00000", "2006-03-31": "8940.00000", "2005-12-31": "8950.00000", "2005-09-30": "9394.00000", "2005-06-30": "9738.00000", "2005-03-31": "9054.00000"}, "Total Liabilities And Share Holders Equity": {"2020-09-30": "62775.00000", "2020-06-30": "62095.00000", "2020-03-31": "58405.00000", "2019-12-31": "60612.00000", "2019-09-30": "60450.00000", "2019-06-30": "59963.00000", "2019-03-31": "58477.00000", "2018-12-31": "57152.00000", "2018-09-30": "57259.00000", "2018-06-30": "57858.00000", "2018-03-31": "57649.00000", "2017-12-31": "56567.00000", "2017-09-30": "56582.00000", "2017-06-30": "56205.00000", "2017-03-31": "55201.00000", "2016-12-31": "55233.00000", "2016-09-30": "56859.00000", "2016-06-30": "56906.00000", "2016-03-31": "55502.00000", "2015-12-31": "55045.00000", "2015-09-30": "54812.00000", "2015-06-30": "55022.00000", "2015-03-31": "55465.00000", "2014-12-31": "55566.00000", "2014-09-30": "55731.00000", "2014-06-30": "59437.00000", "2014-03-31": "58224.00000", "2013-12-31": "57194.00000", "2013-09-30": "57187.00000", "2013-06-30": "57567.00000", "2013-03-31": "58727.00000", "2012-12-31": "58522.00000", "2012-09-30": "58612.00000", "2012-06-30": "56499.00000", "2012-03-31": "56007.00000", "2011-12-31": "55110.00000", "2011-09-30": "55844.00000", "2011-06-30": "55774.00000", "2011-03-31": "55543.00000", "2010-12-31": "55331.00000", "2010-09-30": "56881.00000", "2010-06-30": "55674.00000", "2010-03-31": "55679.00000", "2009-12-31": "55298.00000", "2009-09-30": "55575.00000", "2009-06-30": "53588.00000", "2009-03-31": "51777.00000", "2008-12-31": "51688.00000", "2008-09-30": "53708.00000", "2008-06-30": "55181.00000", "2008-03-31": "56424.00000", "2007-12-31": "56759.00000", "2007-09-30": "60115.00000", "2007-06-30": "60737.00000", "2007-03-31": "61605.00000", "2006-12-31": "60283.00000", "2006-09-30": "60557.00000", "2006-06-30": "58912.00000", "2006-03-31": "59675.00000", "2005-12-31": "59016.00000", "2005-09-30": "63976.00000", "2005-06-30": "62617.00000", "2005-03-31": "62998.00000"}}, "cash flow statement": {"Net Income/Loss": {"2019-12-31": "1000.00000", "2018-12-31": "813.00000", "2017-12-31": "899.00000", "2016-12-31": "859.00000", "2015-12-31": "479.00000", "2014-12-31": "691.00000", "2013-12-31": "937.00000", "2012-12-31": "628.00000", "2011-12-31": "628.00000", "2010-12-31": "759.00000", "2009-12-31": "481.00000", "2008-12-31": "-242.00000", "2007-12-31": "899.00000", "2006-12-31": "1108.00000", "2005-12-31": "264.00000"}, "Total Depreciation And Amortization - Cash Flow": {"2019-12-31": "-21.00000", "2018-12-31": "9.00000", "2017-12-31": "48.00000", "2016-12-31": "50.00000", "2015-12-31": "101.00000", "2014-12-31": "99.00000", "2013-12-31": "77.00000", "2012-12-31": "70.00000", "2011-12-31": "15.00000", "2010-12-31": "-39.00000", "2009-12-31": "-112.00000", "2008-12-31": "-200.00000", "2007-12-31": "-188.00000", "2006-12-31": "-226.00000", "2005-12-31": "-99.00000"}, "Other Non-Cash Items": {"2019-12-31": "-80.00000", "2018-12-31": "362.00000", "2017-12-31": "168.00000", "2016-12-31": "315.00000", "2015-12-31": "129.00000", "2014-12-31": "280.00000", "2013-12-31": "-287.00000", "2012-12-31": "-28.00000", "2011-12-31": "296.00000", "2010-12-31": "188.00000", "2009-12-31": "640.00000", "2008-12-31": "2197.00000", "2007-12-31": "194.00000", "2006-12-31": "180.00000", "2005-12-31": "84.00000"}, "Total Non-Cash Items": {"2019-12-31": "-101.00000", "2018-12-31": "371.00000", "2017-12-31": "216.00000", "2016-12-31": "365.00000", "2015-12-31": "230.00000", "2014-12-31": "379.00000", "2013-12-31": "-210.00000", "2012-12-31": "42.00000", "2011-12-31": "311.00000", "2010-12-31": "149.00000", "2009-12-31": "528.00000", "2008-12-31": "1997.00000", "2007-12-31": "6.00000", "2006-12-31": "-46.00000", "2005-12-31": "-15.00000"}, "Change In Accounts Receivable": {"2019-12-31": "137.00000", "2018-12-31": "-229.00000", "2017-12-31": "92.00000", "2016-12-31": "-130.00000", "2015-12-31": "82.00000", "2014-12-31": "731.00000", "2013-12-31": "44.00000", "2012-12-31": "49.00000", "2011-12-31": "1020.00000", "2010-12-31": "-406.00000", "2009-12-31": "976.00000", "2008-12-31": "987.00000", "2007-12-31": "1386.00000", "2006-12-31": "2427.00000", "2005-12-31": "3531.00000"}, "Change In Inventories": {"2019-12-31": "", "2018-12-31": "", "2017-12-31": "", "2016-12-31": "", "2015-12-31": "", "2014-12-31": "", "2013-12-31": "", "2012-12-31": "", "2011-12-31": "", "2010-12-31": "", "2009-12-31": "", "2008-12-31": "", "2007-12-31": "", "2006-12-31": "", "2005-12-31": ""}, "Change In Accounts Payable": {"2019-12-31": "-3.00000", "2018-12-31": "19.00000", "2017-12-31": "-4.00000", "2016-12-31": "-3.00000", "2015-12-31": "-1.00000", "2014-12-31": "", "2013-12-31": "-9.00000", "2012-12-31": "4.00000", "2011-12-31": "-17.00000", "2010-12-31": "-15.00000", "2009-12-31": "-60.00000", "2008-12-31": "-26.00000", "2007-12-31": "-155.00000", "2006-12-31": "-1.00000", "2005-12-31": "-1359.00000"}, "Change In Assets/Liabilities": {"2019-12-31": "107.00000", "2018-12-31": "253.00000", "2017-12-31": "51.00000", "2016-12-31": "325.00000", "2015-12-31": "597.00000", "2014-12-31": "-361.00000", "2013-12-31": "442.00000", "2012-12-31": "509.00000", "2011-12-31": "-250.00000", "2010-12-31": "-576.00000", "2009-12-31": "-667.00000", "2008-12-31": "-1158.00000", "2007-12-31": "-760.00000", "2006-12-31": "-1513.00000", "2005-12-31": "-45.00000"}, "Total Change In Assets/Liabilities": {"2019-12-31": "241.00000", "2018-12-31": "43.00000", "2017-12-31": "139.00000", "2016-12-31": "192.00000", "2015-12-31": "678.00000", "2014-12-31": "370.00000", "2013-12-31": "477.00000", "2012-12-31": "562.00000", "2011-12-31": "753.00000", "2010-12-31": "-997.00000", "2009-12-31": "249.00000", "2008-12-31": "-197.00000", "2007-12-31": "433.00000", "2006-12-31": "1015.00000", "2005-12-31": "2065.00000"}, "Cash Flow From Operating Activities": {"2019-12-31": "1140.00000", "2018-12-31": "1227.00000", "2017-12-31": "1254.00000", "2016-12-31": "1416.00000", "2015-12-31": "1387.00000", "2014-12-31": "1440.00000", "2013-12-31": "1204.00000", "2012-12-31": "1250.00000", "2011-12-31": "1702.00000", "2010-12-31": "-89.00000", "2009-12-31": "1258.00000", "2008-12-31": "1558.00000", "2007-12-31": "1239.00000", "2006-12-31": "2250.00000", "2005-12-31": "2169.00000"}, "Net Change In Property, Plant, And Equipment": {"2019-12-31": "-26.00000", "2018-12-31": "-99.00000", "2017-12-31": "-102.00000", "2016-12-31": "-39.00000", "2015-12-31": "-125.00000", "2014-12-31": "-71.00000", "2013-12-31": "-91.00000", "2012-12-31": "-94.00000", "2011-12-31": "-84.00000", "2010-12-31": "-53.00000", "2009-12-31": "-63.00000", "2008-12-31": "-104.00000", "2007-12-31": "-160.00000", "2006-12-31": "-131.00000", "2005-12-31": "-45.00000"}, "Net Change In Intangible Assets": {"2019-12-31": "", "2018-12-31": "", "2017-12-31": "", "2016-12-31": "", "2015-12-31": "", "2014-12-31": "", "2013-12-31": "", "2012-12-31": "", "2011-12-31": "", "2010-12-31": "", "2009-12-31": "", "2008-12-31": "", "2007-12-31": "", "2006-12-31": "", "2005-12-31": ""}, "Net Acquisitions/Divestitures": {"2019-12-31": "", "2018-12-31": "", "2017-12-31": "", "2016-12-31": "", "2015-12-31": "", "2014-12-31": "198.00000", "2013-12-31": "32.00000", "2012-12-31": "-196.00000", "2011-12-31": "173.00000", "2010-12-31": "142.00000", "2009-12-31": "23.00000", "2008-12-31": "18.00000", "2007-12-31": "53.00000", "2006-12-31": "44.00000", "2005-12-31": "77.00000"}, "Net Change In Short-term Investments": {"2019-12-31": "-535.00000", "2018-12-31": "168.00000", "2017-12-31": "-6.00000", "2016-12-31": "258.00000", "2015-12-31": "34.00000", "2014-12-31": "-388.00000", "2013-12-31": "425.00000", "2012-12-31": "-7.00000", "2011-12-31": "566.00000", "2010-12-31": "1629.00000", "2009-12-31": "-327.00000", "2008-12-31": "1032.00000", "2007-12-31": "1347.00000", "2006-12-31": "-1331.00000", "2005-12-31": "1627.00000"}, "Net Change In Long-Term Investments": {"2019-12-31": "476.00000", "2018-12-31": "-264.00000", "2017-12-31": "-88.00000", "2016-12-31": "-947.00000", "2015-12-31": "-179.00000", "2014-12-31": "-536.00000", "2013-12-31": "-1146.00000", "2012-12-31": "-479.00000", "2011-12-31": "-1567.00000", "2010-12-31": "-871.00000", "2009-12-31": "-724.00000", "2008-12-31": "-2843.00000", "2007-12-31": "535.00000", "2006-12-31": "-2328.00000", "2005-12-31": "-2880.00000"}, "Net Change In Investments - Total": {"2019-12-31": "-59.00000", "2018-12-31": "-96.00000", "2017-12-31": "-94.00000", "2016-12-31": "-689.00000", "2015-12-31": "-145.00000", "2014-12-31": "-924.00000", "2013-12-31": "-721.00000", "2012-12-31": "-486.00000", "2011-12-31": "-1001.00000", "2010-12-31": "758.00000", "2009-12-31": "-1051.00000", "2008-12-31": "-1811.00000", "2007-12-31": "1882.00000", "2006-12-31": "-3659.00000", "2005-12-31": "-1253.00000"}, "Investing Activities - Other": {"2019-12-31": "-140.00000", "2018-12-31": "18.00000", "2017-12-31": "-228.00000", "2016-12-31": "-118.00000", "2015-12-31": "-102.00000", "2014-12-31": "-121.00000", "2013-12-31": "-118.00000", "2012-12-31": "-158.00000", "2011-12-31": "-148.00000", "2010-12-31": "-80.00000", "2009-12-31": "-2.00000", "2008-12-31": "-11.00000", "2007-12-31": "-2857.00000", "2006-12-31": "2100.00000", "2005-12-31": "-95.00000"}, "Cash Flow From Investing Activities": {"2019-12-31": "-225.00000", "2018-12-31": "-177.00000", "2017-12-31": "-424.00000", "2016-12-31": "-846.00000", "2015-12-31": "-372.00000", "2014-12-31": "-918.00000", "2013-12-31": "-898.00000", "2012-12-31": "-934.00000", "2011-12-31": "-1060.00000", "2010-12-31": "767.00000", "2009-12-31": "-1093.00000", "2008-12-31": "-1908.00000", "2007-12-31": "-1082.00000", "2006-12-31": "-1646.00000", "2005-12-31": "-1316.00000"}, "Net Long-Term Debt": {"2019-12-31": "-24.00000", "2018-12-31": "-180.00000", "2017-12-31": "105.00000", "2016-12-31": "140.00000", "2015-12-31": "", "2014-12-31": "546.00000", "2013-12-31": "-13.00000", "2012-12-31": "-70.00000", "2011-12-31": "-55.00000", "2010-12-31": "345.00000", "2009-12-31": "250.00000", "2008-12-31": "-100.00000", "2007-12-31": "", "2006-12-31": "465.00000", "2005-12-31": "-568.00000"}, "Net Current Debt": {"2019-12-31": "", "2018-12-31": "", "2017-12-31": "", "2016-12-31": "", "2015-12-31": "", "2014-12-31": "", "2013-12-31": "", "2012-12-31": "", "2011-12-31": "", "2010-12-31": "", "2009-12-31": "", "2008-12-31": "", "2007-12-31": "", "2006-12-31": "", "2005-12-31": ""}, "Debt Issuance/Retirement Net - Total": {"2019-12-31": "-24.00000", "2018-12-31": "-180.00000", "2017-12-31": "105.00000", "2016-12-31": "140.00000", "2015-12-31": "", "2014-12-31": "546.00000", "2013-12-31": "-13.00000", "2012-12-31": "-70.00000", "2011-12-31": "-55.00000", "2010-12-31": "345.00000", "2009-12-31": "250.00000", "2008-12-31": "-100.00000", "2007-12-31": "", "2006-12-31": "465.00000", "2005-12-31": "-568.00000"}, "Net Common Equity Issued/Repurchased": {"2019-12-31": "-23.00000", "2018-12-31": "", "2017-12-31": "", "2016-12-31": "", "2015-12-31": "", "2014-12-31": "", "2013-12-31": "", "2012-12-31": "", "2011-12-31": "2.00000", "2010-12-31": "11.00000", "2009-12-31": "1.00000", "2008-12-31": "-69.00000", "2007-12-31": "18.00000", "2006-12-31": "509.00000", "2005-12-31": "2.00000"}, "Net Total Equity Issued/Repurchased": {"2019-12-31": "-23.00000", "2018-12-31": "", "2017-12-31": "", "2016-12-31": "", "2015-12-31": "", "2014-12-31": "-549.00000", "2013-12-31": "", "2012-12-31": "", "2011-12-31": "2.00000", "2010-12-31": "-989.00000", "2009-12-31": "-249.00000", "2008-12-31": "1181.00000", "2007-12-31": "18.00000", "2006-12-31": "-484.00000", "2005-12-31": "2.00000"}, "Total Common And Preferred Stock Dividends Paid": {"2019-12-31": "-929.00000", "2018-12-31": "-896.00000", "2017-12-31": "-842.00000", "2016-12-31": "-813.00000", "2015-12-31": "-811.00000", "2014-12-31": "-541.00000", "2013-12-31": "-216.00000", "2012-12-31": "-162.00000", "2011-12-31": "-108.00000", "2010-12-31": "-76.00000", "2009-12-31": "-122.00000", "2008-12-31": "-141.00000", "2007-12-31": "-95.00000", "2006-12-31": "", "2005-12-31": ""}, "Financial Activities - Other": {"2019-12-31": "-12.00000", "2018-12-31": "-9.00000", "2017-12-31": "-18.00000", "2016-12-31": "", "2015-12-31": "4.00000", "2014-12-31": "25.00000", "2013-12-31": "-35.00000", "2012-12-31": "-7.00000", "2011-12-31": "-483.00000", "2010-12-31": "-22.00000", "2009-12-31": "1.00000", "2008-12-31": "-593.00000", "2007-12-31": "-108.00000", "2006-12-31": "-586.00000", "2005-12-31": "-271.00000"}, "Cash Flow From Financial Activities": {"2019-12-31": "-988.00000", "2018-12-31": "-1085.00000", "2017-12-31": "-755.00000", "2016-12-31": "-673.00000", "2015-12-31": "-807.00000", "2014-12-31": "-519.00000", "2013-12-31": "-264.00000", "2012-12-31": "-239.00000", "2011-12-31": "-644.00000", "2010-12-31": "-742.00000", "2009-12-31": "-120.00000", "2008-12-31": "347.00000", "2007-12-31": "-185.00000", "2006-12-31": "-605.00000", "2005-12-31": "-837.00000"}, "Net Cash Flow": {"2019-12-31": "-68.00000", "2018-12-31": "-45.00000", "2017-12-31": "84.00000", "2016-12-31": "-116.00000", "2015-12-31": "197.00000", "2014-12-31": "-5.00000", "2013-12-31": "39.00000", "2012-12-31": "81.00000", "2011-12-31": "-2.00000", "2010-12-31": "-63.00000", "2009-12-31": "55.00000", "2008-12-31": "-16.00000", "2007-12-31": "-23.00000", "2006-12-31": "-1.00000", "2005-12-31": "16.00000"}, "Stock-Based Compensation": {"2019-12-31": "", "2018-12-31": "", "2017-12-31": "", "2016-12-31": "", "2015-12-31": "", "2014-12-31": "", "2013-12-31": "", "2012-12-31": "", "2011-12-31": "", "2010-12-31": "", "2009-12-31": "", "2008-12-31": "", "2007-12-31": "", "2006-12-31": "", "2005-12-31": ""}, "Common Stock Dividends Paid": {"2019-12-31": "-929.00000", "2018-12-31": "-896.00000", "2017-12-31": "-842.00000", "2016-12-31": "-813.00000", "2015-12-31": "-811.00000", "2014-12-31": "-541.00000", "2013-12-31": "-216.00000", "2012-12-31": "-162.00000", "2011-12-31": "-108.00000", "2010-12-31": "0.00000", "2009-12-31": "", "2008-12-31": "-122.00000", "2007-12-31": "", "2006-12-31": "", "2005-12-31": ""}}, "cash flow statement, quarterly": {"Net Income/Loss": {"2020-09-30": 213, "2020-06-30": 151, "2020-03-31": "-61.00000", "2019-12-31": 273, "2019-09-30": 107, "2019-06-30": 278, "2019-03-31": "342.00000", "2018-12-31": -84, "2018-09-30": 336, "2018-06-30": 270, "2018-03-31": "291.00000", "2017-12-31": 223, "2017-09-30": 144, "2017-06-30": 272, "2017-03-31": "260.00000", "2016-12-31": 241, "2016-09-30": 343, "2016-06-30": 209, "2016-03-31": "66.00000", "2015-12-31": -70, "2015-09-30": 178, "2015-06-30": 138, "2015-03-31": "233.00000", "2014-12-31": 198, "2014-09-30": 213, "2014-06-30": 267, "2014-03-31": "13.00000", "2013-12-31": 221, "2013-09-30": 272, "2013-06-30": 194, "2013-03-31": "250.00000", "2012-12-31": -9, "2012-09-30": 221, "2012-06-30": 166, "2012-03-31": "250.00000", "2011-12-31": 194, "2011-09-30": 76, "2011-06-30": 129, "2011-03-31": "229.00000", "2010-12-31": 327, "2010-09-30": -125, "2010-06-30": 302, "2010-03-31": "255.00000", "2009-12-31": 270, "2009-09-30": 277, "2009-06-30": 119, "2009-03-31": "-185.00000", "2008-12-31": -319, "2008-09-30": -315, "2008-06-30": 193, "2008-03-31": "199.00000", "2007-12-31": 212, "2007-09-30": 174, "2007-06-30": 217, "2007-03-31": "296.00000", "2006-12-31": 329, "2006-09-30": 311, "2006-06-30": 239, "2006-03-31": "229.00000", "2005-12-31": -217, "2005-09-30": 6, "2005-06-30": 290, "2005-03-31": "185.00000"}, "Total Depreciation And Amortization - Cash Flow": {"2020-09-30": -4, "2020-06-30": -2, "2020-03-31": "1.00000", "2019-12-31": -9, "2019-09-30": -1, "2019-06-30": -5, "2019-03-31": "-6.00000", "2018-12-31": -2, "2018-09-30": 0, "2018-06-30": 6, "2018-03-31": "5.00000", "2017-12-31": 12, "2017-09-30": 14, "2017-06-30": 13, "2017-03-31": "9.00000", "2016-12-31": 10, "2016-09-30": 11, "2016-06-30": 12, "2016-03-31": "17.00000", "2015-12-31": 56, "2015-09-30": 19, "2015-06-30": 7, "2015-03-31": "19.00000", "2014-12-31": 38, "2014-09-30": 19, "2014-06-30": 23, "2014-03-31": "19.00000", "2013-12-31": 17, "2013-09-30": 16, "2013-06-30": 21, "2013-03-31": "23.00000", "2012-12-31": 30, "2012-09-30": 34, "2012-06-30": 9, "2012-03-31": "-3.00000", "2011-12-31": 3, "2011-09-30": 11, "2011-06-30": 3, "2011-03-31": "-2.00000", "2010-12-31": -15, "2010-09-30": -6, "2010-06-30": -6, "2010-03-31": "-12.00000", "2009-12-31": -6, "2009-09-30": -33, "2009-06-30": -36, "2009-03-31": "-37.00000", "2008-12-31": -39, "2008-09-30": -60, "2008-06-30": -54, "2008-03-31": "-47.00000", "2007-12-31": -39, "2007-09-30": -45, "2007-06-30": -61, "2007-03-31": "-43.00000", "2006-12-31": -50, "2006-09-30": -48, "2006-06-30": -78, "2006-03-31": "-50.00000", "2005-12-31": -56, "2005-09-30": -16, "2005-06-30": -19, "2005-03-31": "-8.00000"}, "Other Non-Cash Items": {"2020-09-30": -104, "2020-06-30": -87, "2020-03-31": "284.00000", "2019-12-31": -35, "2019-09-30": -100, "2019-06-30": 43, "2019-03-31": "12.00000", "2018-12-31": 212, "2018-09-30": 174, "2018-06-30": -38, "2018-03-31": "14.00000", "2017-12-31": 8, "2017-09-30": 93, "2017-06-30": -1, "2017-03-31": "68.00000", "2016-12-31": -36, "2016-09-30": 45, "2016-06-30": -44, "2016-03-31": "350.00000", "2015-12-31": -81, "2015-09-30": 235, "2015-06-30": -8, "2015-03-31": "-17.00000", "2014-12-31": -61, "2014-09-30": -20, "2014-06-30": -25, "2014-03-31": "386.00000", "2013-12-31": -182, "2013-09-30": -55, "2013-06-30": 18, "2013-03-31": "-68.00000", "2012-12-31": 23, "2012-09-30": -23, "2012-06-30": 9, "2012-03-31": "-37.00000", "2011-12-31": 67, "2011-09-30": 271, "2011-06-30": -28, "2011-03-31": "-14.00000", "2010-12-31": 118, "2010-09-30": -101, "2010-06-30": 53, "2010-03-31": "118.00000", "2009-12-31": 403, "2009-09-30": -341, "2009-06-30": 93, "2009-03-31": "485.00000", "2008-12-31": 785, "2008-09-30": 906, "2008-06-30": 338, "2008-03-31": "168.00000", "2007-12-31": 65, "2007-09-30": 87, "2007-06-30": 59, "2007-03-31": "-17.00000", "2006-12-31": -243, "2006-09-30": 22, "2006-06-30": 144, "2006-03-31": "257.00000", "2005-12-31": 130, "2005-09-30": -14, "2005-06-30": -9, "2005-03-31": "-23.00000"}, "Total Non-Cash Items": {"2020-09-30": -108, "2020-06-30": -89, "2020-03-31": "285.00000", "2019-12-31": -44, "2019-09-30": -101, "2019-06-30": 38, "2019-03-31": "6.00000", "2018-12-31": 210, "2018-09-30": 174, "2018-06-30": -32, "2018-03-31": "19.00000", "2017-12-31": 20, "2017-09-30": 107, "2017-06-30": 12, "2017-03-31": "77.00000", "2016-12-31": -26, "2016-09-30": 56, "2016-06-30": -32, "2016-03-31": "367.00000", "2015-12-31": -25, "2015-09-30": 254, "2015-06-30": -1, "2015-03-31": "2.00000", "2014-12-31": -23, "2014-09-30": -1, "2014-06-30": -2, "2014-03-31": "405.00000", "2013-12-31": -165, "2013-09-30": -39, "2013-06-30": 39, "2013-03-31": "-45.00000", "2012-12-31": 53, "2012-09-30": 11, "2012-06-30": 18, "2012-03-31": "-40.00000", "2011-12-31": 70, "2011-09-30": 282, "2011-06-30": -25, "2011-03-31": "-16.00000", "2010-12-31": 103, "2010-09-30": -107, "2010-06-30": 47, "2010-03-31": "106.00000", "2009-12-31": 397, "2009-09-30": -374, "2009-06-30": 57, "2009-03-31": "448.00000", "2008-12-31": 746, "2008-09-30": 846, "2008-06-30": 284, "2008-03-31": "121.00000", "2007-12-31": 26, "2007-09-30": 42, "2007-06-30": -2, "2007-03-31": "-60.00000", "2006-12-31": -293, "2006-09-30": -26, "2006-06-30": 66, "2006-03-31": "207.00000", "2005-12-31": 74, "2005-09-30": -30, "2005-06-30": -28, "2005-03-31": "-31.00000"}, "Change In Accounts Receivable": {"2020-09-30": 315, "2020-06-30": -357, "2020-03-31": "-229.00000", "2019-12-31": -70, "2019-09-30": 342, "2019-06-30": -179, "2019-03-31": "44.00000", "2018-12-31": -182, "2018-09-30": 540, "2018-06-30": -372, "2018-03-31": "-215.00000", "2017-12-31": 74, "2017-09-30": 213, "2017-06-30": -284, "2017-03-31": "89.00000", "2016-12-31": 181, "2016-09-30": 229, "2016-06-30": -223, "2016-03-31": "-317.00000", "2015-12-31": 12, "2015-09-30": 281, "2015-06-30": -54, "2015-03-31": "-157.00000", "2014-12-31": 120, "2014-09-30": 605, "2014-06-30": -120, "2014-03-31": "126.00000", "2013-12-31": -272, "2013-09-30": 399, "2013-06-30": -63, "2013-03-31": "-20.00000", "2012-12-31": -299, "2012-09-30": 278, "2012-06-30": 17, "2012-03-31": "53.00000", "2011-12-31": 753, "2011-09-30": 128, "2011-06-30": 68, "2011-03-31": "71.00000", "2010-12-31": 303, "2010-09-30": -1023, "2010-06-30": 50, "2010-03-31": "264.00000", "2009-12-31": 127, "2009-09-30": 463, "2009-06-30": 163, "2009-03-31": "223.00000", "2008-12-31": 275, "2008-09-30": 311, "2008-06-30": 243, "2008-03-31": "158.00000", "2007-12-31": 777, "2007-09-30": 165, "2007-06-30": 401, "2007-03-31": "43.00000", "2006-12-31": 924, "2006-09-30": 1280, "2006-06-30": -29, "2006-03-31": "252.00000", "2005-12-31": 1960, "2005-09-30": 94, "2005-06-30": 1031, "2005-03-31": "446.00000"}, "Change In Inventories": {"2020-09-30": 0, "2020-06-30": 0, "2020-03-31": "", "2019-12-31": 0, "2019-09-30": 0, "2019-06-30": 0, "2019-03-31": "", "2018-12-31": 0, "2018-09-30": 0, "2018-06-30": 0, "2018-03-31": "", "2017-12-31": 0, "2017-09-30": 0, "2017-06-30": 0, "2017-03-31": "", "2016-12-31": 0, "2016-09-30": 0, "2016-06-30": 0, "2016-03-31": "", "2015-12-31": 0, "2015-09-30": 0, "2015-06-30": 0, "2015-03-31": "", "2014-12-31": 0, "2014-09-30": 0, "2014-06-30": 0, "2014-03-31": "", "2013-12-31": 0, "2013-09-30": 0, "2013-06-30": 0, "2013-03-31": "", "2012-12-31": 0, "2012-09-30": 0, "2012-06-30": 0, "2012-03-31": "", "2011-12-31": 0, "2011-09-30": 0, "2011-06-30": 0, "2011-03-31": "", "2010-12-31": 0, "2010-09-30": 0, "2010-06-30": 0, "2010-03-31": "", "2009-12-31": 0, "2009-09-30": 0, "2009-06-30": 0, "2009-03-31": "", "2008-12-31": 0, "2008-09-30": 0, "2008-06-30": 0, "2008-03-31": "", "2007-12-31": 0, "2007-09-30": 0, "2007-06-30": 0, "2007-03-31": "", "2006-12-31": 0, "2006-09-30": 0, "2006-06-30": 0, "2006-03-31": "", "2005-12-31": 0, "2005-09-30": 0, "2005-06-30": 0, "2005-03-31": ""}, "Change In Accounts Payable": {"2020-09-30": -17, "2020-06-30": 19, "2020-03-31": "-8.00000", "2019-12-31": 15, "2019-09-30": -11, "2019-06-30": 8, "2019-03-31": "-15.00000", "2018-12-31": 14, "2018-09-30": -10, "2018-06-30": 18, "2018-03-31": "-3.00000", "2017-12-31": 27, "2017-09-30": -32, "2017-06-30": 27, "2017-03-31": "-26.00000", "2016-12-31": 27, "2016-09-30": -34, "2016-06-30": 26, "2016-03-31": "-22.00000", "2015-12-31": 33, "2015-09-30": -42, "2015-06-30": 33, "2015-03-31": "-25.00000", "2014-12-31": 37, "2014-09-30": -34, "2014-06-30": 33, "2014-03-31": "-36.00000", "2013-12-31": 39, "2013-09-30": -36, "2013-06-30": 30, "2013-03-31": "-42.00000", "2012-12-31": 50, "2012-09-30": -36, "2012-06-30": 32, "2012-03-31": "-42.00000", "2011-12-31": 25, "2011-09-30": -31, "2011-06-30": 33, "2011-03-31": "-44.00000", "2010-12-31": 36, "2010-09-30": -42, "2010-06-30": 32, "2010-03-31": "-41.00000", "2009-12-31": 13, "2009-09-30": -46, "2009-06-30": 4, "2009-03-31": "-31.00000", "2008-12-31": 62, "2008-09-30": -66, "2008-06-30": 11, "2008-03-31": "-33.00000", "2007-12-31": -73, "2007-09-30": -58, "2007-06-30": -54, "2007-03-31": "30.00000", "2006-12-31": 763, "2006-09-30": -801, "2006-06-30": 21, "2006-03-31": "16.00000", "2005-12-31": -1008, "2005-09-30": -159, "2005-06-30": -167, "2005-03-31": "-25.00000"}, "Change In Assets/Liabilities": {"2020-09-30": 355, "2020-06-30": 714, "2020-03-31": "225.00000", "2019-12-31": -14, "2019-09-30": 129, "2019-06-30": 82, "2019-03-31": "-90.00000", "2018-12-31": 401, "2018-09-30": -526, "2018-06-30": 252, "2018-03-31": "126.00000", "2017-12-31": 16, "2017-09-30": -53, "2017-06-30": 206, "2017-03-31": "-118.00000", "2016-12-31": -127, "2016-09-30": -87, "2016-06-30": 299, "2016-03-31": "240.00000", "2015-12-31": 392, "2015-09-30": -166, "2015-06-30": 330, "2015-03-31": "41.00000", "2014-12-31": 61, "2014-09-30": -323, "2014-06-30": 241, "2014-03-31": "-340.00000", "2013-12-31": 460, "2013-09-30": -244, "2013-06-30": 178, "2013-03-31": "48.00000", "2012-12-31": 444, "2012-09-30": -99, "2012-06-30": 73, "2012-03-31": "91.00000", "2011-12-31": -163, "2011-09-30": -54, "2011-06-30": 95, "2011-03-31": "-128.00000", "2010-12-31": -185, "2010-09-30": 43, "2010-06-30": -214, "2010-03-31": "-220.00000", "2009-12-31": 176, "2009-09-30": -332, "2009-06-30": -243, "2009-03-31": "-268.00000", "2008-12-31": -743, "2008-09-30": -29, "2008-06-30": -172, "2008-03-31": "-214.00000", "2007-12-31": -340, "2007-09-30": -144, "2007-06-30": -104, "2007-03-31": "-172.00000", "2006-12-31": -1215, "2006-09-30": -63, "2006-06-30": 0, "2006-03-31": "-235.00000", "2005-12-31": -141, "2005-09-30": 940, "2005-06-30": -439, "2005-03-31": "-405.00000"}, "Total Change In Assets/Liabilities": {"2020-09-30": 653, "2020-06-30": 376, "2020-03-31": "-12.00000", "2019-12-31": -69, "2019-09-30": 460, "2019-06-30": -89, "2019-03-31": "-61.00000", "2018-12-31": 233, "2018-09-30": 4, "2018-06-30": -102, "2018-03-31": "-92.00000", "2017-12-31": 117, "2017-09-30": 128, "2017-06-30": -51, "2017-03-31": "-55.00000", "2016-12-31": 81, "2016-09-30": 108, "2016-06-30": 102, "2016-03-31": "-99.00000", "2015-12-31": 437, "2015-09-30": 73, "2015-06-30": 309, "2015-03-31": "-141.00000", "2014-12-31": 218, "2014-09-30": 248, "2014-06-30": 154, "2014-03-31": "-250.00000", "2013-12-31": 227, "2013-09-30": 119, "2013-06-30": 145, "2013-03-31": "-14.00000", "2012-12-31": 195, "2012-09-30": 143, "2012-06-30": 122, "2012-03-31": "102.00000", "2011-12-31": 615, "2011-09-30": 43, "2011-06-30": 196, "2011-03-31": "-101.00000", "2010-12-31": 154, "2010-09-30": -1022, "2010-06-30": -132, "2010-03-31": "3.00000", "2009-12-31": 316, "2009-09-30": 85, "2009-06-30": -76, "2009-03-31": "-76.00000", "2008-12-31": -130, "2008-09-30": -82, "2008-06-30": 32, "2008-03-31": "-17.00000", "2007-12-31": 361, "2007-09-30": -11, "2007-06-30": 122, "2007-03-31": "-39.00000", "2006-12-31": 421, "2006-09-30": 451, "2006-06-30": -6, "2006-03-31": "149.00000", "2005-12-31": 960, "2005-09-30": 448, "2005-06-30": 664, "2005-03-31": "-7.00000"}, "Cash Flow From Operating Activities": {"2020-09-30": 758, "2020-06-30": 438, "2020-03-31": "212.00000", "2019-12-31": 160, "2019-09-30": 466, "2019-06-30": 227, "2019-03-31": "287.00000", "2018-12-31": 359, "2018-09-30": 514, "2018-06-30": 136, "2018-03-31": "218.00000", "2017-12-31": 360, "2017-09-30": 379, "2017-06-30": 233, "2017-03-31": "282.00000", "2016-12-31": 296, "2016-09-30": 507, "2016-06-30": 279, "2016-03-31": "334.00000", "2015-12-31": 342, "2015-09-30": 505, "2015-06-30": 446, "2015-03-31": "94.00000", "2014-12-31": 393, "2014-09-30": 460, "2014-06-30": 419, "2014-03-31": "168.00000", "2013-12-31": 283, "2013-09-30": 352, "2013-06-30": 378, "2013-03-31": "191.00000", "2012-12-31": 257, "2012-09-30": 375, "2012-06-30": 306, "2012-03-31": "312.00000", "2011-12-31": 889, "2011-09-30": 401, "2011-06-30": 300, "2011-03-31": "112.00000", "2010-12-31": 584, "2010-09-30": -1254, "2010-06-30": 217, "2010-03-31": "364.00000", "2009-12-31": 983, "2009-09-30": -12, "2009-06-30": 100, "2009-03-31": "187.00000", "2008-12-31": 297, "2008-09-30": 449, "2008-06-30": 509, "2008-03-31": "303.00000", "2007-12-31": 526, "2007-09-30": 172, "2007-06-30": 324, "2007-03-31": "217.00000", "2006-12-31": 467, "2006-09-30": 860, "2006-06-30": 297, "2006-03-31": "626.00000", "2005-12-31": 709, "2005-09-30": 507, "2005-06-30": 794, "2005-03-31": "159.00000"}, "Net Change In Property, Plant, And Equipment": {"2020-09-30": -6, "2020-06-30": -7, "2020-03-31": "-3.00000", "2019-12-31": -6, "2019-09-30": -6, "2019-06-30": -6, "2019-03-31": "-8.00000", "2018-12-31": -12, "2018-09-30": -11, "2018-06-30": -38, "2018-03-31": "-38.00000", "2017-12-31": -22, "2017-09-30": -12, "2017-06-30": -38, "2017-03-31": "-30.00000", "2016-12-31": -52, "2016-09-30": -29, "2016-06-30": -32, "2016-03-31": "74.00000", "2015-12-31": -41, "2015-09-30": -27, "2015-06-30": -37, "2015-03-31": "-20.00000", "2014-12-31": -29, "2014-09-30": -15, "2014-06-30": -17, "2014-03-31": "-10.00000", "2013-12-31": -24, "2013-09-30": -25, "2013-06-30": -21, "2013-03-31": "-21.00000", "2012-12-31": -34, "2012-09-30": -18, "2012-06-30": -20, "2012-03-31": "-22.00000", "2011-12-31": -17, "2011-09-30": -43, "2011-06-30": -13, "2011-03-31": "-11.00000", "2010-12-31": -15, "2010-09-30": -15, "2010-06-30": -11, "2010-03-31": "-12.00000", "2009-12-31": -17, "2009-09-30": -13, "2009-06-30": -16, "2009-03-31": "-17.00000", "2008-12-31": -14, "2008-09-30": -26, "2008-06-30": -32, "2008-03-31": "-32.00000", "2007-12-31": -42, "2007-09-30": -140, "2007-06-30": 56, "2007-03-31": "-34.00000", "2006-12-31": -44, "2006-09-30": -29, "2006-06-30": -42, "2006-03-31": "-16.00000", "2005-12-31": -17, "2005-09-30": -11, "2005-06-30": -1, "2005-03-31": "-16.00000"}, "Net Change In Intangible Assets": {"2020-09-30": 0, "2020-06-30": 0, "2020-03-31": "", "2019-12-31": 0, "2019-09-30": 0, "2019-06-30": 0, "2019-03-31": "", "2018-12-31": 0, "2018-09-30": 0, "2018-06-30": 0, "2018-03-31": "", "2017-12-31": 0, "2017-09-30": 0, "2017-06-30": 0, "2017-03-31": "", "2016-12-31": 0, "2016-09-30": 0, "2016-06-30": 0, "2016-03-31": "", "2015-12-31": 0, "2015-09-30": 0, "2015-06-30": 0, "2015-03-31": "", "2014-12-31": 0, "2014-09-30": 0, "2014-06-30": 0, "2014-03-31": "", "2013-12-31": 0, "2013-09-30": 0, "2013-06-30": 0, "2013-03-31": "", "2012-12-31": 0, "2012-09-30": 0, "2012-06-30": 0, "2012-03-31": "", "2011-12-31": 0, "2011-09-30": 0, "2011-06-30": 0, "2011-03-31": "", "2010-12-31": 0, "2010-09-30": 0, "2010-06-30": 0, "2010-03-31": "", "2009-12-31": 0, "2009-09-30": 0, "2009-06-30": 0, "2009-03-31": "", "2008-12-31": 0, "2008-09-30": 0, "2008-06-30": 0, "2008-03-31": "", "2007-12-31": 0, "2007-09-30": 0, "2007-06-30": 0, "2007-03-31": "", "2006-12-31": 0, "2006-09-30": 0, "2006-06-30": 0, "2006-03-31": "", "2005-12-31": 0, "2005-09-30": 0, "2005-06-30": 0, "2005-03-31": ""}, "Net Acquisitions/Divestitures": {"2020-09-30": 0, "2020-06-30": 0, "2020-03-31": "", "2019-12-31": 0, "2019-09-30": 0, "2019-06-30": 0, "2019-03-31": "", "2018-12-31": 0, "2018-09-30": 0, "2018-06-30": 0, "2018-03-31": "", "2017-12-31": 0, "2017-09-30": 0, "2017-06-30": 0, "2017-03-31": "", "2016-12-31": 0, "2016-09-30": 0, "2016-06-30": 0, "2016-03-31": "", "2015-12-31": 0, "2015-09-30": 0, "2015-06-30": 0, "2015-03-31": "", "2014-12-31": 0, "2014-09-30": 198, "2014-06-30": 0, "2014-03-31": "", "2013-12-31": 32, "2013-09-30": 0, "2013-06-30": 0, "2013-03-31": "", "2012-12-31": 1, "2012-09-30": -197, "2012-06-30": 0, "2012-03-31": "", "2011-12-31": 171, "2011-09-30": 0, "2011-06-30": 0, "2011-03-31": "2.00000", "2010-12-31": 2, "2010-09-30": 61, "2010-06-30": 74, "2010-03-31": "5.00000", "2009-12-31": 7, "2009-09-30": 4, "2009-06-30": 3, "2009-03-31": "9.00000", "2008-12-31": 1, "2008-09-30": 2, "2008-06-30": 17, "2008-03-31": "-2.00000", "2007-12-31": 11, "2007-09-30": -8, "2007-06-30": 49, "2007-03-31": "1.00000", "2006-12-31": 13, "2006-09-30": 0, "2006-06-30": 36, "2006-03-31": "-5.00000", "2005-12-31": 68, "2005-09-30": -37, "2005-06-30": 29, "2005-03-31": "17.00000"}, "Net Change In Short-term Investments": {"2020-09-30": -6, "2020-06-30": -858, "2020-03-31": "1267.00000", "2019-12-31": -355, "2019-09-30": 31, "2019-06-30": -34, "2019-03-31": "-177.00000", "2018-12-31": 10, "2018-09-30": 23, "2018-06-30": -73, "2018-03-31": "208.00000", "2017-12-31": 23, "2017-09-30": -110, "2017-06-30": -190, "2017-03-31": "271.00000", "2016-12-31": 17, "2016-09-30": -40, "2016-06-30": 265, "2016-03-31": "16.00000", "2015-12-31": -188, "2015-09-30": 189, "2015-06-30": -157, "2015-03-31": "190.00000", "2014-12-31": 168, "2014-09-30": 122, "2014-06-30": 10, "2014-03-31": "-688.00000", "2013-12-31": 68, "2013-09-30": 64, "2013-06-30": 29, "2013-03-31": "264.00000", "2012-12-31": 498, "2012-09-30": -382, "2012-06-30": -115, "2012-03-31": "-8.00000", "2011-12-31": 67, "2011-09-30": -15, "2011-06-30": -34, "2011-03-31": "548.00000", "2010-12-31": -123, "2010-09-30": 963, "2010-06-30": -685, "2010-03-31": "1474.00000", "2009-12-31": 133, "2009-09-30": 435, "2009-06-30": 146, "2009-03-31": "-1041.00000", "2008-12-31": 1197, "2008-09-30": 265, "2008-06-30": 266, "2008-03-31": "-696.00000", "2007-12-31": 2310, "2007-09-30": 252, "2007-06-30": 845, "2007-03-31": "-2060.00000", "2006-12-31": 3050, "2006-09-30": -3044, "2006-06-30": 2677, "2006-03-31": "-4014.00000", "2005-12-31": 2523, "2005-09-30": -1559, "2005-06-30": 2325, "2005-03-31": "-1662.00000"}, "Net Change In Long-Term Investments": {"2020-09-30": -692, "2020-06-30": 168, "2020-03-31": "-137.00000", "2019-12-31": 159, "2019-09-30": -55, "2019-06-30": -145, "2019-03-31": "517.00000", "2018-12-31": -369, "2018-09-30": -355, "2018-06-30": 120, "2018-03-31": "340.00000", "2017-12-31": 63, "2017-09-30": -215, "2017-06-30": -45, "2017-03-31": "109.00000", "2016-12-31": -175, "2016-09-30": -171, "2016-06-30": -480, "2016-03-31": "-121.00000", "2015-12-31": 139, "2015-09-30": -470, "2015-06-30": -210, "2015-03-31": "362.00000", "2014-12-31": 75, "2014-09-30": -585, "2014-06-30": -369, "2014-03-31": "343.00000", "2013-12-31": -217, "2013-09-30": -237, "2013-06-30": -307, "2013-03-31": "-385.00000", "2012-12-31": -609, "2012-09-30": 378, "2012-06-30": -36, "2012-03-31": "-212.00000", "2011-12-31": -1030, "2011-09-30": -252, "2011-06-30": 298, "2011-03-31": "-583.00000", "2010-12-31": 60, "2010-09-30": 426, "2010-06-30": 479, "2010-03-31": "-1836.00000", "2009-12-31": -1049, "2009-09-30": -381, "2009-06-30": -155, "2009-03-31": "861.00000", "2008-12-31": -2627, "2008-09-30": -526, "2008-06-30": 394, "2008-03-31": "-84.00000", "2007-12-31": -2622, "2007-09-30": 2847, "2007-06-30": -1554, "2007-03-31": "1864.00000", "2006-12-31": -3706, "2006-09-30": 1006, "2006-06-30": -2363, "2006-03-31": "2735.00000", "2005-12-31": -1869, "2005-09-30": 144, "2005-06-30": -2495, "2005-03-31": "1340.00000"}, "Net Change In Investments - Total": {"2020-09-30": -698, "2020-06-30": -690, "2020-03-31": "1130.00000", "2019-12-31": -196, "2019-09-30": -24, "2019-06-30": -179, "2019-03-31": "340.00000", "2018-12-31": -359, "2018-09-30": -332, "2018-06-30": 47, "2018-03-31": "548.00000", "2017-12-31": 86, "2017-09-30": -325, "2017-06-30": -235, "2017-03-31": "380.00000", "2016-12-31": -158, "2016-09-30": -211, "2016-06-30": -215, "2016-03-31": "-105.00000", "2015-12-31": -49, "2015-09-30": -281, "2015-06-30": -367, "2015-03-31": "552.00000", "2014-12-31": 243, "2014-09-30": -463, "2014-06-30": -359, "2014-03-31": "-345.00000", "2013-12-31": -149, "2013-09-30": -173, "2013-06-30": -278, "2013-03-31": "-121.00000", "2012-12-31": -111, "2012-09-30": -4, "2012-06-30": -151, "2012-03-31": "-220.00000", "2011-12-31": -963, "2011-09-30": -267, "2011-06-30": 264, "2011-03-31": "-35.00000", "2010-12-31": -63, "2010-09-30": 1389, "2010-06-30": -206, "2010-03-31": "-362.00000", "2009-12-31": -916, "2009-09-30": 54, "2009-06-30": -9, "2009-03-31": "-180.00000", "2008-12-31": -1430, "2008-09-30": -261, "2008-06-30": 660, "2008-03-31": "-780.00000", "2007-12-31": -312, "2007-09-30": 3099, "2007-06-30": -709, "2007-03-31": "-196.00000", "2006-12-31": -656, "2006-09-30": -2038, "2006-06-30": 314, "2006-03-31": "-1279.00000", "2005-12-31": 654, "2005-09-30": -1415, "2005-06-30": -170, "2005-03-31": "-322.00000"}, "Investing Activities - Other": {"2020-09-30": -178, "2020-06-30": 85, "2020-03-31": "-40.00000", "2019-12-31": 37, "2019-09-30": -263, "2019-06-30": 129, "2019-03-31": "-43.00000", "2018-12-31": 114, "2018-09-30": -16, "2018-06-30": -59, "2018-03-31": "-21.00000", "2017-12-31": -270, "2017-09-30": 8, "2017-06-30": 30, "2017-03-31": "4.00000", "2016-12-31": -32, "2016-09-30": -197, "2016-06-30": 89, "2016-03-31": "22.00000", "2015-12-31": -28, "2015-09-30": -33, "2015-06-30": -35, "2015-03-31": "-6.00000", "2014-12-31": -45, "2014-09-30": -73, "2014-06-30": -4, "2014-03-31": "1.00000", "2013-12-31": -68, "2013-09-30": -20, "2013-06-30": -11, "2013-03-31": "-19.00000", "2012-12-31": -43, "2012-09-30": -18, "2012-06-30": -52, "2012-03-31": "-45.00000", "2011-12-31": -34, "2011-09-30": -4, "2011-06-30": -80, "2011-03-31": "-30.00000", "2010-12-31": -17, "2010-09-30": -52, "2010-06-30": -11, "2010-03-31": "", "2009-12-31": 1, "2009-09-30": 7, "2009-06-30": -48, "2009-03-31": "38.00000", "2008-12-31": 43, "2008-09-30": 8, "2008-06-30": -887, "2008-03-31": "825.00000", "2007-12-31": -72, "2007-09-30": -3089, "2007-06-30": 276, "2007-03-31": "28.00000", "2006-12-31": 531, "2006-09-30": 1080, "2006-06-30": -504, "2006-03-31": "993.00000", "2005-12-31": -1225, "2005-09-30": 1068, "2005-06-30": -149, "2005-03-31": "211.00000"}, "Cash Flow From Investing Activities": {"2020-09-30": -882, "2020-06-30": -612, "2020-03-31": "1087.00000", "2019-12-31": -165, "2019-09-30": -293, "2019-06-30": -56, "2019-03-31": "289.00000", "2018-12-31": -257, "2018-09-30": -359, "2018-06-30": -50, "2018-03-31": "489.00000", "2017-12-31": -206, "2017-09-30": -329, "2017-06-30": -243, "2017-03-31": "354.00000", "2016-12-31": -242, "2016-09-30": -437, "2016-06-30": -158, "2016-03-31": "-9.00000", "2015-12-31": -118, "2015-09-30": -341, "2015-06-30": -439, "2015-03-31": "526.00000", "2014-12-31": 169, "2014-09-30": -353, "2014-06-30": -380, "2014-03-31": "-354.00000", "2013-12-31": -209, "2013-09-30": -218, "2013-06-30": -310, "2013-03-31": "-161.00000", "2012-12-31": -187, "2012-09-30": -237, "2012-06-30": -223, "2012-03-31": "-287.00000", "2011-12-31": -843, "2011-09-30": -314, "2011-06-30": 171, "2011-03-31": "-74.00000", "2010-12-31": -93, "2010-09-30": 1383, "2010-06-30": -154, "2010-03-31": "-369.00000", "2009-12-31": -925, "2009-09-30": 52, "2009-06-30": -70, "2009-03-31": "-150.00000", "2008-12-31": -1400, "2008-09-30": -277, "2008-06-30": -242, "2008-03-31": "11.00000", "2007-12-31": -415, "2007-09-30": -138, "2007-06-30": -328, "2007-03-31": "-201.00000", "2006-12-31": -156, "2006-09-30": -987, "2006-06-30": -196, "2006-03-31": "-307.00000", "2005-12-31": -520, "2005-09-30": -395, "2005-06-30": -291, "2005-03-31": "-110.00000"}, "Net Long-Term Debt": {"2020-09-30": 76, "2020-06-30": 0, "2020-03-31": "", "2019-12-31": 0, "2019-09-30": 0, "2019-06-30": -24, "2019-03-31": "", "2018-12-31": 0, "2018-09-30": -30, "2018-06-30": 0, "2018-03-31": "-150.00000", "2017-12-31": 0, "2017-09-30": 105, "2017-06-30": 0, "2017-03-31": "", "2016-12-31": 0, "2016-09-30": 0, "2016-06-30": 0, "2016-03-31": "140.00000", "2015-12-31": 0, "2015-09-30": 0, "2015-06-30": 0, "2015-03-31": "", "2014-12-31": 0, "2014-09-30": 0, "2014-06-30": 0, "2014-03-31": "546.00000", "2013-12-31": 0, "2013-09-30": -13, "2013-06-30": 0, "2013-03-31": "", "2012-12-31": 0, "2012-09-30": -70, "2012-06-30": 0, "2012-03-31": "", "2011-12-31": -31, "2011-09-30": -11, "2011-06-30": 0, "2011-03-31": "-13.00000", "2010-12-31": 0, "2010-09-30": 395, "2010-06-30": -50, "2010-03-31": "", "2009-12-31": 250, "2009-09-30": 0, "2009-06-30": 0, "2009-03-31": "", "2008-12-31": 50, "2008-09-30": 0, "2008-06-30": 0, "2008-03-31": "-150.00000", "2007-12-31": 0, "2007-09-30": 0, "2007-06-30": 0, "2007-03-31": "", "2006-12-31": -250, "2006-09-30": 726, "2006-06-30": -11, "2006-03-31": "", "2005-12-31": -61, "2005-09-30": 0, "2005-06-30": -493, "2005-03-31": "-14.00000"}, "Net Current Debt": {"2020-09-30": 0, "2020-06-30": 0, "2020-03-31": "", "2019-12-31": 0, "2019-09-30": 0, "2019-06-30": 0, "2019-03-31": "", "2018-12-31": 0, "2018-09-30": 0, "2018-06-30": 0, "2018-03-31": "", "2017-12-31": 0, "2017-09-30": 0, "2017-06-30": 0, "2017-03-31": "", "2016-12-31": 0, "2016-09-30": 0, "2016-06-30": 0, "2016-03-31": "", "2015-12-31": 0, "2015-09-30": 0, "2015-06-30": 0, "2015-03-31": "", "2014-12-31": 0, "2014-09-30": 0, "2014-06-30": 0, "2014-03-31": "", "2013-12-31": 0, "2013-09-30": 0, "2013-06-30": 0, "2013-03-31": "", "2012-12-31": 0, "2012-09-30": 0, "2012-06-30": 0, "2012-03-31": "", "2011-12-31": 0, "2011-09-30": 0, "2011-06-30": 0, "2011-03-31": "", "2010-12-31": 0, "2010-09-30": 0, "2010-06-30": 0, "2010-03-31": "", "2009-12-31": 0, "2009-09-30": 0, "2009-06-30": 0, "2009-03-31": "", "2008-12-31": 0, "2008-09-30": 0, "2008-06-30": 0, "2008-03-31": "", "2007-12-31": 0, "2007-09-30": 0, "2007-06-30": 0, "2007-03-31": "", "2006-12-31": 0, "2006-09-30": 0, "2006-06-30": 0, "2006-03-31": "", "2005-12-31": 0, "2005-09-30": 0, "2005-06-30": 0, "2005-03-31": ""}, "Debt Issuance/Retirement Net - Total": {"2020-09-30": 76, "2020-06-30": 0, "2020-03-31": "", "2019-12-31": 0, "2019-09-30": 0, "2019-06-30": -24, "2019-03-31": "", "2018-12-31": 0, "2018-09-30": -30, "2018-06-30": 0, "2018-03-31": "-150.00000", "2017-12-31": 0, "2017-09-30": 105, "2017-06-30": 0, "2017-03-31": "", "2016-12-31": 0, "2016-09-30": 0, "2016-06-30": 0, "2016-03-31": "140.00000", "2015-12-31": 0, "2015-09-30": 0, "2015-06-30": 0, "2015-03-31": "", "2014-12-31": 0, "2014-09-30": 0, "2014-06-30": 0, "2014-03-31": "546.00000", "2013-12-31": 0, "2013-09-30": -13, "2013-06-30": 0, "2013-03-31": "", "2012-12-31": 0, "2012-09-30": -70, "2012-06-30": 0, "2012-03-31": "", "2011-12-31": -31, "2011-09-30": -11, "2011-06-30": 0, "2011-03-31": "-13.00000", "2010-12-31": 0, "2010-09-30": 395, "2010-06-30": -50, "2010-03-31": "", "2009-12-31": 250, "2009-09-30": 0, "2009-06-30": 0, "2009-03-31": "", "2008-12-31": 50, "2008-09-30": 0, "2008-06-30": 0, "2008-03-31": "-150.00000", "2007-12-31": 0, "2007-09-30": 0, "2007-06-30": 0, "2007-03-31": "", "2006-12-31": -250, "2006-09-30": 726, "2006-06-30": -11, "2006-03-31": "", "2005-12-31": -61, "2005-09-30": 0, "2005-06-30": -493, "2005-03-31": "-14.00000"}, "Net Common Equity Issued/Repurchased": {"2020-09-30": 0, "2020-06-30": 0, "2020-03-31": "-18.00000", "2019-12-31": -5, "2019-09-30": -2, "2019-06-30": -2, "2019-03-31": "-14.00000", "2018-12-31": 0, "2018-09-30": 0, "2018-06-30": 0, "2018-03-31": "", "2017-12-31": 0, "2017-09-30": 0, "2017-06-30": 0, "2017-03-31": "", "2016-12-31": 0, "2016-09-30": 0, "2016-06-30": 0, "2016-03-31": "", "2015-12-31": 0, "2015-09-30": 0, "2015-06-30": 0, "2015-03-31": "", "2014-12-31": 0, "2014-09-30": 0, "2014-06-30": 0, "2014-03-31": "", "2013-12-31": -1, "2013-09-30": 0, "2013-06-30": 0, "2013-03-31": "1.00000", "2012-12-31": -1, "2012-09-30": 0, "2012-06-30": 1, "2012-03-31": "", "2011-12-31": 0, "2011-09-30": 0, "2011-06-30": -4, "2011-03-31": "6.00000", "2010-12-31": 7, "2010-09-30": 3, "2010-06-30": 1, "2010-03-31": "", "2009-12-31": 0, "2009-09-30": 1, "2009-06-30": 0, "2009-03-31": "", "2008-12-31": 0, "2008-09-30": 0, "2008-06-30": 1, "2008-03-31": "-70.00000", "2007-12-31": 1, "2007-09-30": 0, "2007-06-30": 2, "2007-03-31": "15.00000", "2006-12-31": 6, "2006-09-30": 501, "2006-06-30": 1, "2006-03-31": "1.00000", "2005-12-31": 2, "2005-09-30": 0, "2005-06-30": 0, "2005-03-31": ""}, "Net Total Equity Issued/Repurchased": {"2020-09-30": 0, "2020-06-30": 0, "2020-03-31": "-18.00000", "2019-12-31": -5, "2019-09-30": -2, "2019-06-30": -2, "2019-03-31": "-14.00000", "2018-12-31": 0, "2018-09-30": 0, "2018-06-30": 0, "2018-03-31": "", "2017-12-31": 0, "2017-09-30": 0, "2017-06-30": 0, "2017-03-31": "", "2016-12-31": 0, "2016-09-30": 0, "2016-06-30": 0, "2016-03-31": "", "2015-12-31": 0, "2015-09-30": 0, "2015-06-30": 0, "2015-03-31": "", "2014-12-31": -549, "2014-09-30": 0, "2014-06-30": 0, "2014-03-31": "", "2013-12-31": -1, "2013-09-30": 0, "2013-06-30": 0, "2013-03-31": "1.00000", "2012-12-31": -1, "2012-09-30": 0, "2012-06-30": 1, "2012-03-31": "", "2011-12-31": 0, "2011-09-30": 0, "2011-06-30": -4, "2011-03-31": "6.00000", "2010-12-31": -493, "2010-09-30": -497, "2010-06-30": 1, "2010-03-31": "", "2009-12-31": -250, "2009-09-30": 1, "2009-06-30": 0, "2009-03-31": "", "2008-12-31": 1250, "2008-09-30": 0, "2008-06-30": 1, "2008-03-31": "-70.00000", "2007-12-31": 1, "2007-09-30": 0, "2007-06-30": 2, "2007-03-31": "15.00000", "2006-12-31": 6, "2006-09-30": -492, "2006-06-30": 1, "2006-03-31": "1.00000", "2005-12-31": 2, "2005-09-30": 0, "2005-06-30": 0, "2005-03-31": ""}, "Total Common And Preferred Stock Dividends Paid": {"2020-09-30": -100, "2020-06-30": -101, "2020-03-31": "-649.00000", "2019-12-31": -95, "2019-09-30": -96, "2019-06-30": -95, "2019-03-31": "-643.00000", "2018-12-31": -95, "2018-09-30": -95, "2018-06-30": -82, "2018-03-31": "-624.00000", "2017-12-31": -81, "2017-09-30": -85, "2017-06-30": -67, "2017-03-31": "-609.00000", "2016-12-31": -67, "2016-09-30": -69, "2016-06-30": -68, "2016-03-31": "-609.00000", "2015-12-31": -67, "2015-09-30": -68, "2015-06-30": -68, "2015-03-31": "-608.00000", "2014-12-31": -68, "2014-09-30": -67, "2014-06-30": -68, "2014-03-31": "-338.00000", "2013-12-31": -54, "2013-09-30": -54, "2013-06-30": -53, "2013-03-31": "-55.00000", "2012-12-31": -40, "2012-09-30": -41, "2012-06-30": -40, "2012-03-31": "-41.00000", "2011-12-31": -27, "2011-09-30": -27, "2011-06-30": -27, "2011-03-31": "-27.00000", "2010-12-31": -8, "2010-09-30": -18, "2010-06-30": -25, "2010-03-31": "-25.00000", "2009-12-31": -28, "2009-09-30": -31, "2009-06-30": -32, "2009-03-31": "-31.00000", "2008-12-31": -19, "2008-09-30": -41, "2008-06-30": -40, "2008-03-31": "-41.00000", "2007-12-31": -41, "2007-09-30": -27, "2007-06-30": -27, "2007-03-31": "", "2006-12-31": 0, "2006-09-30": 0, "2006-06-30": 0, "2006-03-31": "", "2005-12-31": 0, "2005-09-30": 0, "2005-06-30": 0, "2005-03-31": ""}, "Financial Activities - Other": {"2020-09-30": -1, "2020-06-30": 0, "2020-03-31": "-8.00000", "2019-12-31": -1, "2019-09-30": -1, "2019-06-30": -2, "2019-03-31": "-8.00000", "2018-12-31": -1, "2018-09-30": -9, "2018-06-30": 8, "2018-03-31": "-7.00000", "2017-12-31": -1, "2017-09-30": -16, "2017-06-30": -1, "2017-03-31": "", "2016-12-31": -1, "2016-09-30": 2, "2016-06-30": -1, "2016-03-31": "", "2015-12-31": -1, "2015-09-30": -1, "2015-06-30": 1, "2015-03-31": "5.00000", "2014-12-31": 3, "2014-09-30": -1, "2014-06-30": 21, "2014-03-31": "2.00000", "2013-12-31": -9, "2013-09-30": -6, "2013-06-30": -18, "2013-03-31": "-2.00000", "2012-12-31": -3, "2012-09-30": -1, "2012-06-30": -2, "2012-03-31": "-1.00000", "2011-12-31": 2, "2011-09-30": -46, "2011-06-30": -437, "2011-03-31": "-2.00000", "2010-12-31": 4, "2010-09-30": -1, "2010-06-30": -12, "2010-03-31": "-13.00000", "2009-12-31": -20, "2009-09-30": 17, "2009-06-30": -1, "2009-03-31": "5.00000", "2008-12-31": -201, "2008-09-30": -98, "2008-06-30": -282, "2008-03-31": "-12.00000", "2007-12-31": -62, "2007-09-30": -2, "2007-06-30": -3, "2007-03-31": "-41.00000", "2006-12-31": -79, "2006-09-30": -103, "2006-06-30": -60, "2006-03-31": "-344.00000", "2005-12-31": -111, "2005-09-30": -101, "2005-06-30": -17, "2005-03-31": "-42.00000"}, "Cash Flow From Financial Activities": {"2020-09-30": -25, "2020-06-30": -101, "2020-03-31": "-675.00000", "2019-12-31": -101, "2019-09-30": -99, "2019-06-30": -123, "2019-03-31": "-665.00000", "2018-12-31": -96, "2018-09-30": -134, "2018-06-30": -74, "2018-03-31": "-781.00000", "2017-12-31": -82, "2017-09-30": 4, "2017-06-30": -68, "2017-03-31": "-609.00000", "2016-12-31": -68, "2016-09-30": -67, "2016-06-30": -69, "2016-03-31": "-469.00000", "2015-12-31": -68, "2015-09-30": -69, "2015-06-30": -67, "2015-03-31": "-603.00000", "2014-12-31": -614, "2014-09-30": -68, "2014-06-30": -47, "2014-03-31": "210.00000", "2013-12-31": -64, "2013-09-30": -73, "2013-06-30": -71, "2013-03-31": "-56.00000", "2012-12-31": -44, "2012-09-30": -112, "2012-06-30": -41, "2012-03-31": "-42.00000", "2011-12-31": -56, "2011-09-30": -84, "2011-06-30": -468, "2011-03-31": "-36.00000", "2010-12-31": -497, "2010-09-30": -121, "2010-06-30": -86, "2010-03-31": "-38.00000", "2009-12-31": -48, "2009-09-30": -13, "2009-06-30": -33, "2009-03-31": "-26.00000", "2008-12-31": 1080, "2008-09-30": -139, "2008-06-30": -321, "2008-03-31": "-273.00000", "2007-12-31": -102, "2007-09-30": -29, "2007-06-30": -28, "2007-03-31": "-26.00000", "2006-12-31": -323, "2006-09-30": 131, "2006-06-30": -70, "2006-03-31": "-343.00000", "2005-12-31": -170, "2005-09-30": -101, "2005-06-30": -510, "2005-03-31": "-56.00000"}, "Net Cash Flow": {"2020-09-30": -144, "2020-06-30": -271, "2020-03-31": "615.00000", "2019-12-31": -98, "2019-09-30": 69, "2019-06-30": 48, "2019-03-31": "-87.00000", "2018-12-31": 0, "2018-09-30": 22, "2018-06-30": 6, "2018-03-31": "-73.00000", "2017-12-31": 72, "2017-09-30": 58, "2017-06-30": -74, "2017-03-31": "28.00000", "2016-12-31": -19, "2016-09-30": 1, "2016-06-30": 47, "2016-03-31": "-145.00000", "2015-12-31": 151, "2015-09-30": 91, "2015-06-30": -56, "2015-03-31": "11.00000", "2014-12-31": -57, "2014-09-30": 43, "2014-06-30": -2, "2014-03-31": "11.00000", "2013-12-31": 10, "2013-09-30": 64, "2013-06-30": -2, "2013-03-31": "-33.00000", "2012-12-31": 27, "2012-09-30": 29, "2012-06-30": 41, "2012-03-31": "-16.00000", "2011-12-31": -9, "2011-09-30": 0, "2011-06-30": 3, "2011-03-31": "4.00000", "2010-12-31": -5, "2010-09-30": 10, "2010-06-30": -23, "2010-03-31": "-45.00000", "2009-12-31": 12, "2009-09-30": 30, "2009-06-30": 4, "2009-03-31": "9.00000", "2008-12-31": -30, "2008-09-30": 28, "2008-06-30": -54, "2008-03-31": "40.00000", "2007-12-31": 14, "2007-09-30": 5, "2007-06-30": -32, "2007-03-31": "-10.00000", "2006-12-31": -12, "2006-09-30": 4, "2006-06-30": 31, "2006-03-31": "-24.00000", "2005-12-31": 19, "2005-09-30": 11, "2005-06-30": -7, "2005-03-31": "-7.00000"}, "Stock-Based Compensation": {"2020-09-30": 0, "2020-06-30": 0, "2020-03-31": "", "2019-12-31": 0, "2019-09-30": 0, "2019-06-30": 0, "2019-03-31": "", "2018-12-31": 0, "2018-09-30": 0, "2018-06-30": 0, "2018-03-31": "", "2017-12-31": 0, "2017-09-30": 0, "2017-06-30": 0, "2017-03-31": "", "2016-12-31": 0, "2016-09-30": 0, "2016-06-30": 0, "2016-03-31": "", "2015-12-31": 0, "2015-09-30": 0, "2015-06-30": 0, "2015-03-31": "", "2014-12-31": 0, "2014-09-30": 0, "2014-06-30": 0, "2014-03-31": "", "2013-12-31": 0, "2013-09-30": 0, "2013-06-30": 0, "2013-03-31": "", "2012-12-31": 0, "2012-09-30": 0, "2012-06-30": 0, "2012-03-31": "", "2011-12-31": 0, "2011-09-30": 0, "2011-06-30": 0, "2011-03-31": "", "2010-12-31": 0, "2010-09-30": 0, "2010-06-30": 0, "2010-03-31": "", "2009-12-31": 0, "2009-09-30": 0, "2009-06-30": 0, "2009-03-31": "", "2008-12-31": 0, "2008-09-30": 0, "2008-06-30": 0, "2008-03-31": "", "2007-12-31": 0, "2007-09-30": 0, "2007-06-30": 0, "2007-03-31": "", "2006-12-31": 0, "2006-09-30": 0, "2006-06-30": 0, "2006-03-31": "", "2005-12-31": 0, "2005-09-30": 0, "2005-06-30": 0, "2005-03-31": ""}, "Common Stock Dividends Paid": {"2020-09-30": -100, "2020-06-30": -101, "2020-03-31": "-649.00000", "2019-12-31": -95, "2019-09-30": -96, "2019-06-30": -95, "2019-03-31": "-643.00000", "2018-12-31": -95, "2018-09-30": -95, "2018-06-30": -82, "2018-03-31": "-624.00000", "2017-12-31": -81, "2017-09-30": -85, "2017-06-30": -67, "2017-03-31": "-609.00000", "2016-12-31": -67, "2016-09-30": -69, "2016-06-30": -68, "2016-03-31": "-609.00000", "2015-12-31": -67, "2015-09-30": -68, "2015-06-30": -68, "2015-03-31": "-608.00000", "2014-12-31": -68, "2014-09-30": -67, "2014-06-30": -68, "2014-03-31": "-338.00000", "2013-12-31": -54, "2013-09-30": -54, "2013-06-30": -53, "2013-03-31": "-55.00000", "2012-12-31": -40, "2012-09-30": -41, "2012-06-30": -40, "2012-03-31": "-41.00000", "2011-12-31": -27, "2011-09-30": -27, "2011-06-30": -27, "2011-03-31": "-27.00000", "2010-12-31": 0, "2010-09-30": 0, "2010-06-30": 0, "2010-03-31": "", "2009-12-31": 0, "2009-09-30": 0, "2009-06-30": 0, "2009-03-31": "", "2008-12-31": 0, "2008-09-30": -41, "2008-06-30": -40, "2008-03-31": "-41.00000", "2007-12-31": 54, "2007-09-30": -27, "2007-06-30": -27, "2007-03-31": "", "2006-12-31": 0, "2006-09-30": 0, "2006-06-30": 0, "2006-03-31": "", "2005-12-31": 0, "2005-09-30": 0, "2005-06-30": 0, "2005-03-31": ""}}, "financial ratios": {"Current Ratio": {"2019-12-31": "", "2018-12-31": "", "2017-12-31": "", "2016-12-31": "", "2015-12-31": "", "2014-12-31": "", "2013-12-31": "", "2012-12-31": "", "2011-12-31": "", "2010-12-31": "", "2009-12-31": "", "2008-12-31": "", "2007-12-31": "", "2006-12-31": "", "2005-12-31": ""}, "Long-term Debt / Capital": {"2019-12-31": "0.17990", "2018-12-31": "0.19280", "2017-12-31": "0.18110", "2016-12-31": "0.18460", "2015-12-31": "0.15820", "2014-12-31": "0.16670", "2013-12-31": "0.13720", "2012-12-31": "0.17190", "2011-12-31": "0.18020", "2010-12-31": "0.16340", "2009-12-31": "0.17100", "2008-12-31": "0.22100", "2007-12-31": "0.17970", "2006-12-31": "0.34860", "2005-12-31": "0.20680"}, "Debt/Equity Ratio": {"2019-12-31": "0.21930", "2018-12-31": "0.23890", "2017-12-31": "0.23340", "2016-12-31": "0.22640", "2015-12-31": "0.21780", "2014-12-31": "0.20000", "2013-12-31": "0.20240", "2012-12-31": "0.20870", "2011-12-31": "0.22700", "2010-12-31": "0.23000", "2009-12-31": "0.20630", "2008-12-31": "0.28370", "2007-12-31": "0.25350", "2006-12-31": "0.53520", "2005-12-31": "0.28890"}, "Gross Margin": {"2019-12-31": "", "2018-12-31": "", "2017-12-31": "", "2016-12-31": "", "2015-12-31": "", "2014-12-31": "", "2013-12-31": "", "2012-12-31": "", "2011-12-31": "", "2010-12-31": "", "2009-12-31": "", "2008-12-31": "", "2007-12-31": "", "2006-12-31": "", "2005-12-31": ""}, "Operating Margin": {"2019-12-31": "12.57550", "2018-12-31": "10.87430", "2017-12-31": "15.41610", "2016-12-31": "13.83730", "2015-12-31": "7.73540", "2014-12-31": "14.34170", "2013-12-31": "14.51870", "2012-12-31": "10.98890", "2011-12-31": "11.68850", "2010-12-31": "13.78000", "2009-12-31": "7.88480", "2008-12-31": "-5.48790", "2007-12-31": "13.77850", "2006-12-31": "17.03930", "2005-12-31": "2.90000"}, "EBIT Margin": {"2019-12-31": "12.57550", "2018-12-31": "10.87430", "2017-12-31": "15.41610", "2016-12-31": "13.83730", "2015-12-31": "7.73540", "2014-12-31": "14.34170", "2013-12-31": "14.51870", "2012-12-31": "10.98890", "2011-12-31": "11.68850", "2010-12-31": "13.78000", "2009-12-31": "7.88480", "2008-12-31": "-5.48790", "2007-12-31": "13.77850", "2006-12-31": "17.03930", "2005-12-31": "2.90000"}, "EBITDA Margin": {"2019-12-31": "12.38040", "2018-12-31": "10.96310", "2017-12-31": "15.91910", "2016-12-31": "14.37110", "2015-12-31": "8.84520", "2014-12-31": "15.36320", "2013-12-31": "15.29400", "2012-12-31": "11.73640", "2011-12-31": "11.85610", "2010-12-31": "13.35650", "2009-12-31": "6.56280", "2008-12-31": "-8.05230", "2007-12-31": "11.87660", "2006-12-31": "14.86120", "2005-12-31": "1.89620"}, "Pre-Tax Profit Margin": {"2019-12-31": "11.35880", "2018-12-31": "9.51250", "2017-12-31": "13.72880", "2016-12-31": "12.13970", "2015-12-31": "6.03230", "2014-12-31": "12.45360", "2013-12-31": "12.84740", "2012-12-31": "9.17340", "2011-12-31": "9.73290", "2010-12-31": "12.07510", "2009-12-31": "6.37390", "2008-12-31": "-7.20610", "2007-12-31": "12.36220", "2006-12-31": "15.90210", "2005-12-31": "1.64270"}, "Net Profit Margin": {"2019-12-31": "9.28760", "2018-12-31": "8.02250", "2017-12-31": "9.42150", "2016-12-31": "9.17150", "2015-12-31": "5.26320", "2014-12-31": "7.12960", "2013-12-31": "9.43420", "2012-12-31": "6.70650", "2011-12-31": "6.83880", "2010-12-31": "6.67830", "2009-12-31": "4.94570", "2008-12-31": "-3.83380", "2007-12-31": "8.60900", "2006-12-31": "10.67850", "2005-12-31": "2.67690"}, "Asset Turnover": {"2019-12-31": "0.17760", "2018-12-31": "0.17730", "2017-12-31": "0.16870", "2016-12-31": "0.16960", "2015-12-31": "0.16530", "2014-12-31": "0.17440", "2013-12-31": "0.17370", "2012-12-31": "0.16000", "2011-12-31": "0.16240", "2010-12-31": "0.16640", "2009-12-31": "0.15320", "2008-12-31": "0.15090", "2007-12-31": "0.17420", "2006-12-31": "0.17210", "2005-12-31": "0.16710"}, "Inventory Turnover Ratio": {"2019-12-31": "", "2018-12-31": "", "2017-12-31": "", "2016-12-31": "", "2015-12-31": "", "2014-12-31": "", "2013-12-31": "", "2012-12-31": "", "2011-12-31": "", "2010-12-31": "", "2009-12-31": "", "2008-12-31": "", "2007-12-31": "", "2006-12-31": "", "2005-12-31": ""}, "Receiveable Turnover": {"2019-12-31": "", "2018-12-31": "", "2017-12-31": "", "2016-12-31": "", "2015-12-31": "", "2014-12-31": "", "2013-12-31": "", "2012-12-31": "", "2011-12-31": "", "2010-12-31": "", "2009-12-31": "", "2008-12-31": "", "2007-12-31": "", "2006-12-31": "", "2005-12-31": ""}, "Days Sales In Receivables": {"2019-12-31": "", "2018-12-31": "", "2017-12-31": "", "2016-12-31": "", "2015-12-31": "", "2014-12-31": "", "2013-12-31": "", "2012-12-31": "", "2011-12-31": "", "2010-12-31": "", "2009-12-31": "", "2008-12-31": "", "2007-12-31": "", "2006-12-31": "", "2005-12-31": ""}, "ROE - Return On Equity": {"2019-12-31": "8.18670", "2018-12-31": "7.24790", "2017-12-31": "7.34240", "2016-12-31": "7.17690", "2015-12-31": "4.07450", "2014-12-31": "6.94080", "2013-12-31": "7.23260", "2012-12-31": "5.03490", "2011-12-31": "5.47530", "2010-12-31": "6.76850", "2009-12-31": "4.75110", "2008-12-31": "-4.15080", "2007-12-31": "8.91630", "2006-12-31": "11.64010", "2005-12-31": "2.96340"}, "Return On Tangible Equity": {"2019-12-31": "8.28640", "2018-12-31": "7.34350", "2017-12-31": "7.43220", "2016-12-31": "7.26490", "2015-12-31": "4.12720", "2014-12-31": "7.02420", "2013-12-31": "7.32230", "2012-12-31": "5.09870", "2011-12-31": "5.53450", "2010-12-31": "6.85230", "2009-12-31": "4.38100", "2008-12-31": "-3.50750", "2007-12-31": "9.04280", "2006-12-31": "11.81180", "2005-12-31": "2.76010"}, "ROA - Return On Assets": {"2019-12-31": "1.64980", "2018-12-31": "1.42250", "2017-12-31": "1.58930", "2016-12-31": "1.55520", "2015-12-31": "0.87020", "2014-12-31": "1.59810", "2013-12-31": "1.59980", "2012-12-31": "1.05940", "2011-12-31": "1.14140", "2010-12-31": "1.40970", "2009-12-31": "0.87340", "2008-12-31": "-0.48560", "2007-12-31": "1.59450", "2006-12-31": "1.88610", "2005-12-31": "0.41180"}, "ROI - Return On Investment": {"2019-12-31": "6.71410", "2018-12-31": "5.85020", "2017-12-31": "6.01260", "2016-12-31": "5.85190", "2015-12-31": "3.42980", "2014-12-31": "5.78390", "2013-12-31": "6.24060", "2012-12-31": "4.16920", "2011-12-31": "4.48870", "2010-12-31": "5.66240", "2009-12-31": "3.58600", "2008-12-31": "-2.67960", "2007-12-31": "7.31430", "2006-12-31": "7.58200", "2005-12-31": "2.15350"}, "Book Value Per Share": {"2019-12-31": "45.00520", "2018-12-31": "41.32150", "2017-12-31": "45.14670", "2016-12-31": "44.24830", "2015-12-31": "43.49660", "2014-12-31": "47.38870", "2013-12-31": "46.90460", "2012-12-31": "45.70920", "2011-12-31": "42.66270", "2010-12-31": "42.81800", "2009-12-31": "41.50510", "2008-12-31": "27.12400", "2007-12-31": "37.36260", "2006-12-31": "36.02990", "2005-12-31": "34.96070"}, "Operating Cash Flow Per Share": {"2019-12-31": -0.3193, "2018-12-31": -0.1058, "2017-12-31": -0.6146, "2016-12-31": 0.0994, "2015-12-31": -0.1977, "2014-12-31": 0.8655, "2013-12-31": -0.1771, "2012-12-31": -1.68, "2011-12-31": 6.6433, "2010-12-31": -5.005, "2009-12-31": -1.1084, "2008-12-31": 1.2247, "2007-12-31": -4.0195, "2006-12-31": 0.1053, "2005-12-31": 8.4727}, "Free Cash Flow Per Share": {"2019-12-31": -0.0514, "2018-12-31": -0.0942, "2017-12-31": -0.8456, "2016-12-31": 0.4173, "2015-12-31": -0.3971, "2014-12-31": 0.9399, "2013-12-31": -0.1655, "2012-12-31": -1.7168, "2011-12-31": 6.5284, "2010-12-31": -4.9676, "2009-12-31": -0.9565, "2008-12-31": 1.4274, "2007-12-31": -4.1087, "2006-12-31": -0.2184, "2005-12-31": 8.2969}}, "financial ratios, quarterly": {"Current Ratio": {"2020-09-30": "", "2020-06-30": "", "2020-03-31": "", "2019-12-31": "", "2019-09-30": "", "2019-06-30": "", "2019-03-31": "", "2018-12-31": "", "2018-09-30": "", "2018-06-30": "", "2018-03-31": "", "2017-12-31": "", "2017-09-30": "", "2017-06-30": "", "2017-03-31": "", "2016-12-31": "", "2016-09-30": "", "2016-06-30": "", "2016-03-31": "", "2015-12-31": "", "2015-09-30": "", "2015-06-30": "", "2015-03-31": "", "2014-12-31": "", "2014-09-30": "", "2014-06-30": "", "2014-03-31": "", "2013-12-31": "", "2013-09-30": "", "2013-06-30": "", "2013-03-31": "", "2012-12-31": "", "2012-09-30": "", "2012-06-30": "", "2012-03-31": "", "2011-12-31": "", "2011-09-30": "", "2011-06-30": "", "2011-03-31": "", "2010-12-31": "", "2010-09-30": "", "2010-06-30": "", "2010-03-31": "", "2009-12-31": "", "2009-09-30": "", "2009-06-30": "", "2009-03-31": "", "2008-12-31": "", "2008-09-30": "", "2008-06-30": "", "2008-03-31": "", "2007-12-31": "", "2007-09-30": "", "2007-06-30": "", "2007-03-31": "", "2006-12-31": "", "2006-09-30": "", "2006-06-30": "", "2006-03-31": "", "2005-12-31": "", "2005-09-30": "", "2005-06-30": "", "2005-03-31": ""}, "Long-term Debt / Capital": {"2020-09-30": "0.18760", "2020-06-30": "0.18710", "2020-03-31": "0.20550", "2019-12-31": "0.17990", "2019-09-30": "0.18090", "2019-06-30": "0.18140", "2019-03-31": "0.18970", "2018-12-31": "0.19280", "2018-09-30": "0.18890", "2018-06-30": "0.19010", "2018-03-31": "0.18990", "2017-12-31": "0.18110", "2017-09-30": "0.18200", "2017-06-30": "0.17550", "2017-03-31": "0.17960", "2016-12-31": "0.18460", "2016-09-30": "0.18180", "2016-06-30": "0.18560", "2016-03-31": "0.19100", "2015-12-31": "0.15820", "2015-09-30": "0.15270", "2015-06-30": "0.17300", "2015-03-31": "0.17070", "2014-12-31": "0.16670", "2014-09-30": "0.16410", "2014-06-30": "0.16360", "2014-03-31": "0.16900", "2013-12-31": "0.13720", "2013-09-30": "0.17390", "2013-06-30": "0.17640", "2013-03-31": "0.17100", "2012-12-31": "0.17190", "2012-09-30": "0.16800", "2012-06-30": "0.17140", "2012-03-31": "0.17410", "2011-12-31": "0.18020", "2011-09-30": "0.17510", "2011-06-30": "0.18390", "2011-03-31": "0.18290", "2010-12-31": "0.16340", "2010-09-30": "0.15190", "2010-06-30": "0.15380", "2010-03-31": "0.16420", "2009-12-31": "0.17100", "2009-09-30": "0.18520", "2009-06-30": "0.21790", "2009-03-31": "0.23470", "2008-12-31": "0.22100", "2008-09-30": "0.26320", "2008-06-30": "0.19720", "2008-03-31": "0.24010", "2007-12-31": "0.17970", "2007-09-30": "0.33750", "2007-06-30": "0.36170", "2007-03-31": "0.38170", "2006-12-31": "0.34860", "2006-09-30": "0.35940", "2006-06-30": "0.26480", "2006-03-31": "0.29790", "2005-12-31": "0.20680", "2005-09-30": "0.35830", "2005-06-30": "0.27400", "2005-03-31": "0.29970"}, "Debt/Equity Ratio": {"2020-09-30": "0.23090", "2020-06-30": "0.23010", "2020-03-31": "0.25860", "2019-12-31": "0.21930", "2019-09-30": "0.22090", "2019-06-30": "0.22160", "2019-03-31": "0.23400", "2018-12-31": "0.23890", "2018-09-30": "0.23280", "2018-06-30": "0.23730", "2018-03-31": "0.23710", "2017-12-31": "0.23340", "2017-09-30": "0.23480", "2017-06-30": "0.22540", "2017-03-31": "0.23180", "2016-12-31": "0.22640", "2016-09-30": "0.22210", "2016-06-30": "0.22780", "2016-03-31": "0.23610", "2015-12-31": "0.21780", "2015-09-30": "0.20880", "2015-06-30": "0.20930", "2015-03-31": "0.20580", "2014-12-31": "0.20000", "2014-09-30": "0.23850", "2014-06-30": "0.23760", "2014-03-31": "0.24690", "2013-12-31": "0.20240", "2013-09-30": "0.21060", "2013-06-30": "0.21530", "2013-03-31": "0.20730", "2012-12-31": "0.20870", "2012-09-30": "0.20300", "2012-06-30": "0.21360", "2012-03-31": "0.21780", "2011-12-31": "0.22700", "2011-09-30": "0.22060", "2011-06-30": "0.22540", "2011-03-31": "0.22390", "2010-12-31": "0.23000", "2010-09-30": "0.21100", "2010-06-30": "0.18170", "2010-03-31": "0.19650", "2009-12-31": "0.20630", "2009-09-30": "0.22740", "2009-06-30": "0.27870", "2009-03-31": "0.30670", "2008-12-31": "0.28370", "2008-09-30": "0.38310", "2008-06-30": "0.26710", "2008-03-31": "0.33740", "2007-12-31": "0.25350", "2007-09-30": "0.52420", "2007-06-30": "0.58160", "2007-03-31": "0.61740", "2006-12-31": "0.53520", "2006-09-30": "0.58770", "2006-06-30": "0.38810", "2006-03-31": "0.45250", "2005-12-31": "0.28890", "2005-09-30": "0.56390", "2005-06-30": "0.38600", "2005-03-31": "0.49150"}, "Gross Margin": {"2020-09-30": "", "2020-06-30": "", "2020-03-31": "", "2019-12-31": "", "2019-09-30": "", "2019-06-30": "", "2019-03-31": "", "2018-12-31": "", "2018-09-30": "", "2018-06-30": "", "2018-03-31": "", "2017-12-31": "", "2017-09-30": "", "2017-06-30": "", "2017-03-31": "", "2016-12-31": "", "2016-09-30": "", "2016-06-30": "", "2016-03-31": "", "2015-12-31": "", "2015-09-30": "", "2015-06-30": "", "2015-03-31": "", "2014-12-31": "", "2014-09-30": "", "2014-06-30": "", "2014-03-31": "", "2013-12-31": "", "2013-09-30": "", "2013-06-30": "", "2013-03-31": "", "2012-12-31": "", "2012-09-30": "", "2012-06-30": "", "2012-03-31": "", "2011-12-31": "", "2011-09-30": "", "2011-06-30": "", "2011-03-31": "", "2010-12-31": "", "2010-09-30": "", "2010-06-30": "", "2010-03-31": "", "2009-12-31": "", "2009-09-30": "", "2009-06-30": "", "2009-03-31": "", "2008-12-31": "", "2008-09-30": "", "2008-06-30": "", "2008-03-31": "", "2007-12-31": "", "2007-09-30": "", "2007-06-30": "", "2007-03-31": "", "2006-12-31": "", "2006-09-30": "", "2006-06-30": "", "2006-03-31": "", "2005-12-31": "", "2005-09-30": "", "2005-06-30": "", "2005-03-31": ""}, "Operating Margin": {"2020-09-30": "10.00000", "2020-06-30": "7.70070", "2020-03-31": "-2.53160", "2019-12-31": "13.17970", "2019-09-30": "5.92180", "2019-06-30": "14.40610", "2019-03-31": "16.80890", "2018-12-31": "-3.32920", "2018-09-30": "16.62850", "2018-06-30": "14.18030", "2018-03-31": "15.02960", "2017-12-31": "18.25980", "2017-09-30": "9.50790", "2017-06-30": "17.32880", "2017-03-31": "16.56650", "2016-12-31": "14.93720", "2016-09-30": "21.12620", "2016-06-30": "13.88420", "2016-03-31": "4.51030", "2015-12-31": "-5.42090", "2015-09-30": "12.63350", "2015-06-30": "8.72370", "2015-03-31": "14.96600", "2014-12-31": "12.48950", "2014-09-30": "14.14350", "2014-06-30": "16.80330", "2014-03-31": "13.88550", "2013-12-31": "12.72870", "2013-09-30": "16.80230", "2013-06-30": "12.69390", "2013-03-31": "15.92670", "2012-12-31": "-0.31100", "2012-09-30": "14.47690", "2012-06-30": "12.15490", "2012-03-31": "16.90960", "2011-12-31": "12.51660", "2011-09-30": "7.67820", "2011-06-30": "9.96360", "2011-03-31": "16.28510", "2010-12-31": "22.62840", "2010-09-30": "-5.37450", "2010-06-30": "21.63010", "2010-03-31": "16.97620", "2009-12-31": "16.26360", "2009-09-30": "17.94870", "2009-06-30": "7.72900", "2009-03-31": "-18.55920", "2008-12-31": "-32.72610", "2008-09-30": "-30.68110", "2008-06-30": "12.32230", "2008-03-31": "13.05870", "2007-12-31": "10.22770", "2007-09-30": "11.31240", "2007-06-30": "14.74280", "2007-03-31": "18.67300", "2006-12-31": "18.85330", "2006-09-30": "18.47330", "2006-06-30": "15.17410", "2006-03-31": "15.27390", "2005-12-31": "-14.45180", "2005-09-30": "-0.31750", "2005-06-30": "14.16340", "2005-03-31": "11.75970"}, "EBIT Margin": {"2020-09-30": "10.00000", "2020-06-30": "7.70070", "2020-03-31": "-2.53160", "2019-12-31": "13.17970", "2019-09-30": "5.92180", "2019-06-30": "14.40610", "2019-03-31": "16.80890", "2018-12-31": "-3.32920", "2018-09-30": "16.62850", "2018-06-30": "14.18030", "2018-03-31": "15.02960", "2017-12-31": "18.25980", "2017-09-30": "9.50790", "2017-06-30": "17.32880", "2017-03-31": "16.56650", "2016-12-31": "14.93720", "2016-09-30": "21.12620", "2016-06-30": "13.88420", "2016-03-31": "4.51030", "2015-12-31": "-5.42090", "2015-09-30": "12.63350", "2015-06-30": "8.72370", "2015-03-31": "14.96600", "2014-12-31": "12.48950", "2014-09-30": "14.14350", "2014-06-30": "16.80330", "2014-03-31": "13.88550", "2013-12-31": "12.72870", "2013-09-30": "16.80230", "2013-06-30": "12.69390", "2013-03-31": "15.92670", "2012-12-31": "-0.31100", "2012-09-30": "14.47690", "2012-06-30": "12.15490", "2012-03-31": "16.90960", "2011-12-31": "12.51660", "2011-09-30": "7.67820", "2011-06-30": "9.96360", "2011-03-31": "16.28510", "2010-12-31": "22.62840", "2010-09-30": "-5.37450", "2010-06-30": "21.63010", "2010-03-31": "16.97620", "2009-12-31": "16.26360", "2009-09-30": "17.94870", "2009-06-30": "7.72900", "2009-03-31": "-18.55920", "2008-12-31": "-32.72610", "2008-09-30": "-30.68110", "2008-06-30": "12.32230", "2008-03-31": "13.05870", "2007-12-31": "10.22770", "2007-09-30": "11.31240", "2007-06-30": "14.74280", "2007-03-31": "18.67300", "2006-12-31": "18.85330", "2006-09-30": "18.47330", "2006-06-30": "15.17410", "2006-03-31": "15.27390", "2005-12-31": "-14.45180", "2005-09-30": "-0.31750", "2005-06-30": "14.16340", "2005-03-31": "11.75970"}, "EBITDA Margin": {"2020-09-30": "", "2020-06-30": "", "2020-03-31": "", "2019-12-31": "", "2019-09-30": "", "2019-06-30": "", "2019-03-31": "", "2018-12-31": "", "2018-09-30": "", "2018-06-30": "", "2018-03-31": "", "2017-12-31": "", "2017-09-30": "", "2017-06-30": "", "2017-03-31": "", "2016-12-31": "", "2016-09-30": "", "2016-06-30": "", "2016-03-31": "", "2015-12-31": "", "2015-09-30": "", "2015-06-30": "", "2015-03-31": "", "2014-12-31": "", "2014-09-30": "", "2014-06-30": "", "2014-03-31": "", "2013-12-31": "", "2013-09-30": "", "2013-06-30": "", "2013-03-31": "", "2012-12-31": "", "2012-09-30": "", "2012-06-30": "", "2012-03-31": "", "2011-12-31": "", "2011-09-30": "", "2011-06-30": "", "2011-03-31": "", "2010-12-31": "", "2010-09-30": "", "2010-06-30": "", "2010-03-31": "", "2009-12-31": "", "2009-09-30": "", "2009-06-30": "", "2009-03-31": "", "2008-12-31": "", "2008-09-30": "", "2008-06-30": "", "2008-03-31": "", "2007-12-31": "", "2007-09-30": "", "2007-06-30": "", "2007-03-31": "", "2006-12-31": "", "2006-09-30": "", "2006-06-30": "", "2006-03-31": "", "2005-12-31": "", "2005-09-30": "", "2005-06-30": "", "2005-03-31": ""}, "Pre-Tax Profit Margin": {"2020-09-30": "8.86520", "2020-06-30": "6.57990", "2020-03-31": "-3.88480", "2019-12-31": "12.06340", "2019-09-30": "4.73000", "2019-06-30": "13.10350", "2019-03-31": "15.54730", "2018-12-31": "-4.74410", "2018-09-30": "15.33180", "2018-06-30": "12.82050", "2018-03-31": "13.64890", "2017-12-31": "16.74840", "2017-09-30": "7.79820", "2017-06-30": "15.63820", "2017-03-31": "14.72100", "2016-12-31": "13.26360", "2016-09-30": "19.52320", "2016-06-30": "12.26580", "2016-03-31": "2.59680", "2015-12-31": "-7.09560", "2015-09-30": "10.82210", "2015-06-30": "7.04770", "2015-03-31": "13.30780", "2014-12-31": "10.59710", "2014-09-30": "12.15260", "2014-06-30": "14.91800", "2014-03-31": "12.09910", "2013-12-31": "11.13270", "2013-09-30": "15.09360", "2013-06-30": "11.02040", "2013-03-31": "14.21590", "2012-12-31": "-2.17680", "2012-09-30": "12.73320", "2012-06-30": "10.24040", "2012-03-31": "15.16040", "2011-12-31": "10.61480", "2011-09-30": "5.70110", "2011-06-30": "8.00730", "2011-03-31": "14.29810", "2010-12-31": "20.71370", "2010-09-30": "-7.06730", "2010-06-30": "19.97310", "2010-03-31": "15.42120", "2009-12-31": "14.88740", "2009-09-30": "16.49570", "2009-06-30": "6.29770", "2009-03-31": "-20.45180", "2008-12-31": "-34.93820", "2008-09-30": "-32.67030", "2008-06-30": "10.90050", "2008-03-31": "11.56880", "2007-12-31": "8.73710", "2007-09-30": "9.90340", "2007-06-30": "13.32520", "2007-03-31": "17.32220", "2006-12-31": "17.51670", "2006-09-30": "17.13740", "2006-06-30": "14.55220", "2006-03-31": "14.07440", "2005-12-31": "-15.61460", "2005-09-30": "-1.46830", "2005-06-30": "12.99610", "2005-03-31": "10.19460"}, "Net Profit Margin": {"2020-09-30": "7.55320", "2020-06-30": "5.45910", "2020-03-31": "-2.66260", "2019-12-31": "9.83080", "2019-09-30": "3.98510", "2019-06-30": "10.65130", "2019-03-31": "12.69020", "2018-12-31": "-3.49560", "2018-09-30": "12.81470", "2018-06-30": "10.48950", "2018-03-31": "11.47930", "2017-12-31": "9.10950", "2017-09-30": "6.00500", "2017-06-30": "11.49620", "2017-03-31": "11.15880", "2016-12-31": "10.08370", "2016-09-30": "14.09780", "2016-06-30": "8.90120", "2016-03-31": "3.00680", "2015-12-31": "-3.08510", "2015-09-30": "8.26750", "2015-06-30": "5.93040", "2015-03-31": "9.90650", "2014-12-31": "8.32630", "2014-09-30": "8.83450", "2014-06-30": "10.94260", "2014-03-31": "0.52780", "2013-12-31": "8.60260", "2013-09-30": "11.06590", "2013-06-30": "7.91840", "2013-03-31": "10.18330", "2012-12-31": "-0.39980", "2012-09-30": "8.96190", "2012-06-30": "7.39090", "2012-03-31": "10.41230", "2011-12-31": "8.53600", "2011-09-30": "3.44830", "2011-06-30": "5.64150", "2011-03-31": "9.50320", "2010-12-31": "9.87820", "2010-09-30": "-5.92470", "2010-06-30": "12.67350", "2010-03-31": "10.58320", "2009-12-31": "11.55130", "2009-09-30": "11.23930", "2009-06-30": "5.00950", "2009-03-31": "-13.79730", "2008-12-31": "-21.86080", "2008-09-30": "-19.95180", "2008-06-30": "7.79840", "2008-03-31": "8.19460", "2007-12-31": "6.79090", "2007-09-30": "7.00480", "2007-06-30": "8.78900", "2007-03-31": "11.76000", "2006-12-31": "11.57230", "2006-09-30": "11.87020", "2006-06-30": "9.90880", "2006-03-31": "9.15630", "2005-12-31": "-9.01160", "2005-09-30": "0.23810", "2005-06-30": "11.28410", "2005-03-31": "7.82570"}, "Asset Turnover": {"2020-09-30": "0.04490", "2020-06-30": "0.04450", "2020-03-31": "0.03920", "2019-12-31": "0.04580", "2019-09-30": "0.04440", "2019-06-30": "0.04350", "2019-03-31": "0.04610", "2018-12-31": "0.04200", "2018-09-30": "0.04580", "2018-06-30": "0.04450", "2018-03-31": "0.04400", "2017-12-31": "0.04330", "2017-09-30": "0.04240", "2017-06-30": "0.04210", "2017-03-31": "0.04220", "2016-12-31": "0.04330", "2016-09-30": "0.04280", "2016-06-30": "0.04130", "2016-03-31": "0.03950", "2015-12-31": "0.04120", "2015-09-30": "0.03930", "2015-06-30": "0.04230", "2015-03-31": "0.04240", "2014-12-31": "0.04280", "2014-09-30": "0.04330", "2014-06-30": "0.04110", "2014-03-31": "0.04230", "2013-12-31": "0.04490", "2013-09-30": "0.04300", "2013-06-30": "0.04260", "2013-03-31": "0.04180", "2012-12-31": "0.03850", "2012-09-30": "0.04210", "2012-06-30": "0.03980", "2012-03-31": "0.04290", "2011-12-31": "0.04100", "2011-09-30": "0.03890", "2011-06-30": "0.03940", "2011-03-31": "0.04170", "2010-12-31": "0.04150", "2010-09-30": "0.04150", "2010-06-30": "0.04010", "2010-03-31": "0.04160", "2009-12-31": "0.04340", "2009-09-30": "0.04210", "2009-06-30": "0.03910", "2009-03-31": "0.03160", "2008-12-31": "0.02970", "2008-09-30": "0.03090", "2008-06-30": "0.04210", "2008-03-31": "0.04040", "2007-12-31": "0.04250", "2007-09-30": "0.04130", "2007-06-30": "0.04070", "2007-03-31": "0.04090", "2006-12-31": "0.04720", "2006-09-30": "0.04330", "2006-06-30": "0.04090", "2006-03-31": "0.04190", "2005-12-31": "0.04080", "2005-09-30": "0.03940", "2005-06-30": "0.04100", "2005-03-31": "0.03750"}, "Inventory Turnover Ratio": {"2020-09-30": "", "2020-06-30": "", "2020-03-31": "", "2019-12-31": "", "2019-09-30": "", "2019-06-30": "", "2019-03-31": "", "2018-12-31": "", "2018-09-30": "", "2018-06-30": "", "2018-03-31": "", "2017-12-31": "", "2017-09-30": "", "2017-06-30": "", "2017-03-31": "", "2016-12-31": "", "2016-09-30": "", "2016-06-30": "", "2016-03-31": "", "2015-12-31": "", "2015-09-30": "", "2015-06-30": "", "2015-03-31": "", "2014-12-31": "", "2014-09-30": "", "2014-06-30": "", "2014-03-31": "", "2013-12-31": "", "2013-09-30": "", "2013-06-30": "", "2013-03-31": "", "2012-12-31": "", "2012-09-30": "", "2012-06-30": "", "2012-03-31": "", "2011-12-31": "", "2011-09-30": "", "2011-06-30": "", "2011-03-31": "", "2010-12-31": "", "2010-09-30": "", "2010-06-30": "", "2010-03-31": "", "2009-12-31": "", "2009-09-30": "", "2009-06-30": "", "2009-03-31": "", "2008-12-31": "", "2008-09-30": "", "2008-06-30": "", "2008-03-31": "", "2007-12-31": "", "2007-09-30": "", "2007-06-30": "", "2007-03-31": "", "2006-12-31": "", "2006-09-30": "", "2006-06-30": "", "2006-03-31": "", "2005-12-31": "", "2005-09-30": "", "2005-06-30": "", "2005-03-31": ""}, "Receiveable Turnover": {"2020-09-30": "", "2020-06-30": "", "2020-03-31": "", "2019-12-31": "", "2019-09-30": "", "2019-06-30": "", "2019-03-31": "", "2018-12-31": "", "2018-09-30": "", "2018-06-30": "", "2018-03-31": "", "2017-12-31": "", "2017-09-30": "", "2017-06-30": "", "2017-03-31": "", "2016-12-31": "", "2016-09-30": "", "2016-06-30": "", "2016-03-31": "", "2015-12-31": "", "2015-09-30": "", "2015-06-30": "", "2015-03-31": "", "2014-12-31": "", "2014-09-30": "", "2014-06-30": "", "2014-03-31": "", "2013-12-31": "", "2013-09-30": "", "2013-06-30": "", "2013-03-31": "", "2012-12-31": "", "2012-09-30": "", "2012-06-30": "", "2012-03-31": "", "2011-12-31": "", "2011-09-30": "", "2011-06-30": "", "2011-03-31": "", "2010-12-31": "", "2010-09-30": "", "2010-06-30": "", "2010-03-31": "", "2009-12-31": "", "2009-09-30": "", "2009-06-30": "", "2009-03-31": "", "2008-12-31": "", "2008-09-30": "", "2008-06-30": "", "2008-03-31": "", "2007-12-31": "", "2007-09-30": "", "2007-06-30": "", "2007-03-31": "", "2006-12-31": "", "2006-09-30": "", "2006-06-30": "", "2006-03-31": "", "2005-12-31": "", "2005-09-30": "", "2005-06-30": "", "2005-03-31": ""}, "Days Sales In Receivables": {"2020-09-30": "", "2020-06-30": "", "2020-03-31": "", "2019-12-31": "", "2019-09-30": "", "2019-06-30": "", "2019-03-31": "", "2018-12-31": "", "2018-09-30": "", "2018-06-30": "", "2018-03-31": "", "2017-12-31": "", "2017-09-30": "", "2017-06-30": "", "2017-03-31": "", "2016-12-31": "", "2016-09-30": "", "2016-06-30": "", "2016-03-31": "", "2015-12-31": "", "2015-09-30": "", "2015-06-30": "", "2015-03-31": "", "2014-12-31": "", "2014-09-30": "", "2014-06-30": "", "2014-03-31": "", "2013-12-31": "", "2013-09-30": "", "2013-06-30": "", "2013-03-31": "", "2012-12-31": "", "2012-09-30": "", "2012-06-30": "", "2012-03-31": "", "2011-12-31": "", "2011-09-30": "", "2011-06-30": "", "2011-03-31": "", "2010-12-31": "", "2010-09-30": "", "2010-06-30": "", "2010-03-31": "", "2009-12-31": "", "2009-09-30": "", "2009-06-30": "", "2009-03-31": "", "2008-12-31": "", "2008-09-30": "", "2008-06-30": "", "2008-03-31": "", "2007-12-31": "", "2007-09-30": "", "2007-06-30": "", "2007-03-31": "", "2006-12-31": "", "2006-09-30": "", "2006-06-30": "", "2006-03-31": "", "2005-12-31": "", "2005-09-30": "", "2005-06-30": "", "2005-03-31": ""}, "ROE - Return On Equity": {"2020-09-30": "1.77190", "2020-06-30": "1.29670", "2020-03-31": "-0.58870", "2019-12-31": "2.23500", "2019-09-30": "0.88260", "2019-06-30": "2.30000", "2019-03-31": "2.98560", "2018-12-31": "-0.74890", "2018-09-30": "2.91920", "2018-06-30": "2.36530", "2018-03-31": "2.54700", "2017-12-31": "1.82130", "2017-09-30": "1.18330", "2017-06-30": "2.26140", "2017-03-31": "2.22360", "2016-12-31": "2.01350", "2016-09-30": "2.81260", "2016-06-30": "1.75840", "2016-03-31": "0.57540", "2015-12-31": "-0.59540", "2015-09-30": "1.45130", "2015-06-30": "1.12800", "2015-03-31": "1.87340", "2014-12-31": "1.54760", "2014-09-30": "1.60350", "2014-06-30": "1.99630", "2014-03-31": "1.74850", "2013-12-31": "1.68370", "2013-09-30": "2.22990", "2013-06-30": "1.59080", "2013-03-31": "1.94280", "2012-12-31": "-0.13810", "2012-09-30": "1.74570", "2012-06-30": "1.35910", "2012-03-31": "2.08660", "2011-12-31": "1.68870", "2011-09-30": "0.63570", "2011-06-30": "1.09800", "2011-03-31": "1.94550", "2010-12-31": "2.83760", "2010-09-30": "-0.85370", "2010-06-30": "2.63920", "2010-03-31": "2.37780", "2009-12-31": "2.65590", "2009-09-30": "2.77860", "2009-06-30": "1.52650", "2009-03-31": "-2.96520", "2008-12-31": "-5.25880", "2008-09-30": "-4.18820", "2008-06-30": "2.04370", "2008-03-31": "2.13680", "2007-12-31": "2.06900", "2007-09-30": "1.72020", "2007-06-30": "2.26750", "2007-03-31": "2.89970", "2006-12-31": "3.64460", "2006-09-30": "3.26940", "2006-06-30": "2.94440", "2006-03-31": "2.86940", "2005-12-31": "-2.75610", "2005-09-30": "0.03470", "2005-06-30": "3.20430", "2005-03-31": "2.14350"}, "Return On Tangible Equity": {"2020-09-30": "1.79370", "2020-06-30": "1.31300", "2020-03-31": "-0.59700", "2019-12-31": "2.26220", "2019-09-30": "0.89330", "2019-06-30": "2.32810", "2019-03-31": "3.02440", "2018-12-31": "-0.75870", "2018-09-30": "2.95700", "2018-06-30": "2.39620", "2018-03-31": "2.58070", "2017-12-31": "1.84360", "2017-09-30": "1.19780", "2017-06-30": "2.28940", "2017-03-31": "2.25170", "2016-12-31": "2.03820", "2016-09-30": "2.84670", "2016-06-30": "1.78040", "2016-03-31": "0.58300", "2015-12-31": "-0.60310", "2015-09-30": "1.46940", "2015-06-30": "1.14230", "2015-03-31": "1.89650", "2014-12-31": "1.56620", "2014-09-30": "1.62270", "2014-06-30": "2.02040", "2014-03-31": "1.77030", "2013-12-31": "1.70450", "2013-09-30": "2.25850", "2013-06-30": "1.61130", "2013-03-31": "1.96670", "2012-12-31": "-0.13980", "2012-09-30": "1.78590", "2012-06-30": "1.37470", "2012-03-31": "2.11110", "2011-12-31": "1.70700", "2011-09-30": "0.64330", "2011-06-30": "1.11130", "2011-03-31": "1.96900", "2010-12-31": "2.87270", "2010-09-30": "-0.82900", "2010-06-30": "2.45430", "2010-03-31": "2.20150", "2009-12-31": "2.44900", "2009-09-30": "2.50140", "2009-06-30": "1.33780", "2009-03-31": "-2.51770", "2008-12-31": "-4.44380", "2008-09-30": "-4.26650", "2008-06-30": "2.07520", "2008-03-31": "2.16970", "2007-12-31": "2.09830", "2007-09-30": "1.74470", "2007-06-30": "2.30010", "2007-03-31": "2.94090", "2006-12-31": "3.69830", "2006-09-30": "3.31990", "2006-06-30": "2.74210", "2006-03-31": "2.67260", "2005-12-31": "-2.56700", "2005-09-30": "0.03240", "2005-06-30": "3.00220", "2005-03-31": "1.99800"}, "ROA - Return On Assets": {"2020-09-30": "0.33930", "2020-06-30": "0.24320", "2020-03-31": "-0.10440", "2019-12-31": "0.45040", "2019-09-30": "0.17700", "2019-06-30": "0.46360", "2019-03-31": "0.58480", "2018-12-31": "-0.14700", "2018-09-30": "0.58680", "2018-06-30": "0.46670", "2018-03-31": "0.50480", "2017-12-31": "0.39420", "2017-09-30": "0.25450", "2017-06-30": "0.48390", "2017-03-31": "0.47100", "2016-12-31": "0.43630", "2016-09-30": "0.60320", "2016-06-30": "0.36730", "2016-03-31": "0.11890", "2015-12-31": "-0.12720", "2015-09-30": "0.32470", "2015-06-30": "0.25080", "2015-03-31": "0.42010", "2014-12-31": "0.35630", "2014-09-30": "0.37500", "2014-06-30": "0.43910", "2014-03-31": "0.37790", "2013-12-31": "0.37240", "2013-09-30": "0.47390", "2013-06-30": "0.33010", "2013-03-31": "0.41040", "2012-12-31": "-0.02900", "2012-09-30": "0.37710", "2012-06-30": "0.29380", "2012-03-31": "0.44640", "2011-12-31": "0.35200", "2011-09-30": "0.13610", "2011-06-30": "0.23130", "2011-03-31": "0.41410", "2010-12-31": "0.59100", "2010-09-30": "-0.18110", "2010-06-30": "0.54060", "2010-03-31": "0.45800", "2009-12-31": "0.48830", "2009-09-30": "0.50020", "2009-06-30": "0.22390", "2009-03-31": "-0.35730", "2008-12-31": "-0.61520", "2008-09-30": "-0.60330", "2008-06-30": "0.34610", "2008-03-31": "0.35450", "2007-12-31": "0.37000", "2007-09-30": "0.28940", "2007-06-30": "0.37370", "2007-03-31": "0.47720", "2006-12-31": "0.59050", "2006-09-30": "0.50370", "2006-06-30": "0.40910", "2006-03-31": "0.39380", "2005-12-31": "-0.38290", "2005-09-30": "0.00470", "2005-06-30": "0.45990", "2005-03-31": "0.28250"}, "ROI - Return On Investment": {"2020-09-30": "1.43950", "2020-06-30": "1.05410", "2020-03-31": "-0.46770", "2019-12-31": "1.83300", "2019-09-30": "0.72290", "2019-06-30": "1.88280", "2019-03-31": "2.41940", "2018-12-31": "-0.60440", "2018-09-30": "2.36790", "2018-06-30": "1.91570", "2018-03-31": "2.06320", "2017-12-31": "1.49140", "2017-09-30": "0.96800", "2017-06-30": "1.86440", "2017-03-31": "1.82420", "2016-12-31": "1.64180", "2016-09-30": "2.30140", "2016-06-30": "1.43210", "2016-03-31": "0.46550", "2015-12-31": "-0.50120", "2015-09-30": "1.22960", "2015-06-30": "0.93280", "2015-03-31": "1.55360", "2014-12-31": "1.28970", "2014-09-30": "1.34030", "2014-06-30": "1.66970", "2014-03-31": "1.45310", "2013-12-31": "1.45270", "2013-09-30": "1.84200", "2013-06-30": "1.31020", "2013-03-31": "1.61060", "2012-12-31": "-0.11430", "2012-09-30": "1.45230", "2012-06-30": "1.12620", "2012-03-31": "1.72330", "2011-12-31": "1.38440", "2011-09-30": "0.52440", "2011-06-30": "0.89600", "2011-03-31": "1.58960", "2010-12-31": "2.37390", "2010-09-30": "-0.69520", "2010-06-30": "2.05330", "2010-03-31": "1.81780", "2009-12-31": "2.00460", "2009-09-30": "2.01250", "2009-06-30": "1.03000", "2009-03-31": "-1.89050", "2008-12-31": "-3.39490", "2008-09-30": "-3.08570", "2008-06-30": "1.64060", "2008-03-31": "1.62360", "2007-12-31": "1.69720", "2007-09-30": "1.13970", "2007-06-30": "1.44740", "2007-03-31": "1.79280", "2006-12-31": "2.37400", "2006-09-30": "2.09450", "2006-06-30": "1.98310", "2006-03-31": "1.84560", "2005-12-31": "-2.00280", "2005-09-30": "0.02050", "2005-06-30": "2.14700", "2005-03-31": "1.37680"}, "Book Value Per Share": {"2020-09-30": "44.29470", "2020-06-30": "42.91080", "2020-03-31": "38.18390", "2019-12-31": "45.00520", "2019-09-30": "44.65560", "2019-06-30": "44.51870", "2019-03-31": "42.18720", "2018-12-31": "41.32150", "2018-09-30": "42.40800", "2018-06-30": "42.06110", "2018-03-31": "42.10090", "2017-12-31": "45.14670", "2017-09-30": "44.87480", "2017-06-30": "44.38590", "2017-03-31": "43.15110", "2016-12-31": "44.24830", "2016-09-30": "45.08500", "2016-06-30": "43.94360", "2016-03-31": "42.40610", "2015-12-31": "43.49660", "2015-09-30": "45.38210", "2015-06-30": "45.26750", "2015-03-31": "46.02170", "2014-12-31": "47.38870", "2014-09-30": "48.28340", "2014-06-30": "48.43190", "2014-03-31": "46.61310", "2013-12-31": "46.90460", "2013-09-30": "45.06080", "2013-06-30": "44.28670", "2013-03-31": "45.99860", "2012-12-31": "45.70920", "2012-09-30": "46.99380", "2012-06-30": "45.33830", "2012-03-31": "44.48020", "2011-12-31": "42.66270", "2011-09-30": "44.40070", "2011-06-30": "43.63210", "2011-03-31": "43.89950", "2010-12-31": "42.81800", "2010-09-30": "46.67460", "2010-06-30": "46.10050", "2010-03-31": "43.57150", "2009-12-31": "41.50510", "2009-09-30": "41.83600", "2009-06-30": "33.86690", "2009-03-31": "27.83770", "2008-12-31": "27.12400", "2008-09-30": "28.75630", "2008-06-30": "34.74130", "2008-03-31": "34.79390", "2007-12-31": "37.36260", "2007-09-30": "37.23460", "2007-06-30": "36.85340", "2007-03-31": "37.34340", "2006-12-31": "36.02990", "2006-09-30": "34.43330", "2006-06-30": "34.90140", "2006-03-31": "34.92090", "2005-12-31": "34.96070", "2005-09-30": "36.70060", "2005-06-30": "38.04590", "2005-03-31": "35.37350"}, "Operating Cash Flow Per Share": {"2020-09-30": 2.7811, "2020-06-30": 1.6089, "2020-03-31": "0.78080", "2019-12-31": 0.5885, "2019-09-30": 1.7081, "2019-06-30": 0.8341, "2019-03-31": "1.05280", "2018-12-31": 1.3175, "2018-09-30": 1.8857, "2018-06-30": 0.4981, "2018-03-31": "0.80150", "2017-12-31": 1.323, "2017-09-30": 1.3915, "2017-06-30": 0.8562, "2017-03-31": "1.03790", "2016-12-31": 1.0934, "2016-09-30": 1.867, "2016-06-30": 1.0299, "2016-03-31": "1.23290", "2015-12-31": 1.2649, "2015-09-30": 1.8641, "2015-06-30": 1.6476, "2015-03-31": "0.34720", "2014-12-31": 1.4523, "2014-09-30": 1.6999, "2014-06-30": 1.5471, "2014-03-31": "0.62220", "2013-12-31": 1.0474, "2013-09-30": 1.302, "2013-06-30": 1.3989, "2013-03-31": "0.70770", "2012-12-31": 0.9526, "2012-09-30": 1.3899, "2012-06-30": 1.1338, "2012-03-31": "1.15680", "2011-12-31": 3.2975, "2011-09-30": 1.4874, "2011-06-30": 1.1126, "2011-03-31": "0.41560", "2010-12-31": 2.1698, "2010-09-30": -4.6574, "2010-06-30": 0.8052, "2010-03-31": "1.35220", "2009-12-31": 3.6533, "2009-09-30": -0.0454, "2009-06-30": 0.3717, "2009-03-31": "0.69520", "2008-12-31": 1.0972, "2008-09-30": 1.6685, "2008-06-30": 1.8986, "2008-03-31": "1.11890", "2007-12-31": 1.9362, "2007-09-30": 0.6326, "2007-06-30": 1.1907, "2007-03-31": "0.79900", "2006-12-31": 1.8548, "2006-09-30": 3.1177, "2006-06-30": 1.1602, "2006-03-31": "2.44530", "2005-12-31": 2.7696, "2005-09-30": 1.9804, "2005-06-30": 3.1016, "2005-03-31": "0.62110"}, "Free Cash Flow Per Share": {"2020-09-30": 2.7591, "2020-06-30": 1.5831, "2020-03-31": "0.76980", "2019-12-31": 0.5665, "2019-09-30": 1.6861, "2019-06-30": 0.812, "2019-03-31": "1.02350", "2018-12-31": 1.2734, "2018-09-30": 1.8455, "2018-06-30": 0.3588, "2018-03-31": "0.66180", "2017-12-31": 1.2422, "2017-09-30": 1.3475, "2017-06-30": 0.7165, "2017-03-31": "0.92750", "2016-12-31": 0.9016, "2016-09-30": 1.7598, "2016-06-30": 0.9118, "2016-03-31": "1.50610", "2015-12-31": 1.1133, "2015-09-30": 1.7644, "2015-06-30": 1.5109, "2015-03-31": "0.27340", "2014-12-31": 1.3451, "2014-09-30": 1.6445, "2014-06-30": 1.4843, "2014-03-31": "0.58520", "2013-12-31": 0.9586, "2013-09-30": 1.2095, "2013-06-30": 1.3212, "2013-03-31": "0.62990", "2012-12-31": 0.8266, "2012-09-30": 1.3232, "2012-06-30": 1.0596, "2012-03-31": "1.07530", "2011-12-31": 3.2344, "2011-09-30": 1.3279, "2011-06-30": 1.0644, "2011-03-31": "0.37480", "2010-12-31": 2.1143, "2010-09-30": -4.7132, "2010-06-30": 0.7644, "2010-03-31": "1.30760", "2009-12-31": 3.59, "2009-09-30": -0.0935, "2009-06-30": 0.3122, "2009-03-31": "0.63200", "2008-12-31": 1.0457, "2008-09-30": 1.5719, "2008-06-30": 1.7789, "2008-03-31": "1.00070", "2007-12-31": 1.7815, "2007-09-30": 0.1177, "2007-06-30": 1.3968, "2007-03-31": "0.67380", "2006-12-31": 1.6833, "2006-09-30": 3.0163, "2006-06-30": 0.9961, "2006-03-31": "2.38280", "2005-12-31": 2.7031, "2005-09-30": 1.9375, "2005-06-30": 3.0977, "2005-03-31": "0.55860"}}, "revenue": {"CNA Financial Annual Revenue (Millions of US $)": {"2019": "$10,767", "2018": "$10,134", "2017": "$9,542", "2016": "$9,366", "2015": "$9,101", "2014": "$9,692", "2013": "$9,932", "2012": "$9,364", "2011": "$8,949", "2010": "$9,209", "2009": "$8,472", "2008": "$7,799", "2007": "$9,885", "2006": "$10,376", "2005": "$9,862"}, "CNA Financial Quarterly Revenue (Millions of US $)": {"2020-09-30": "$2,820", "2020-06-30": "$2,766", "2020-03-31": "$2,291", "2019-12-31": "$2,777", "2019-09-30": "$2,685", "2019-06-30": "$2,610", "2019-03-31": "$2,695", "2018-12-31": "$2,403", "2018-09-30": "$2,622", "2018-06-30": "$2,574", "2018-03-31": "$2,535", "2017-12-31": "$2,448", "2017-09-30": "$2,398", "2017-06-30": "$2,366", "2017-03-31": "$2,330", "2016-12-31": "$2,390", "2016-09-30": "$2,433", "2016-06-30": "$2,348", "2016-03-31": "$2,195", "2015-12-31": "$2,269", "2015-09-30": "$2,153", "2015-06-30": "$2,327", "2015-03-31": "$2,352", "2014-12-31": "$2,378", "2014-09-30": "$2,411", "2014-06-30": "$2,440", "2014-03-31": "$2,463", "2013-12-31": "$2,569", "2013-09-30": "$2,458", "2013-06-30": "$2,450", "2013-03-31": "$2,455", "2012-12-31": "$2,251", "2012-09-30": "$2,466", "2012-06-30": "$2,246", "2012-03-31": "$2,401", "2011-12-31": "$2,261", "2011-09-30": "$2,175", "2011-06-30": "$2,198", "2011-03-31": "$2,315", "2010-12-31": "$2,298", "2010-09-30": "$2,363", "2010-06-30": "$2,233", "2010-03-31": "$2,315", "2009-12-31": "$2,398", "2009-09-30": "$2,340", "2009-06-30": "$2,096", "2009-03-31": "$1,638", "2008-12-31": "$1,537", "2008-09-30": "$1,659", "2008-06-30": "$2,321", "2008-03-31": "$2,282", "2007-12-31": "$2,415", "2007-09-30": "$2,484", "2007-06-30": "$2,469", "2007-03-31": "$2,517", "2006-12-31": "$2,843", "2006-09-30": "$2,620", "2006-06-30": "$2,412", "2006-03-31": "$2,501", "2005-12-31": "$2,408", "2005-09-30": "$2,520", "2005-06-30": "$2,570", "2005-03-31": "$2,364"}}, "gross-profit": {"CNA Financial Annual Gross Profit (Millions of US $)": {"2019": "$4,961", "2018": "$4,562", "2017": "$4,232", "2016": "$4,083", "2015": "$3,717", "2014": "$4,101", "2013": "$4,126", "2012": "$3,635", "2011": "$3,460", "2010": "$4,224", "2009": "$3,182", "2008": "$2,076", "2007": "$3,876", "2006": "$4,329", "2005": "$2,863"}, "CNA Financial Quarterly Gross Profit (Millions of US $)": {"2020-09-30": "$1,204", "2020-06-30": "$1,124", "2020-03-31": "$866", "2019-12-31": "$1,294", "2019-09-30": "$1,071", "2019-06-30": "$1,258", "2019-03-31": "$1,338", "2018-12-31": "$809", "2018-09-30": "$1,310", "2018-06-30": "$1,247", "2018-03-31": "$1,196", "2017-12-31": "$1,191", "2017-09-30": "$918", "2017-06-30": "$1,086", "2017-03-31": "$1,037", "2016-12-31": "$1,056", "2016-09-30": "$1,231", "2016-06-30": "$1,009", "2016-03-31": "$787", "2015-12-31": "$893", "2015-09-30": "$953", "2015-06-30": "$858", "2015-03-31": "$1,013", "2014-12-31": "$1,028", "2014-09-30": "$1,057", "2014-06-30": "$999", "2014-03-31": "$1,017", "2013-12-31": "$1,022", "2013-09-30": "$1,080", "2013-06-30": "$965", "2013-03-31": "$1,059", "2012-12-31": "$686", "2012-09-30": "$1,031", "2012-06-30": "$898", "2012-03-31": "$1,020", "2011-12-31": "$903", "2011-09-30": "$775", "2011-06-30": "$831", "2011-03-31": "$951", "2010-12-31": "$1,112", "2010-09-30": "$1,019", "2010-06-30": "$1,086", "2010-03-31": "$1,007", "2009-12-31": "$1,027", "2009-09-30": "$1,057", "2009-06-30": "$802", "2009-03-31": "$296", "2008-12-31": "$194", "2008-09-30": "$140", "2008-06-30": "$849", "2008-03-31": "$893", "2007-12-31": "$902", "2007-09-30": "$909", "2007-06-30": "$996", "2007-03-31": "$1,069", "2006-12-31": "$1,242", "2006-09-30": "$1,098", "2006-06-30": "$980", "2006-03-31": "$1,009", "2005-12-31": "$295", "2005-09-30": "$649", "2005-06-30": "$989", "2005-03-31": "$930"}}, "operating-income": {"CNA Financial Annual Operating Income (Millions of US $)": {"2019": "$1,354", "2018": "$1,102", "2017": "$1,471", "2016": "$1,296", "2015": "$704", "2014": "$1,390", "2013": "$1,442", "2012": "$1,029", "2011": "$1,046", "2010": "$1,269", "2009": "$668", "2008": "$-428", "2007": "$1,362", "2006": "$1,768", "2005": "$286"}, "CNA Financial Quarterly Operating Income (Millions of US $)": {"2020-09-30": "$282", "2020-06-30": "$213", "2020-03-31": "$-58", "2019-12-31": "$366", "2019-09-30": "$159", "2019-06-30": "$376", "2019-03-31": "$453", "2018-12-31": "$-80", "2018-09-30": "$436", "2018-06-30": "$365", "2018-03-31": "$381", "2017-12-31": "$447", "2017-09-30": "$228", "2017-06-30": "$410", "2017-03-31": "$386", "2016-12-31": "$357", "2016-09-30": "$514", "2016-06-30": "$326", "2016-03-31": "$99", "2015-12-31": "$-123", "2015-09-30": "$272", "2015-06-30": "$203", "2015-03-31": "$352", "2014-12-31": "$297", "2014-09-30": "$341", "2014-06-30": "$410", "2014-03-31": "$342", "2013-12-31": "$327", "2013-09-30": "$413", "2013-06-30": "$311", "2013-03-31": "$391", "2012-12-31": "$-7", "2012-09-30": "$357", "2012-06-30": "$273", "2012-03-31": "$406", "2011-12-31": "$283", "2011-09-30": "$167", "2011-06-30": "$219", "2011-03-31": "$377", "2010-12-31": "$520", "2010-09-30": "$-127", "2010-06-30": "$483", "2010-03-31": "$393", "2009-12-31": "$390", "2009-09-30": "$420", "2009-06-30": "$162", "2009-03-31": "$-304", "2008-12-31": "$-503", "2008-09-30": "$-509", "2008-06-30": "$286", "2008-03-31": "$298", "2007-12-31": "$247", "2007-09-30": "$281", "2007-06-30": "$364", "2007-03-31": "$470", "2006-12-31": "$536", "2006-09-30": "$484", "2006-06-30": "$366", "2006-03-31": "$382", "2005-12-31": "$-348", "2005-09-30": "$-8", "2005-06-30": "$364", "2005-03-31": "$278"}}, "ebitda": {"CNA Financial Annual EBITDA (Millions of US $)": {"2019": "$1,333", "2018": "$1,111", "2017": "$1,519", "2016": "$1,346", "2015": "$805", "2014": "$1,489", "2013": "$1,519", "2012": "$1,099", "2011": "$1,061", "2010": "$1,230", "2009": "$556", "2008": "$-628", "2007": "$1,174", "2006": "$1,542", "2005": "$187"}, "CNA Financial Quarterly EBITDA (Millions of US $)": {"2020-09-30": "$278", "2020-06-30": "$211", "2020-03-31": "$-57", "2019-12-31": "$357", "2019-09-30": "$158", "2019-06-30": "$371", "2019-03-31": "$447", "2018-12-31": "$-82", "2018-09-30": "$436", "2018-06-30": "$371", "2018-03-31": "$386", "2017-12-31": "$459", "2017-09-30": "$242", "2017-06-30": "$423", "2017-03-31": "$395", "2016-12-31": "$367", "2016-09-30": "$525", "2016-06-30": "$338", "2016-03-31": "$116", "2015-12-31": "$-67", "2015-09-30": "$291", "2015-06-30": "$210", "2015-03-31": "$371", "2014-12-31": "$335", "2014-09-30": "$360", "2014-06-30": "$433", "2014-03-31": "$361", "2013-12-31": "$344", "2013-09-30": "$429", "2013-06-30": "$332", "2013-03-31": "$414", "2012-12-31": "$23", "2012-09-30": "$391", "2012-06-30": "$282", "2012-03-31": "$403", "2011-12-31": "$286", "2011-09-30": "$178", "2011-06-30": "$222", "2011-03-31": "$375", "2010-12-31": "$505", "2010-09-30": "$-133", "2010-06-30": "$477", "2010-03-31": "$381", "2009-12-31": "$384", "2009-09-30": "$387", "2009-06-30": "$126", "2009-03-31": "$-341", "2008-12-31": "$-542", "2008-09-30": "$-569", "2008-06-30": "$232", "2008-03-31": "$251", "2007-12-31": "$208", "2007-09-30": "$236", "2007-06-30": "$303", "2007-03-31": "$427", "2006-12-31": "$486", "2006-09-30": "$436", "2006-06-30": "$288", "2006-03-31": "$332", "2005-12-31": "$-404", "2005-09-30": "$-24", "2005-06-30": "$345", "2005-03-31": "$270"}}, "net-income": {"CNA Financial Annual Net Income (Millions of US $)": {"2019": "$1,000", "2018": "$813", "2017": "$899", "2016": "$859", "2015": "$479", "2014": "$691", "2013": "$937", "2012": "$628", "2011": "$612", "2010": "$615", "2009": "$419", "2008": "$-299", "2007": "$851", "2006": "$1,108", "2005": "$264"}, "CNA Financial Quarterly Net Income (Millions of US $)": {"2020-09-30": "$213", "2020-06-30": "$151", "2020-03-31": "$-61", "2019-12-31": "$273", "2019-09-30": "$107", "2019-06-30": "$278", "2019-03-31": "$342", "2018-12-31": "$-84", "2018-09-30": "$336", "2018-06-30": "$270", "2018-03-31": "$291", "2017-12-31": "$223", "2017-09-30": "$144", "2017-06-30": "$272", "2017-03-31": "$260", "2016-12-31": "$241", "2016-09-30": "$343", "2016-06-30": "$209", "2016-03-31": "$66", "2015-12-31": "$-70", "2015-09-30": "$178", "2015-06-30": "$138", "2015-03-31": "$233", "2014-12-31": "$198", "2014-09-30": "$213", "2014-06-30": "$267", "2014-03-31": "$13", "2013-12-31": "$221", "2013-09-30": "$272", "2013-06-30": "$194", "2013-03-31": "$250", "2012-12-31": "$-9", "2012-09-30": "$221", "2012-06-30": "$166", "2012-03-31": "$250", "2011-12-31": "$193", "2011-09-30": "$75", "2011-06-30": "$124", "2011-03-31": "$220", "2010-12-31": "$227", "2010-09-30": "$-140", "2010-06-30": "$283", "2010-03-31": "$245", "2009-12-31": "$277", "2009-09-30": "$263", "2009-06-30": "$105", "2009-03-31": "$-226", "2008-12-31": "$-336", "2008-09-30": "$-331", "2008-06-30": "$181", "2008-03-31": "$187", "2007-12-31": "$164", "2007-09-30": "$174", "2007-06-30": "$217", "2007-03-31": "$296", "2006-12-31": "$329", "2006-09-30": "$311", "2006-06-30": "$239", "2006-03-31": "$229", "2005-12-31": "$-217", "2005-09-30": "$6", "2005-06-30": "$290", "2005-03-31": "$185"}}, "eps-earnings-per-share-diluted": {"CNA Financial Annual EPS": {"2019": "$3.67", "2018": "$2.98", "2017": "$3.30", "2016": "$3.17", "2015": "$1.77", "2014": "$2.55", "2013": "$3.47", "2012": "$2.33", "2011": "$2.27", "2010": "$2.28", "2009": "$1.10", "2008": "$-1.18", "2007": "$3.13", "2006": "$4.05", "2005": "$0.76"}, "CNA Financial Quarterly EPS": {"2020-09-30": "$0.79", "2020-06-30": "$0.55", "2020-03-31": "$-0.23", "2019-12-31": "$1.01", "2019-09-30": "$0.39", "2019-06-30": "$1.02", "2019-03-31": "$1.25", "2018-12-31": "$-0.31", "2018-09-30": "$1.23", "2018-06-30": "$0.99", "2018-03-31": "$1.07", "2017-12-31": "$0.81", "2017-09-30": "$0.53", "2017-06-30": "$1.00", "2017-03-31": "$0.96", "2016-12-31": "$0.90", "2016-09-30": "$1.26", "2016-06-30": "$0.77", "2016-03-31": "$0.24", "2015-12-31": "$-0.26", "2015-09-30": "$0.66", "2015-06-30": "$0.51", "2015-03-31": "$0.86", "2014-12-31": "$0.73", "2014-09-30": "$0.79", "2014-06-30": "$0.98", "2014-03-31": "$0.05", "2013-12-31": "$0.81", "2013-09-30": "$1.01", "2013-06-30": "$0.72", "2013-03-31": "$0.93", "2012-12-31": "$-0.04", "2012-09-30": "$0.82", "2012-06-30": "$0.62", "2012-03-31": "$0.93", "2011-12-31": "$0.71", "2011-09-30": "$0.28", "2011-06-30": "$0.46", "2011-03-31": "$0.82", "2010-12-31": "$1.09", "2010-09-30": "$-0.59", "2010-06-30": "$0.96", "2010-03-31": "$0.82", "2009-12-31": "$0.81", "2009-09-30": "$0.86", "2009-06-30": "$0.27", "2009-03-31": "$-0.84", "2008-12-31": "$-1.31", "2008-09-30": "$-1.23", "2008-06-30": "$0.67", "2008-03-31": "$0.69", "2007-12-31": "$0.60", "2007-09-30": "$0.64", "2007-06-30": "$0.80", "2007-03-31": "$1.09", "2006-12-31": "$1.22", "2006-09-30": "$1.15", "2006-06-30": "$0.86", "2006-03-31": "$0.82", "2005-12-31": "$-0.92", "2005-09-30": "$-0.04", "2005-06-30": "$1.06", "2005-03-31": "$0.66"}}, "shares-outstanding": {"CNA Financial Annual Shares Outstanding (Millions of Shares)": {"2019": "273", "2018": "273", "2017": "272", "2016": "271", "2015": "271", "2014": "271", "2013": "270", "2012": "270", "2011": "270", "2010": "270", "2009": "269", "2008": "269", "2007": "272", "2006": "262", "2005": "256"}, "CNA Financial Quarterly Shares Outstanding (Millions of Shares)": {"2020-09-30": "272", "2020-06-30": "272", "2020-03-31": "272", "2019-12-31": "273", "2019-09-30": "273", "2019-06-30": "272", "2019-03-31": "273", "2018-12-31": "273", "2018-09-30": "273", "2018-06-30": "272", "2018-03-31": "272", "2017-12-31": "272", "2017-09-30": "272", "2017-06-30": "272", "2017-03-31": "272", "2016-12-31": "271", "2016-09-30": "271", "2016-06-30": "271", "2016-03-31": "271", "2015-12-31": "271", "2015-09-30": "271", "2015-06-30": "271", "2015-03-31": "271", "2014-12-31": "271", "2014-09-30": "271", "2014-06-30": "271", "2014-03-31": "270", "2013-12-31": "270", "2013-09-30": "270", "2013-06-30": "270", "2013-03-31": "270", "2012-12-31": "270", "2012-09-30": "270", "2012-06-30": "270", "2012-03-31": "270", "2011-12-31": "270", "2011-09-30": "270", "2011-06-30": "270", "2011-03-31": "270", "2010-12-31": "270", "2010-09-30": "269", "2010-06-30": "269", "2010-03-31": "269", "2009-12-31": "269", "2009-09-30": "269", "2009-06-30": "269", "2009-03-31": "269", "2008-12-31": "269", "2008-09-30": "269", "2008-06-30": "269", "2008-03-31": "271", "2007-12-31": "272", "2007-09-30": "272", "2007-06-30": "272", "2007-03-31": "272", "2006-12-31": "262", "2006-09-30": "265", "2006-06-30": "256", "2006-03-31": "256", "2005-12-31": "256", "2005-09-30": "256", "2005-06-30": "256", "2005-03-31": "256"}}, "total-assets": {"CNA Financial Annual Total Assets (Millions of US $)": {"2019": "$60,612", "2018": "$57,152", "2017": "$56,567", "2016": "$55,233", "2015": "$55,045", "2014": "$55,566", "2013": "$57,194", "2012": "$58,522", "2011": "$55,110", "2010": "$55,331", "2009": "$55,298", "2008": "$51,688", "2007": "$56,759", "2006": "$60,283", "2005": "$59,016"}, "CNA Financial Quarterly Total Assets (Millions of US $)": {"2020-09-30": "$62,775", "2020-06-30": "$62,095", "2020-03-31": "$58,405", "2019-12-31": "$60,612", "2019-09-30": "$60,450", "2019-06-30": "$59,963", "2019-03-31": "$58,477", "2018-12-31": "$57,152", "2018-09-30": "$57,259", "2018-06-30": "$57,858", "2018-03-31": "$57,649", "2017-12-31": "$56,567", "2017-09-30": "$56,582", "2017-06-30": "$56,205", "2017-03-31": "$55,201", "2016-12-31": "$55,233", "2016-09-30": "$56,859", "2016-06-30": "$56,906", "2016-03-31": "$55,502", "2015-12-31": "$55,045", "2015-09-30": "$54,812", "2015-06-30": "$55,022", "2015-03-31": "$55,465", "2014-12-31": "$55,566", "2014-09-30": "$55,731", "2014-06-30": "$59,437", "2014-03-31": "$58,224", "2013-12-31": "$57,194", "2013-09-30": "$57,187", "2013-06-30": "$57,567", "2013-03-31": "$58,727", "2012-12-31": "$58,522", "2012-09-30": "$58,612", "2012-06-30": "$56,499", "2012-03-31": "$56,007", "2011-12-31": "$55,110", "2011-09-30": "$55,844", "2011-06-30": "$55,774", "2011-03-31": "$55,543", "2010-12-31": "$55,331", "2010-09-30": "$56,881", "2010-06-30": "$55,674", "2010-03-31": "$55,679", "2009-12-31": "$55,298", "2009-09-30": "$55,575", "2009-06-30": "$53,588", "2009-03-31": "$51,777", "2008-12-31": "$51,688", "2008-09-30": "$53,708", "2008-06-30": "$55,181", "2008-03-31": "$56,424", "2007-12-31": "$56,759", "2007-09-30": "$60,115", "2007-06-30": "$60,737", "2007-03-31": "$61,605", "2006-12-31": "$60,283", "2006-09-30": "$60,557", "2006-06-30": "$58,912", "2006-03-31": "$59,675", "2005-12-31": "$59,016", "2005-09-30": "$63,976", "2005-06-30": "$62,617", "2005-03-31": "$62,998"}}, "cash-on-hand": {"CNA Financial Annual Cash on Hand (Millions of US $)": {"2019": "$242", "2018": "$310", "2017": "$355", "2016": "$271", "2015": "$387", "2014": "$190", "2013": "$195", "2012": "$156", "2011": "$75", "2010": "$77", "2009": "$140", "2008": "$85", "2007": "$94", "2006": "$84", "2005": "$96"}, "CNA Financial Quarterly Cash on Hand (Millions of US $)": {"2020-09-30": "$442", "2020-06-30": "$586", "2020-03-31": "$857", "2019-12-31": "$242", "2019-09-30": "$340", "2019-06-30": "$271", "2019-03-31": "$223", "2018-12-31": "$310", "2018-09-30": "$310", "2018-06-30": "$288", "2018-03-31": "$282", "2017-12-31": "$355", "2017-09-30": "$283", "2017-06-30": "$225", "2017-03-31": "$299", "2016-12-31": "$271", "2016-09-30": "$290", "2016-06-30": "$289", "2016-03-31": "$242", "2015-12-31": "$387", "2015-09-30": "$236", "2015-06-30": "$145", "2015-03-31": "$201", "2014-12-31": "$190", "2014-09-30": "$247", "2014-06-30": "$204", "2014-03-31": "$206", "2013-12-31": "$195", "2013-09-30": "$185", "2013-06-30": "$121", "2013-03-31": "$123", "2012-12-31": "$156", "2012-09-30": "$129", "2012-06-30": "$100", "2012-03-31": "$59", "2011-12-31": "$75", "2011-09-30": "$84", "2011-06-30": "$84", "2011-03-31": "$81", "2010-12-31": "$77", "2010-09-30": "$82", "2010-06-30": "$72", "2010-03-31": "$95", "2009-12-31": "$140", "2009-09-30": "$128", "2009-06-30": "$98", "2009-03-31": "$94", "2008-12-31": "$85", "2008-09-30": "$115", "2008-06-30": "$78", "2008-03-31": "$132", "2007-12-31": "$94", "2007-09-30": "$80", "2007-06-30": "$80", "2007-03-31": "$91", "2006-12-31": "$84", "2006-09-30": "$98", "2006-06-30": "$98", "2006-03-31": "$96", "2005-12-31": "$96", "2005-09-30": "$86", "2005-06-30": "$70", "2005-03-31": "$93"}}, "long-term-debt": {"CNA Financial Annual Long Term Debt (Millions of US $)": {"2019": "$2,679", "2018": "$2,680", "2017": "$2,708", "2016": "$2,710", "2015": "$2,210", "2014": "$2,559", "2013": "$2,011", "2012": "$2,557", "2011": "$2,525", "2010": "$2,251", "2009": "$2,303", "2008": "$2,070", "2007": "$2,223", "2006": "$5,228", "2005": "$2,334"}, "CNA Financial Quarterly Long Term Debt (Millions of US $)": {"2020-09-30": "$2,776", "2020-06-30": "$2,680", "2020-03-31": "$2,680", "2019-12-31": "$2,679", "2019-09-30": "$2,678", "2019-06-30": "$2,678", "2019-03-31": "$2,681", "2018-12-31": "$2,680", "2018-09-30": "$2,680", "2018-06-30": "$2,679", "2018-03-31": "$2,679", "2017-12-31": "$2,708", "2017-09-30": "$2,707", "2017-06-30": "$2,561", "2017-03-31": "$2,560", "2016-12-31": "$2,710", "2016-09-30": "$2,709", "2016-06-30": "$2,708", "2016-03-31": "$2,708", "2015-12-31": "$2,210", "2015-09-30": "$2,211", "2015-06-30": "$2,560", "2015-03-31": "$2,560", "2014-12-31": "$2,559", "2014-09-30": "$2,559", "2014-06-30": "$2,558", "2014-03-31": "$2,558", "2013-12-31": "$2,011", "2013-09-30": "$2,559", "2013-06-30": "$2,558", "2013-03-31": "$2,558", "2012-12-31": "$2,557", "2012-09-30": "$2,557", "2012-06-30": "$2,526", "2012-03-31": "$2,526", "2011-12-31": "$2,525", "2011-09-30": "$2,538", "2011-06-30": "$2,648", "2011-03-31": "$2,647", "2010-12-31": "$2,251", "2010-09-30": "$2,251", "2010-06-30": "$2,254", "2010-03-31": "$2,304", "2009-12-31": "$2,303", "2009-09-30": "$2,559", "2009-06-30": "$2,539", "2009-03-31": "$2,297", "2008-12-31": "$2,070", "2008-09-30": "$2,764", "2008-06-30": "$2,296", "2008-03-31": "$2,958", "2007-12-31": "$2,223", "2007-09-30": "$5,152", "2007-06-30": "$5,672", "2007-03-31": "$6,260", "2006-12-31": "$5,228", "2006-09-30": "$5,233", "2006-06-30": "$3,218", "2006-03-31": "$3,793", "2005-12-31": "$2,334", "2005-09-30": "$5,245", "2005-06-30": "$3,676", "2005-03-31": "$3,875"}}, "total-liabilities": {"CNA Financial Annual Total Liabilities (Millions of US $)": {"2019": "$48,397", "2018": "$45,935", "2017": "$44,323", "2016": "$43,264", "2015": "$43,289", "2014": "$42,772", "2013": "$44,543", "2012": "$46,208", "2011": "$43,622", "2010": "$43,807", "2009": "$44,132", "2008": "$44,391", "2007": "$46,609", "2006": "$50,515", "2005": "$50,066"}, "CNA Financial Quarterly Total Liabilities (Millions of US $)": {"2020-09-30": "$50,754", "2020-06-30": "$50,450", "2020-03-31": "$48,043", "2019-12-31": "$48,397", "2019-09-30": "$48,327", "2019-06-30": "$47,876", "2019-03-31": "$47,022", "2018-12-31": "$45,935", "2018-09-30": "$45,749", "2018-06-30": "$46,443", "2018-03-31": "$46,224", "2017-12-31": "$44,323", "2017-09-30": "$44,413", "2017-06-30": "$44,177", "2017-03-31": "$43,508", "2016-12-31": "$43,264", "2016-09-30": "$44,664", "2016-06-30": "$45,020", "2016-03-31": "$44,032", "2015-12-31": "$43,289", "2015-09-30": "$42,547", "2015-06-30": "$42,788", "2015-03-31": "$43,028", "2014-12-31": "$42,772", "2014-09-30": "$42,697", "2014-06-30": "$46,363", "2014-03-31": "$45,642", "2013-12-31": "$44,543", "2013-09-30": "$45,034", "2013-06-30": "$45,623", "2013-03-31": "$46,322", "2012-12-31": "$46,208", "2012-09-30": "$45,952", "2012-06-30": "$44,285", "2012-03-31": "$44,026", "2011-12-31": "$43,622", "2011-09-30": "$43,888", "2011-06-30": "$44,025", "2011-03-31": "$43,721", "2010-12-31": "$43,807", "2010-09-30": "$44,316", "2010-06-30": "$43,269", "2010-03-31": "$43,955", "2009-12-31": "$44,132", "2009-09-30": "$44,320", "2009-06-30": "$44,477", "2009-03-31": "$44,288", "2008-12-31": "$44,391", "2008-09-30": "$45,972", "2008-06-30": "$45,835", "2008-03-31": "$47,064", "2007-12-31": "$46,609", "2007-09-30": "$50,000", "2007-06-30": "$50,726", "2007-03-31": "$51,466", "2006-12-31": "$50,515", "2006-09-30": "$51,228", "2006-06-30": "$49,977", "2006-03-31": "$50,735", "2005-12-31": "$50,066", "2005-09-30": "$54,582", "2005-06-30": "$52,879", "2005-03-31": "$53,944"}}, "total-share-holder-equity": {"CNA Financial Annual Share Holder Equity (Millions of US $)": {"2019": "$12,215", "2018": "$11,217", "2017": "$12,244", "2016": "$11,969", "2015": "$11,756", "2014": "$12,794", "2013": "$12,651", "2012": "$12,314", "2011": "$11,488", "2010": "$11,524", "2009": "$11,166", "2008": "$7,297", "2007": "$10,150", "2006": "$9,768", "2005": "$8,950"}, "CNA Financial Quarterly Share Holder Equity (Millions of US $)": {"2020-09-30": "$12,021", "2020-06-30": "$11,645", "2020-03-31": "$10,362", "2019-12-31": "$12,215", "2019-09-30": "$12,123", "2019-06-30": "$12,087", "2019-03-31": "$11,455", "2018-12-31": "$11,217", "2018-09-30": "$11,510", "2018-06-30": "$11,415", "2018-03-31": "$11,425", "2017-12-31": "$12,244", "2017-09-30": "$12,169", "2017-06-30": "$12,028", "2017-03-31": "$11,693", "2016-12-31": "$11,969", "2016-09-30": "$12,195", "2016-06-30": "$11,886", "2016-03-31": "$11,470", "2015-12-31": "$11,756", "2015-09-30": "$12,265", "2015-06-30": "$12,234", "2015-03-31": "$12,437", "2014-12-31": "$12,794", "2014-09-30": "$13,034", "2014-06-30": "$13,074", "2014-03-31": "$12,582", "2013-12-31": "$12,651", "2013-09-30": "$12,153", "2013-06-30": "$11,944", "2013-03-31": "$12,405", "2012-12-31": "$12,314", "2012-09-30": "$12,660", "2012-06-30": "$12,214", "2012-03-31": "$11,981", "2011-12-31": "$11,488", "2011-09-30": "$11,956", "2011-06-30": "$11,749", "2011-03-31": "$11,822", "2010-12-31": "$11,524", "2010-09-30": "$12,565", "2010-06-30": "$12,405", "2010-03-31": "$11,724", "2009-12-31": "$11,166", "2009-09-30": "$11,255", "2009-06-30": "$9,111", "2009-03-31": "$7,489", "2008-12-31": "$7,297", "2008-09-30": "$7,736", "2008-06-30": "$9,346", "2008-03-31": "$9,360", "2007-12-31": "$10,150", "2007-09-30": "$10,115", "2007-06-30": "$10,011", "2007-03-31": "$10,139", "2006-12-31": "$9,768", "2006-09-30": "$9,329", "2006-06-30": "$8,935", "2006-03-31": "$8,940", "2005-12-31": "$8,950", "2005-09-30": "$9,394", "2005-06-30": "$9,738", "2005-03-31": "$9,054"}}, "profit-margins": {"current": "5.41%"}, "gross margin": {"2020-09-30": "42.13%", "2020-06-30": "41.40%", "2020-03-31": "43.32%", "2019-12-31": "46.08%", "2019-09-30": "43.07%", "2019-06-30": "45.64%", "2019-03-31": "45.70%", "2018-12-31": "45.02%", "2018-09-30": "48.57%", "2018-06-30": "45.73%", "2018-03-31": "45.05%", "2017-12-31": "44.35%", "2017-09-30": "43.20%", "2017-06-30": "46.33%", "2017-03-31": "45.61%", "2016-12-31": "43.59%", "2016-09-30": "42.40%", "2016-06-30": "40.62%", "2016-03-31": "39.03%", "2015-12-31": "40.84%", "2015-09-30": "41.82%", "2015-06-30": "41.78%", "2015-03-31": "42.76%", "2014-12-31": "42.31%", "2014-09-30": "41.43%", "2014-06-30": "41.47%", "2014-03-31": "41.09%", "2013-12-31": "41.54%", "2013-09-30": "39.42%", "2013-06-30": "38.88%", "2013-03-31": "39.01%", "2012-12-31": "38.82%", "2012-09-30": "41.09%", "2012-06-30": "39.59%", "2012-03-31": "39.06%", "2011-12-31": "38.66%", "2011-09-30": "40.83%", "2011-06-30": "42.65%", "2011-03-31": "45.26%", "2010-12-31": "45.87%", "2010-09-30": "44.46%", "2010-06-30": "44.98%", "2010-03-31": "42.55%", "2009-12-31": "37.56%", "2009-09-30": "30.86%", "2009-06-30": "20.66%", "2009-03-31": "20.67%", "2008-12-31": "26.62%", "2008-09-30": "32.08%", "2008-06-30": "37.39%", "2008-03-31": "38.34%", "2007-12-31": "39.21%", "2007-09-30": "40.88%", "2007-06-30": "42.16%", "2007-03-31": "42.23%", "2006-12-31": "41.72%", "2006-09-30": "34.02%", "2006-06-30": "29.80%", "2006-03-31": "29.42%", "2005-12-31": "29.03%"}, "operating margin": {"2020-09-30": "7.54%", "2020-06-30": "6.46%", "2020-03-31": "8.13%", "2019-12-31": "12.58%", "2019-09-30": "8.74%", "2019-06-30": "11.47%", "2019-03-31": "11.40%", "2018-12-31": "10.87%", "2018-09-30": "16.00%", "2018-06-30": "14.27%", "2018-03-31": "15.04%", "2017-12-31": "15.42%", "2017-09-30": "14.56%", "2017-06-30": "17.51%", "2017-03-31": "16.66%", "2016-12-31": "13.84%", "2016-09-30": "8.83%", "2016-06-30": "6.40%", "2016-03-31": "5.04%", "2015-12-31": "7.74%", "2015-09-30": "12.20%", "2015-06-30": "12.60%", "2015-03-31": "14.61%", "2014-12-31": "14.34%", "2014-09-30": "14.37%", "2014-06-30": "15.03%", "2014-03-31": "14.01%", "2013-12-31": "14.52%", "2013-09-30": "11.52%", "2013-06-30": "10.93%", "2013-03-31": "10.77%", "2012-12-31": "10.99%", "2012-09-30": "14.07%", "2012-06-30": "12.43%", "2012-03-31": "11.90%", "2011-12-31": "11.69%", "2011-09-30": "14.28%", "2011-06-30": "10.78%", "2011-03-31": "13.61%", "2010-12-31": "13.78%", "2010-09-30": "12.24%", "2010-06-30": "18.16%", "2010-03-31": "14.92%", "2009-12-31": "7.88%", "2009-09-30": "-2.96%", "2009-06-30": "-16.65%", "2009-03-31": "-14.40%", "2008-12-31": "-5.49%", "2008-09-30": "3.71%", "2008-06-30": "11.70%", "2008-03-31": "12.33%", "2007-12-31": "13.78%", "2007-09-30": "16.01%", "2007-06-30": "17.74%", "2007-03-31": "17.86%", "2006-12-31": "17.04%", "2006-09-30": "8.89%", "2006-06-30": "3.98%", "2006-03-31": "3.90%", "2005-12-31": "2.90%"}, "ebitda margin": {"2020-09-30": "7.41%", "2020-06-30": "6.36%", "2020-03-31": "8.00%", "2019-12-31": "12.38%", "2019-09-30": "8.60%", "2019-06-30": "11.35%", "2019-03-31": "11.39%", "2018-12-31": "10.96%", "2018-09-30": "16.23%", "2018-06-30": "14.65%", "2018-03-31": "15.49%", "2017-12-31": "15.92%", "2017-09-30": "15.05%", "2017-06-30": "17.96%", "2017-03-31": "17.10%", "2016-12-31": "14.37%", "2016-09-30": "9.86%", "2016-06-30": "7.56%", "2016-03-31": "6.15%", "2015-12-31": "8.85%", "2015-09-30": "13.11%", "2015-06-30": "13.48%", "2015-03-31": "15.65%", "2014-12-31": "15.36%", "2014-09-30": "15.16%", "2014-06-30": "15.78%", "2014-03-31": "14.75%", "2013-12-31": "15.29%", "2013-09-30": "12.46%", "2013-06-30": "12.06%", "2013-03-31": "11.79%", "2012-12-31": "11.74%", "2012-09-30": "14.53%", "2012-06-30": "12.65%", "2012-03-31": "12.05%", "2011-12-31": "11.86%", "2011-09-30": "14.24%", "2011-06-30": "10.56%", "2011-03-31": "13.29%", "2010-12-31": "13.36%", "2010-09-30": "11.91%", "2010-06-30": "17.54%", "2010-03-31": "13.97%", "2009-12-31": "6.56%", "2009-09-30": "-4.86%", "2009-06-30": "-19.13%", "2009-03-31": "-17.05%", "2008-12-31": "-8.05%", "2008-09-30": "1.41%", "2008-06-30": "9.76%", "2008-03-31": "10.34%", "2007-12-31": "11.88%", "2007-09-30": "14.08%", "2007-06-30": "15.81%", "2007-03-31": "15.75%", "2006-12-31": "14.86%", "2006-09-30": "6.56%", "2006-06-30": "1.95%", "2006-03-31": "2.49%", "2005-12-31": "1.90%"}, "pre tax profit margin": {"2020-09-30": "6.36%", "2020-06-30": "5.28%", "2020-03-31": "6.90%", "2019-12-31": "11.36%", "2019-09-30": "7.45%", "2019-06-30": "10.15%", "2019-03-31": "10.07%", "2018-12-31": "9.51%", "2018-09-30": "14.62%", "2018-06-30": "12.79%", "2018-03-31": "13.47%", "2017-12-31": "13.73%", "2017-09-30": "12.83%", "2017-06-30": "15.81%", "2017-03-31": "14.98%", "2016-12-31": "12.14%", "2016-09-30": "7.13%", "2016-06-30": "4.65%", "2016-03-31": "3.28%", "2015-12-31": "6.03%", "2015-09-30": "10.45%", "2015-06-30": "10.79%", "2015-03-31": "12.75%", "2014-12-31": "12.45%", "2014-09-30": "12.56%", "2014-06-30": "13.28%", "2014-03-31": "12.32%", "2013-12-31": "12.85%", "2013-09-30": "9.79%", "2013-06-30": "9.19%", "2013-03-31": "8.96%", "2012-12-31": "9.17%", "2012-09-30": "12.25%", "2012-06-30": "10.55%", "2012-03-31": "10.01%", "2011-12-31": "9.73%", "2011-09-30": "12.32%", "2011-06-30": "8.89%", "2011-03-31": "11.79%", "2010-12-31": "12.08%", "2010-09-30": "10.67%", "2010-06-30": "16.65%", "2010-03-31": "13.47%", "2009-12-31": "6.37%", "2009-09-30": "-4.65%", "2009-06-30": "-18.50%", "2009-03-31": "-16.23%", "2008-12-31": "-7.21%", "2008-09-30": "2.14%", "2008-06-30": "10.25%", "2008-03-31": "10.88%", "2007-12-31": "12.36%", "2007-09-30": "14.63%", "2007-06-30": "16.38%", "2007-03-31": "16.69%", "2006-12-31": "15.90%", "2006-09-30": "7.81%", "2006-06-30": "2.95%", "2006-03-31": "2.73%", "2005-12-31": "1.64%"}, "net profit margin": {"2020-09-30": "5.41%", "2020-06-30": "4.47%", "2020-03-31": "5.76%", "2019-12-31": "9.29%", "2019-09-30": "6.19%", "2019-06-30": "8.44%", "2019-03-31": "8.39%", "2018-12-31": "8.02%", "2018-09-30": "11.00%", "2018-06-30": "9.32%", "2018-03-31": "9.54%", "2017-12-31": "9.42%", "2017-09-30": "9.67%", "2017-06-30": "11.72%", "2017-03-31": "11.08%", "2016-12-31": "9.17%", "2016-09-30": "5.93%", "2016-06-30": "4.27%", "2016-03-31": "3.49%", "2015-12-31": "5.26%", "2015-09-30": "8.11%", "2015-06-30": "8.26%", "2015-03-31": "9.51%", "2014-12-31": "7.13%", "2014-09-30": "7.22%", "2014-06-30": "7.78%", "2014-03-31": "7.04%", "2013-12-31": "9.43%", "2013-09-30": "7.35%", "2013-06-30": "6.82%", "2013-03-31": "6.67%", "2012-12-31": "6.71%", "2012-09-30": "8.85%", "2012-06-30": "7.53%", "2012-03-31": "7.11%", "2011-12-31": "6.84%", "2011-09-30": "7.19%", "2011-06-30": "4.70%", "2011-03-31": "6.41%", "2010-12-31": "6.68%", "2010-09-30": "7.14%", "2010-06-30": "11.50%", "2010-03-31": "9.73%", "2009-12-31": "4.95%", "2009-09-30": "-2.55%", "2009-06-30": "-11.37%", "2009-03-31": "-9.95%", "2008-12-31": "-3.83%", "2008-09-30": "2.32%", "2008-06-30": "7.43%", "2008-03-31": "7.69%", "2007-12-31": "8.61%", "2007-09-30": "9.85%", "2007-06-30": "11.03%", "2007-03-31": "11.31%", "2006-12-31": "10.68%", "2006-09-30": "5.65%", "2006-06-30": "2.61%", "2006-03-31": "3.08%", "2005-12-31": "2.68%"}, "pe ratio": {"current": "16.70", "2021-02-05": "19.23", "2020-09-30": "14.00", "2020-06-30": "18.30", "2020-03-31": "13.68", "2019-12-31": "11.25", "2019-09-30": "19.11", "2019-06-30": "13.36", "2019-03-31": "12.32", "2018-12-31": "12.62", "2018-09-30": "9.39", "2018-06-30": "11.24", "2018-03-31": "12.03", "2017-12-31": "12.79", "2017-09-30": "11.80", "2017-06-30": "9.36", "2017-03-31": "8.93", "2016-12-31": "9.78", "2016-09-30": "12.67", "2016-06-30": "16.37", "2016-03-31": "20.39", "2015-12-31": "13.41", "2015-09-30": "8.49", "2015-06-30": "8.81", "2015-03-31": "8.16", "2014-12-31": "9.53", "2014-09-30": "8.99", "2014-06-30": "8.76", "2014-03-31": "10.12", "2013-12-31": "7.37", "2013-09-30": "8.64", "2013-06-30": "7.91", "2013-03-31": "8.22", "2012-12-31": "7.00", "2012-09-30": "5.08", "2012-06-30": "6.33", "2012-03-31": "7.09", "2011-12-31": "6.71", "2011-09-30": "4.80", "2011-06-30": "9.16", "2011-03-31": "7.30", "2010-12-31": "6.69", "2010-09-30": "7.89", "2010-06-30": "4.18", "2010-03-31": "5.46", "2009-12-31": "12.30", "2009-09-30": "0.00", "2009-06-30": "0.00", "2009-03-31": "0.00", "2008-12-31": "0.00", "2008-09-30": "20.27", "2008-06-30": "5.42", "2008-03-31": "5.27", "2007-12-31": "5.98", "2007-09-30": "5.79", "2007-06-30": "6.17", "2007-03-31": "5.49", "2006-12-31": "5.48"}, "price sales": {"2021-02-05": "1.04", "2020-09-30": "0.76", "2020-06-30": "0.81", "2020-03-31": "0.79", "2019-12-31": "1.04", "2019-09-30": "1.18", "2019-06-30": "1.12", "2019-03-31": "1.03", "2018-12-31": "1.01", "2018-09-30": "1.03", "2018-06-30": "1.05", "2018-03-31": "1.15", "2017-12-31": "1.21", "2017-09-30": "1.14", "2017-06-30": "1.10", "2017-03-31": "0.99", "2016-12-31": "0.89", "2016-09-30": "0.75", "2016-06-30": "0.70", "2016-03-31": "0.71", "2015-12-31": "0.71", "2015-09-30": "0.69", "2015-06-30": "0.73", "2015-03-31": "0.77", "2014-12-31": "0.68", "2014-09-30": "0.65", "2014-06-30": "0.68", "2014-03-31": "0.72", "2013-12-31": "0.70", "2013-09-30": "0.64", "2013-06-30": "0.54", "2013-03-31": "0.55", "2012-12-31": "0.47", "2012-09-30": "0.45", "2012-06-30": "0.48", "2012-03-31": "0.50", "2011-12-31": "0.46", "2011-09-30": "0.38", "2011-06-30": "0.48", "2011-03-31": "0.49", "2010-12-31": "0.45", "2010-09-30": "0.46", "2010-06-30": "0.42", "2010-03-31": "0.44", "2009-12-31": "0.43", "2009-09-30": "0.48", "2009-06-30": "0.34", "2009-03-31": "0.19", "2008-12-31": "0.32", "2008-09-30": "0.46", "2008-06-30": "0.40", "2008-03-31": "0.40", "2007-12-31": "0.51", "2007-09-30": "0.57", "2007-06-30": "0.67", "2007-03-31": "0.60", "2006-12-31": "0.56"}, "price book": {"current": "0.92", "2021-02-05": "0.92", "2020-09-30": "0.67", "2020-06-30": "0.73", "2020-03-31": "0.78", "2019-12-31": "0.91", "2019-09-30": "1.01", "2019-06-30": "0.96", "2019-03-31": "0.92", "2018-12-31": "0.91", "2018-09-30": "0.91", "2018-06-30": "0.91", "2018-03-31": "0.98", "2017-12-31": "0.94", "2017-09-30": "0.89", "2017-06-30": "0.87", "2017-03-31": "0.80", "2016-12-31": "0.70", "2016-09-30": "0.56", "2016-06-30": "0.53", "2016-03-31": "0.55", "2015-12-31": "0.55", "2015-09-30": "0.52", "2015-06-30": "0.56", "2015-03-31": "0.60", "2014-12-31": "0.51", "2014-09-30": "0.49", "2014-06-30": "0.52", "2014-03-31": "0.56", "2013-12-31": "0.55", "2013-09-30": "0.50", "2013-06-30": "0.44", "2013-03-31": "0.42", "2012-12-31": "0.36", "2012-09-30": "0.33", "2012-06-30": "0.35", "2012-03-31": "0.38", "2011-12-31": "0.36", "2011-09-30": "0.29", "2011-06-30": "0.38", "2011-03-31": "0.38", "2010-12-31": "0.36", "2010-09-30": "0.34", "2010-06-30": "0.31", "2010-03-31": "0.35", "2009-12-31": "0.33", "2009-09-30": "0.33", "2009-06-30": "0.26", "2009-03-31": "0.19", "2008-12-31": "0.34", "2008-09-30": "0.51", "2008-06-30": "0.41", "2008-03-31": "0.41", "2007-12-31": "0.50", "2007-09-30": "0.58", "2007-06-30": "0.71", "2007-03-31": "0.63", "2006-12-31": "0.62", "2006-09-30": "0.58", "2006-06-30": "0.52", "2006-03-31": "0.50"}, "price fcf": {"2021-02-05": "", "2020-09-30": "$5.68", "2020-06-30": "$4.61", "2020-03-31": "$3.83", "2019-12-31": "$4.09", "2019-09-30": "$4.80", "2019-06-30": "$4.95", "2019-03-31": "$4.50", "2018-12-31": "$4.14", "2018-09-30": "$4.11", "2018-06-30": "$3.61", "2018-03-31": "$3.97", "2017-12-31": "$4.23", "2017-09-30": "$3.89", "2017-06-30": "$4.31", "2017-03-31": "$4.50", "2016-12-31": "$5.08", "2016-09-30": "$5.29", "2016-06-30": "$5.30", "2016-03-31": "$5.89", "2015-12-31": "$4.66", "2015-09-30": "$4.89", "2015-06-30": "$4.77", "2015-03-31": "$4.75", "2014-12-31": "$5.06", "2014-09-30": "$4.67", "2014-06-30": "$4.24", "2014-03-31": "$4.07", "2013-12-31": "$4.12", "2013-09-30": "$3.99", "2013-06-30": "$4.10", "2013-03-31": "$3.84", "2012-12-31": "$4.28", "2012-09-30": "$6.69", "2012-06-30": "$6.70", "2012-03-31": "$6.70", "2011-12-31": "$6.00", "2011-09-30": "$4.88", "2011-06-30": "$-1.16", "2011-03-31": "$-1.46", "2010-12-31": "$-0.53", "2010-09-30": "$0.95", "2010-06-30": "$5.57", "2010-03-31": "$5.12", "2009-12-31": "$4.44", "2009-09-30": "$1.90", "2009-06-30": "$3.56", "2009-03-31": "$5.03", "2008-12-31": "$5.40", "2008-09-30": "$6.13", "2008-06-30": "$4.68", "2008-03-31": "$4.30", "2007-12-31": "$3.97", "2007-09-30": "$3.87", "2007-06-30": "$6.77", "2007-03-31": "$6.37", "2006-12-31": "$8.08"}, "net worth": {"value": "$11.06B"}, "current ratio": {"2020-09-30": "0.18", "2020-06-30": "0.20", "2020-03-31": "0.20", "2019-12-31": "0.18", "2019-09-30": "0.18", "2019-06-30": "0.19", "2019-03-31": "0.19", "2018-12-31": "0.19", "2018-09-30": "0.19", "2018-06-30": "0.20", "2018-03-31": "0.19", "2017-12-31": "0.19", "2017-09-30": "0.18", "2017-06-30": "0.19", "2017-03-31": "0.19", "2016-12-31": "0.19", "2016-09-30": "0.19", "2016-06-30": "0.19", "2016-03-31": "0.19", "2015-12-31": "0.19", "2015-09-30": "0.19", "2015-06-30": "0.19", "2015-03-31": "0.19", "2014-12-31": "0.19", "2014-09-30": "0.19", "2014-06-30": "0.20", "2014-03-31": "0.20", "2013-12-31": "0.21", "2013-09-30": "0.21", "2013-06-30": "0.21", "2013-03-31": "0.21", "2012-12-31": "0.21", "2012-09-30": "0.20", "2012-06-30": "0.20", "2012-03-31": "0.20", "2011-12-31": "0.20", "2011-09-30": "0.22", "2011-06-30": "0.23", "2011-03-31": "0.23", "2010-12-31": "0.23", "2010-09-30": "0.24", "2010-06-30": "0.21", "2010-03-31": "0.21", "2009-12-31": "0.22", "2009-09-30": "0.23", "2009-06-30": "0.24", "2009-03-31": "0.24", "2008-12-31": "0.25", "2008-09-30": "0.27", "2008-06-30": "0.26", "2008-03-31": "0.26", "2007-12-31": "0.25", "2007-09-30": "0.28", "2007-06-30": "0.29", "2007-03-31": "0.29", "2006-12-31": "0.29", "2006-09-30": "0.31", "2006-06-30": "0.32", "2006-03-31": "0.33", "2005-12-31": "0.33", "2005-09-30": "0.37", "2005-06-30": "0.38", "2005-03-31": "0.39"}, "quick ratio": {"2020-09-30": "0.00", "2020-06-30": "0.00", "2020-03-31": "0.00", "2019-12-31": "0.00", "2019-09-30": "0.00", "2019-06-30": "0.00", "2019-03-31": "0.00", "2018-12-31": "0.00", "2018-09-30": "0.00", "2018-06-30": "0.00", "2018-03-31": "0.00", "2017-12-31": "0.00", "2017-09-30": "0.00", "2017-06-30": "0.00", "2017-03-31": "0.00", "2016-12-31": "0.00", "2016-09-30": "0.00", "2016-06-30": "0.00", "2016-03-31": "0.00", "2015-12-31": "0.00", "2015-09-30": "0.00", "2015-06-30": "0.00", "2015-03-31": "0.00", "2014-12-31": "0.00", "2014-09-30": "0.00", "2014-06-30": "0.00", "2014-03-31": "0.00", "2013-12-31": "0.00", "2013-09-30": "0.00", "2013-06-30": "0.00", "2013-03-31": "0.00", "2012-12-31": "0.00", "2012-09-30": "0.00", "2012-06-30": "0.00", "2012-03-31": "0.00", "2011-12-31": "0.00", "2011-09-30": "0.00", "2011-06-30": "0.00", "2011-03-31": "0.00", "2010-12-31": "0.00", "2010-09-30": "0.00", "2010-06-30": "0.00", "2010-03-31": "0.00", "2009-12-31": "0.00", "2009-09-30": "0.00", "2009-06-30": "0.00", "2009-03-31": "0.00", "2008-12-31": "0.00", "2008-09-30": "0.00", "2008-06-30": "0.00", "2008-03-31": "0.00", "2007-12-31": "0.00", "2007-09-30": "0.00", "2007-06-30": "0.00", "2007-03-31": "0.00", "2006-12-31": "0.00", "2006-09-30": "0.00", "2006-06-30": "0.00", "2006-03-31": "0.00", "2005-12-31": "0.00", "2005-09-30": "0.00", "2005-06-30": "0.00", "2005-03-31": "0.00"}, "debt equity ratio": {"current": "0.23", "2020-09-30": "4.22", "2020-06-30": "4.33", "2020-03-31": "4.64", "2019-12-31": "3.96", "2019-09-30": "3.99", "2019-06-30": "3.96", "2019-03-31": "4.11", "2018-12-31": "4.10", "2018-09-30": "3.98", "2018-06-30": "4.07", "2018-03-31": "4.05", "2017-12-31": "3.62", "2017-09-30": "3.65", "2017-06-30": "3.67", "2017-03-31": "3.72", "2016-12-31": "3.62", "2016-09-30": "3.66", "2016-06-30": "3.79", "2016-03-31": "3.84", "2015-12-31": "3.68", "2015-09-30": "3.47", "2015-06-30": "3.50", "2015-03-31": "3.46", "2014-12-31": "3.34", "2014-09-30": "3.28", "2014-06-30": "3.55", "2014-03-31": "3.63", "2013-12-31": "3.52", "2013-09-30": "3.71", "2013-06-30": "3.82", "2013-03-31": "3.73", "2012-12-31": "3.75", "2012-09-30": "3.63", "2012-06-30": "3.63", "2012-03-31": "3.68", "2011-12-31": "3.80", "2011-09-30": "3.67", "2011-06-30": "3.75", "2011-03-31": "3.70", "2010-12-31": "3.80", "2010-09-30": "3.53", "2010-06-30": "3.49", "2010-03-31": "3.75", "2009-12-31": "3.95", "2009-09-30": "3.94", "2009-06-30": "4.88", "2009-03-31": "5.91", "2008-12-31": "6.08", "2008-09-30": "5.94", "2008-06-30": "4.90", "2008-03-31": "5.03", "2007-12-31": "4.59", "2007-09-30": "4.94", "2007-06-30": "5.07", "2007-03-31": "5.08", "2006-12-31": "5.17", "2006-09-30": "5.49", "2006-06-30": "5.59", "2006-03-31": "5.68", "2005-12-31": "5.59", "2005-09-30": "5.81", "2005-06-30": "5.43", "2005-03-31": "5.96"}, "return on equity": {"2020-09-30": "4.98%", "2020-06-30": "4.06%", "2020-03-31": "5.10%", "2019-12-31": "8.35%", "2019-09-30": "5.49%", "2019-06-30": "7.54%", "2019-03-31": "7.58%", "2018-12-31": "7.14%", "2018-09-30": "9.61%", "2018-06-30": "7.86%", "2018-03-31": "7.77%", "2017-12-31": "7.47%", "2017-09-30": "7.66%", "2017-06-30": "9.32%", "2017-03-31": "8.82%", "2016-12-31": "7.23%", "2016-09-30": "4.63%", "2016-06-30": "3.23%", "2016-03-31": "2.61%", "2015-12-31": "3.93%", "2015-09-30": "6.01%", "2015-06-30": "6.19%", "2015-03-31": "7.10%", "2014-12-31": "5.37%", "2014-09-30": "5.56%", "2014-06-30": "6.13%", "2014-03-31": "5.68%", "2013-12-31": "7.63%", "2013-09-30": "5.79%", "2013-06-30": "5.32%", "2013-03-31": "5.07%", "2012-12-31": "5.11%", "2012-09-30": "6.87%", "2012-06-30": "5.74%", "2012-03-31": "5.44%", "2011-12-31": "5.21%", "2011-09-30": "5.49%", "2011-06-30": "3.62%", "2011-03-31": "4.88%", "2010-12-31": "5.10%", "2010-09-30": "5.56%", "2010-06-30": "9.18%", "2010-03-31": "8.23%", "2009-12-31": "4.30%", "2009-09-30": "-2.21%", "2009-06-30": "-9.96%", "2009-03-31": "-8.94%", "2008-12-31": "-3.54%", "2008-09-30": "2.20%", "2008-06-30": "7.25%", "2008-03-31": "7.49%", "2007-12-31": "8.42%", "2007-09-30": "10.15%", "2007-06-30": "11.75%", "2007-03-31": "12.31%", "2006-12-31": "11.99%", "2006-09-30": "6.22%", "2006-06-30": "2.84%", "2006-03-31": "3.33%", "2005-12-31": "2.84%"}, "return on assets": {"2020-09-30": "0.94%", "2020-06-30": "0.78%", "2020-03-31": "1.00%", "2019-12-31": "1.67%", "2019-09-30": "1.09%", "2019-06-30": "1.50%", "2019-03-31": "1.50%", "2018-12-31": "1.41%", "2018-09-30": "1.95%", "2018-06-30": "1.62%", "2018-03-31": "1.64%", "2017-12-31": "1.60%", "2017-09-30": "1.64%", "2017-06-30": "2.00%", "2017-03-31": "1.88%", "2016-12-31": "1.53%", "2016-09-30": "0.98%", "2016-06-30": "0.69%", "2016-03-31": "0.57%", "2015-12-31": "0.87%", "2015-09-30": "1.35%", "2015-06-30": "1.41%", "2015-03-31": "1.61%", "2014-12-31": "1.21%", "2014-09-30": "1.24%", "2014-06-30": "1.33%", "2014-03-31": "1.22%", "2013-12-31": "1.62%", "2013-09-30": "1.22%", "2013-06-30": "1.12%", "2013-03-31": "1.08%", "2012-12-31": "1.09%", "2012-09-30": "1.47%", "2012-06-30": "1.22%", "2012-03-31": "1.15%", "2011-12-31": "1.10%", "2011-09-30": "1.16%", "2011-06-30": "0.77%", "2011-03-31": "1.06%", "2010-12-31": "1.10%", "2010-09-30": "1.19%", "2010-06-30": "1.92%", "2010-03-31": "1.62%", "2009-12-31": "0.78%", "2009-09-30": "-0.36%", "2009-06-30": "-1.50%", "2009-03-31": "-1.34%", "2008-12-31": "-0.55%", "2008-09-30": "0.36%", "2008-06-30": "1.24%", "2008-03-31": "1.27%", "2007-12-31": "1.42%", "2007-09-30": "1.67%", "2007-06-30": "1.90%", "2007-03-31": "1.95%", "2006-12-31": "1.85%", "2006-09-30": "0.94%", "2006-06-30": "0.43%", "2006-03-31": "0.50%", "2005-12-31": "0.42%"}, "return on investments": {"2020-09-30": "5.63%", "2020-06-30": "4.77%", "2020-03-31": "5.86%", "2019-12-31": "9.24%", "2019-09-30": "6.31%", "2019-06-30": "8.32%", "2019-03-31": "8.34%", "2018-12-31": "7.83%", "2018-09-30": "11.36%", "2018-06-30": "9.80%", "2018-03-31": "10.02%", "2017-12-31": "10.03%", "2017-09-30": "9.46%", "2017-06-30": "11.41%", "2017-03-31": "10.84%", "2016-12-31": "8.88%", "2016-09-30": "5.66%", "2016-06-30": "4.01%", "2016-03-31": "3.14%", "2015-12-31": "4.84%", "2015-09-30": "7.54%", "2015-06-30": "7.86%", "2015-03-31": "9.09%", "2014-12-31": "9.01%", "2014-09-30": "9.31%", "2014-06-30": "9.92%", "2014-03-31": "9.44%", "2013-12-31": "9.80%", "2013-09-30": "7.51%", "2013-06-30": "7.07%", "2013-03-31": "6.78%", "2012-12-31": "6.94%", "2012-09-30": "9.02%", "2012-06-30": "7.82%", "2012-03-31": "7.49%", "2011-12-31": "7.29%", "2011-09-30": "8.98%", "2011-06-30": "6.89%", "2011-03-31": "8.68%", "2010-12-31": "8.86%", "2010-09-30": "8.00%", "2010-06-30": "12.05%", "2010-03-31": "10.31%", "2009-12-31": "5.48%", "2009-09-30": "-2.02%", "2009-06-30": "-11.18%", "2009-03-31": "-9.98%", "2008-12-31": "-3.91%", "2008-09-30": "2.75%", "2008-06-30": "8.62%", "2008-03-31": "8.55%", "2007-12-31": "9.12%", "2007-09-30": "10.59%", "2007-06-30": "12.03%", "2007-03-31": "12.78%", "2006-12-31": "12.99%", "2006-09-30": "6.97%", "2006-06-30": "3.09%", "2006-03-31": "3.00%", "2005-12-31": "2.19%"}, "return on tangible equity": {"2020-09-30": "5.05%", "2020-06-30": "4.11%", "2020-03-31": "5.17%", "2019-12-31": "8.46%", "2019-09-30": "5.56%", "2019-06-30": "7.64%", "2019-03-31": "7.68%", "2018-12-31": "7.23%", "2018-09-30": "9.74%", "2018-06-30": "7.96%", "2018-03-31": "7.87%", "2017-12-31": "7.56%", "2017-09-30": "7.76%", "2017-06-30": "9.44%", "2017-03-31": "8.93%", "2016-12-31": "7.32%", "2016-09-30": "4.69%", "2016-06-30": "3.27%", "2016-03-31": "2.65%", "2015-12-31": "3.98%", "2015-09-30": "6.08%", "2015-06-30": "6.27%", "2015-03-31": "7.18%", "2014-12-31": "5.43%", "2014-09-30": "5.63%", "2014-06-30": "6.20%", "2014-03-31": "5.75%", "2013-12-31": "7.72%", "2013-09-30": "5.87%", "2013-06-30": "5.40%", "2013-03-31": "5.14%", "2012-12-31": "5.18%", "2012-09-30": "6.97%", "2012-06-30": "5.81%", "2012-03-31": "5.51%", "2011-12-31": "5.27%", "2011-09-30": "5.56%", "2011-06-30": "3.66%", "2011-03-31": "4.94%", "2010-12-31": "5.16%", "2010-09-30": "5.62%", "2010-06-30": "9.29%", "2010-03-31": "8.34%", "2009-12-31": "4.36%", "2009-09-30": "-2.24%", "2009-06-30": "-10.15%", "2009-03-31": "-9.10%", "2008-12-31": "-3.61%", "2008-09-30": "2.23%", "2008-06-30": "7.35%", "2008-03-31": "7.60%", "2007-12-31": "8.54%", "2007-09-30": "10.30%", "2007-06-30": "11.92%", "2007-03-31": "12.50%", "2006-12-31": "12.18%", "2006-09-30": "6.32%", "2006-06-30": "2.88%", "2006-03-31": "3.38%", "2005-12-31": "2.89%"}, "dividend yield history": {"last payout": "$1.48", "last yield": "3.63%"}}