{"ticker": "CNX", "price": {"title": "CNX Resources Historical Annual Stock Price Data", "value": 12.76, "historical": {"2021": {"Average Stock Price": "12.6433", "Year Open": "11.0800", "Year High": "13.8300", "Year Low": "11.0800", "Year Close": "12.7600", "Annual % Change": "18.15%"}, "2020": {"Average Stock Price": "9.2619", "Year Open": "8.4200", "Year High": "12.9300", "Year Low": "5.0300", "Year Close": "10.8000", "Annual % Change": "22.03%"}, "2019": {"Average Stock Price": "8.8101", "Year Open": "11.6500", "Year High": "13.5300", "Year Low": "6.1900", "Year Close": "8.8500", "Annual % Change": "-22.50%"}, "2018": {"Average Stock Price": "15.1621", "Year Open": "15.0700", "Year High": "17.9800", "Year Low": "10.9200", "Year Close": "11.4200", "Annual % Change": "-21.94%"}, "2017": {"Average Stock Price": "15.8362", "Year Open": "17.4100", "Year High": "19.5400", "Year Low": "13.5000", "Year Close": "14.6300", "Annual % Change": "-19.75%"}, "2016": {"Average Stock Price": "14.9140", "Year Open": "8.5700", "Year High": "22.0500", "Year Low": "4.9900", "Year Close": "18.2300", "Annual % Change": "130.76%"}, "2015": {"Average Stock Price": "20.5166", "Year Open": "34.3000", "Year High": "34.3400", "Year Low": "6.5000", "Year Close": "7.9000", "Annual % Change": "-76.63%"}, "2014": {"Average Stock Price": "39.8186", "Year Open": "37.6800", "Year High": "47.4500", "Year Low": "32.1300", "Year Close": "33.8100", "Annual % Change": "-11.12%"}, "2013": {"Average Stock Price": "33.3217", "Year Open": "31.0100", "Year High": "38.4200", "Year Low": "26.5100", "Year Close": "38.0400", "Annual % Change": "18.50%"}, "2012": {"Average Stock Price": "32.6603", "Year Open": "39.1400", "Year High": "39.3700", "Year Low": "26.8000", "Year Close": "32.1000", "Annual % Change": "-12.53%"}, "2011": {"Average Stock Price": "46.1130", "Year Open": "51.1700", "Year High": "55.4900", "Year Low": "31.7000", "Year Close": "36.7000", "Annual % Change": "-24.70%"}, "2010": {"Average Stock Price": "41.7708", "Year Open": "52.9500", "Year High": "56.3400", "Year Low": "31.2100", "Year Close": "48.7400", "Annual % Change": "-2.13%"}, "2009": {"Average Stock Price": "37.2135", "Year Open": "32.1500", "Year High": "52.8700", "Year Low": "22.5800", "Year Close": "49.8000", "Annual % Change": "74.25%"}, "2008": {"Average Stock Price": "65.8753", "Year Open": "72.1500", "Year High": "117.3400", "Year Low": "18.8300", "Year Close": "28.5800", "Annual % Change": "-60.04%"}, "2007": {"Average Stock Price": "45.0427", "Year Open": "30.2300", "Year High": "73.5800", "Year Low": "29.1900", "Year Close": "71.5200", "Annual % Change": "122.60%"}, "2006": {"Average Stock Price": "37.1116", "Year Open": "33.8700", "Year High": "48.1350", "Year Low": "29.0600", "Year Close": "32.1300", "Annual % Change": "-1.41%"}, "2005": {"Average Stock Price": "27.9667", "Year Open": "19.9300", "Year High": "39.5150", "Year Low": "18.9500", "Year Close": "32.5900", "Annual % Change": "58.78%"}, "2004": {"Average Stock Price": "15.9921", "Year Open": "13.1500", "Year High": "21.4650", "Year Low": "10.8600", "Year Close": "20.5250", "Annual % Change": "58.49%"}, "2003": {"Average Stock Price": "9.7907", "Year Open": "8.8500", "Year High": "13.3950", "Year Low": "7.3800", "Year Close": "12.9500", "Annual % Change": "49.88%"}, "2002": {"Average Stock Price": "9.4987", "Year Open": "12.0050", "Year High": "14.0200", "Year Low": "5.3400", "Year Close": "8.6400", "Annual % Change": "-30.43%"}, "2001": {"Average Stock Price": "14.0395", "Year Open": "13.7500", "Year High": "20.5750", "Year Low": "9.6250", "Year Close": "12.4200", "Annual % Change": "-11.10%"}, "2000": {"Average Stock Price": "7.6327", "Year Open": "5.0950", "Year High": "13.9700", "Year Low": "5.0000", "Year Close": "13.9700", "Annual % Change": "179.40%"}}}, "market cap": {"value": "$2.86B"}, "income statement": {"Revenue": {"2020-12-31": "1257.97800", "2019-12-31": "1922.44900", "2018-12-31": "1730.43400", "2017-12-31": "1455.13100", "2016-12-31": "759.96800", "2015-12-31": "1198.73700", "2014-12-31": "3204.02300", "2013-12-31": "3299.68500", "2012-12-31": "3677.52600", "2011-12-31": "4377.04500", "2010-12-31": "5236.02100", "2009-12-31": "4621.87500", "2008-12-31": "4652.44500", "2007-12-31": "3762.19700", "2006-12-31": "3715.17100", "2005-12-31": "3810.44900"}, "Cost Of Goods Sold": {"2020-12-31": "401.57900", "2019-12-31": "421.09200", "2018-12-31": "367.75000", "2017-12-31": "435.46200", "2016-12-31": "417.06700", "2015-12-31": "364.24300", "2014-12-31": "270.18500", "2013-12-31": "319.99300", "2012-12-31": "241.16200", "2011-12-31": "2270.39100", "2010-12-31": "3272.06300", "2009-12-31": "2763.49400", "2008-12-31": "2851.37800", "2007-12-31": "2359.16200", "2006-12-31": "2294.61900", "2005-12-31": "2400.97900"}, "Gross Profit": {"2020-12-31": "856.39900", "2019-12-31": "1501.35700", "2018-12-31": "1362.68400", "2017-12-31": "1019.66900", "2016-12-31": "342.90100", "2015-12-31": "834.49400", "2014-12-31": "2933.83800", "2013-12-31": "2979.69200", "2012-12-31": "3436.36400", "2011-12-31": "2106.65400", "2010-12-31": "1963.95800", "2009-12-31": "1858.38100", "2008-12-31": "1801.06700", "2007-12-31": "1403.03500", "2006-12-31": "1420.55200", "2005-12-31": "1409.47000"}, "Research And Development Expenses": {"2020-12-31": "", "2019-12-31": "", "2018-12-31": "", "2017-12-31": "", "2016-12-31": "", "2015-12-31": "", "2014-12-31": "", "2013-12-31": "", "2012-12-31": "", "2011-12-31": "", "2010-12-31": "", "2009-12-31": "", "2008-12-31": "", "2007-12-31": "", "2006-12-31": "", "2005-12-31": ""}, "SG&A Expenses": {"2020-12-31": "173.97800", "2019-12-31": "236.45400", "2018-12-31": "262.69500", "2017-12-31": "211.41000", "2016-12-31": "232.32600", "2015-12-31": "254.55500", "2014-12-31": "1395.17700", "2013-12-31": "1747.71400", "2012-12-31": "1978.93400", "2011-12-31": "523.81000", "2010-12-31": "657.98700", "2009-12-31": "601.20000", "2008-12-31": "649.66800", "2007-12-31": "618.51200", "2006-12-31": "548.32900", "2005-12-31": "465.61800"}, "Other Operating Income Or Expenses": {"2020-12-31": "-147.32100", "2019-12-31": "-570.46400", "2018-12-31": "-84.44500", "2017-12-31": "-298.30800", "2016-12-31": "-103.27600", "2015-12-31": "-894.76300", "2014-12-31": "-507.26700", "2013-12-31": "-466.51700", "2012-12-31": "-403.58600", "2011-12-31": "", "2010-12-31": "", "2009-12-31": "", "2008-12-31": "", "2007-12-31": "", "2006-12-31": "", "2005-12-31": ""}, "Operating Expenses": {"2020-12-31": "1697.74400", "2019-12-31": "1736.47300", "2018-12-31": "1226.96300", "2017-12-31": "1357.21600", "2016-12-31": "1172.60800", "2015-12-31": "1885.34400", "2014-12-31": "2705.27200", "2013-12-31": "3034.41200", "2012-12-31": "3050.79700", "2011-12-31": "3224.77800", "2010-12-31": "4497.71300", "2009-12-31": "3802.11100", "2008-12-31": "3890.66700", "2007-12-31": "3302.38900", "2006-12-31": "3139.18500", "2005-12-31": "3128.44800"}, "Operating Income": {"2020-12-31": "-439.76610", "2019-12-31": "185.97600", "2018-12-31": "503.47090", "2017-12-31": "97.91500", "2016-12-31": "-412.64000", "2015-12-31": "-686.60690", "2014-12-31": "498.75070", "2013-12-31": "265.27290", "2012-12-31": "626.72900", "2011-12-31": "1152.26700", "2010-12-31": "738.30760", "2009-12-31": "819.76420", "2008-12-31": "761.77780", "2007-12-31": "459.80760", "2006-12-31": "575.98610", "2005-12-31": "682.00100"}, "Total Non-Operating Income/Expense": {"2020-12-31": "-163.06500", "2019-12-31": "-126.29200", "2018-12-31": "595.19700", "2017-12-31": "20.66600", "2016-12-31": "-172.70800", "2015-12-31": "-243.95000", "2014-12-31": "-318.60000", "2013-12-31": "-219.19800", "2012-12-31": "-220.04200", "2011-12-31": "-279.34100", "2010-12-31": "-270.39500", "2009-12-31": "-31.41900", "2008-12-31": "-36.18300", "2007-12-31": "-30.85100", "2006-12-31": "-25.06600", "2005-12-31": "-27.31700"}, "Pre-Tax Income": {"2020-12-31": "-602.83100", "2019-12-31": "59.68400", "2018-12-31": "1098.66800", "2017-12-31": "118.58100", "2016-12-31": "-585.34800", "2015-12-31": "-930.55700", "2014-12-31": "180.15100", "2013-12-31": "46.07500", "2012-12-31": "406.68700", "2011-12-31": "872.92600", "2010-12-31": "467.91300", "2009-12-31": "788.34500", "2008-12-31": "725.59500", "2007-12-31": "428.95700", "2006-12-31": "550.92000", "2005-12-31": "654.68400"}, "Income Taxes": {"2020-12-31": "-174.08700", "2019-12-31": "27.73600", "2018-12-31": "215.55700", "2017-12-31": "-176.45800", "2016-12-31": "-34.40300", "2015-12-31": "-280.35900", "2014-12-31": "15.20400", "2013-12-31": "-33.18900", "2012-12-31": "88.72800", "2011-12-31": "191.25100", "2010-12-31": "109.28700", "2009-12-31": "221.20300", "2008-12-31": "239.93400", "2007-12-31": "136.13700", "2006-12-31": "112.43000", "2005-12-31": "64.33900"}, "Income After Taxes": {"2020-12-31": "-428.74400", "2019-12-31": "31.94800", "2018-12-31": "883.11100", "2017-12-31": "295.03900", "2016-12-31": "-550.94500", "2015-12-31": "-650.19800", "2014-12-31": "164.94700", "2013-12-31": "79.26400", "2012-12-31": "317.95900", "2011-12-31": "681.67500", "2010-12-31": "358.62600", "2009-12-31": "567.14200", "2008-12-31": "485.66090", "2007-12-31": "292.82000", "2006-12-31": "438.49000", "2005-12-31": "590.34500"}, "Other Income": {"2020-12-31": "", "2019-12-31": "", "2018-12-31": "", "2017-12-31": "", "2016-12-31": "", "2015-12-31": "", "2014-12-31": "", "2013-12-31": "", "2012-12-31": "", "2011-12-31": "", "2010-12-31": "", "2009-12-31": "", "2008-12-31": "", "2007-12-31": "", "2006-12-31": "", "2005-12-31": ""}, "Income From Continuous Operations": {"2020-12-31": "-428.74400", "2019-12-31": "31.94800", "2018-12-31": "883.11100", "2017-12-31": "295.03900", "2016-12-31": "-550.94500", "2015-12-31": "-650.19800", "2014-12-31": "164.94700", "2013-12-31": "79.26400", "2012-12-31": "317.95900", "2011-12-31": "681.67500", "2010-12-31": "358.62600", "2009-12-31": "567.14200", "2008-12-31": "485.66090", "2007-12-31": "292.82000", "2006-12-31": "408.88200", "2005-12-31": "580.86100"}, "Income From Discontinued Operations": {"2020-12-31": "", "2019-12-31": "", "2018-12-31": "", "2017-12-31": "85.70800", "2016-12-31": "-297.15700", "2015-12-31": "275.31300", "2014-12-31": "-1.85700", "2013-12-31": "579.79200", "2012-12-31": "70.11400", "2011-12-31": "-49.17800", "2010-12-31": "", "2009-12-31": "", "2008-12-31": "", "2007-12-31": "", "2006-12-31": "", "2005-12-31": ""}, "Net Income": {"2020-12-31": "-483.77500", "2019-12-31": "-80.73000", "2018-12-31": "796.53300", "2017-12-31": "380.74700", "2016-12-31": "-848.10200", "2015-12-31": "-374.88500", "2014-12-31": "163.09000", "2013-12-31": "660.44200", "2012-12-31": "388.47000", "2011-12-31": "632.49700", "2010-12-31": "346.78100", "2009-12-31": "539.71700", "2008-12-31": "442.47000", "2007-12-31": "267.78200", "2006-12-31": "408.88200", "2005-12-31": "580.86100"}, "EBITDA": {"2020-12-31": "556.30190", "2019-12-31": "702.18600", "2018-12-31": "1023.90500", "2017-12-31": "520.58110", "2016-12-31": "16.35800", "2015-12-31": "-314.82390", "2014-12-31": "1031.39400", "2013-12-31": "765.46090", "2012-12-31": "1053.84400", "2011-12-31": "1582.84400", "2010-12-31": "1310.13100", "2009-12-31": "1261.15100", "2008-12-31": "1156.27000", "2007-12-31": "789.04160", "2006-12-31": "875.99610", "2005-12-31": "948.33500"}, "EBIT": {"2020-12-31": "-439.76610", "2019-12-31": "185.97600", "2018-12-31": "503.47090", "2017-12-31": "97.91500", "2016-12-31": "-412.64000", "2015-12-31": "-686.60690", "2014-12-31": "498.75070", "2013-12-31": "265.27290", "2012-12-31": "626.72900", "2011-12-31": "1152.26700", "2010-12-31": "738.30760", "2009-12-31": "819.76420", "2008-12-31": "761.77780", "2007-12-31": "459.80760", "2006-12-31": "575.98610", "2005-12-31": "682.00100"}, "Basic Shares Outstanding": {"2020-12-31": "199.08440", "2019-12-31": "190.72700", "2018-12-31": "212.34900", "2017-12-31": "228.83500", "2016-12-31": "229.38700", "2015-12-31": "229.18600", "2014-12-31": "229.99400", "2013-12-31": "228.72900", "2012-12-31": "227.59400", "2011-12-31": "226.68000", "2010-12-31": "214.92100", "2009-12-31": "180.69300", "2008-12-31": "182.38600", "2007-12-31": "182.05060", "2006-12-31": "183.35500", "2005-12-31": "183.49000"}, "Shares Outstanding": {"2020-12-31": "199.08440", "2019-12-31": "190.72700", "2018-12-31": "214.62900", "2017-12-31": "230.95200", "2016-12-31": "229.38700", "2015-12-31": "229.18600", "2014-12-31": "231.58000", "2013-12-31": "230.07800", "2012-12-31": "229.14200", "2011-12-31": "229.00400", "2010-12-31": "217.03800", "2009-12-31": "182.82110", "2008-12-31": "184.68000", "2007-12-31": "184.14970", "2006-12-31": "185.63800", "2005-12-31": "185.53500"}, "Basic EPS": {"2020-12-31": "-2.43000", "2019-12-31": "-0.42000", "2018-12-31": "3.75000", "2017-12-31": "1.66000", "2016-12-31": "-3.70000", "2015-12-31": "-1.64000", "2014-12-31": "0.71000", "2013-12-31": "2.89000", "2012-12-31": "1.71000", "2011-12-31": "2.79000", "2010-12-31": "1.61000", "2009-12-31": "2.99000", "2008-12-31": "2.43000", "2007-12-31": "1.47000", "2006-12-31": "2.23000", "2005-12-31": "3.17000"}, "EPS - Earnings Per Share": {"2020-12-31": "-2.43000", "2019-12-31": "-0.42000", "2018-12-31": "3.71000", "2017-12-31": "1.65000", "2016-12-31": "-3.70000", "2015-12-31": "-1.64000", "2014-12-31": "0.70000", "2013-12-31": "2.87000", "2012-12-31": "1.70000", "2011-12-31": "2.76000", "2010-12-31": "1.60000", "2009-12-31": "2.95000", "2008-12-31": "2.40000", "2007-12-31": "1.45000", "2006-12-31": "2.20000", "2005-12-31": "3.13000"}}, "income statement, quarterly": {"Revenue": {"2020-12-31": "626.70300", "2020-09-30": "66.07500", "2020-06-30": "148.84100", "2020-03-31": "416.35900", "2019-12-31": "508.98890", "2019-09-30": "529.99700", "2019-06-30": "605.03200", "2019-03-31": "278.43100", "2018-12-31": "435.45500", "2018-09-30": "397.12600", "2018-06-30": "402.12400", "2018-03-31": "495.72900", "2017-12-31": "476.94910", "2017-09-30": "287.18500", "2017-06-30": "371.06800", "2017-03-31": "319.92900", "2016-12-31": "-804.38400", "2016-09-30": "745.57800", "2016-06-30": "285.94600", "2016-03-31": "532.82800", "2015-12-31": "-860.42390", "2015-09-30": "720.93300", "2015-06-30": "545.57400", "2015-03-31": "792.65400", "2014-12-31": "412.88400", "2014-09-30": "884.61600", "2014-06-30": "937.37000", "2014-03-31": "969.15300", "2013-12-31": "825.23010", "2013-09-30": "803.34500", "2013-06-30": "828.16700", "2013-03-31": "842.94300", "2012-12-31": "934.81000", "2012-09-30": "1160.08900", "2012-06-30": "1454.48700", "2012-03-31": "1426.77000", "2011-12-31": "1542.20800", "2011-09-30": "1521.72900", "2011-06-30": "1587.92800", "2011-03-31": "1465.37700", "2010-12-31": "1357.32100", "2010-09-30": "1349.29300", "2010-06-30": "1289.34700", "2010-03-31": "1240.06000", "2009-12-31": "1238.04200", "2009-09-30": "1094.51700", "2009-06-30": "1070.56500", "2009-03-31": "1218.75100", "2008-12-31": "1242.71200", "2008-09-30": "1173.10600", "2008-06-30": "1210.89600", "2008-03-31": "1025.73100", "2007-12-31": "918.63800", "2007-09-30": "868.37600", "2007-06-30": "1059.99800", "2007-03-31": "915.18500", "2006-12-31": "953.66790", "2006-09-30": "843.35200", "2006-06-30": "932.26300", "2006-03-31": "985.88800", "2005-12-31": "969.05890", "2005-09-30": "1207.25300", "2005-06-30": "817.14900", "2005-03-31": "816.98800"}, "Cost Of Goods Sold": {"2020-12-31": "103.45500", "2020-09-30": "100.53100", "2020-06-30": "80.01400", "2020-03-31": "108.24000", "2019-12-31": "114.40000", "2019-09-30": "107.68300", "2019-06-30": "103.38600", "2019-03-31": "95.62300", "2018-12-31": "99.41200", "2018-09-30": "79.50900", "2018-06-30": "85.51400", "2018-03-31": "103.31500", "2017-12-31": "123.53100", "2017-09-30": "111.91100", "2017-06-30": "96.79300", "2017-03-31": "103.22700", "2016-12-31": "108.62200", "2016-09-30": "106.73600", "2016-06-30": "99.86700", "2016-03-31": "101.84200", "2015-12-31": "109.62200", "2015-09-30": "91.88600", "2015-06-30": "84.25700", "2015-03-31": "78.47800", "2014-12-31": "31.85400", "2014-09-30": "83.98500", "2014-06-30": "74.46800", "2014-03-31": "79.87800", "2013-12-31": "134.82500", "2013-09-30": "60.50400", "2013-06-30": "63.46600", "2013-03-31": "61.19800", "2012-12-31": "546.14300", "2012-09-30": "828.26700", "2012-06-30": "857.75800", "2012-03-31": "904.65410", "2011-12-31": "881.90300", "2011-09-30": "879.66600", "2011-06-30": "929.17500", "2011-03-31": "814.38500", "2010-12-31": "828.63120", "2010-09-30": "854.15200", "2010-06-30": "820.11000", "2010-03-31": "769.17000", "2009-12-31": "742.73680", "2009-09-30": "708.35900", "2009-06-30": "643.24600", "2009-03-31": "669.15200", "2008-12-31": "727.24480", "2008-09-30": "741.72700", "2008-06-30": "742.25700", "2008-03-31": "640.14900", "2007-12-31": "610.91610", "2007-09-30": "635.34800", "2007-06-30": "592.63000", "2007-03-31": "520.26800", "2006-12-31": "624.38090", "2006-09-30": "565.16200", "2006-06-30": "547.37900", "2006-03-31": "557.69700", "2005-12-31": "642.12290", "2005-09-30": "629.17900", "2005-06-30": "578.76900", "2005-03-31": "550.90810"}, "Gross Profit": {"2020-12-31": "523.24800", "2020-09-30": "-34.45600", "2020-06-30": "68.82700", "2020-03-31": "308.11900", "2019-12-31": "394.58890", "2019-09-30": "422.31400", "2019-06-30": "501.64600", "2019-03-31": "182.80800", "2018-12-31": "336.04300", "2018-09-30": "317.61700", "2018-06-30": "316.61000", "2018-03-31": "392.41400", "2017-12-31": "353.41810", "2017-09-30": "175.27400", "2017-06-30": "274.27500", "2017-03-31": "216.70200", "2016-12-31": "-913.00600", "2016-09-30": "638.84200", "2016-06-30": "186.07900", "2016-03-31": "430.98600", "2015-12-31": "-970.04590", "2015-09-30": "629.04700", "2015-06-30": "461.31700", "2015-03-31": "714.17600", "2014-12-31": "381.03000", "2014-09-30": "800.63100", "2014-06-30": "862.90200", "2014-03-31": "889.27500", "2013-12-31": "690.40520", "2013-09-30": "742.84090", "2013-06-30": "764.70100", "2013-03-31": "781.74500", "2012-12-31": "388.66700", "2012-09-30": "331.82200", "2012-06-30": "596.72910", "2012-03-31": "522.11600", "2011-12-31": "660.30500", "2011-09-30": "642.06300", "2011-06-30": "658.75300", "2011-03-31": "650.99190", "2010-12-31": "528.68960", "2010-09-30": "495.14100", "2010-06-30": "469.23710", "2010-03-31": "470.89010", "2009-12-31": "495.30520", "2009-09-30": "386.15800", "2009-06-30": "427.31900", "2009-03-31": "549.59900", "2008-12-31": "515.46710", "2008-09-30": "431.37900", "2008-06-30": "468.63900", "2008-03-31": "385.58200", "2007-12-31": "307.72190", "2007-09-30": "233.02800", "2007-06-30": "467.36800", "2007-03-31": "394.91700", "2006-12-31": "329.28700", "2006-09-30": "278.19000", "2006-06-30": "384.88400", "2006-03-31": "428.19100", "2005-12-31": "326.93600", "2005-09-30": "578.07400", "2005-06-30": "238.38000", "2005-03-31": "266.07990"}, "Research And Development Expenses": {"2020-12-31": "", "2020-09-30": "", "2020-06-30": "", "2020-03-31": "", "2019-12-31": "", "2019-09-30": "", "2019-06-30": "", "2019-03-31": "", "2018-12-31": "", "2018-09-30": "", "2018-06-30": "", "2018-03-31": "", "2017-12-31": "", "2017-09-30": "", "2017-06-30": "", "2017-03-31": "", "2016-12-31": "", "2016-09-30": "", "2016-06-30": "", "2016-03-31": "", "2015-12-31": "", "2015-09-30": "", "2015-06-30": "", "2015-03-31": "", "2014-12-31": "", "2014-09-30": "", "2014-06-30": "", "2014-03-31": "", "2013-12-31": "", "2013-09-30": "", "2013-06-30": "", "2013-03-31": "", "2012-12-31": "", "2012-09-30": "", "2012-06-30": "", "2012-03-31": "", "2011-12-31": "", "2011-09-30": "", "2011-06-30": "", "2011-03-31": "", "2010-12-31": "", "2010-09-30": "", "2010-06-30": "", "2010-03-31": "", "2009-12-31": "", "2009-09-30": "", "2009-06-30": "", "2009-03-31": "", "2008-12-31": "", "2008-09-30": "", "2008-06-30": "", "2008-03-31": "", "2007-12-31": "", "2007-09-30": "", "2007-06-30": "", "2007-03-31": "", "2006-12-31": "", "2006-09-30": "", "2006-06-30": "", "2006-03-31": "", "2005-12-31": "", "2005-09-30": "", "2005-06-30": "", "2005-03-31": ""}, "SG&A Expenses": {"2020-12-31": "49.43300", "2020-09-30": "39.08500", "2020-06-30": "39.04700", "2020-03-31": "46.43300", "2019-12-31": "54.63100", "2019-09-30": "44.63600", "2019-06-30": "75.87600", "2019-03-31": "61.31100", "2018-12-31": "61.37400", "2018-09-30": "55.97900", "2018-06-30": "67.95000", "2018-03-31": "77.39200", "2017-12-31": "62.06900", "2017-09-30": "49.14300", "2017-06-30": "47.43400", "2017-03-31": "52.76400", "2016-12-31": "-525.82700", "2016-09-30": "262.58500", "2016-06-30": "262.22800", "2016-03-31": "233.34000", "2015-12-31": "-615.55700", "2015-09-30": "217.25800", "2015-06-30": "279.44800", "2015-03-31": "373.40600", "2014-12-31": "-8.27990", "2014-09-30": "459.76100", "2014-06-30": "480.54500", "2014-03-31": "463.15100", "2013-12-31": "424.96510", "2013-09-30": "436.47800", "2013-06-30": "443.69700", "2013-03-31": "442.57400", "2012-12-31": "82.75200", "2012-09-30": "155.24100", "2012-06-30": "174.65700", "2012-03-31": "190.07200", "2011-12-31": "212.46900", "2011-09-30": "207.76200", "2011-06-30": "206.00300", "2011-03-31": "184.37100", "2010-12-31": "169.58200", "2010-09-30": "175.80500", "2010-06-30": "157.77200", "2010-03-31": "154.82800", "2009-12-31": "171.20800", "2009-09-30": "140.18600", "2009-06-30": "139.64400", "2009-03-31": "150.16200", "2008-12-31": "114.43200", "2008-09-30": "182.59200", "2008-06-30": "189.75000", "2008-03-31": "162.89400", "2007-12-31": "184.85500", "2007-09-30": "139.91900", "2007-06-30": "145.18000", "2007-03-31": "148.55800", "2006-12-31": "138.56800", "2006-09-30": "131.22700", "2006-06-30": "135.99100", "2006-03-31": "142.54300", "2005-12-31": "126.23500", "2005-09-30": "119.56900", "2005-06-30": "113.72400", "2005-03-31": "106.09000"}, "Other Operating Income Or Expenses": {"2020-12-31": "-14.91100", "2020-09-30": "-25.42500", "2020-06-30": "-29.90600", "2020-03-31": "-75.15500", "2019-12-31": "-486.83100", "2019-09-30": "-25.82100", "2019-06-30": "-23.54300", "2019-03-31": "-34.26900", "2018-12-31": "-23.80700", "2018-09-30": "-20.72600", "2018-06-30": "-21.48500", "2018-03-31": "-18.42700", "2017-12-31": "-56.63600", "2017-09-30": "-32.02300", "2017-06-30": "-43.82300", "2017-03-31": "-165.82600", "2016-12-31": "94.51300", "2016-09-30": "-61.80200", "2016-06-30": "-76.10300", "2016-03-31": "-59.88400", "2015-12-31": "40.15800", "2015-09-30": "-21.20700", "2015-06-30": "-876.12000", "2015-03-31": "-37.59400", "2014-12-31": "-47.56000", "2014-09-30": "-139.84100", "2014-06-30": "-203.96800", "2014-03-31": "-115.89800", "2013-12-31": "-33.21000", "2013-09-30": "-135.64400", "2013-06-30": "-118.83100", "2013-03-31": "-178.83200", "2012-12-31": "", "2012-09-30": "", "2012-06-30": "", "2012-03-31": "", "2011-12-31": "", "2011-09-30": "", "2011-06-30": "", "2011-03-31": "", "2010-12-31": "", "2010-09-30": "", "2010-06-30": "", "2010-03-31": "", "2009-12-31": "", "2009-09-30": "", "2009-06-30": "", "2009-03-31": "", "2008-12-31": "", "2008-09-30": "", "2008-06-30": "", "2008-03-31": "", "2007-12-31": "", "2007-09-30": "", "2007-06-30": "", "2007-03-31": "", "2006-12-31": "", "2006-09-30": "", "2006-06-30": "", "2006-03-31": "", "2005-12-31": "", "2005-09-30": "", "2005-06-30": "", "2005-03-31": ""}, "Operating Expenses": {"2020-12-31": "312.44700", "2020-09-30": "279.50500", "2020-06-30": "262.51200", "2020-03-31": "832.03700", "2019-12-31": "789.70610", "2019-09-30": "298.59900", "2019-06-30": "331.80400", "2019-03-31": "316.36400", "2018-12-31": "314.67700", "2018-09-30": "275.79900", "2018-06-30": "312.68600", "2018-03-31": "323.80100", "2017-12-31": "364.94200", "2017-09-30": "295.08900", "2017-06-30": "279.69000", "2017-03-31": "417.49500", "2016-12-31": "-533.69900", "2016-09-30": "582.83500", "2016-06-30": "573.41800", "2016-03-31": "550.05400", "2015-12-31": "-608.99790", "2015-09-30": "477.19500", "2015-06-30": "1377.96000", "2015-03-31": "639.18700", "2014-12-31": "188.09720", "2014-09-30": "832.25200", "2014-06-30": "896.88000", "2014-03-31": "788.04300", "2013-12-31": "754.35120", "2013-09-30": "750.35600", "2013-06-30": "735.52290", "2013-03-31": "794.18200", "2012-12-31": "739.46800", "2012-09-30": "1137.38500", "2012-06-30": "1186.23900", "2012-03-31": "1250.07300", "2011-12-31": "1246.15700", "2011-09-30": "1247.17800", "2011-06-30": "1292.97800", "2011-03-31": "1147.81800", "2010-12-31": "1152.49700", "2010-09-30": "1191.38600", "2010-06-30": "1110.64600", "2010-03-31": "1043.18400", "2009-12-31": "1027.70300", "2009-09-30": "958.51010", "2009-06-30": "890.36490", "2009-03-31": "925.53300", "2008-12-31": "946.50710", "2008-09-30": "1020.60700", "2008-06-30": "1027.78200", "2008-03-31": "895.77090", "2007-12-31": "885.60640", "2007-09-30": "857.66900", "2007-06-30": "813.49900", "2007-03-31": "745.61500", "2006-12-31": "840.09750", "2006-09-30": "769.21300", "2006-06-30": "757.81810", "2006-03-31": "772.05600", "2005-12-31": "835.95000", "2005-09-30": "812.84800", "2005-06-30": "759.27300", "2005-03-31": "720.37710"}, "Operating Income": {"2020-12-31": "314.25600", "2020-09-30": "-213.43000", "2020-06-30": "-113.67100", "2020-03-31": "-415.67800", "2019-12-31": "-280.71710", "2019-09-30": "231.39800", "2019-06-30": "273.22800", "2019-03-31": "-37.93300", "2018-12-31": "120.77790", "2018-09-30": "121.32700", "2018-06-30": "89.43800", "2018-03-31": "171.92800", "2017-12-31": "112.00710", "2017-09-30": "-7.90400", "2017-06-30": "91.37800", "2017-03-31": "-97.56600", "2016-12-31": "-270.68510", "2016-09-30": "162.74300", "2016-06-30": "-287.47200", "2016-03-31": "-17.22600", "2015-12-31": "-251.42600", "2015-09-30": "243.73800", "2015-06-30": "-832.38600", "2015-03-31": "153.46700", "2014-12-31": "224.78670", "2014-09-30": "52.36400", "2014-06-30": "40.49000", "2014-03-31": "181.11000", "2013-12-31": "70.87890", "2013-09-30": "52.98900", "2013-06-30": "92.64400", "2013-03-31": "48.76100", "2012-12-31": "195.34200", "2012-09-30": "22.70390", "2012-06-30": "268.24800", "2012-03-31": "176.69700", "2011-12-31": "296.05100", "2011-09-30": "274.55090", "2011-06-30": "294.95010", "2011-03-31": "317.55900", "2010-12-31": "204.82360", "2010-09-30": "157.90700", "2010-06-30": "178.70090", "2010-03-31": "196.87610", "2009-12-31": "210.33910", "2009-09-30": "136.00690", "2009-06-30": "180.20000", "2009-03-31": "293.21800", "2008-12-31": "296.20480", "2008-09-30": "152.49900", "2008-06-30": "183.11400", "2008-03-31": "129.96000", "2007-12-31": "33.03160", "2007-09-30": "10.70700", "2007-06-30": "246.49900", "2007-03-31": "169.57000", "2006-12-31": "113.57040", "2006-09-30": "74.13900", "2006-06-30": "174.44490", "2006-03-31": "213.83200", "2005-12-31": "133.10890", "2005-09-30": "394.40500", "2005-06-30": "57.87600", "2005-03-31": "96.61080"}, "Total Non-Operating Income/Expense": {"2020-12-31": "-50.07800", "2020-09-30": "-36.64200", "2020-06-30": "-45.46100", "2020-03-31": "-42.12600", "2019-12-31": "-9.73600", "2019-09-30": "-38.53600", "2019-06-30": "-39.74300", "2019-03-31": "-38.27700", "2018-12-31": "-15.07610", "2018-09-30": "82.10700", "2018-06-30": "-59.14600", "2018-03-31": "587.31200", "2017-12-31": "-23.49600", "2017-09-30": "-3.36200", "2017-06-30": "88.38700", "2017-03-31": "-40.86300", "2016-12-31": "-28.09800", "2016-09-30": "-47.31700", "2016-06-30": "-47.42800", "2016-03-31": "-49.86500", "2015-12-31": "-26.03000", "2015-09-30": "-48.55800", "2015-06-30": "-46.50600", "2015-03-31": "-122.85600", "2014-12-31": "-148.06100", "2014-09-30": "-55.39700", "2014-06-30": "-64.21100", "2014-03-31": "-50.93100", "2013-12-31": "-55.00400", "2013-09-30": "-56.30000", "2013-06-30": "-54.51700", "2013-03-31": "-53.37700", "2012-12-31": "-51.27000", "2012-09-30": "-54.07500", "2012-06-30": "-56.59300", "2012-03-31": "-58.12000", "2011-12-31": "-58.38100", "2011-09-30": "-74.12900", "2011-06-30": "-196.16600", "2011-03-31": "-66.48200", "2010-12-31": "-66.36700", "2010-09-30": "-66.76700", "2010-06-30": "-82.55300", "2010-03-31": "-54.70800", "2009-12-31": "-8.46000", "2009-09-30": "-7.50200", "2009-06-30": "-6.94500", "2009-03-31": "-8.51200", "2008-12-31": "-8.41200", "2008-09-30": "-9.06900", "2008-06-30": "-8.52600", "2008-03-31": "-10.17600", "2007-12-31": "-11.59400", "2007-09-30": "-5.82000", "2007-06-30": "-6.17400", "2007-03-31": "-7.26300", "2006-12-31": "-7.27500", "2006-09-30": "-5.68500", "2006-06-30": "-6.25300", "2006-03-31": "-5.85300", "2005-12-31": "-6.41300", "2005-09-30": "-6.79100", "2005-06-30": "-7.18900", "2005-03-31": "-6.92400"}, "Pre-Tax Income": {"2020-12-31": "264.17800", "2020-09-30": "-250.07200", "2020-06-30": "-159.13200", "2020-03-31": "-457.80400", "2019-12-31": "-290.45300", "2019-09-30": "192.86200", "2019-06-30": "233.48500", "2019-03-31": "-76.21000", "2018-12-31": "105.70200", "2018-09-30": "203.43400", "2018-06-30": "30.29200", "2018-03-31": "759.24000", "2017-12-31": "88.51100", "2017-09-30": "-11.26600", "2017-06-30": "179.76500", "2017-03-31": "-138.42900", "2016-12-31": "-298.78310", "2016-09-30": "115.42600", "2016-06-30": "-334.90000", "2016-03-31": "-67.09100", "2015-12-31": "-277.45600", "2015-09-30": "195.18000", "2015-06-30": "-878.89200", "2015-03-31": "30.61100", "2014-12-31": "76.72600", "2014-09-30": "-3.03300", "2014-06-30": "-23.72100", "2014-03-31": "130.17900", "2013-12-31": "15.87500", "2013-09-30": "-3.31100", "2013-06-30": "38.12700", "2013-03-31": "-4.61600", "2012-12-31": "144.07200", "2012-09-30": "-31.37100", "2012-06-30": "211.65500", "2012-03-31": "118.57700", "2011-12-31": "237.67000", "2011-09-30": "200.42200", "2011-06-30": "98.78400", "2011-03-31": "251.07700", "2010-12-31": "138.45700", "2010-09-30": "91.14000", "2010-06-30": "96.14800", "2010-03-31": "142.16800", "2009-12-31": "201.87900", "2009-09-30": "128.50500", "2009-06-30": "173.25500", "2009-03-31": "284.70600", "2008-12-31": "287.79300", "2008-09-30": "143.43000", "2008-06-30": "174.58800", "2008-03-31": "119.78400", "2007-12-31": "21.43800", "2007-09-30": "4.88700", "2007-06-30": "240.32500", "2007-03-31": "162.30700", "2006-12-31": "106.29500", "2006-09-30": "68.45400", "2006-06-30": "168.19200", "2006-03-31": "207.97900", "2005-12-31": "126.69600", "2005-09-30": "387.61400", "2005-06-30": "50.68700", "2005-03-31": "89.68700"}, "Income Taxes": {"2020-12-31": "68.42000", "2020-09-30": "-61.27900", "2020-06-30": "-28.64600", "2020-03-31": "-152.58200", "2019-12-31": "-50.39800", "2019-09-30": "48.90200", "2019-06-30": "40.79100", "2019-03-31": "-11.55900", "2018-12-31": "-23.71300", "2018-09-30": "56.67800", "2018-06-30": "-31.10200", "2018-03-31": "213.69400", "2017-12-31": "-197.52400", "2017-09-30": "10.53000", "2017-06-30": "57.95800", "2017-03-31": "-47.42200", "2016-12-31": "37.39500", "2016-09-30": "52.85800", "2016-06-30": "-100.85600", "2016-03-31": "-23.80000", "2015-12-31": "-240.45600", "2015-09-30": "65.86800", "2015-06-30": "-301.66900", "2015-03-31": "195.89800", "2014-12-31": "6.88900", "2014-09-30": "-1.38800", "2014-06-30": "1.21400", "2014-03-31": "8.48900", "2013-12-31": "-130.72000", "2013-09-30": "68.85800", "2013-06-30": "29.56500", "2013-03-31": "-0.89200", "2012-12-31": "36.49200", "2012-09-30": "-19.89800", "2012-06-30": "58.94500", "2012-03-31": "21.38100", "2011-12-31": "42.03500", "2011-09-30": "33.09300", "2011-06-30": "21.40000", "2011-03-31": "58.92800", "2010-12-31": "33.99600", "2010-09-30": "15.75700", "2010-06-30": "25.24800", "2010-03-31": "34.28600", "2009-12-31": "51.83300", "2009-09-30": "35.21900", "2009-06-30": "54.41600", "2009-03-31": "79.73500", "2008-12-31": "101.56900", "2008-09-30": "41.01400", "2008-06-30": "61.79800", "2008-03-31": "35.55300", "2007-12-31": "9.17300", "2007-09-30": "4.50600", "2007-06-30": "79.52400", "2007-03-31": "42.93400", "2006-12-31": "-16.13700", "2006-09-30": "13.20800", "2006-06-30": "50.63200", "2006-03-31": "64.72700", "2005-12-31": "33.07800", "2005-09-30": "7.17300", "2005-06-30": "9.61300", "2005-03-31": "14.47500"}, "Income After Taxes": {"2020-12-31": "195.75800", "2020-09-30": "-188.79300", "2020-06-30": "-130.48600", "2020-03-31": "-305.22200", "2019-12-31": "-240.05500", "2019-09-30": "143.96000", "2019-06-30": "192.69400", "2019-03-31": "-64.65100", "2018-12-31": "129.41500", "2018-09-30": "146.75600", "2018-06-30": "61.39400", "2018-03-31": "545.54600", "2017-12-31": "286.03500", "2017-09-30": "-21.79600", "2017-06-30": "121.80700", "2017-03-31": "-91.00700", "2016-12-31": "-336.17800", "2016-09-30": "62.56800", "2016-06-30": "-234.04400", "2016-03-31": "-43.29100", "2015-12-31": "-37.00000", "2015-09-30": "129.31200", "2015-06-30": "-577.22300", "2015-03-31": "-165.28700", "2014-12-31": "69.83700", "2014-09-30": "-1.64500", "2014-06-30": "-24.93500", "2014-03-31": "121.69000", "2013-12-31": "146.59500", "2013-09-30": "-72.16900", "2013-06-30": "8.56200", "2013-03-31": "-3.72400", "2012-12-31": "107.58000", "2012-09-30": "-11.47300", "2012-06-30": "152.71000", "2012-03-31": "97.19600", "2011-12-31": "195.63500", "2011-09-30": "167.32900", "2011-06-30": "77.38400", "2011-03-31": "192.14900", "2010-12-31": "104.46100", "2010-09-30": "75.38300", "2010-06-30": "70.90000", "2010-03-31": "107.88200", "2009-12-31": "150.04600", "2009-09-30": "93.28600", "2009-06-30": "118.83900", "2009-03-31": "204.97100", "2008-12-31": "186.22400", "2008-09-30": "102.41600", "2008-06-30": "112.79000", "2008-03-31": "84.23100", "2007-12-31": "12.26500", "2007-09-30": "0.38100", "2007-06-30": "160.80100", "2007-03-31": "119.37300", "2006-12-31": "122.43200", "2006-09-30": "55.24600", "2006-06-30": "117.56000", "2006-03-31": "143.25200", "2005-12-31": "93.61800", "2005-09-30": "380.44100", "2005-06-30": "41.07400", "2005-03-31": "75.21200"}, "Other Income": {"2020-12-31": "", "2020-09-30": "", "2020-06-30": "", "2020-03-31": "", "2019-12-31": "", "2019-09-30": "", "2019-06-30": "", "2019-03-31": "", "2018-12-31": "", "2018-09-30": "", "2018-06-30": "", "2018-03-31": "", "2017-12-31": "", "2017-09-30": "", "2017-06-30": "", "2017-03-31": "", "2016-12-31": "", "2016-09-30": "", "2016-06-30": "", "2016-03-31": "", "2015-12-31": "", "2015-09-30": "", "2015-06-30": "", "2015-03-31": "", "2014-12-31": "", "2014-09-30": "", "2014-06-30": "", "2014-03-31": "", "2013-12-31": "", "2013-09-30": "", "2013-06-30": "", "2013-03-31": "", "2012-12-31": "", "2012-09-30": "", "2012-06-30": "", "2012-03-31": "", "2011-12-31": "", "2011-09-30": "", "2011-06-30": "", "2011-03-31": "", "2010-12-31": "", "2010-09-30": "", "2010-06-30": "", "2010-03-31": "", "2009-12-31": "", "2009-09-30": "", "2009-06-30": "", "2009-03-31": "", "2008-12-31": "", "2008-09-30": "", "2008-06-30": "", "2008-03-31": "", "2007-12-31": "", "2007-09-30": "", "2007-06-30": "", "2007-03-31": "", "2006-12-31": "", "2006-09-30": "", "2006-06-30": "", "2006-03-31": "", "2005-12-31": "", "2005-09-30": "", "2005-06-30": "", "2005-03-31": ""}, "Income From Continuous Operations": {"2020-12-31": "195.75800", "2020-09-30": "-188.79300", "2020-06-30": "-130.48600", "2020-03-31": "-305.22200", "2019-12-31": "-240.05500", "2019-09-30": "143.96000", "2019-06-30": "192.69400", "2019-03-31": "-64.65100", "2018-12-31": "129.41500", "2018-09-30": "146.75600", "2018-06-30": "61.39400", "2018-03-31": "545.54600", "2017-12-31": "286.03500", "2017-09-30": "-21.79600", "2017-06-30": "121.80700", "2017-03-31": "-91.00700", "2016-12-31": "-336.17800", "2016-09-30": "62.56800", "2016-06-30": "-234.04400", "2016-03-31": "-43.29100", "2015-12-31": "-37.00000", "2015-09-30": "129.31200", "2015-06-30": "-577.22300", "2015-03-31": "-165.28700", "2014-12-31": "69.83700", "2014-09-30": "-1.64500", "2014-06-30": "-24.93500", "2014-03-31": "121.69000", "2013-12-31": "146.59500", "2013-09-30": "-72.16900", "2013-06-30": "8.56200", "2013-03-31": "-3.72400", "2012-12-31": "107.58000", "2012-09-30": "-11.47300", "2012-06-30": "152.71000", "2012-03-31": "97.19600", "2011-12-31": "195.63500", "2011-09-30": "167.32900", "2011-06-30": "77.38400", "2011-03-31": "192.14900", "2010-12-31": "104.46100", "2010-09-30": "75.38300", "2010-06-30": "70.90000", "2010-03-31": "107.88200", "2009-12-31": "150.04600", "2009-09-30": "93.28600", "2009-06-30": "118.83900", "2009-03-31": "204.97100", "2008-12-31": "207.15100", "2008-09-30": "102.41600", "2008-06-30": "101.01200", "2008-03-31": "75.08200", "2007-12-31": "31.82500", "2007-09-30": "-5.38400", "2007-06-30": "153.11700", "2007-03-31": "113.26200", "2006-12-31": "115.34800", "2006-09-30": "48.28400", "2006-06-30": "110.49400", "2006-03-31": "134.75600", "2005-12-31": "87.59300", "2005-09-30": "376.98200", "2005-06-30": "41.07400", "2005-03-31": "75.21200"}, "Income From Discontinued Operations": {"2020-12-31": "", "2020-09-30": "", "2020-06-30": "", "2020-03-31": "", "2019-12-31": "", "2019-09-30": "", "2019-06-30": "", "2019-03-31": "", "2018-12-31": "", "2018-09-30": "", "2018-06-30": "", "2018-03-31": "", "2017-12-31": "-9.39100", "2017-09-30": "-4.64500", "2017-06-30": "47.70300", "2017-03-31": "52.04100", "2016-12-31": "25.59000", "2016-09-30": "-34.97500", "2016-06-30": "-234.60500", "2016-03-31": "-53.16700", "2015-12-31": "60.91600", "2015-09-30": "-3.84200", "2015-06-30": "-26.07800", "2015-03-31": "244.31700", "2014-12-31": "3.83000", "2014-09-30": "0.00000", "2014-06-30": "0.00000", "2014-03-31": "-5.68700", "2013-12-31": "591.14400", "2013-09-30": "8.12000", "2013-06-30": "-21.37500", "2013-03-31": "1.90300", "2012-12-31": "42.06000", "2012-09-30": "", "2012-06-30": "", "2012-03-31": "", "2011-12-31": "", "2011-09-30": "", "2011-06-30": "", "2011-03-31": "", "2010-12-31": "", "2010-09-30": "", "2010-06-30": "", "2010-03-31": "", "2009-12-31": "", "2009-09-30": "", "2009-06-30": "", "2009-03-31": "", "2008-12-31": "", "2008-09-30": "", "2008-06-30": "", "2008-03-31": "", "2007-12-31": "", "2007-09-30": "", "2007-06-30": "", "2007-03-31": "", "2006-12-31": "", "2006-09-30": "", "2006-06-30": "", "2006-03-31": "", "2005-12-31": "", "2005-09-30": "", "2005-06-30": "", "2005-03-31": ""}, "Net Income": {"2020-12-31": "195.75800", "2020-09-30": "-204.69800", "2020-06-30": "-145.74900", "2020-03-31": "-329.08600", "2019-12-31": "-271.40800", "2019-09-30": "115.53800", "2019-06-30": "162.47700", "2019-03-31": "-87.33700", "2018-12-31": "101.92710", "2018-09-30": "125.02900", "2018-06-30": "42.01400", "2018-03-31": "527.56300", "2017-12-31": "276.64400", "2017-09-30": "-26.44100", "2017-06-30": "169.51000", "2017-03-31": "-38.96600", "2016-12-31": "-306.04700", "2016-09-30": "25.34500", "2016-06-30": "-469.82800", "2016-03-31": "-97.57200", "2015-12-31": "30.40600", "2015-09-30": "118.98000", "2015-06-30": "-603.30100", "2015-03-31": "79.03000", "2014-12-31": "73.66700", "2014-09-30": "-1.64500", "2014-06-30": "-24.93500", "2014-03-31": "116.00300", "2013-12-31": "738.18300", "2013-09-30": "-63.65100", "2013-06-30": "-12.52600", "2013-03-31": "-1.56400", "2012-12-31": "149.90300", "2012-09-30": "-11.36800", "2012-06-30": "152.73900", "2012-03-31": "97.19600", "2011-12-31": "195.63500", "2011-09-30": "167.32900", "2011-06-30": "77.38400", "2011-03-31": "192.14900", "2010-12-31": "104.46100", "2010-09-30": "75.38300", "2010-06-30": "66.66800", "2010-03-31": "100.26900", "2009-12-31": "143.18900", "2009-09-30": "87.37000", "2009-06-30": "113.33900", "2009-03-31": "195.81900", "2008-12-31": "176.32200", "2008-09-30": "90.05400", "2008-06-30": "101.01200", "2008-03-31": "75.08200", "2007-12-31": "6.78700", "2007-09-30": "-5.38400", "2007-06-30": "153.11700", "2007-03-31": "113.26200", "2006-12-31": "115.34800", "2006-09-30": "48.28400", "2006-06-30": "110.49400", "2006-03-31": "134.75600", "2005-12-31": "87.59300", "2005-09-30": "376.98200", "2005-06-30": "41.07400", "2005-03-31": "75.21200"}, "EBITDA": {"2020-12-31": "", "2020-09-30": "-93.15800", "2020-06-30": "6.22200", "2020-03-31": "188.97800", "2019-12-31": "-145.18310", "2019-09-30": "353.50700", "2019-06-30": "404.92690", "2019-03-31": "88.93500", "2018-12-31": "252.58390", "2018-09-30": "242.73000", "2018-06-30": "228.95300", "2018-03-31": "299.63800", "2017-12-31": "238.70810", "2017-09-30": "100.74300", "2017-06-30": "183.01800", "2017-03-31": "-1.88800", "2016-12-31": "-283.60610", "2016-09-30": "314.45400", "2016-06-30": "-152.25200", "2016-03-31": "137.76200", "2015-12-31": "-306.77500", "2015-09-30": "390.58200", "2015-06-30": "-701.80700", "2015-03-31": "303.17600", "2014-12-31": "341.74980", "2014-09-30": "201.02900", "2014-06-30": "178.38900", "2014-03-31": "310.22600", "2013-12-31": "232.22990", "2013-09-30": "170.71900", "2013-06-30": "202.17300", "2013-03-31": "160.33900", "2012-12-31": "155.59100", "2012-09-30": "176.76790", "2012-06-30": "423.81700", "2012-03-31": "333.93000", "2011-12-31": "255.86700", "2011-09-30": "434.87190", "2011-06-30": "453.86010", "2011-03-31": "469.08900", "2010-12-31": "359.37760", "2010-09-30": "319.24500", "2010-06-30": "313.25590", "2010-03-31": "318.25210", "2009-12-31": "324.62310", "2009-09-30": "247.01790", "2009-06-30": "288.40200", "2009-03-31": "401.10800", "2008-12-31": "402.43880", "2008-09-30": "249.01390", "2008-06-30": "280.04200", "2008-03-31": "224.77500", "2007-12-31": "123.83960", "2007-09-30": "93.19000", "2007-06-30": "324.19900", "2007-03-31": "247.81300", "2006-12-31": "190.42340", "2006-09-30": "147.63500", "2006-06-30": "250.96800", "2006-03-31": "286.97000", "2005-12-31": "201.20990", "2005-09-30": "458.81810", "2005-06-30": "125.79900", "2005-03-31": "162.50780"}, "EBIT": {"2020-12-31": "314.25600", "2020-09-30": "-213.43000", "2020-06-30": "-113.67100", "2020-03-31": "-415.67800", "2019-12-31": "-280.71700", "2019-09-30": "231.39800", "2019-06-30": "273.22800", "2019-03-31": "-37.93300", "2018-12-31": "120.77790", "2018-09-30": "121.32700", "2018-06-30": "89.43800", "2018-03-31": "171.92800", "2017-12-31": "112.00700", "2017-09-30": "-7.90400", "2017-06-30": "91.37800", "2017-03-31": "-97.56600", "2016-12-31": "-270.68500", "2016-09-30": "162.74300", "2016-06-30": "-287.47200", "2016-03-31": "-17.22600", "2015-12-31": "-251.42600", "2015-09-30": "243.73800", "2015-06-30": "-832.38600", "2015-03-31": "153.46700", "2014-12-31": "224.78670", "2014-09-30": "52.36400", "2014-06-30": "40.49000", "2014-03-31": "181.11000", "2013-12-31": "70.87890", "2013-09-30": "52.98900", "2013-06-30": "92.64400", "2013-03-31": "48.76100", "2012-12-31": "195.34200", "2012-09-30": "22.70390", "2012-06-30": "268.24800", "2012-03-31": "176.69700", "2011-12-31": "296.05100", "2011-09-30": "274.55090", "2011-06-30": "294.95010", "2011-03-31": "317.55900", "2010-12-31": "204.82360", "2010-09-30": "157.90700", "2010-06-30": "178.70090", "2010-03-31": "196.87610", "2009-12-31": "210.33920", "2009-09-30": "136.00690", "2009-06-30": "180.20000", "2009-03-31": "293.21800", "2008-12-31": "296.20480", "2008-09-30": "152.49900", "2008-06-30": "183.11400", "2008-03-31": "129.96000", "2007-12-31": "33.03160", "2007-09-30": "10.70700", "2007-06-30": "246.49900", "2007-03-31": "169.57000", "2006-12-31": "113.57020", "2006-09-30": "74.13900", "2006-06-30": "174.44490", "2006-03-31": "213.83200", "2005-12-31": "133.10910", "2005-09-30": "394.40500", "2005-06-30": "57.87600", "2005-03-31": "96.61080"}, "Basic Shares Outstanding": {"2020-12-31": "222.45230", "2020-09-30": "198.72700", "2020-06-30": "187.31600", "2020-03-31": "186.91800", "2019-12-31": "190.72700", "2019-09-30": "187.44900", "2019-06-30": "191.52400", "2019-03-31": "197.47600", "2018-12-31": "212.34900", "2018-09-30": "210.23900", "2018-06-30": "215.99100", "2018-03-31": "221.93000", "2017-12-31": "228.83500", "2017-09-30": "230.08100", "2017-06-30": "230.05800", "2017-03-31": "229.81700", "2016-12-31": "229.38700", "2016-09-30": "229.43900", "2016-06-30": "229.40900", "2016-03-31": "229.25900", "2015-12-31": "229.18600", "2015-09-30": "229.03600", "2015-06-30": "228.92900", "2015-03-31": "229.73400", "2014-12-31": "229.99400", "2014-09-30": "230.17400", "2014-06-30": "230.06100", "2014-03-31": "229.52600", "2013-12-31": "228.72900", "2013-09-30": "228.87600", "2013-06-30": "228.72200", "2013-03-31": "228.31800", "2012-12-31": "227.89800", "2012-09-30": "227.65400", "2012-06-30": "227.54800", "2012-03-31": "227.26900", "2011-12-31": "226.97200", "2011-09-30": "226.74400", "2011-06-30": "226.64780", "2011-03-31": "226.35100", "2010-12-31": "214.92100", "2010-09-30": "225.37820", "2010-06-30": "225.71600", "2010-03-31": "181.72600", "2009-12-31": "180.69300", "2009-09-30": "180.72500", "2009-06-30": "180.64400", "2009-03-31": "180.57600", "2008-12-31": "182.38600", "2008-09-30": "183.20200", "2008-06-30": "182.97800", "2008-03-31": "182.57300", "2007-12-31": "182.05060", "2007-09-30": "181.86700", "2007-06-30": "182.19500", "2007-03-31": "182.37100", "2006-12-31": "183.35500", "2006-09-30": "183.24700", "2006-06-30": "183.28600", "2006-03-31": "184.26900", "2005-12-31": "183.49000", "2005-09-30": "184.22500", "2005-06-30": "182.87400", "2005-03-31": "181.88600"}, "Shares Outstanding": {"2020-12-31": "225.00920", "2020-09-30": "198.72700", "2020-06-30": "187.31600", "2020-03-31": "186.91800", "2019-12-31": "190.72700", "2019-09-30": "188.43100", "2019-06-30": "192.78100", "2019-03-31": "197.47600", "2018-12-31": "214.62900", "2018-09-30": "212.70800", "2018-06-30": "218.93000", "2018-03-31": "224.18300", "2017-12-31": "230.95200", "2017-09-30": "230.08100", "2017-06-30": "232.19800", "2017-03-31": "229.81700", "2016-12-31": "229.38700", "2016-09-30": "231.51900", "2016-06-30": "229.40900", "2016-03-31": "229.25900", "2015-12-31": "229.18600", "2015-09-30": "229.35200", "2015-06-30": "228.92900", "2015-03-31": "230.44700", "2014-12-31": "231.58000", "2014-09-30": "230.17400", "2014-06-30": "230.06100", "2014-03-31": "230.86800", "2013-12-31": "230.07800", "2013-09-30": "228.87600", "2013-06-30": "228.72200", "2013-03-31": "228.31800", "2012-12-31": "229.93400", "2012-09-30": "227.65400", "2012-06-30": "229.25200", "2012-03-31": "230.12400", "2011-12-31": "229.31400", "2011-09-30": "229.16350", "2011-06-30": "229.13800", "2011-03-31": "228.81500", "2010-12-31": "217.03800", "2010-09-30": "228.09230", "2010-06-30": "228.08100", "2010-03-31": "184.34900", "2009-12-31": "182.82110", "2009-09-30": "183.19200", "2009-06-30": "183.07300", "2009-03-31": "182.15000", "2008-12-31": "184.68000", "2008-09-30": "185.59200", "2008-06-30": "185.63700", "2008-03-31": "185.19300", "2007-12-31": "184.14970", "2007-09-30": "181.86700", "2007-06-30": "185.00000", "2007-03-31": "184.81500", "2006-12-31": "185.63800", "2006-09-30": "185.55600", "2006-06-30": "185.82000", "2006-03-31": "186.67300", "2005-12-31": "185.53500", "2005-09-30": "186.78400", "2005-06-30": "185.16900", "2005-03-31": "184.12000"}, "Basic EPS": {"2020-12-31": "0.88000", "2020-09-30": "-1.03000", "2020-06-30": "-0.78000", "2020-03-31": "-1.76000", "2019-12-31": "-1.45000", "2019-09-30": "0.62000", "2019-06-30": "0.85000", "2019-03-31": "-0.44000", "2018-12-31": "0.59000", "2018-09-30": "0.59000", "2018-06-30": "0.19000", "2018-03-31": "2.38000", "2017-12-31": "1.20000", "2017-09-30": "-0.11000", "2017-06-30": "0.74000", "2017-03-31": "-0.17000", "2016-12-31": "-1.33000", "2016-09-30": "0.11000", "2016-06-30": "-2.05000", "2016-03-31": "-0.43000", "2015-12-31": "0.14000", "2015-09-30": "0.52000", "2015-06-30": "-2.64000", "2015-03-31": "0.34000", "2014-12-31": "0.32000", "2014-09-30": "-0.01000", "2014-06-30": "-0.11000", "2014-03-31": "0.51000", "2013-12-31": "3.23000", "2013-09-30": "-0.28000", "2013-06-30": "-0.05000", "2013-03-31": "-0.01000", "2012-12-31": "0.66000", "2012-09-30": "-0.05000", "2012-06-30": "0.67000", "2012-03-31": "0.43000", "2011-12-31": "0.86000", "2011-09-30": "0.74000", "2011-06-30": "0.34000", "2011-03-31": "0.85000", "2010-12-31": "0.43000", "2010-09-30": "0.33000", "2010-06-30": "0.30000", "2010-03-31": "0.55000", "2009-12-31": "0.80000", "2009-09-30": "0.48000", "2009-06-30": "0.63000", "2009-03-31": "1.08000", "2008-12-31": "0.98000", "2008-09-30": "0.49000", "2008-06-30": "0.55000", "2008-03-31": "0.41000", "2007-12-31": "0.04000", "2007-09-30": "-0.03000", "2007-06-30": "0.84000", "2007-03-31": "0.62000", "2006-12-31": "0.64000", "2006-09-30": "0.26000", "2006-06-30": "0.60000", "2006-03-31": "0.73000", "2005-12-31": "0.48500", "2005-09-30": "2.05000", "2005-06-30": "0.22000", "2005-03-31": "0.41500"}, "EPS - Earnings Per Share": {"2020-12-31": "0.87000", "2020-09-30": "-1.03000", "2020-06-30": "-0.78000", "2020-03-31": "-1.76000", "2019-12-31": "-1.43000", "2019-09-30": "0.61000", "2019-06-30": "0.84000", "2019-03-31": "-0.44000", "2018-12-31": "0.58000", "2018-09-30": "0.59000", "2018-06-30": "0.19000", "2018-03-31": "2.35000", "2017-12-31": "1.20000", "2017-09-30": "-0.11000", "2017-06-30": "0.73000", "2017-03-31": "-0.17000", "2016-12-31": "-1.33000", "2016-09-30": "0.11000", "2016-06-30": "-2.05000", "2016-03-31": "-0.43000", "2015-12-31": "0.14000", "2015-09-30": "0.52000", "2015-06-30": "-2.64000", "2015-03-31": "0.34000", "2014-12-31": "0.32000", "2014-09-30": "-0.01000", "2014-06-30": "-0.11000", "2014-03-31": "0.50000", "2013-12-31": "3.21000", "2013-09-30": "-0.28000", "2013-06-30": "-0.05000", "2013-03-31": "-0.01000", "2012-12-31": "0.65000", "2012-09-30": "-0.05000", "2012-06-30": "0.67000", "2012-03-31": "0.42000", "2011-12-31": "0.85000", "2011-09-30": "0.73000", "2011-06-30": "0.34000", "2011-03-31": "0.84000", "2010-12-31": "0.44000", "2010-09-30": "0.33000", "2010-06-30": "0.29000", "2010-03-31": "0.54000", "2009-12-31": "0.77000", "2009-09-30": "0.48000", "2009-06-30": "0.62000", "2009-03-31": "1.08000", "2008-12-31": "0.96000", "2008-09-30": "0.49000", "2008-06-30": "0.54000", "2008-03-31": "0.41000", "2007-12-31": "0.04000", "2007-09-30": "-0.03000", "2007-06-30": "0.83000", "2007-03-31": "0.61000", "2006-12-31": "0.63000", "2006-09-30": "0.26000", "2006-06-30": "0.59000", "2006-03-31": "0.72000", "2005-12-31": "0.48000", "2005-09-30": "2.02000", "2005-06-30": "0.22000", "2005-03-31": "0.41000"}}, "balance sheet": {"Cash On Hand": {"2020-12-31": "16.35200", "2019-12-31": "16.28300", "2018-12-31": "17.19800", "2017-12-31": "509.16700", "2016-12-31": "46.29900", "2015-12-31": "72.57400", "2014-12-31": "176.98900", "2013-12-31": "327.42000", "2012-12-31": "70.15600", "2011-12-31": "375.73600", "2010-12-31": "32.79400", "2009-12-31": "65.60700", "2008-12-31": "138.51200", "2007-12-31": "41.65100", "2006-12-31": "223.88300", "2005-12-31": "340.64000"}, "Receivables": {"2020-12-31": "150.25500", "2019-12-31": "209.58400", "2018-12-31": "412.98200", "2017-12-31": "237.24800", "2016-12-31": "290.14000", "2015-12-31": "287.00500", "2014-12-31": "627.36400", "2013-12-31": "613.11300", "2012-12-31": "915.69200", "2011-12-31": "883.47000", "2010-12-31": "506.64700", "2009-12-31": "383.44300", "2008-12-31": "335.14300", "2007-12-31": "269.40600", "2006-12-31": "356.34300", "2005-12-31": "299.61700"}, "Inventory": {"2020-12-31": "9.65700", "2019-12-31": "6.98400", "2018-12-31": "9.71500", "2017-12-31": "10.74200", "2016-12-31": "15.30100", "2015-12-31": "66.79200", "2014-12-31": "101.87300", "2013-12-31": "157.91400", "2012-12-31": "170.80800", "2011-12-31": "258.33500", "2010-12-31": "258.53800", "2009-12-31": "307.59700", "2008-12-31": "227.81000", "2007-12-31": "163.19300", "2006-12-31": "149.30700", "2005-12-31": "140.97600"}, "Pre-Paid Expenses": {"2020-12-31": "12.41100", "2019-12-31": "17.45600", "2018-12-31": "21.55100", "2017-12-31": "95.34700", "2016-12-31": "75.57600", "2015-12-31": "297.28700", "2014-12-31": "187.74200", "2013-12-31": "135.84200", "2012-12-31": "148.43100", "2011-12-31": "239.35300", "2010-12-31": "142.85600", "2009-12-31": "161.00600", "2008-12-31": "221.75000", "2007-12-31": "78.08500", "2006-12-31": "67.73200", "2005-12-31": "48.84800"}, "Other Current Assets": {"2020-12-31": "84.65700", "2019-12-31": "247.79400", "2018-12-31": "40.24000", "2017-12-31": "", "2016-12-31": "", "2015-12-31": "", "2014-12-31": "", "2013-12-31": "", "2012-12-31": "", "2011-12-31": "", "2010-12-31": "", "2009-12-31": "", "2008-12-31": "", "2007-12-31": "", "2006-12-31": "", "2005-12-31": ""}, "Total Current Assets": {"2020-12-31": "273.33200", "2019-12-31": "498.10100", "2018-12-31": "501.68600", "2017-12-31": "852.50400", "2016-12-31": "626.13900", "2015-12-31": "804.76300", "2014-12-31": "1093.96800", "2013-12-31": "1445.59200", "2012-12-31": "1539.09400", "2011-12-31": "1897.97700", "2010-12-31": "1115.00600", "2009-12-31": "991.03600", "2008-12-31": "983.81400", "2007-12-31": "683.15500", "2006-12-31": "914.49600", "2005-12-31": "982.81100"}, "Property, Plant, And Equipment": {"2020-12-31": "7025.54500", "2019-12-31": "7136.57500", "2018-12-31": "6942.44400", "2017-12-31": "5789.75300", "2016-12-31": "8140.43900", "2015-12-31": "9669.37700", "2014-12-31": "10162.47000", "2013-12-31": "9442.26200", "2012-12-31": "10190.97000", "2011-12-31": "9326.41600", "2010-12-31": "10129.25000", "2009-12-31": "6124.29000", "2008-12-31": "5765.97200", "2007-12-31": "4965.04200", "2006-12-31": "4040.28700", "2005-12-31": "3534.76300"}, "Long-Term Investments": {"2020-12-31": "16.02200", "2019-12-31": "16.71000", "2018-12-31": "18.66300", "2017-12-31": "197.92100", "2016-12-31": "190.96400", "2015-12-31": "237.33000", "2014-12-31": "152.95800", "2013-12-31": "291.67500", "2012-12-31": "222.83000", "2011-12-31": "182.03600", "2010-12-31": "93.50900", "2009-12-31": "83.53300", "2008-12-31": "72.99600", "2007-12-31": "94.86600", "2006-12-31": "84.21900", "2005-12-31": "52.26100"}, "Goodwill And Intangible Assets": {"2020-12-31": "413.40900", "2019-12-31": "893.00600", "2018-12-31": "899.55900", "2017-12-31": "", "2016-12-31": "", "2015-12-31": "", "2014-12-31": "", "2013-12-31": "", "2012-12-31": "", "2011-12-31": "", "2010-12-31": "", "2009-12-31": "", "2008-12-31": "", "2007-12-31": "", "2006-12-31": "", "2005-12-31": ""}, "Other Long-Term Assets": {"2020-12-31": "204.77300", "2019-12-31": "329.31700", "2018-12-31": "229.81800", "2017-12-31": "91.73500", "2016-12-31": "95.51500", "2015-12-31": "214.38800", "2014-12-31": "245.24800", "2013-12-31": "214.01300", "2012-12-31": "236.61400", "2011-12-31": "311.05500", "2010-12-31": "241.13200", "2009-12-31": "151.24500", "2008-12-31": "214.13300", "2007-12-31": "90.21600", "2006-12-31": "116.33400", "2005-12-31": "134.90000"}, "Total Long-Term Assets": {"2020-12-31": "7659.74900", "2019-12-31": "8375.60800", "2018-12-31": "8090.48400", "2017-12-31": "6079.40900", "2016-12-31": "8553.55200", "2015-12-31": "10125.14000", "2014-12-31": "10560.68000", "2013-12-31": "9948.07400", "2012-12-31": "11458.50000", "2011-12-31": "10627.72000", "2010-12-31": "10955.60000", "2009-12-31": "6784.36500", "2008-12-31": "6386.64400", "2007-12-31": "5524.93500", "2006-12-31": "4748.83600", "2005-12-31": "4089.15200"}, "Total Assets": {"2020-12-31": "8041.76400", "2019-12-31": "9060.80600", "2018-12-31": "8592.17000", "2017-12-31": "6931.91300", "2016-12-31": "9179.69100", "2015-12-31": "10929.90000", "2014-12-31": "11654.65000", "2013-12-31": "11393.67000", "2012-12-31": "12997.59000", "2011-12-31": "12525.70000", "2010-12-31": "12070.61000", "2009-12-31": "7775.40100", "2008-12-31": "7370.45800", "2007-12-31": "6208.09000", "2006-12-31": "5663.33200", "2005-12-31": "5071.96300"}, "Total Current Liabilities": {"2020-12-31": "441.31200", "2019-12-31": "528.93900", "2018-12-31": "522.97500", "2017-12-31": "441.67900", "2016-12-31": "940.01400", "2015-12-31": "1685.35900", "2014-12-31": "1142.14700", "2013-12-31": "1119.97100", "2012-12-31": "1387.09900", "2011-12-31": "1388.39700", "2010-12-31": "1664.78500", "2009-12-31": "1478.58600", "2008-12-31": "1511.74000", "2007-12-31": "1016.39700", "2006-12-31": "740.12400", "2005-12-31": "788.23300"}, "Long Term Debt": {"2020-12-31": "2402.48400", "2019-12-31": "2762.14900", "2018-12-31": "2391.50400", "2017-12-31": "2207.37300", "2016-12-31": "2762.06900", "2015-12-31": "2743.78400", "2014-12-31": "3243.37600", "2013-12-31": "3163.55900", "2012-12-31": "3174.58600", "2011-12-31": "3177.42300", "2010-12-31": "3186.13800", "2009-12-31": "422.90800", "2008-12-31": "468.35100", "2007-12-31": "488.92500", "2006-12-31": "492.74500", "2005-12-31": "438.36700"}, "Other Non-Current Liabilities": {"2020-12-31": "256.04300", "2019-12-31": "220.83500", "2018-12-31": "197.26600", "2017-12-31": "338.58900", "2016-12-31": "333.76300", "2015-12-31": "558.16300", "2014-12-31": "674.11700", "2013-12-31": "668.38700", "2012-12-31": "602.09200", "2011-12-31": "695.66800", "2010-12-31": "723.18100", "2009-12-31": "642.93400", "2008-12-31": "709.37200", "2007-12-31": "627.61600", "2006-12-31": "543.72690", "2005-12-31": "526.82900"}, "Total Long Term Liabilities": {"2020-12-31": "3178.01500", "2019-12-31": "3569.55800", "2018-12-31": "2987.45200", "2017-12-31": "2590.33500", "2016-12-31": "4298.78900", "2015-12-31": "4388.76700", "2014-12-31": "5183.04100", "2013-12-31": "5267.40700", "2012-12-31": "7656.75000", "2011-12-31": "7526.41800", "2010-12-31": "7469.81200", "2009-12-31": "4272.33600", "2008-12-31": "4184.37200", "2007-12-31": "3977.27400", "2006-12-31": "3857.05700", "2005-12-31": "3258.37400"}, "Total Liabilities": {"2020-12-31": "3619.32700", "2019-12-31": "4098.49700", "2018-12-31": "3510.42700", "2017-12-31": "3032.01400", "2016-12-31": "5238.80300", "2015-12-31": "6074.12600", "2014-12-31": "6325.18800", "2013-12-31": "6387.37800", "2012-12-31": "9043.84900", "2011-12-31": "8914.81500", "2010-12-31": "9134.59700", "2009-12-31": "5750.92200", "2008-12-31": "5696.11200", "2007-12-31": "4993.67100", "2006-12-31": "4597.18100", "2005-12-31": "4046.60700"}, "Common Stock Net": {"2020-12-31": "2.20800", "2019-12-31": "1.87000", "2018-12-31": "1.99000", "2017-12-31": "2.24100", "2016-12-31": "2.29800", "2015-12-31": "2.29400", "2014-12-31": "2.30600", "2013-12-31": "2.29400", "2012-12-31": "2.28400", "2011-12-31": "2.27300", "2010-12-31": "2.27300", "2009-12-31": "1.83000", "2008-12-31": "1.83000", "2007-12-31": "1.85100", "2006-12-31": "1.85100", "2005-12-31": "1.85000"}, "Retained Earnings (Accumulated Deficit)": {"2020-12-31": "1476.05600", "2019-12-31": "1971.67600", "2018-12-31": "2071.80900", "2017-12-31": "1455.81100", "2016-12-31": "1727.78900", "2015-12-31": "2579.83400", "2014-12-31": "3054.15000", "2013-12-31": "2964.52000", "2012-12-31": "2402.55100", "2011-12-31": "2184.73700", "2010-12-31": "1680.59700", "2009-12-31": "1456.89800", "2008-12-31": "1010.90200", "2007-12-31": "766.53600", "2006-12-31": "600.54100", "2005-12-31": "252.10900"}, "Comprehensive Income": {"2020-12-31": "-15.18400", "2019-12-31": "-12.60500", "2018-12-31": "-7.90400", "2017-12-31": "-8.47600", "2016-12-31": "-392.55600", "2015-12-31": "-315.59800", "2014-12-31": "-151.10000", "2013-12-31": "-325.11700", "2012-12-31": "-747.34200", "2011-12-31": "-801.55400", "2010-12-31": "-874.33800", "2009-12-31": "-640.50400", "2008-12-31": "-461.90000", "2007-12-31": "-419.28400", "2006-12-31": "-375.71700", "2005-12-31": "-105.16200"}, "Other Share Holders Equity": {"2020-12-31": "", "2019-12-31": "", "2018-12-31": "", "2017-12-31": "", "2016-12-31": "", "2015-12-31": "", "2014-12-31": "", "2013-12-31": "", "2012-12-31": "", "2011-12-31": "", "2010-12-31": "", "2009-12-31": "", "2008-12-31": "", "2007-12-31": "", "2006-12-31": "", "2005-12-31": ""}, "Share Holder Equity": {"2020-12-31": "4422.43700", "2019-12-31": "4962.30900", "2018-12-31": "5081.74300", "2017-12-31": "3899.89900", "2016-12-31": "3940.88800", "2015-12-31": "4855.77600", "2014-12-31": "5329.45800", "2013-12-31": "5006.28900", "2012-12-31": "3953.74500", "2011-12-31": "3610.88500", "2010-12-31": "2936.01300", "2009-12-31": "2024.47900", "2008-12-31": "1674.34600", "2007-12-31": "1214.41900", "2006-12-31": "1066.15100", "2005-12-31": "1025.35600"}, "Total Liabilities And Share Holders Equity": {"2020-12-31": "8041.76400", "2019-12-31": "9060.80600", "2018-12-31": "8592.17000", "2017-12-31": "6931.91300", "2016-12-31": "9179.69100", "2015-12-31": "10929.90000", "2014-12-31": "11654.65000", "2013-12-31": "11393.67000", "2012-12-31": "12997.59000", "2011-12-31": "12525.70000", "2010-12-31": "12070.61000", "2009-12-31": "7775.40100", "2008-12-31": "7370.45800", "2007-12-31": "6208.09000", "2006-12-31": "5663.33200", "2005-12-31": "5071.96300"}}, "balance sheet, quarterly": {"Cash On Hand": {"2020-12-31": "16.35200", "2020-09-30": "150.86500", "2020-06-30": "20.34500", "2020-03-31": "32.68600", "2019-12-31": "16.28300", "2019-09-30": "5.48400", "2019-06-30": "32.61100", "2019-03-31": "23.97200", "2018-12-31": "17.19800", "2018-09-30": "42.67200", "2018-06-30": "54.84600", "2018-03-31": "82.49000", "2017-12-31": "509.16700", "2017-09-30": "285.70800", "2017-06-30": "299.13500", "2017-03-31": "61.26600", "2016-12-31": "46.29900", "2016-09-30": "80.24700", "2016-06-30": "97.62600", "2016-03-31": "426.65000", "2015-12-31": "72.57400", "2015-09-30": "83.01900", "2015-06-30": "10.03100", "2015-03-31": "5.31800", "2014-12-31": "176.98900", "2014-09-30": "225.56300", "2014-06-30": "147.39300", "2014-03-31": "314.08700", "2013-12-31": "327.42000", "2013-09-30": "33.34900", "2013-06-30": "71.93800", "2013-03-31": "25.05800", "2012-12-31": "70.15600", "2012-09-30": "230.95800", "2012-06-30": "200.20700", "2012-03-31": "287.31300", "2011-12-31": "375.73600", "2011-09-30": "472.52300", "2011-06-30": "26.51900", "2011-03-31": "127.69500", "2010-12-31": "32.79400", "2010-09-30": "15.58200", "2010-06-30": "34.31300", "2010-03-31": "1879.00700", "2009-12-31": "65.60700", "2009-09-30": "32.40200", "2009-06-30": "108.31100", "2009-03-31": "71.55500", "2008-12-31": "138.51200", "2008-09-30": "10.30200", "2008-06-30": "55.18900", "2008-03-31": "62.77500", "2007-12-31": "41.65100", "2007-09-30": "78.69600", "2007-06-30": "306.50500", "2007-03-31": "218.06200", "2006-12-31": "223.88300", "2006-09-30": "215.56900", "2006-06-30": "345.26700", "2006-03-31": "303.03700", "2005-12-31": "340.64000", "2005-09-30": "353.21500", "2005-06-30": "4.69200", "2005-03-31": "21.25900"}, "Receivables": {"2020-12-31": "150.25500", "2020-09-30": "81.22600", "2020-06-30": "191.28300", "2020-03-31": "217.57700", "2019-12-31": "209.58400", "2019-09-30": "119.64300", "2019-06-30": "250.31200", "2019-03-31": "281.77600", "2018-12-31": "412.98200", "2018-09-30": "197.84500", "2018-06-30": "177.21700", "2018-03-31": "221.12700", "2017-12-31": "237.24800", "2017-09-30": "376.95600", "2017-06-30": "408.81700", "2017-03-31": "440.83300", "2016-12-31": "290.14000", "2016-09-30": "244.44500", "2016-06-30": "248.10200", "2016-03-31": "317.30200", "2015-12-31": "287.00500", "2015-09-30": "442.42900", "2015-06-30": "452.77500", "2015-03-31": "543.71590", "2014-12-31": "627.36400", "2014-09-30": "724.56200", "2014-06-30": "714.30300", "2014-03-31": "625.79700", "2013-12-31": "613.11300", "2013-09-30": "667.49600", "2013-06-30": "892.26200", "2013-03-31": "921.17400", "2012-12-31": "915.69200", "2012-09-30": "869.88800", "2012-06-30": "831.08100", "2012-03-31": "904.70300", "2011-12-31": "883.47000", "2011-09-30": "846.19400", "2011-06-30": "571.86400", "2011-03-31": "508.25900", "2010-12-31": "506.64700", "2010-09-30": "472.65000", "2010-06-30": "496.82300", "2010-03-31": "536.49690", "2009-12-31": "383.44300", "2009-09-30": "190.47100", "2009-06-30": "201.67300", "2009-03-31": "331.86400", "2008-12-31": "335.14300", "2008-09-30": "300.70200", "2008-06-30": "372.33100", "2008-03-31": "335.61800", "2007-12-31": "269.40600", "2007-09-30": "249.41800", "2007-06-30": "341.00600", "2007-03-31": "390.73400", "2006-12-31": "356.34300", "2006-09-30": "307.70000", "2006-06-30": "310.32300", "2006-03-31": "335.78800", "2005-12-31": "299.61700", "2005-09-30": "315.52500", "2005-06-30": "271.90900", "2005-03-31": "210.56200"}, "Inventory": {"2020-12-31": "9.65700", "2020-09-30": "10.09000", "2020-06-30": "10.31700", "2020-03-31": "10.26600", "2019-12-31": "6.98400", "2019-09-30": "7.52700", "2019-06-30": "11.24200", "2019-03-31": "16.64200", "2018-12-31": "9.71500", "2018-09-30": "9.72600", "2018-06-30": "10.49900", "2018-03-31": "10.67600", "2017-12-31": "10.74200", "2017-09-30": "63.18200", "2017-06-30": "74.96500", "2017-03-31": "69.61800", "2016-12-31": "15.30100", "2016-09-30": "62.62200", "2016-06-30": "60.81800", "2016-03-31": "77.23000", "2015-12-31": "66.79200", "2015-09-30": "112.95000", "2015-06-30": "111.69400", "2015-03-31": "105.24400", "2014-12-31": "101.87300", "2014-09-30": "145.37200", "2014-06-30": "148.00500", "2014-03-31": "156.18500", "2013-12-31": "157.91400", "2013-09-30": "238.34800", "2013-06-30": "227.99400", "2013-03-31": "217.03400", "2012-12-31": "170.80800", "2012-09-30": "266.53900", "2012-06-30": "305.06100", "2012-03-31": "284.99700", "2011-12-31": "258.33500", "2011-09-30": "241.69100", "2011-06-30": "259.66300", "2011-03-31": "287.80900", "2010-12-31": "258.53800", "2010-09-30": "262.33100", "2010-06-30": "293.85000", "2010-03-31": "327.44300", "2009-12-31": "307.59700", "2009-09-30": "310.53900", "2009-06-30": "324.65500", "2009-03-31": "277.67600", "2008-12-31": "227.81000", "2008-09-30": "175.98100", "2008-06-30": "174.66000", "2008-03-31": "184.36000", "2007-12-31": "163.19300", "2007-09-30": "165.52700", "2007-06-30": "164.30500", "2007-03-31": "173.48600", "2006-12-31": "149.30700", "2006-09-30": "182.77500", "2006-06-30": "184.97700", "2006-03-31": "159.12700", "2005-12-31": "140.97600", "2005-09-30": "137.93500", "2005-06-30": "135.60100", "2005-03-31": "144.47700"}, "Pre-Paid Expenses": {"2020-12-31": "12.41100", "2020-09-30": "12.45000", "2020-06-30": "10.97300", "2020-03-31": "12.77500", "2019-12-31": "17.45600", "2019-09-30": "213.07200", "2019-06-30": "165.92900", "2019-03-31": "42.57600", "2018-12-31": "21.55100", "2018-09-30": "65.09200", "2018-06-30": "56.43100", "2018-03-31": "92.65100", "2017-12-31": "95.34700", "2017-09-30": "79.43700", "2017-06-30": "64.17700", "2017-03-31": "44.49800", "2016-12-31": "75.57600", "2016-09-30": "125.49000", "2016-06-30": "103.52600", "2016-03-31": "282.21400", "2015-12-31": "297.28700", "2015-09-30": "253.56200", "2015-06-30": "172.46300", "2015-03-31": "203.71100", "2014-12-31": "187.74200", "2014-09-30": "101.86700", "2014-06-30": "78.43800", "2014-03-31": "97.54100", "2013-12-31": "135.84200", "2013-09-30": "162.41800", "2013-06-30": "137.64300", "2013-03-31": "115.15600", "2012-12-31": "148.43100", "2012-09-30": "170.92700", "2012-06-30": "195.29700", "2012-03-31": "260.81800", "2011-12-31": "239.35300", "2011-09-30": "184.26300", "2011-06-30": "118.19200", "2011-03-31": "132.17800", "2010-12-31": "142.85600", "2010-09-30": "163.70900", "2010-06-30": "132.65800", "2010-03-31": "185.90100", "2009-12-31": "161.00600", "2009-09-30": "210.41500", "2009-06-30": "228.46200", "2009-03-31": "269.09200", "2008-12-31": "221.75000", "2008-09-30": "152.05600", "2008-06-30": "46.86500", "2008-03-31": "62.93300", "2007-12-31": "78.08500", "2007-09-30": "81.12400", "2007-06-30": "50.42300", "2007-03-31": "60.54800", "2006-12-31": "67.73200", "2006-09-30": "90.35700", "2006-06-30": "68.67600", "2006-03-31": "69.23600", "2005-12-31": "48.84800", "2005-09-30": "53.79400", "2005-06-30": "44.16300", "2005-03-31": "43.19600"}, "Other Current Assets": {"2020-12-31": "84.65700", "2020-09-30": "77.60800", "2020-06-30": "197.80400", "2020-03-31": "312.74900", "2019-12-31": "247.79400", "2019-09-30": "", "2019-06-30": "", "2019-03-31": "", "2018-12-31": "40.24000", "2018-09-30": "", "2018-06-30": "20.15300", "2018-03-31": "", "2017-12-31": "", "2017-09-30": "", "2017-06-30": "", "2017-03-31": "", "2016-12-31": "", "2016-09-30": "", "2016-06-30": "", "2016-03-31": "", "2015-12-31": "", "2015-09-30": "", "2015-06-30": "", "2015-03-31": "", "2014-12-31": "", "2014-09-30": "", "2014-06-30": "", "2014-03-31": "", "2013-12-31": "", "2013-09-30": "", "2013-06-30": "", "2013-03-31": "", "2012-12-31": "", "2012-09-30": "", "2012-06-30": "", "2012-03-31": "", "2011-12-31": "", "2011-09-30": "", "2011-06-30": "", "2011-03-31": "", "2010-12-31": "", "2010-09-30": "", "2010-06-30": "", "2010-03-31": "", "2009-12-31": "", "2009-09-30": "", "2009-06-30": "", "2009-03-31": "", "2008-12-31": "", "2008-09-30": "", "2008-06-30": "", "2008-03-31": "", "2007-12-31": "", "2007-09-30": "", "2007-06-30": "", "2007-03-31": "", "2006-12-31": "", "2006-09-30": "", "2006-06-30": "", "2006-03-31": "", "2005-12-31": "", "2005-09-30": "", "2005-06-30": "", "2005-03-31": ""}, "Total Current Assets": {"2020-12-31": "273.33200", "2020-09-30": "332.23900", "2020-06-30": "430.72200", "2020-03-31": "586.05300", "2019-12-31": "498.10100", "2019-09-30": "345.72600", "2019-06-30": "460.09400", "2019-03-31": "364.96600", "2018-12-31": "501.68600", "2018-09-30": "315.33500", "2018-06-30": "319.14600", "2018-03-31": "406.94400", "2017-12-31": "852.50400", "2017-09-30": "805.28300", "2017-06-30": "847.09400", "2017-03-31": "616.21500", "2016-12-31": "626.13900", "2016-09-30": "514.91500", "2016-06-30": "526.24000", "2016-03-31": "1146.44300", "2015-12-31": "804.76300", "2015-09-30": "970.46100", "2015-06-30": "821.50200", "2015-03-31": "932.71400", "2014-12-31": "1093.96800", "2014-09-30": "1325.09500", "2014-06-30": "1225.85500", "2014-03-31": "1458.83600", "2013-12-31": "1445.59200", "2013-09-30": "1183.43600", "2013-06-30": "1472.84100", "2013-03-31": "1439.17200", "2012-12-31": "1539.09400", "2012-09-30": "1710.52400", "2012-06-30": "1680.62300", "2012-03-31": "1866.73500", "2011-12-31": "1897.97700", "2011-09-30": "1901.91800", "2011-06-30": "1150.85000", "2011-03-31": "1233.64000", "2010-12-31": "1115.00600", "2010-09-30": "1000.76100", "2010-06-30": "1043.84400", "2010-03-31": "2992.74800", "2009-12-31": "991.03600", "2009-09-30": "829.93400", "2009-06-30": "926.20400", "2009-03-31": "998.99800", "2008-12-31": "983.81400", "2008-09-30": "752.14300", "2008-06-30": "853.75800", "2008-03-31": "804.15300", "2007-12-31": "683.15500", "2007-09-30": "698.35700", "2007-06-30": "985.53100", "2007-03-31": "969.35200", "2006-12-31": "914.49600", "2006-09-30": "938.74400", "2006-06-30": "1054.15700", "2006-03-31": "1011.03300", "2005-12-31": "982.81100", "2005-09-30": "1033.35400", "2005-06-30": "608.38700", "2005-03-31": "572.11700"}, "Property, Plant, And Equipment": {"2020-12-31": "7025.54500", "2020-09-30": "7063.13800", "2020-06-30": "7083.80300", "2020-03-31": "7069.10300", "2019-12-31": "7136.57500", "2019-09-30": "7530.57500", "2019-06-30": "7339.86200", "2019-03-31": "7093.52000", "2018-12-31": "6942.44400", "2018-09-30": "6768.61200", "2018-06-30": "6772.46400", "2018-03-31": "6621.81600", "2017-12-31": "5789.75300", "2017-09-30": "7798.96200", "2017-06-30": "7794.21800", "2017-03-31": "7986.54100", "2016-12-31": "8140.43900", "2016-09-30": "8414.61900", "2016-06-30": "8609.17600", "2016-03-31": "9090.39100", "2015-12-31": "9669.37700", "2015-09-30": "9758.98000", "2015-06-30": "9720.00100", "2015-03-31": "10366.58000", "2014-12-31": "10162.47000", "2014-09-30": "9963.98400", "2014-06-30": "9776.75800", "2014-03-31": "9604.99100", "2013-12-31": "9442.26200", "2013-09-30": "10630.86000", "2013-06-30": "10423.75000", "2013-03-31": "10233.20000", "2012-12-31": "10190.97000", "2012-09-30": "9928.02300", "2012-06-30": "9670.87700", "2012-03-31": "9441.43700", "2011-12-31": "9326.41600", "2011-09-30": "9071.10000", "2011-06-30": "10244.55000", "2011-03-31": "10199.30000", "2010-12-31": "10129.25000", "2010-09-30": "9990.40600", "2010-06-30": "9922.27600", "2010-03-31": "6209.05400", "2009-12-31": "6124.29000", "2009-09-30": "5981.59100", "2009-06-30": "5903.07900", "2009-03-31": "5840.65100", "2008-12-31": "5765.97200", "2008-09-30": "5462.32300", "2008-06-30": "5250.44600", "2008-03-31": "5051.05400", "2007-12-31": "4965.04200", "2007-09-30": "4801.45500", "2007-06-30": "4250.86700", "2007-03-31": "4104.96900", "2006-12-31": "4040.28700", "2006-09-30": "3827.58700", "2006-06-30": "3726.38700", "2006-03-31": "3644.69500", "2005-12-31": "3534.76300", "2005-09-30": "3358.02600", "2005-06-30": "3274.69200", "2005-03-31": "3177.63200"}, "Long-Term Investments": {"2020-12-31": "16.02200", "2020-09-30": "15.68500", "2020-06-30": "15.15900", "2020-03-31": "16.54900", "2019-12-31": "16.71000", "2019-09-30": "17.11000", "2019-06-30": "17.63700", "2019-03-31": "17.86000", "2018-12-31": "18.66300", "2018-09-30": "19.48800", "2018-06-30": "22.34700", "2018-03-31": "20.67800", "2017-12-31": "197.92100", "2017-09-30": "190.15400", "2017-06-30": "188.64900", "2017-03-31": "197.38500", "2016-12-31": "190.96400", "2016-09-30": "257.42300", "2016-06-30": "256.16700", "2016-03-31": "251.62800", "2015-12-31": "237.33000", "2015-09-30": "210.09200", "2015-06-30": "216.58300", "2015-03-31": "192.27300", "2014-12-31": "152.95800", "2014-09-30": "185.50900", "2014-06-30": "352.18700", "2014-03-31": "309.12500", "2013-12-31": "291.67500", "2013-09-30": "261.21800", "2013-06-30": "256.09700", "2013-03-31": "248.12700", "2012-12-31": "222.83000", "2012-09-30": "213.70800", "2012-06-30": "209.27300", "2012-03-31": "200.22100", "2011-12-31": "182.03600", "2011-09-30": "175.81800", "2011-06-30": "100.95100", "2011-03-31": "97.52000", "2010-12-31": "93.50900", "2010-09-30": "92.26100", "2010-06-30": "87.12400", "2010-03-31": "87.85600", "2009-12-31": "83.53300", "2009-09-30": "81.72400", "2009-06-30": "77.70600", "2009-03-31": "75.63700", "2008-12-31": "72.99600", "2008-09-30": "69.65700", "2008-06-30": "68.19900", "2008-03-31": "66.10400", "2007-12-31": "94.86600", "2007-09-30": "92.46200", "2007-06-30": "89.19200", "2007-03-31": "86.90000", "2006-12-31": "84.21900", "2006-09-30": "54.33200", "2006-06-30": "52.87700", "2006-03-31": "52.14200", "2005-12-31": "52.26100", "2005-09-30": "53.45800", "2005-06-30": "70.64100", "2005-03-31": "69.77800"}, "Goodwill And Intangible Assets": {"2020-12-31": "413.40900", "2020-09-30": "415.04700", "2020-06-30": "416.68500", "2020-03-31": "418.32300", "2019-12-31": "893.00600", "2019-09-30": "894.64400", "2019-06-30": "896.28200", "2019-03-31": "897.92100", "2018-12-31": "899.55900", "2018-09-30": "901.19700", "2018-06-30": "902.83500", "2018-03-31": "923.21800", "2017-12-31": "", "2017-09-30": "", "2017-06-30": "", "2017-03-31": "", "2016-12-31": "", "2016-09-30": "", "2016-06-30": "", "2016-03-31": "", "2015-12-31": "", "2015-09-30": "", "2015-06-30": "", "2015-03-31": "", "2014-12-31": "", "2014-09-30": "", "2014-06-30": "", "2014-03-31": "", "2013-12-31": "", "2013-09-30": "", "2013-06-30": "", "2013-03-31": "", "2012-12-31": "", "2012-09-30": "", "2012-06-30": "", "2012-03-31": "", "2011-12-31": "", "2011-09-30": "", "2011-06-30": "", "2011-03-31": "", "2010-12-31": "", "2010-09-30": "", "2010-06-30": "", "2010-03-31": "", "2009-12-31": "", "2009-09-30": "", "2009-06-30": "", "2009-03-31": "", "2008-12-31": "", "2008-09-30": "", "2008-06-30": "", "2008-03-31": "", "2007-12-31": "", "2007-09-30": "", "2007-06-30": "", "2007-03-31": "", "2006-12-31": "", "2006-09-30": "", "2006-06-30": "", "2006-03-31": "", "2005-12-31": "", "2005-09-30": "", "2005-06-30": "", "2005-03-31": ""}, "Other Long-Term Assets": {"2020-12-31": "204.77300", "2020-09-30": "178.73600", "2020-06-30": "232.11700", "2020-03-31": "279.40100", "2019-12-31": "329.31700", "2019-09-30": "292.55600", "2019-06-30": "207.87200", "2019-03-31": "159.17800", "2018-12-31": "229.81800", "2018-09-30": "204.40400", "2018-06-30": "190.96600", "2018-03-31": "149.57300", "2017-12-31": "91.73500", "2017-09-30": "185.16900", "2017-06-30": "195.23100", "2017-03-31": "219.45400", "2016-12-31": "95.51500", "2016-09-30": "228.85700", "2016-06-30": "214.07900", "2016-03-31": "227.39600", "2015-12-31": "214.38800", "2015-09-30": "245.83300", "2015-06-30": "244.01500", "2015-03-31": "289.82800", "2014-12-31": "245.24800", "2014-09-30": "244.34700", "2014-06-30": "211.84700", "2014-03-31": "211.42800", "2013-12-31": "214.01300", "2013-09-30": "204.30100", "2013-06-30": "210.03000", "2013-03-31": "221.61700", "2012-12-31": "236.61400", "2012-09-30": "256.34900", "2012-06-30": "297.07100", "2012-03-31": "319.08300", "2011-12-31": "311.05500", "2011-09-30": "555.35400", "2011-06-30": "243.18800", "2011-03-31": "234.34600", "2010-12-31": "241.13200", "2010-09-30": "241.98300", "2010-06-30": "232.76900", "2010-03-31": "176.54500", "2009-12-31": "151.24500", "2009-09-30": "131.67000", "2009-06-30": "148.80000", "2009-03-31": "181.41100", "2008-12-31": "214.13300", "2008-09-30": "103.90300", "2008-06-30": "75.00900", "2008-03-31": "79.23700", "2007-12-31": "90.21600", "2007-09-30": "104.74100", "2007-06-30": "99.81600", "2007-03-31": "102.89200", "2006-12-31": "116.33400", "2006-09-30": "135.04600", "2006-06-30": "137.37300", "2006-03-31": "130.70700", "2005-12-31": "134.90000", "2005-09-30": "133.15300", "2005-06-30": "118.03300", "2005-03-31": "143.41100"}, "Total Long-Term Assets": {"2020-12-31": "7659.74900", "2020-09-30": "7672.60600", "2020-06-30": "7747.76500", "2020-03-31": "7783.37500", "2019-12-31": "8375.60800", "2019-09-30": "8734.88500", "2019-06-30": "8461.65300", "2019-03-31": "8168.47900", "2018-12-31": "8090.48400", "2018-09-30": "7893.70100", "2018-06-30": "7888.61200", "2018-03-31": "7715.28500", "2017-12-31": "6079.40900", "2017-09-30": "8174.28500", "2017-06-30": "8178.09800", "2017-03-31": "8447.55400", "2016-12-31": "8553.55200", "2016-09-30": "9050.57900", "2016-06-30": "9258.51700", "2016-03-31": "9569.42600", "2015-12-31": "10125.14000", "2015-09-30": "10214.91000", "2015-06-30": "10180.60000", "2015-03-31": "10848.68000", "2014-12-31": "10560.68000", "2014-09-30": "10393.84000", "2014-06-30": "10340.79000", "2014-03-31": "10125.64000", "2013-12-31": "9948.07400", "2013-09-30": "11553.64000", "2013-06-30": "11280.09000", "2013-03-31": "11154.02000", "2012-12-31": "11458.50000", "2012-09-30": "10846.07000", "2012-06-30": "10917.27000", "2012-03-31": "10728.88000", "2011-12-31": "10627.72000", "2011-09-30": "10261.13000", "2011-06-30": "11050.27000", "2011-03-31": "10990.10000", "2010-12-31": "10955.60000", "2010-09-30": "10721.00000", "2010-06-30": "10644.25000", "2010-03-31": "6881.81600", "2009-12-31": "6784.36500", "2009-09-30": "6489.00300", "2009-06-30": "6431.09600", "2009-03-31": "6408.28900", "2008-12-31": "6386.64400", "2008-09-30": "5953.58800", "2008-06-30": "5737.47700", "2008-03-31": "5583.61800", "2007-12-31": "5524.93500", "2007-09-30": "5378.06500", "2007-06-30": "4927.21400", "2007-03-31": "4824.29500", "2006-12-31": "4748.83600", "2006-09-30": "4355.68700", "2006-06-30": "4252.78100", "2006-03-31": "4185.56900", "2005-12-31": "4089.15200", "2005-09-30": "3911.17000", "2005-06-30": "3815.48000", "2005-03-31": "3743.09800"}, "Total Assets": {"2020-12-31": "8041.76400", "2020-09-30": "8129.17400", "2020-06-30": "8319.68400", "2020-03-31": "8528.95000", "2019-12-31": "9060.80600", "2019-09-30": "9286.25800", "2019-06-30": "9146.69700", "2019-03-31": "8777.36100", "2018-12-31": "8592.17000", "2018-09-30": "8209.03600", "2018-06-30": "8207.75800", "2018-03-31": "8122.22900", "2017-12-31": "6931.91300", "2017-09-30": "8979.56800", "2017-06-30": "9025.19200", "2017-03-31": "9063.76900", "2016-12-31": "9179.69100", "2016-09-30": "9565.49400", "2016-06-30": "9784.75700", "2016-03-31": "10715.87000", "2015-12-31": "10929.90000", "2015-09-30": "11185.37000", "2015-06-30": "11002.10000", "2015-03-31": "11781.40000", "2014-12-31": "11654.65000", "2014-09-30": "11718.93000", "2014-06-30": "11566.65000", "2014-03-31": "11584.47000", "2013-12-31": "11393.67000", "2013-09-30": "12737.07000", "2013-06-30": "12752.93000", "2013-03-31": "12593.19000", "2012-12-31": "12997.59000", "2012-09-30": "12556.59000", "2012-06-30": "12597.90000", "2012-03-31": "12595.61000", "2011-12-31": "12525.70000", "2011-09-30": "12163.05000", "2011-06-30": "12201.12000", "2011-03-31": "12223.74000", "2010-12-31": "12070.61000", "2010-09-30": "11721.76000", "2010-06-30": "11688.09000", "2010-03-31": "9874.56400", "2009-12-31": "7775.40100", "2009-09-30": "7318.93700", "2009-06-30": "7357.30000", "2009-03-31": "7407.28700", "2008-12-31": "7370.45800", "2008-09-30": "6705.73100", "2008-06-30": "6591.23500", "2008-03-31": "6387.77100", "2007-12-31": "6208.09000", "2007-09-30": "6076.42200", "2007-06-30": "5912.74500", "2007-03-31": "5793.64700", "2006-12-31": "5663.33200", "2006-09-30": "5294.43100", "2006-06-30": "5306.93800", "2006-03-31": "5196.60200", "2005-12-31": "5071.96300", "2005-09-30": "4944.52400", "2005-06-30": "4423.86700", "2005-03-31": "4315.21500"}, "Total Current Liabilities": {"2020-12-31": "441.31200", "2020-09-30": "507.96100", "2020-06-30": "476.52400", "2020-03-31": "500.35100", "2019-12-31": "528.93900", "2019-09-30": "621.62400", "2019-06-30": "623.24500", "2019-03-31": "588.49500", "2018-12-31": "522.97500", "2018-09-30": "533.74600", "2018-06-30": "474.99100", "2018-03-31": "437.67100", "2017-12-31": "441.67900", "2017-09-30": "860.19200", "2017-06-30": "825.71300", "2017-03-31": "992.84900", "2016-12-31": "940.01400", "2016-09-30": "1070.24200", "2016-06-30": "1151.37900", "2016-03-31": "1584.93100", "2015-12-31": "1685.35900", "2015-09-30": "1867.70300", "2015-06-30": "2096.02900", "2015-03-31": "1907.98400", "2014-12-31": "1142.14700", "2014-09-30": "1246.64600", "2014-06-30": "1083.66600", "2014-03-31": "1170.34700", "2013-12-31": "1119.97100", "2013-09-30": "1573.59700", "2013-06-30": "1487.20100", "2013-03-31": "1346.65200", "2012-12-31": "1387.09900", "2012-09-30": "1333.70200", "2012-06-30": "1272.91700", "2012-03-31": "1399.97100", "2011-12-31": "1388.39700", "2011-09-30": "1302.91200", "2011-06-30": "1544.25100", "2011-03-31": "1636.04000", "2010-12-31": "1664.78500", "2010-09-30": "1539.86400", "2010-06-30": "1608.18300", "2010-03-31": "1618.75700", "2009-12-31": "1478.58600", "2009-09-30": "1199.37400", "2009-06-30": "1265.44800", "2009-03-31": "1357.90000", "2008-12-31": "1511.74000", "2008-09-30": "1180.50000", "2008-06-30": "1229.56200", "2008-03-31": "1120.04800", "2007-12-31": "1016.39700", "2007-09-30": "939.22500", "2007-06-30": "679.15400", "2007-03-31": "732.27400", "2006-12-31": "740.12400", "2006-09-30": "807.39600", "2006-06-30": "814.49100", "2006-03-31": "773.71000", "2005-12-31": "788.23300", "2005-09-30": "740.62900", "2005-06-30": "719.08000", "2005-03-31": "724.63100"}, "Long Term Debt": {"2020-12-31": "2402.48400", "2020-09-30": "2580.29600", "2020-06-30": "2544.99300", "2020-03-31": "2646.24300", "2019-12-31": "2762.14900", "2019-09-30": "2649.63400", "2019-06-30": "2628.94400", "2019-03-31": "2442.76400", "2018-12-31": "2391.50400", "2018-09-30": "2199.56300", "2018-06-30": "2347.62600", "2018-03-31": "2229.77600", "2017-12-31": "2207.37300", "2017-09-30": "2532.31200", "2017-06-30": "2630.10800", "2017-03-31": "2657.29400", "2016-12-31": "2762.06900", "2016-09-30": "2763.80900", "2016-06-30": "2755.75200", "2016-03-31": "2758.96100", "2015-12-31": "2743.78400", "2015-09-30": "2776.67800", "2015-06-30": "2597.49800", "2015-03-31": "2600.53500", "2014-12-31": "3243.37600", "2014-09-30": "3279.32200", "2014-06-30": "3259.38100", "2014-03-31": "3161.34100", "2013-12-31": "3163.55900", "2013-09-30": "3171.93100", "2013-06-30": "3171.75000", "2013-03-31": "3172.53900", "2012-12-31": "3174.58600", "2012-09-30": "3179.00900", "2012-06-30": "3175.26600", "2012-03-31": "3176.71800", "2011-12-31": "3177.42300", "2011-09-30": "3178.73200", "2011-06-30": "3182.24700", "2011-03-31": "3183.90300", "2010-12-31": "3186.13800", "2010-09-30": "3198.05500", "2010-06-30": "3168.94900", "2010-03-31": "420.58800", "2009-12-31": "422.90800", "2009-09-30": "454.69200", "2009-06-30": "461.59200", "2009-03-31": "464.00700", "2008-12-31": "468.35100", "2008-09-30": "482.46300", "2008-06-30": "497.52700", "2008-03-31": "497.86600", "2007-12-31": "488.92500", "2007-09-30": "489.69800", "2007-06-30": "493.27500", "2007-03-31": "488.40700", "2006-12-31": "492.74500", "2006-09-30": "420.37100", "2006-06-30": "424.18600", "2006-03-31": "469.63900", "2005-12-31": "438.36700", "2005-09-30": "425.64600", "2005-06-30": "425.68600", "2005-03-31": "425.74500"}, "Other Non-Current Liabilities": {"2020-12-31": "256.04300", "2020-09-30": "305.68300", "2020-06-30": "281.10000", "2020-03-31": "268.78200", "2019-12-31": "220.83500", "2019-09-30": "193.70000", "2019-06-30": "229.10700", "2019-03-31": "233.41700", "2018-12-31": "197.26600", "2018-09-30": "122.56600", "2018-06-30": "110.81100", "2018-03-31": "128.65600", "2017-12-31": "338.58900", "2017-09-30": "548.03200", "2017-06-30": "534.74100", "2017-03-31": "567.69100", "2016-12-31": "333.76300", "2016-09-30": "552.56500", "2016-06-30": "623.13900", "2016-03-31": "683.12810", "2015-12-31": "558.16300", "2015-09-30": "666.43400", "2015-06-30": "684.98100", "2015-03-31": "674.55000", "2014-12-31": "674.11700", "2014-09-30": "658.15000", "2014-06-30": "669.09300", "2014-03-31": "670.46900", "2013-12-31": "668.38700", "2013-09-30": "810.95000", "2013-06-30": "806.37600", "2013-03-31": "773.01300", "2012-12-31": "602.09200", "2012-09-30": "781.80600", "2012-06-30": "773.98000", "2012-03-31": "700.96600", "2011-12-31": "695.66800", "2011-09-30": "718.96500", "2011-06-30": "713.82300", "2011-03-31": "731.38510", "2010-12-31": "723.18100", "2010-09-30": "709.09300", "2010-06-30": "689.91200", "2010-03-31": "645.61200", "2009-12-31": "642.93400", "2009-09-30": "665.26900", "2009-06-30": "654.88500", "2009-03-31": "679.21000", "2008-12-31": "709.37200", "2008-09-30": "625.16800", "2008-06-30": "706.06300", "2008-03-31": "626.79400", "2007-12-31": "627.61600", "2007-09-30": "610.27800", "2007-06-30": "588.92600", "2007-03-31": "595.80500", "2006-12-31": "543.72690", "2006-09-30": "536.45790", "2006-06-30": "540.86500", "2006-03-31": "528.06100", "2005-12-31": "526.82900", "2005-09-30": "571.93400", "2005-06-30": "476.01000", "2005-03-31": "419.47400"}, "Total Long Term Liabilities": {"2020-12-31": "3178.01500", "2020-09-30": "3351.03700", "2020-06-30": "3276.20600", "2020-03-31": "3383.88900", "2019-12-31": "3569.55800", "2019-09-30": "3442.81600", "2019-06-30": "3423.45700", "2019-03-31": "3214.05700", "2018-12-31": "2987.45200", "2018-09-30": "2626.47100", "2018-06-30": "2693.84400", "2018-03-31": "2616.65200", "2017-12-31": "2590.33500", "2017-09-30": "4048.14100", "2017-06-30": "4111.93200", "2017-03-31": "4164.58100", "2016-12-31": "4298.78900", "2016-09-30": "4205.08500", "2016-06-30": "4361.94800", "2016-03-31": "4391.85100", "2015-12-31": "4388.76700", "2015-09-30": "4429.81300", "2015-06-30": "4224.17700", "2015-03-31": "4575.68500", "2014-12-31": "5183.04100", "2014-09-30": "5217.69000", "2014-06-30": "5423.32300", "2014-03-31": "5321.84100", "2013-12-31": "5267.40700", "2013-09-30": "7206.29900", "2013-06-30": "7240.66700", "2013-03-31": "7274.30800", "2012-12-31": "7656.75000", "2012-09-30": "7425.94800", "2012-06-30": "7454.66700", "2012-03-31": "7421.52700", "2011-12-31": "7526.41800", "2011-09-30": "7433.39300", "2011-06-30": "7442.81800", "2011-03-31": "7466.35300", "2010-12-31": "7469.81200", "2010-09-30": "7084.26500", "2010-06-30": "7055.81500", "2010-03-31": "4268.90300", "2009-12-31": "4272.33600", "2009-09-30": "4092.23600", "2009-06-30": "4105.06100", "2009-03-31": "4149.76700", "2008-12-31": "4184.37200", "2008-09-30": "4082.45600", "2008-06-30": "4123.97200", "2008-03-31": "4054.76100", "2007-12-31": "3977.27400", "2007-09-30": "3895.68200", "2007-06-30": "3931.63000", "2007-03-31": "3919.11700", "2006-12-31": "3857.05700", "2006-09-30": "3249.05400", "2006-06-30": "3273.38500", "2006-03-31": "3309.92700", "2005-12-31": "3258.37400", "2005-09-30": "3286.43600", "2005-06-30": "3125.21900", "2005-03-31": "3053.47200"}, "Total Liabilities": {"2020-12-31": "3619.32700", "2020-09-30": "3858.99800", "2020-06-30": "3752.73000", "2020-03-31": "3884.24000", "2019-12-31": "4098.49700", "2019-09-30": "4064.44000", "2019-06-30": "4046.70200", "2019-03-31": "3802.55200", "2018-12-31": "3510.42700", "2018-09-30": "3160.21700", "2018-06-30": "3168.83500", "2018-03-31": "3054.32300", "2017-12-31": "3032.01400", "2017-09-30": "4908.33300", "2017-06-30": "4937.64500", "2017-03-31": "5157.43000", "2016-12-31": "5238.80300", "2016-09-30": "5275.32700", "2016-06-30": "5513.32700", "2016-03-31": "5976.78200", "2015-12-31": "6074.12600", "2015-09-30": "6297.51600", "2015-06-30": "6320.20600", "2015-03-31": "6483.66900", "2014-12-31": "6325.18800", "2014-09-30": "6464.33600", "2014-06-30": "6506.98900", "2014-03-31": "6492.18800", "2013-12-31": "6387.37800", "2013-09-30": "8779.89600", "2013-06-30": "8727.86800", "2013-03-31": "8620.96000", "2012-12-31": "9043.84900", "2012-09-30": "8759.65000", "2012-06-30": "8727.58400", "2012-03-31": "8821.49900", "2011-12-31": "8914.81500", "2011-09-30": "8736.30500", "2011-06-30": "8987.06900", "2011-03-31": "9102.39200", "2010-12-31": "9134.59700", "2010-09-30": "8624.12900", "2010-06-30": "8663.99800", "2010-03-31": "5887.66000", "2009-12-31": "5750.92200", "2009-09-30": "5291.61000", "2009-06-30": "5370.50900", "2009-03-31": "5507.66700", "2008-12-31": "5696.11200", "2008-09-30": "5262.95600", "2008-06-30": "5353.53400", "2008-03-31": "5174.80900", "2007-12-31": "4993.67100", "2007-09-30": "4834.90700", "2007-06-30": "4610.78400", "2007-03-31": "4651.39100", "2006-12-31": "4597.18100", "2006-09-30": "4056.45000", "2006-06-30": "4087.87600", "2006-03-31": "4083.63700", "2005-12-31": "4046.60700", "2005-09-30": "4027.06500", "2005-06-30": "3844.29900", "2005-03-31": "3778.10300"}, "Common Stock Net": {"2020-12-31": "2.20800", "2020-09-30": "2.24900", "2020-06-30": "1.87800", "2020-03-31": "1.87400", "2019-12-31": "1.87000", "2019-09-30": "1.87000", "2019-06-30": "1.87900", "2019-03-31": "1.96400", "2018-12-31": "1.99000", "2018-09-30": "2.05500", "2018-06-30": "2.13800", "2018-03-31": "2.19000", "2017-12-31": "2.24100", "2017-09-30": "2.30500", "2017-06-30": "2.30400", "2017-03-31": "2.30400", "2016-12-31": "2.29800", "2016-09-30": "2.29800", "2016-06-30": "2.29800", "2016-03-31": "2.29700", "2015-12-31": "2.29400", "2015-09-30": "2.29400", "2015-06-30": "2.29400", "2015-03-31": "2.29100", "2014-12-31": "2.30600", "2014-09-30": "2.30500", "2014-06-30": "2.30500", "2014-03-31": "2.30100", "2013-12-31": "2.29400", "2013-09-30": "2.29200", "2013-06-30": "2.29100", "2013-03-31": "2.28900", "2012-12-31": "2.28400", "2012-09-30": "2.27800", "2012-06-30": "2.27600", "2012-03-31": "2.27500", "2011-12-31": "2.27300", "2011-09-30": "2.27300", "2011-06-30": "2.27300", "2011-03-31": "2.27300", "2010-12-31": "2.27300", "2010-09-30": "2.27300", "2010-06-30": "2.27300", "2010-03-31": "2.27300", "2009-12-31": "1.83000", "2009-09-30": "1.83000", "2009-06-30": "1.83000", "2009-03-31": "1.83000", "2008-12-31": "1.83000", "2008-09-30": "1.83900", "2008-06-30": "1.85100", "2008-03-31": "1.85100", "2007-12-31": "1.85100", "2007-09-30": "1.85100", "2007-06-30": "1.85100", "2007-03-31": "1.85100", "2006-12-31": "1.85100", "2006-09-30": "1.85100", "2006-06-30": "1.85100", "2006-03-31": "0.92600", "2005-12-31": "1.85000", "2005-09-30": "0.92400", "2005-06-30": "0.91600", "2005-03-31": "0.91300"}, "Retained Earnings (Accumulated Deficit)": {"2020-12-31": "1476.05600", "2020-09-30": "1290.49800", "2020-06-30": "1495.19700", "2020-03-31": "1641.00900", "2019-12-31": "1971.67600", "2019-09-30": "2243.10400", "2019-06-30": "2127.62700", "2019-03-31": "1971.89800", "2018-12-31": "2071.80900", "2018-09-30": "2003.88800", "2018-06-30": "1940.50700", "2018-03-31": "1940.88200", "2017-12-31": "1455.81100", "2017-09-30": "1825.54700", "2017-06-30": "1852.04800", "2017-03-31": "1682.54500", "2016-12-31": "1727.78900", "2016-09-30": "2033.84900", "2016-06-30": "2008.51400", "2016-03-31": "2478.49300", "2015-12-31": "2579.83400", "2015-09-30": "2551.72100", "2015-06-30": "2435.67900", "2015-03-31": "3053.41200", "2014-12-31": "3054.15000", "2014-09-30": "2995.23800", "2014-06-30": "3011.34000", "2014-03-31": "3055.09100", "2013-12-31": "2964.52000", "2013-09-30": "2257.79600", "2013-06-30": "2351.32000", "2013-03-31": "2393.52800", "2012-12-31": "2402.55100", "2012-09-30": "2319.53000", "2012-06-30": "2359.60900", "2012-03-31": "2235.77600", "2011-12-31": "2184.73700", "2011-09-30": "2025.79400", "2011-06-30": "1883.61000", "2011-03-31": "1832.38400", "2010-12-31": "1680.59700", "2010-09-30": "1617.76900", "2010-06-30": "1566.92100", "2010-03-31": "1525.00700", "2009-12-31": "1456.89800", "2009-09-30": "1345.11200", "2009-06-30": "1279.97900", "2009-03-31": "1186.32400", "2008-12-31": "1010.90200", "2008-09-30": "882.22800", "2008-06-30": "852.12300", "2008-03-31": "775.70700", "2007-12-31": "766.53600", "2007-09-30": "803.26700", "2007-06-30": "829.88600", "2007-03-31": "695.69900", "2006-12-31": "600.54100", "2006-09-30": "486.54300", "2006-06-30": "454.90700", "2006-03-31": "363.60700", "2005-12-31": "252.10900", "2005-09-30": "177.46000", "2005-06-30": "-186.60000", "2005-03-31": "-214.89500"}, "Comprehensive Income": {"2020-12-31": "-15.18400", "2020-09-30": "-12.27000", "2020-06-30": "-12.38200", "2020-03-31": "-12.49300", "2019-12-31": "-12.60500", "2019-09-30": "-7.77800", "2019-06-30": "-7.81900", "2019-03-31": "-7.86000", "2018-12-31": "-7.90400", "2018-09-30": "-6.47200", "2018-06-30": "-6.49400", "2018-03-31": "-8.30600", "2017-12-31": "-8.47600", "2017-09-30": "-382.09200", "2017-06-30": "-385.56700", "2017-03-31": "-389.04200", "2016-12-31": "-392.55600", "2016-09-30": "-342.20700", "2016-06-30": "-331.05400", "2016-03-31": "-327.89600", "2015-12-31": "-315.59800", "2015-09-30": "-251.85600", "2015-06-30": "-181.90000", "2015-03-31": "-170.56300", "2014-12-31": "-151.10000", "2014-09-30": "-155.92000", "2014-06-30": "-359.71500", "2014-03-31": "-350.65000", "2013-12-31": "-325.11700", "2013-09-30": "-649.89600", "2013-06-30": "-663.76800", "2013-03-31": "-742.89300", "2012-12-31": "-747.34200", "2012-09-30": "-799.79100", "2012-06-30": "-753.44400", "2012-03-31": "-713.84600", "2011-12-31": "-801.55400", "2011-09-30": "-800.89600", "2011-06-30": "-850.55400", "2011-03-31": "-875.70400", "2010-12-31": "-874.33800", "2010-09-30": "-619.75500", "2010-06-30": "-626.94000", "2010-03-31": "-609.53700", "2009-12-31": "-640.50400", "2009-09-30": "-501.14000", "2009-06-30": "-467.19300", "2009-03-31": "-436.50300", "2008-12-31": "-461.90000", "2008-09-30": "-370.82500", "2008-06-30": "-542.78900", "2008-03-31": "-459.63700", "2007-12-31": "-419.28400", "2007-09-30": "-371.36900", "2007-06-30": "-376.86800", "2007-03-31": "-384.03000", "2006-12-31": "-375.71700", "2006-09-30": "-76.69100", "2006-06-30": "-84.37100", "2006-03-31": "-87.78400", "2005-12-31": "-105.16200", "2005-09-30": "-133.89400", "2005-06-30": "-92.92300", "2005-03-31": "-96.59200"}, "Other Share Holders Equity": {"2020-12-31": "", "2020-09-30": "", "2020-06-30": "", "2020-03-31": "", "2019-12-31": "", "2019-09-30": "", "2019-06-30": "", "2019-03-31": "", "2018-12-31": "", "2018-09-30": "", "2018-06-30": "", "2018-03-31": "", "2017-12-31": "", "2017-09-30": "", "2017-06-30": "", "2017-03-31": "", "2016-12-31": "", "2016-09-30": "", "2016-06-30": "", "2016-03-31": "", "2015-12-31": "", "2015-09-30": "", "2015-06-30": "", "2015-03-31": "", "2014-12-31": "", "2014-09-30": "", "2014-06-30": "", "2014-03-31": "", "2013-12-31": "", "2013-09-30": "", "2013-06-30": "", "2013-03-31": "", "2012-12-31": "", "2012-09-30": "", "2012-06-30": "", "2012-03-31": "", "2011-12-31": "", "2011-09-30": "", "2011-06-30": "", "2011-03-31": "", "2010-12-31": "", "2010-09-30": "", "2010-06-30": "", "2010-03-31": "", "2009-12-31": "", "2009-09-30": "", "2009-06-30": "", "2009-03-31": "", "2008-12-31": "", "2008-09-30": "", "2008-06-30": "", "2008-03-31": "", "2007-12-31": "", "2007-09-30": "", "2007-06-30": "", "2007-03-31": "", "2006-12-31": "", "2006-09-30": "", "2006-06-30": "", "2006-03-31": "", "2005-12-31": "", "2005-09-30": "", "2005-06-30": "", "2005-03-31": ""}, "Share Holder Equity": {"2020-12-31": "4422.43700", "2020-09-30": "4270.17600", "2020-06-30": "4566.95400", "2020-03-31": "4644.71000", "2019-12-31": "4962.30900", "2019-09-30": "5221.81800", "2019-06-30": "5099.99500", "2019-03-31": "4974.80900", "2018-12-31": "5081.74300", "2018-09-30": "5048.81900", "2018-06-30": "5038.92300", "2018-03-31": "5067.90600", "2017-12-31": "3899.89900", "2017-09-30": "4071.23500", "2017-06-30": "4087.54700", "2017-03-31": "3906.33900", "2016-12-31": "3940.88800", "2016-09-30": "4290.16700", "2016-06-30": "4271.43000", "2016-03-31": "4739.08800", "2015-12-31": "4855.77600", "2015-09-30": "4887.85000", "2015-06-30": "4681.89500", "2015-03-31": "5297.72700", "2014-12-31": "5329.45800", "2014-09-30": "5254.59900", "2014-06-30": "5059.65800", "2014-03-31": "5092.28700", "2013-12-31": "5006.28900", "2013-09-30": "3957.17600", "2013-06-30": "4025.06000", "2013-03-31": "3972.23400", "2012-12-31": "3953.74500", "2012-09-30": "3796.94400", "2012-06-30": "3870.31200", "2012-03-31": "3774.11200", "2011-12-31": "3610.88500", "2011-09-30": "3426.74300", "2011-06-30": "3214.04900", "2011-03-31": "3121.34900", "2010-12-31": "2936.01300", "2010-09-30": "3097.62900", "2010-06-30": "3024.09300", "2010-03-31": "3986.90400", "2009-12-31": "2024.47900", "2009-09-30": "2027.32700", "2009-06-30": "1986.79100", "2009-03-31": "1899.62000", "2008-12-31": "1674.34600", "2008-09-30": "1442.77500", "2008-06-30": "1237.70100", "2008-03-31": "1212.96200", "2007-12-31": "1214.41900", "2007-09-30": "1241.51500", "2007-06-30": "1301.96100", "2007-03-31": "1142.25600", "2006-12-31": "1066.15100", "2006-09-30": "1237.98100", "2006-06-30": "1219.06200", "2006-03-31": "1112.96500", "2005-12-31": "1025.35600", "2005-09-30": "917.45900", "2005-06-30": "579.56800", "2005-03-31": "537.11200"}, "Total Liabilities And Share Holders Equity": {"2020-12-31": "8041.76400", "2020-09-30": "8129.17400", "2020-06-30": "8319.68400", "2020-03-31": "8528.95000", "2019-12-31": "9060.80600", "2019-09-30": "9286.25800", "2019-06-30": "9146.69700", "2019-03-31": "8777.36100", "2018-12-31": "8592.17000", "2018-09-30": "8209.03600", "2018-06-30": "8207.75800", "2018-03-31": "8122.22900", "2017-12-31": "6931.91300", "2017-09-30": "8979.56800", "2017-06-30": "9025.19200", "2017-03-31": "9063.76900", "2016-12-31": "9179.69100", "2016-09-30": "9565.49400", "2016-06-30": "9784.75700", "2016-03-31": "10715.87000", "2015-12-31": "10929.90000", "2015-09-30": "11185.37000", "2015-06-30": "11002.10000", "2015-03-31": "11781.40000", "2014-12-31": "11654.65000", "2014-09-30": "11718.93000", "2014-06-30": "11566.65000", "2014-03-31": "11584.47000", "2013-12-31": "11393.67000", "2013-09-30": "12737.07000", "2013-06-30": "12752.93000", "2013-03-31": "12593.19000", "2012-12-31": "12997.59000", "2012-09-30": "12556.59000", "2012-06-30": "12597.90000", "2012-03-31": "12595.61000", "2011-12-31": "12525.70000", "2011-09-30": "12163.05000", "2011-06-30": "12201.12000", "2011-03-31": "12223.74000", "2010-12-31": "12070.61000", "2010-09-30": "11721.76000", "2010-06-30": "11688.09000", "2010-03-31": "9874.56400", "2009-12-31": "7775.40100", "2009-09-30": "7318.93700", "2009-06-30": "7357.30000", "2009-03-31": "7407.28700", "2008-12-31": "7370.45800", "2008-09-30": "6705.73100", "2008-06-30": "6591.23500", "2008-03-31": "6387.77100", "2007-12-31": "6208.09000", "2007-09-30": "6076.42200", "2007-06-30": "5912.74500", "2007-03-31": "5793.64700", "2006-12-31": "5663.33200", "2006-09-30": "5294.43100", "2006-06-30": "5306.93800", "2006-03-31": "5196.60200", "2005-12-31": "5071.96300", "2005-09-30": "4944.52400", "2005-06-30": "4423.86700", "2005-03-31": "4315.21500"}}, "cash flow statement": {"Net Income/Loss": {"2020-12-31": "-428.74400", "2019-12-31": "31.94800", "2018-12-31": "883.11100", "2017-12-31": "380.74700", "2016-12-31": "-848.10200", "2015-12-31": "-374.88500", "2014-12-31": "163.09000", "2013-12-31": "659.05600", "2012-12-31": "388.07300", "2011-12-31": "632.49700", "2010-12-31": "358.62600", "2009-12-31": "567.14200", "2008-12-31": "485.66100", "2007-12-31": "292.82000", "2006-12-31": "408.88200", "2005-12-31": "580.86100"}, "Total Depreciation And Amortization - Cash Flow": {"2020-12-31": "996.06800", "2019-12-31": "516.21000", "2018-12-31": "520.43400", "2017-12-31": "422.66600", "2016-12-31": "428.99800", "2015-12-31": "371.78300", "2014-12-31": "532.64300", "2013-12-31": "500.18800", "2012-12-31": "427.11500", "2011-12-31": "430.57700", "2010-12-31": "571.82300", "2009-12-31": "441.38700", "2008-12-31": "394.49200", "2007-12-31": "329.23400", "2006-12-31": "300.01000", "2005-12-31": "266.33400"}, "Other Non-Cash Items": {"2020-12-31": "228.58100", "2019-12-31": "232.02500", "2018-12-31": "-404.53000", "2017-12-31": "-341.93800", "2016-12-31": "930.54390", "2015-12-31": "358.93400", "2014-12-31": "187.34000", "2013-12-31": "-542.58100", "2012-12-31": "-56.37100", "2011-12-31": "233.42500", "2010-12-31": "33.28600", "2009-12-31": "55.63400", "2008-12-31": "126.27200", "2007-12-31": "-35.14200", "2006-12-31": "30.26400", "2005-12-31": "-346.31900"}, "Total Non-Cash Items": {"2020-12-31": "1224.64900", "2019-12-31": "748.23500", "2018-12-31": "115.90410", "2017-12-31": "80.72800", "2016-12-31": "1359.54200", "2015-12-31": "730.71700", "2014-12-31": "719.98300", "2013-12-31": "-42.39300", "2012-12-31": "370.74400", "2011-12-31": "664.00210", "2010-12-31": "605.10900", "2009-12-31": "497.02100", "2008-12-31": "520.76400", "2007-12-31": "294.09200", "2006-12-31": "330.27400", "2005-12-31": "-79.98500"}, "Change In Accounts Receivable": {"2020-12-31": "-4.89500", "2019-12-31": "118.62200", "2018-12-31": "-57.73400", "2017-12-31": "-32.79200", "2016-12-31": "-46.43400", "2015-12-31": "101.10700", "2014-12-31": "-89.92800", "2013-12-31": "135.97000", "2012-12-31": "-20.21800", "2011-12-31": "-83.77000", "2010-12-31": "-96.24500", "2009-12-31": "84.59700", "2008-12-31": "-79.74700", "2007-12-31": "139.47400", "2006-12-31": "-52.89800", "2005-12-31": "-156.90000"}, "Change In Inventories": {"2020-12-31": "-2.67300", "2019-12-31": "2.73100", "2018-12-31": "1.02700", "2017-12-31": "4.25400", "2016-12-31": "-1.48600", "2015-12-31": "0.93300", "2014-12-31": "49.44300", "2013-12-31": "12.89400", "2012-12-31": "21.16600", "2011-12-31": "5.50900", "2010-12-31": "48.91900", "2009-12-31": "-79.78700", "2008-12-31": "-53.99400", "2007-12-31": "13.44800", "2006-12-31": "-7.42700", "2005-12-31": "-13.36100"}, "Change In Accounts Payable": {"2020-12-31": "-48.48500", "2019-12-31": "-6.40500", "2018-12-31": "12.76000", "2017-12-31": "45.66900", "2016-12-31": "-17.22700", "2015-12-31": "-131.82500", "2014-12-31": "3.97400", "2013-12-31": "-99.94400", "2012-12-31": "-23.91800", "2011-12-31": "142.84300", "2010-12-31": "78.83900", "2009-12-31": "-70.45800", "2008-12-31": "64.85100", "2007-12-31": "-2.43500", "2006-12-31": "-4.76900", "2005-12-31": "22.72500"}, "Change In Assets/Liabilities": {"2020-12-31": "-1.56900", "2019-12-31": "-6.15000", "2018-12-31": "55.09200", "2017-12-31": "96.84000", "2016-12-31": "110.42200", "2015-12-31": "77.05000", "2014-12-31": "54.98900", "2013-12-31": "-62.50700", "2012-12-31": "-45.50600", "2011-12-31": "143.52400", "2010-12-31": "100.05000", "2009-12-31": "44.65000", "2008-12-31": "49.57500", "2007-12-31": "-54.88300", "2006-12-31": "-16.74600", "2005-12-31": "51.22200"}, "Total Change In Assets/Liabilities": {"2020-12-31": "0.40000", "2019-12-31": "200.37700", "2018-12-31": "-113.19200", "2017-12-31": "187.21200", "2016-12-31": "-47.18200", "2015-12-31": "143.15500", "2014-12-31": "8.61000", "2013-12-31": "-13.67400", "2012-12-31": "-68.36600", "2011-12-31": "208.10600", "2010-12-31": "131.56300", "2009-12-31": "-20.99800", "2008-12-31": "-19.31500", "2007-12-31": "95.60400", "2006-12-31": "-81.84000", "2005-12-31": "-96.31400"}, "Cash Flow From Operating Activities": {"2020-12-31": "795.07100", "2019-12-31": "980.56000", "2018-12-31": "885.82300", "2017-12-31": "648.68700", "2016-12-31": "464.25800", "2015-12-31": "511.59600", "2014-12-31": "936.77600", "2013-12-31": "658.77600", "2012-12-31": "728.11300", "2011-12-31": "1527.60600", "2010-12-31": "1131.31200", "2009-12-31": "1060.45100", "2008-12-31": "989.86400", "2007-12-31": "684.03300", "2006-12-31": "664.54700", "2005-12-31": "409.08600"}, "Net Change In Property, Plant, And Equipment": {"2020-12-31": "-438.96900", "2019-12-31": "-1147.43900", "2018-12-31": "-604.63000", "2017-12-31": "-218.66100", "2016-12-31": "-125.75000", "2015-12-31": "-753.61200", "2014-12-31": "-1102.61600", "2013-12-31": "-1012.08700", "2012-12-31": "-599.87600", "2011-12-31": "-431.09000", "2010-12-31": "-1094.18000", "2009-12-31": "-850.19600", "2008-12-31": "-1033.47600", "2007-12-31": "-658.32300", "2006-12-31": "-630.58300", "2005-12-31": "-498.57600"}, "Net Change In Intangible Assets": {"2020-12-31": "", "2019-12-31": "", "2018-12-31": "", "2017-12-31": "", "2016-12-31": "", "2015-12-31": "", "2014-12-31": "", "2013-12-31": "", "2012-12-31": "", "2011-12-31": "", "2010-12-31": "", "2009-12-31": "", "2008-12-31": "", "2007-12-31": "", "2006-12-31": "", "2005-12-31": ""}, "Net Acquisitions/Divestitures": {"2020-12-31": "", "2019-12-31": "", "2018-12-31": "-299.27200", "2017-12-31": "", "2016-12-31": "", "2015-12-31": "", "2014-12-31": "", "2013-12-31": "", "2012-12-31": "", "2011-12-31": "", "2010-12-31": "-3470.21200", "2009-12-31": "", "2008-12-31": "", "2007-12-31": "-296.72400", "2006-12-31": "", "2005-12-31": "420.16700"}, "Net Change In Short-term Investments": {"2020-12-31": "", "2019-12-31": "", "2018-12-31": "", "2017-12-31": "", "2016-12-31": "", "2015-12-31": "", "2014-12-31": "", "2013-12-31": "", "2012-12-31": "", "2011-12-31": "", "2010-12-31": "", "2009-12-31": "", "2008-12-31": "", "2007-12-31": "", "2006-12-31": "", "2005-12-31": ""}, "Net Change In Long-Term Investments": {"2020-12-31": "", "2019-12-31": "", "2018-12-31": "9.25000", "2017-12-31": "42.87300", "2016-12-31": "73.74300", "2015-12-31": "-72.28800", "2014-12-31": "95.20700", "2013-12-31": "-35.71200", "2012-12-31": "-23.45100", "2011-12-31": "55.87600", "2010-12-31": "11.45200", "2009-12-31": "4.85500", "2008-12-31": "1.87900", "2007-12-31": "-7.05700", "2006-12-31": "-30.96300", "2005-12-31": "3.99600"}, "Net Change In Investments - Total": {"2020-12-31": "", "2019-12-31": "", "2018-12-31": "9.25000", "2017-12-31": "42.87300", "2016-12-31": "73.74300", "2015-12-31": "-72.28800", "2014-12-31": "95.20700", "2013-12-31": "-35.71200", "2012-12-31": "-23.45100", "2011-12-31": "55.87600", "2010-12-31": "11.45200", "2009-12-31": "4.85500", "2008-12-31": "1.87900", "2007-12-31": "-7.05700", "2006-12-31": "-30.96300", "2005-12-31": "3.99600"}, "Investing Activities - Other": {"2020-12-31": "", "2019-12-31": "", "2018-12-31": "", "2017-12-31": "-46.13300", "2016-12-31": "539.37800", "2015-12-31": "-170.31700", "2014-12-31": "-33.97300", "2013-12-31": "845.81800", "2012-12-31": "-377.08300", "2011-12-31": "-203.31000", "2010-12-31": "-991.03400", "2009-12-31": "", "2008-12-31": "-67.25900", "2007-12-31": "-10.00000", "2006-12-31": "", "2005-12-31": ""}, "Cash Flow From Investing Activities": {"2020-12-31": "-438.96900", "2019-12-31": "-1147.43900", "2018-12-31": "-894.65200", "2017-12-31": "-221.92100", "2016-12-31": "487.37100", "2015-12-31": "-996.21700", "2014-12-31": "-1041.38200", "2013-12-31": "-201.98100", "2012-12-31": "-1000.41000", "2011-12-31": "-578.52400", "2010-12-31": "-5543.97400", "2009-12-31": "-845.34100", "2008-12-31": "-1098.85600", "2007-12-31": "-972.10400", "2006-12-31": "-661.54600", "2005-12-31": "-74.41300"}, "Net Long-Term Debt": {"2020-12-31": "-245.54690", "2019-12-31": "363.72500", "2018-12-31": "-21.68410", "2017-12-31": "-247.75300", "2016-12-31": "-959.80200", "2015-12-31": "-774.60400", "2014-12-31": "30.62900", "2013-12-31": "-69.39000", "2012-12-31": "54.04100", "2011-12-31": "-226.86500", "2010-12-31": "2888.58800", "2009-12-31": "-134.19000", "2008-12-31": "29.18600", "2007-12-31": "-47.93500", "2006-12-31": "-5.10700", "2005-12-31": "13.41600"}, "Net Current Debt": {"2020-12-31": "", "2019-12-31": "", "2018-12-31": "", "2017-12-31": "", "2016-12-31": "", "2015-12-31": "952.00000", "2014-12-31": "-11.73600", "2013-12-31": "", "2012-12-31": "", "2011-12-31": "-284.00000", "2010-12-31": "-188.85000", "2009-12-31": "-84.85000", "2008-12-31": "310.20000", "2007-12-31": "247.50000", "2006-12-31": "", "2005-12-31": "-1.70000"}, "Debt Issuance/Retirement Net - Total": {"2020-12-31": "-245.54690", "2019-12-31": "363.72500", "2018-12-31": "-21.68410", "2017-12-31": "-247.75300", "2016-12-31": "-959.80200", "2015-12-31": "177.39600", "2014-12-31": "18.89300", "2013-12-31": "-69.39000", "2012-12-31": "54.04100", "2011-12-31": "-510.86500", "2010-12-31": "2699.73800", "2009-12-31": "-219.04000", "2008-12-31": "339.38600", "2007-12-31": "199.56500", "2006-12-31": "-5.10700", "2005-12-31": "11.71600"}, "Net Common Equity Issued/Repurchased": {"2020-12-31": "-35.19000", "2019-12-31": "-116.91200", "2018-12-31": "-380.03900", "2017-12-31": "-102.20000", "2016-12-31": "0.00400", "2015-12-31": "-63.38600", "2014-12-31": "15.01600", "2013-12-31": "1.57600", "2012-12-31": "-1.20700", "2011-12-31": "9.03300", "2010-12-31": "1834.85500", "2009-12-31": "2.54700", "2008-12-31": "-82.57900", "2007-12-31": "-60.93300", "2006-12-31": "-101.78000", "2005-12-31": "39.15000"}, "Net Total Equity Issued/Repurchased": {"2020-12-31": "-35.19000", "2019-12-31": "-116.91200", "2018-12-31": "-380.03900", "2017-12-31": "-102.20000", "2016-12-31": "0.00400", "2015-12-31": "-63.38600", "2014-12-31": "15.01600", "2013-12-31": "1.57600", "2012-12-31": "-1.20700", "2011-12-31": "9.03300", "2010-12-31": "1834.85500", "2009-12-31": "2.54700", "2008-12-31": "-82.57900", "2007-12-31": "-60.93300", "2006-12-31": "-101.78000", "2005-12-31": "39.15000"}, "Total Common And Preferred Stock Dividends Paid": {"2020-12-31": "-41.98700", "2019-12-31": "-63.88400", "2018-12-31": "-55.43300", "2017-12-31": "", "2016-12-31": "-2.29400", "2015-12-31": "-33.28100", "2014-12-31": "-57.50600", "2013-12-31": "-85.83200", "2012-12-31": "-142.27800", "2011-12-31": "-96.35600", "2010-12-31": "-85.86100", "2009-12-31": "-74.79200", "2008-12-31": "-72.95700", "2007-12-31": "-56.47500", "2006-12-31": "-51.41600", "2005-12-31": "-51.32100"}, "Financial Activities - Other": {"2020-12-31": "-28.06200", "2019-12-31": "-16.96500", "2018-12-31": "-25.98400", "2017-12-31": "386.05500", "2016-12-31": "-8.31200", "2015-12-31": "293.04700", "2014-12-31": "-22.23200", "2013-12-31": "2.40900", "2012-12-31": "7.86700", "2011-12-31": "-7.95200", "2010-12-31": "-68.88300", "2009-12-31": "3.27000", "2008-12-31": "22.00300", "2007-12-31": "23.68200", "2006-12-31": "38.54500", "2005-12-31": ""}, "Cash Flow From Financial Activities": {"2020-12-31": "-350.78600", "2019-12-31": "165.96400", "2018-12-31": "-483.14000", "2017-12-31": "36.10200", "2016-12-31": "-970.40400", "2015-12-31": "373.77600", "2014-12-31": "-45.82900", "2013-12-31": "-151.23700", "2012-12-31": "-81.57700", "2011-12-31": "-606.14000", "2010-12-31": "4379.84900", "2009-12-31": "-288.01500", "2008-12-31": "205.85300", "2007-12-31": "105.83900", "2006-12-31": "-119.75800", "2005-12-31": "-0.45500"}, "Net Cash Flow": {"2020-12-31": "5.31600", "2019-12-31": "-0.91500", "2018-12-31": "-491.96900", "2017-12-31": "462.86800", "2016-12-31": "-18.77500", "2015-12-31": "-110.84500", "2014-12-31": "-150.43500", "2013-12-31": "305.55800", "2012-12-31": "-353.87400", "2011-12-31": "342.94200", "2010-12-31": "-32.81300", "2009-12-31": "-72.90500", "2008-12-31": "96.86100", "2007-12-31": "-182.23200", "2006-12-31": "-116.75700", "2005-12-31": "334.21800"}, "Stock-Based Compensation": {"2020-12-31": "14.38200", "2019-12-31": "38.42500", "2018-12-31": "21.34100", "2017-12-31": "16.98300", "2016-12-31": "19.31600", "2015-12-31": "14.31400", "2014-12-31": "41.87700", "2013-12-31": "56.98700", "2012-12-31": "41.12700", "2011-12-31": "42.13100", "2010-12-31": "47.59300", "2009-12-31": "39.03200", "2008-12-31": "25.18600", "2007-12-31": "24.24300", "2006-12-31": "22.84100", "2005-12-31": "3.59600"}, "Common Stock Dividends Paid": {"2020-12-31": "-41.98700", "2019-12-31": "-63.88400", "2018-12-31": "-55.43300", "2017-12-31": "", "2016-12-31": "-2.29400", "2015-12-31": "-33.28100", "2014-12-31": "-57.50600", "2013-12-31": "-85.83200", "2012-12-31": "-142.27800", "2011-12-31": "-96.35600", "2010-12-31": "-85.86100", "2009-12-31": "-74.79200", "2008-12-31": "-72.95700", "2007-12-31": "-56.47500", "2006-12-31": "-51.41600", "2005-12-31": "-51.32100"}}, "cash flow statement, quarterly": {"Net Income/Loss": {"2020-12-31": 195.758, "2020-09-30": -188.793, "2020-06-30": -130.487, "2020-03-31": "-305.22200", "2019-12-31": -240.056, "2019-09-30": 143.96, "2019-06-30": 192.695, "2019-03-31": "-64.65100", "2018-12-31": 129.415, "2018-09-30": 146.756, "2018-06-30": 61.394, "2018-03-31": "545.54600", "2017-12-31": 276.643, "2017-09-30": -26.44, "2017-06-30": 169.51, "2017-03-31": "-38.96600", "2016-12-31": -310.585, "2016-09-30": 27.595, "2016-06-30": -468.654, "2016-03-31": "-96.45800", "2015-12-31": 23.916, "2015-09-30": 125.47, "2015-06-30": -603.301, "2015-03-31": "79.03000", "2014-12-31": 73.666, "2014-09-30": -1.645, "2014-06-30": -24.934, "2014-03-31": "116.00300", "2013-12-31": 737.739, "2013-09-30": -64.049, "2013-06-30": -12.813, "2013-03-31": "-1.82100", "2012-12-31": 149.64, "2012-09-30": -11.473, "2012-06-30": 152.71, "2012-03-31": "97.19600", "2011-12-31": 195.635, "2011-09-30": 167.329, "2011-06-30": 77.384, "2011-03-31": "192.14900", "2010-12-31": 104.461, "2010-09-30": 75.383, "2010-06-30": 70.9, "2010-03-31": "107.88200", "2009-12-31": 150.046, "2009-09-30": 93.286, "2009-06-30": 118.839, "2009-03-31": "204.97100", "2008-12-31": 186.224, "2008-09-30": 102.416, "2008-06-30": 112.79, "2008-03-31": "84.23100", "2007-12-31": 31.825, "2007-09-30": -5.384, "2007-06-30": 153.117, "2007-03-31": "113.26200", "2006-12-31": 115.348, "2006-09-30": 48.284, "2006-06-30": 110.494, "2006-03-31": "134.75600", "2005-12-31": 87.593, "2005-09-30": 376.982, "2005-06-30": 41.074, "2005-03-31": "75.21200"}, "Total Depreciation And Amortization - Cash Flow": {"2020-12-31": 151.247, "2020-09-30": 120.272, "2020-06-30": 119.893, "2020-03-31": "604.65600", "2019-12-31": 135.534, "2019-09-30": 122.109, "2019-06-30": 131.699, "2019-03-31": "126.86800", "2018-12-31": 131.806, "2018-09-30": 121.403, "2018-06-30": 139.515, "2018-03-31": "127.71000", "2017-12-31": 126.701, "2017-09-30": 108.647, "2017-06-30": 91.64, "2017-03-31": "95.67800", "2016-12-31": -12.921, "2016-09-30": 151.711, "2016-06-30": 135.22, "2016-03-31": "154.98800", "2015-12-31": -55.349, "2015-09-30": 146.844, "2015-06-30": 130.579, "2015-03-31": "149.70900", "2014-12-31": 116.963, "2014-09-30": 148.665, "2014-06-30": 137.899, "2014-03-31": "129.11600", "2013-12-31": 161.351, "2013-09-30": 117.73, "2013-06-30": 109.529, "2013-03-31": "111.57800", "2012-12-31": -39.751, "2012-09-30": 154.064, "2012-06-30": 155.569, "2012-03-31": "157.23300", "2011-12-31": -40.184, "2011-09-30": 160.321, "2011-06-30": 158.91, "2011-03-31": "151.53000", "2010-12-31": 154.554, "2010-09-30": 161.338, "2010-06-30": 134.555, "2010-03-31": "121.37600", "2009-12-31": 114.284, "2009-09-30": 111.011, "2009-06-30": 108.202, "2009-03-31": "107.89000", "2008-12-31": 106.234, "2008-09-30": 96.515, "2008-06-30": 96.928, "2008-03-31": "94.81500", "2007-12-31": 90.808, "2007-09-30": 82.483, "2007-06-30": 77.7, "2007-03-31": "78.24300", "2006-12-31": 76.853, "2006-09-30": 73.496, "2006-06-30": 76.523, "2006-03-31": "73.13800", "2005-12-31": 68.101, "2005-09-30": 64.413, "2005-06-30": 67.923, "2005-03-31": "65.89700"}, "Other Non-Cash Items": {"2020-12-31": -142.235, "2020-09-30": 196.534, "2020-06-30": 181.838, "2020-03-31": "-7.55600", "2019-12-31": 322.565, "2019-09-30": -108.971, "2019-06-30": -146.332, "2019-03-31": "164.76300", "2018-12-31": 119.587, "2018-09-30": -61.191, "2018-06-30": -8.304, "2018-03-31": "-454.62200", "2017-12-31": -264.817, "2017-09-30": 40.625, "2017-06-30": -189.936, "2017-03-31": "72.19000", "2016-12-31": 525.4919, "2016-09-30": -87.267, "2016-06-30": 426.426, "2016-03-31": "65.89300", "2015-12-31": 50.098, "2015-09-30": -229.104, "2015-06-30": 553.996, "2015-03-31": "-16.05600", "2014-12-31": 107.567, "2014-09-30": 7.994, "2014-06-30": 67.009, "2014-03-31": "4.77000", "2013-12-31": -640.169, "2013-09-30": -1.961, "2013-06-30": 27.448, "2013-03-31": "72.10100", "2012-12-31": 123.364, "2012-09-30": -32.211, "2012-06-30": -133.863, "2012-03-31": "-13.66100", "2011-12-31": 74.311, "2011-09-30": 10.829, "2011-06-30": 117.544, "2011-03-31": "30.74100", "2010-12-31": 20.404, "2010-09-30": -5.349, "2010-06-30": 7.491, "2010-03-31": "10.74000", "2009-12-31": -1.225, "2009-09-30": 17.176, "2009-06-30": 18.557, "2009-03-31": "21.12600", "2008-12-31": 73.01, "2008-09-30": -16.464, "2008-06-30": 58.282, "2008-03-31": "11.44400", "2007-12-31": -4.174, "2007-09-30": 4.555, "2007-06-30": -60.314, "2007-03-31": "24.79100", "2006-12-31": 15.66, "2006-09-30": -5.117, "2006-06-30": 19.508, "2006-03-31": "0.21300", "2005-12-31": 3.734, "2005-09-30": -338.607, "2005-06-30": -8.675, "2005-03-31": "-2.77100"}, "Total Non-Cash Items": {"2020-12-31": 9.012, "2020-09-30": 316.806, "2020-06-30": 301.7309, "2020-03-31": "597.10010", "2019-12-31": 458.099, "2019-09-30": 13.138, "2019-06-30": -14.633, "2019-03-31": "291.63100", "2018-12-31": 251.3931, "2018-09-30": 60.212, "2018-06-30": 131.211, "2018-03-31": "-326.91200", "2017-12-31": -138.1161, "2017-09-30": 149.2721, "2017-06-30": -98.296, "2017-03-31": "167.86800", "2016-12-31": 512.5711, "2016-09-30": 64.4439, "2016-06-30": 561.646, "2016-03-31": "220.88100", "2015-12-31": -5.251, "2015-09-30": -82.26, "2015-06-30": 684.575, "2015-03-31": "133.65300", "2014-12-31": 224.53, "2014-09-30": 156.659, "2014-06-30": 204.908, "2014-03-31": "133.88600", "2013-12-31": -478.818, "2013-09-30": 115.769, "2013-06-30": 136.977, "2013-03-31": "183.67900", "2012-12-31": 83.613, "2012-09-30": 121.853, "2012-06-30": 21.706, "2012-03-31": "143.57200", "2011-12-31": 34.1271, "2011-09-30": 171.15, "2011-06-30": 276.454, "2011-03-31": "182.27100", "2010-12-31": 174.958, "2010-09-30": 155.989, "2010-06-30": 142.046, "2010-03-31": "132.11600", "2009-12-31": 113.059, "2009-09-30": 128.187, "2009-06-30": 126.759, "2009-03-31": "129.01600", "2008-12-31": 179.244, "2008-09-30": 80.051, "2008-06-30": 155.21, "2008-03-31": "106.25900", "2007-12-31": 86.634, "2007-09-30": 87.038, "2007-06-30": 17.386, "2007-03-31": "103.03400", "2006-12-31": 92.513, "2006-09-30": 68.379, "2006-06-30": 96.031, "2006-03-31": "73.35100", "2005-12-31": 71.835, "2005-09-30": -274.194, "2005-06-30": 59.248, "2005-03-31": "63.12600"}, "Change In Accounts Receivable": {"2020-12-31": -69.738, "2020-09-30": -3.427, "2020-06-30": 24.631, "2020-03-31": "43.63900", "2019-12-31": -36.093, "2019-09-30": 28.724, "2019-06-30": 31.511, "2019-03-31": "94.48000", "2018-12-31": -107.859, "2018-09-30": 5.969, "2018-06-30": 29.651, "2018-03-31": "14.50500", "2017-12-31": -45.534, "2017-09-30": 6.081, "2017-06-30": -3.308, "2017-03-31": "9.96900", "2016-12-31": -50.989, "2016-09-30": -13.546, "2016-06-30": 32.934, "2016-03-31": "-14.83300", "2015-12-31": -17.957, "2015-09-30": 25.884, "2015-06-30": 66.516, "2015-03-31": "26.66400", "2014-12-31": -25.687, "2014-09-30": -11.321, "2014-06-30": -30.689, "2014-03-31": "-22.23100", "2013-12-31": 124.825, "2013-09-30": -14.215, "2013-06-30": -1.777, "2013-03-31": "27.13700", "2012-12-31": -33.577, "2012-09-30": -26.675, "2012-06-30": 58.024, "2012-03-31": "-17.99000", "2011-12-31": -33.558, "2011-09-30": 0.885, "2011-06-30": -24.196, "2011-03-31": "-26.90100", "2010-12-31": -29.405, "2010-09-30": 10.137, "2010-06-30": 75.819, "2010-03-31": "-152.79600", "2009-12-31": -30.615, "2009-09-30": 14.658, "2009-06-30": 131.013, "2009-03-31": "-30.45900", "2008-12-31": -43.817, "2008-09-30": 45.026, "2008-06-30": -10.708, "2008-03-31": "-70.24800", "2007-12-31": -8.767, "2007-09-30": 134.182, "2007-06-30": 49.728, "2007-03-31": "-35.66900", "2006-12-31": -47.365, "2006-09-30": 2.623, "2006-06-30": 25.465, "2006-03-31": "-33.62100", "2005-12-31": 15.908, "2005-09-30": -42.731, "2005-06-30": -62.599, "2005-03-31": "-67.47800"}, "Change In Inventories": {"2020-12-31": 0.433, "2020-09-30": 0.227, "2020-06-30": -0.051, "2020-03-31": "-3.28200", "2019-12-31": 0.543, "2019-09-30": 3.715, "2019-06-30": 5.4, "2019-03-31": "-6.92700", "2018-12-31": 0.011, "2018-09-30": 0.773, "2018-06-30": 0.177, "2018-03-31": "0.06600", "2017-12-31": 10.418, "2017-09-30": -6.492, "2017-06-30": -0.264, "2017-03-31": "0.59200", "2016-12-31": -5.655, "2016-09-30": 12.116, "2016-06-30": 10.511, "2016-03-31": "-18.45800", "2015-12-31": 10.855, "2015-09-30": -1.804, "2015-06-30": -6.116, "2015-03-31": "-2.00200", "2014-12-31": 36.901, "2014-09-30": 2.633, "2014-06-30": 8.18, "2014-03-31": "1.72900", "2013-12-31": 1.894, "2013-09-30": -8.772, "2013-06-30": -10.96, "2013-03-31": "30.73200", "2012-12-31": 29.37, "2012-09-30": 38.522, "2012-06-30": -20.064, "2012-03-31": "-26.66200", "2011-12-31": -10.755, "2011-09-30": 17.972, "2011-06-30": 27.727, "2011-03-31": "-29.43500", "2010-12-31": 3.793, "2010-09-30": 31.519, "2010-06-30": 36.108, "2010-03-31": "-22.50100", "2009-12-31": 2.942, "2009-09-30": 14.116, "2009-06-30": -46.979, "2009-03-31": "-49.86600", "2008-12-31": -41.206, "2008-09-30": -1.321, "2008-06-30": 9.7, "2008-03-31": "-21.16700", "2007-12-31": 2.968, "2007-09-30": 25.478, "2007-06-30": 9.181, "2007-03-31": "-24.17900", "2006-12-31": 33.468, "2006-09-30": 2.202, "2006-06-30": -25.85, "2006-03-31": "-17.24700", "2005-12-31": -3.041, "2005-09-30": 3.437, "2005-06-30": 8.818, "2005-03-31": "-22.57500"}, "Change In Accounts Payable": {"2020-12-31": -18.844, "2020-09-30": -14.153, "2020-06-30": -17.81, "2020-03-31": "2.32200", "2019-12-31": -61.685, "2019-09-30": 25.934, "2019-06-30": 35.308, "2019-03-31": "-5.96200", "2018-12-31": 10.228, "2018-09-30": 5.73, "2018-06-30": -5.35, "2018-03-31": "2.15200", "2017-12-31": 30.31, "2017-09-30": -5.454, "2017-06-30": -4.141, "2017-03-31": "24.95400", "2016-12-31": -6.242, "2016-09-30": 33.139, "2016-06-30": -35.808, "2016-03-31": "-8.31600", "2015-12-31": -8.654, "2015-09-30": -29.301, "2015-06-30": -81.251, "2015-03-31": "-12.61900", "2014-12-31": -147.855, "2014-09-30": 98.458, "2014-06-30": 36.776, "2014-03-31": "16.59500", "2013-12-31": -81.457, "2013-09-30": -5.017, "2013-06-30": 13.004, "2013-03-31": "-26.47400", "2012-12-31": -29.136, "2012-09-30": 46.484, "2012-06-30": -1.954, "2012-03-31": "-39.31200", "2011-12-31": 44.523, "2011-09-30": 77.136, "2011-06-30": 13.905, "2011-03-31": "7.27900", "2010-12-31": 15.671, "2010-09-30": 37.759, "2010-06-30": -19.816, "2010-03-31": "45.22500", "2009-12-31": 10.088, "2009-09-30": -15.587, "2009-06-30": -21.269, "2009-03-31": "-43.69000", "2008-12-31": 50.46, "2008-09-30": -6.667, "2008-06-30": 34.874, "2008-03-31": "-13.81600", "2007-12-31": -14.257, "2007-09-30": 51.017, "2007-06-30": -22.052, "2007-03-31": "-17.14300", "2006-12-31": 19.191, "2006-09-30": 27.137, "2006-06-30": -31.768, "2006-03-31": "-19.32900", "2005-12-31": 17.418, "2005-09-30": 21.732, "2005-06-30": -11.74, "2005-03-31": "-4.68500"}, "Change In Assets/Liabilities": {"2020-12-31": 35.129, "2020-09-30": 7.115, "2020-06-30": -34.542, "2020-03-31": "-9.27100", "2019-12-31": 42.846, "2019-09-30": -9.879, "2019-06-30": -1.13, "2019-03-31": "-37.98700", "2018-12-31": 34.747, "2018-09-30": 22.888, "2018-06-30": 9.263, "2018-03-31": "-11.80600", "2017-12-31": 8.284, "2017-09-30": 23.289, "2017-06-30": 56.884, "2017-03-31": "8.38300", "2016-12-31": 77.23, "2016-09-30": 0.08, "2016-06-30": 25.93, "2016-03-31": "7.18200", "2015-12-31": 69.153, "2015-09-30": 81.78, "2015-06-30": -26.899, "2015-03-31": "-46.98400", "2014-12-31": -61.027, "2014-09-30": -6.577, "2014-06-30": 84.831, "2014-03-31": "37.76200", "2013-12-31": -200.566, "2013-09-30": 88.803, "2013-06-30": 51.241, "2013-03-31": "-1.98500", "2012-12-31": -25.522, "2012-09-30": -8.06, "2012-06-30": -82.297, "2012-03-31": "70.37300", "2011-12-31": 31.668, "2011-09-30": 19.872, "2011-06-30": -14.434, "2011-03-31": "106.41800", "2010-12-31": -20.92, "2010-09-30": 50.148, "2010-06-30": 22.633, "2010-03-31": "48.18900", "2009-12-31": 83.996, "2009-09-30": -77.338, "2009-06-30": 1.157, "2009-03-31": "36.83500", "2008-12-31": -25.74, "2008-09-30": -6.811, "2008-06-30": 23.37, "2008-03-31": "58.75600", "2007-12-31": -11.995, "2007-09-30": -149.928, "2007-06-30": 63.798, "2007-03-31": "43.24200", "2006-12-31": 11.213, "2006-09-30": -58.533, "2006-06-30": 15.81, "2006-03-31": "14.76400", "2005-12-31": 26.629, "2005-09-30": -55.67, "2005-06-30": 27.672, "2005-03-31": "52.59100"}, "Total Change In Assets/Liabilities": {"2020-12-31": -42.812, "2020-09-30": 95.149, "2020-06-30": -27.446, "2020-03-31": "-24.49100", "2019-12-31": -103.575, "2019-09-30": 148.321, "2019-06-30": 73.959, "2019-03-31": "81.67200", "2018-12-31": -184.521, "2018-09-30": 32.286, "2018-06-30": -2.124, "2018-03-31": "41.16700", "2017-12-31": 28.31, "2017-09-30": 58.546, "2017-06-30": 28.393, "2017-03-31": "71.96300", "2016-12-31": -114.098, "2016-09-30": 68.581, "2016-06-30": -3.107, "2016-03-31": "1.44200", "2015-12-31": 85.408, "2015-09-30": 114.289, "2015-06-30": -64.32, "2015-03-31": "7.77800", "2014-12-31": -240.234, "2014-09-30": 126.374, "2014-06-30": 37.382, "2014-03-31": "85.08800", "2013-12-31": -205.575, "2013-09-30": 111.056, "2013-06-30": 1.128, "2013-03-31": "79.71700", "2012-12-31": -58.755, "2012-09-30": 50.271, "2012-06-30": -46.291, "2012-03-31": "-13.59100", "2011-12-31": 31.878, "2011-09-30": 115.865, "2011-06-30": 3.002, "2011-03-31": "57.36100", "2010-12-31": -30.861, "2010-09-30": 129.563, "2010-06-30": 114.744, "2010-03-31": "-81.88300", "2009-12-31": 66.411, "2009-09-30": -64.151, "2009-06-30": 63.922, "2009-03-31": "-87.18000", "2008-12-31": -60.303, "2008-09-30": 30.227, "2008-06-30": 57.236, "2008-03-31": "-46.47500", "2007-12-31": -32.051, "2007-09-30": 60.749, "2007-06-30": 100.655, "2007-03-31": "-33.74900", "2006-12-31": 16.507, "2006-09-30": -26.571, "2006-06-30": -16.343, "2006-03-31": "-55.43300", "2005-12-31": 56.914, "2005-09-30": -73.232, "2005-06-30": -37.849, "2005-03-31": "-42.14700"}, "Cash Flow From Operating Activities": {"2020-12-31": 160.724, "2020-09-30": 223.162, "2020-06-30": 143.798, "2020-03-31": "267.38700", "2019-12-31": 114.468, "2019-09-30": 305.419, "2019-06-30": 252.021, "2019-03-31": "308.65200", "2018-12-31": 195.604, "2018-09-30": 239.289, "2018-06-30": 191.59, "2018-03-31": "259.34000", "2017-12-31": 166.837, "2017-09-30": 181.378, "2017-06-30": 88.677, "2017-03-31": "211.79500", "2016-12-31": 75.951, "2016-09-30": 162.909, "2016-06-30": 95.446, "2016-03-31": "129.95200", "2015-12-31": 107.313, "2015-09-30": 110.068, "2015-06-30": 65.845, "2015-03-31": "228.37000", "2014-12-31": 86.605, "2014-09-30": 293.024, "2014-06-30": 221.045, "2014-03-31": "336.10200", "2013-12-31": 69.777, "2013-09-30": 195.609, "2013-06-30": 125.109, "2013-03-31": "268.28100", "2012-12-31": 197.95, "2012-09-30": 162.214, "2012-06-30": 138.463, "2012-03-31": "229.48600", "2011-12-31": 275.202, "2011-09-30": 456.921, "2011-06-30": 360.239, "2011-03-31": "435.24400", "2010-12-31": 252.382, "2010-09-30": 373.088, "2010-06-30": 331.732, "2010-03-31": "174.11000", "2009-12-31": 332.243, "2009-09-30": 161.962, "2009-06-30": 316.466, "2009-03-31": "249.78000", "2008-12-31": 306.622, "2008-09-30": 213.265, "2008-06-30": 323.884, "2008-03-31": "146.09300", "2007-12-31": 87.998, "2007-09-30": 141.565, "2007-06-30": 271.103, "2007-03-31": "183.36700", "2006-12-31": 225.25, "2006-09-30": 90.213, "2006-06-30": 196.608, "2006-03-31": "152.47600", "2005-12-31": 218.717, "2005-09-30": 32.921, "2005-06-30": 61.764, "2005-03-31": "95.68400"}, "Net Change In Property, Plant, And Equipment": {"2020-12-31": -75.714, "2020-09-30": -102.48, "2020-06-30": -122.701, "2020-03-31": "-138.07400", "2019-12-31": -198.213, "2019-09-30": -327.948, "2019-06-30": -327.946, "2019-03-31": "-293.33200", "2018-12-31": -311.317, "2018-09-30": 49.926, "2018-06-30": -212.517, "2018-03-31": "-130.72200", "2017-12-31": -228.156, "2017-09-30": -68.71, "2017-06-30": 172.259, "2017-03-31": "-94.05400", "2016-12-31": 14.662, "2016-09-30": -43.439, "2016-06-30": -27.77, "2016-03-31": "-69.20300", "2015-12-31": 27.606, "2015-09-30": -171.665, "2015-06-30": -323.857, "2015-03-31": "-285.69600", "2014-12-31": -69.145, "2014-09-30": -347.251, "2014-06-30": -360.739, "2014-03-31": "-325.48100", "2013-12-31": -455.598, "2013-09-30": 43.337, "2013-06-30": -324.632, "2013-03-31": "-275.19400", "2012-12-31": -31.797, "2012-09-30": -105.909, "2012-06-30": -184.335, "2012-03-31": "-277.83500", "2011-12-31": -128.918, "2011-09-30": 275.789, "2011-06-30": -323.483, "2011-03-31": "-254.47800", "2010-12-31": -297.216, "2010-09-30": -221.826, "2010-06-30": -309.946, "2010-03-31": "-265.19200", "2009-12-31": -231.492, "2009-09-30": -170.469, "2009-06-30": -192.502, "2009-03-31": "-255.73300", "2008-12-31": -312.269, "2008-09-30": -302.21, "2008-06-30": -258.458, "2008-03-31": "-160.53900", "2007-12-31": -196.966, "2007-09-30": -177.813, "2007-06-30": -137.06, "2007-03-31": "-146.48400", "2006-12-31": -174.774, "2006-09-30": -171.859, "2006-06-30": -172.967, "2006-03-31": "-110.98300", "2005-12-31": -235.724, "2005-09-30": -116.409, "2005-06-30": -88.312, "2005-03-31": "-58.13100"}, "Net Change In Intangible Assets": {"2020-12-31": 0, "2020-09-30": 0, "2020-06-30": 0, "2020-03-31": "", "2019-12-31": 0, "2019-09-30": 0, "2019-06-30": 0, "2019-03-31": "", "2018-12-31": 0, "2018-09-30": 0, "2018-06-30": 0, "2018-03-31": "", "2017-12-31": 0, "2017-09-30": 0, "2017-06-30": 0, "2017-03-31": "", "2016-12-31": 0, "2016-09-30": 0, "2016-06-30": 0, "2016-03-31": "", "2015-12-31": 0, "2015-09-30": 0, "2015-06-30": 0, "2015-03-31": "", "2014-12-31": 0, "2014-09-30": 0, "2014-06-30": 0, "2014-03-31": "", "2013-12-31": 0, "2013-09-30": 0, "2013-06-30": 0, "2013-03-31": "", "2012-12-31": 0, "2012-09-30": 0, "2012-06-30": 0, "2012-03-31": "", "2011-12-31": 0, "2011-09-30": 0, "2011-06-30": 0, "2011-03-31": "", "2010-12-31": 0, "2010-09-30": 0, "2010-06-30": 0, "2010-03-31": "", "2009-12-31": 0, "2009-09-30": 0, "2009-06-30": 0, "2009-03-31": "", "2008-12-31": 0, "2008-09-30": 0, "2008-06-30": 0, "2008-03-31": "", "2007-12-31": 0, "2007-09-30": 0, "2007-06-30": 0, "2007-03-31": "", "2006-12-31": 0, "2006-09-30": 0, "2006-06-30": 0, "2006-03-31": "", "2005-12-31": 0, "2005-09-30": 0, "2005-06-30": 0, "2005-03-31": ""}, "Net Acquisitions/Divestitures": {"2020-12-31": 0, "2020-09-30": 0, "2020-06-30": 0, "2020-03-31": "", "2019-12-31": 0, "2019-09-30": 0, "2019-06-30": 0, "2019-03-31": "", "2018-12-31": 0, "2018-09-30": 0, "2018-06-30": 0, "2018-03-31": "-299.27200", "2017-12-31": 0, "2017-09-30": 0, "2017-06-30": 0, "2017-03-31": "", "2016-12-31": 0, "2016-09-30": 0, "2016-06-30": 0, "2016-03-31": "", "2015-12-31": 0, "2015-09-30": 0, "2015-06-30": 0, "2015-03-31": "", "2014-12-31": 0, "2014-09-30": 0, "2014-06-30": 0, "2014-03-31": "", "2013-12-31": 0, "2013-09-30": 0, "2013-06-30": 0, "2013-03-31": "", "2012-12-31": 0, "2012-09-30": 0, "2012-06-30": 0, "2012-03-31": "", "2011-12-31": 0, "2011-09-30": 0, "2011-06-30": 0, "2011-03-31": "", "2010-12-31": 3.987, "2010-09-30": 1.466, "2010-06-30": -3475.665, "2010-03-31": "", "2009-12-31": 0, "2009-09-30": 0, "2009-06-30": 0, "2009-03-31": "", "2008-12-31": 0, "2008-09-30": 0, "2008-06-30": 0, "2008-03-31": "", "2007-12-31": -0.065, "2007-09-30": -296.659, "2007-06-30": 0, "2007-03-31": "", "2006-12-31": 0, "2006-09-30": 0, "2006-06-30": 24.75, "2006-03-31": "-24.75000", "2005-12-31": 0, "2005-09-30": 420.167, "2005-06-30": 0, "2005-03-31": ""}, "Net Change In Short-term Investments": {"2020-12-31": 0, "2020-09-30": 0, "2020-06-30": 0, "2020-03-31": "", "2019-12-31": 0, "2019-09-30": 0, "2019-06-30": 0, "2019-03-31": "", "2018-12-31": 0, "2018-09-30": 0, "2018-06-30": 0, "2018-03-31": "", "2017-12-31": 0, "2017-09-30": 0, "2017-06-30": 0, "2017-03-31": "", "2016-12-31": 0, "2016-09-30": 0, "2016-06-30": 0, "2016-03-31": "", "2015-12-31": 0, "2015-09-30": 0, "2015-06-30": 0, "2015-03-31": "", "2014-12-31": 0, "2014-09-30": 0, "2014-06-30": 0, "2014-03-31": "", "2013-12-31": 0, "2013-09-30": 0, "2013-06-30": 0, "2013-03-31": "", "2012-12-31": 0, "2012-09-30": 0, "2012-06-30": 0, "2012-03-31": "", "2011-12-31": 0, "2011-09-30": 0, "2011-06-30": 0, "2011-03-31": "", "2010-12-31": 0, "2010-09-30": 0, "2010-06-30": 0, "2010-03-31": "", "2009-12-31": 0, "2009-09-30": 0, "2009-06-30": 0, "2009-03-31": "", "2008-12-31": 0, "2008-09-30": 0, "2008-06-30": 0, "2008-03-31": "", "2007-12-31": 0, "2007-09-30": 0, "2007-06-30": 0, "2007-03-31": "", "2006-12-31": 0, "2006-09-30": 0, "2006-06-30": 0, "2006-03-31": "", "2005-12-31": 0, "2005-09-30": 0, "2005-06-30": 0, "2005-03-31": ""}, "Net Change In Long-Term Investments": {"2020-12-31": 0, "2020-09-30": 0, "2020-06-30": 0, "2020-03-31": "", "2019-12-31": 0, "2019-09-30": 0, "2019-06-30": 0, "2019-03-31": "", "2018-12-31": 1.5, "2018-09-30": 4.1, "2018-06-30": 0, "2018-03-31": "3.65000", "2017-12-31": 7.253, "2017-09-30": 10.92, "2017-06-30": 18.791, "2017-03-31": "5.90900", "2016-12-31": 78.298, "2016-09-30": 1.023, "2016-06-30": 0, "2016-03-31": "-5.57800", "2015-12-31": -2.064, "2015-09-30": -26.463, "2015-06-30": -15.769, "2015-03-31": "-27.99200", "2014-12-31": -13.325, "2014-09-30": 147.532, "2014-06-30": -29, "2014-03-31": "-10.00000", "2013-12-31": -17.6, "2013-09-30": -1.512, "2013-06-30": -4.1, "2013-03-31": "-12.50000", "2012-12-31": -4.75, "2012-09-30": 3.138, "2012-06-30": -11.589, "2012-03-31": "-10.25000", "2011-12-31": -14.984, "2011-09-30": 66.99, "2011-06-30": 2.4, "2011-03-31": "1.47000", "2010-12-31": 4.585, "2010-09-30": 1.766, "2010-06-30": 5.551, "2010-03-31": "-0.45000", "2009-12-31": 1.095, "2009-09-30": 1.67, "2009-06-30": 1.37, "2009-03-31": "0.72000", "2008-12-31": 2.487, "2008-09-30": 0.211, "2008-06-30": -2.355, "2008-03-31": "1.53600", "2007-12-31": -4.023, "2007-09-30": -0.794, "2007-06-30": -0.438, "2007-03-31": "-1.80200", "2006-12-31": -29.561, "2006-09-30": -1.505, "2006-06-30": -0.122, "2006-03-31": "0.22500", "2005-12-31": 2.095, "2005-09-30": 8.739, "2005-06-30": -1.031, "2005-03-31": "-5.80700"}, "Net Change In Investments - Total": {"2020-12-31": 0, "2020-09-30": 0, "2020-06-30": 0, "2020-03-31": "", "2019-12-31": 0, "2019-09-30": 0, "2019-06-30": 0, "2019-03-31": "", "2018-12-31": 1.5, "2018-09-30": 4.1, "2018-06-30": 0, "2018-03-31": "3.65000", "2017-12-31": 7.253, "2017-09-30": 10.92, "2017-06-30": 18.791, "2017-03-31": "5.90900", "2016-12-31": 78.298, "2016-09-30": 1.023, "2016-06-30": 0, "2016-03-31": "-5.57800", "2015-12-31": -2.064, "2015-09-30": -26.463, "2015-06-30": -15.769, "2015-03-31": "-27.99200", "2014-12-31": -13.325, "2014-09-30": 147.532, "2014-06-30": -29, "2014-03-31": "-10.00000", "2013-12-31": -17.6, "2013-09-30": -1.512, "2013-06-30": -4.1, "2013-03-31": "-12.50000", "2012-12-31": -4.75, "2012-09-30": 3.138, "2012-06-30": -11.589, "2012-03-31": "-10.25000", "2011-12-31": -14.984, "2011-09-30": 66.99, "2011-06-30": 2.4, "2011-03-31": "1.47000", "2010-12-31": 4.585, "2010-09-30": 1.766, "2010-06-30": 5.551, "2010-03-31": "-0.45000", "2009-12-31": 1.095, "2009-09-30": 1.67, "2009-06-30": 1.37, "2009-03-31": "0.72000", "2008-12-31": 2.487, "2008-09-30": 0.211, "2008-06-30": -2.355, "2008-03-31": "1.53600", "2007-12-31": -4.023, "2007-09-30": -0.794, "2007-06-30": -0.438, "2007-03-31": "-1.80200", "2006-12-31": -29.561, "2006-09-30": -1.505, "2006-06-30": -0.122, "2006-03-31": "0.22500", "2005-12-31": 2.095, "2005-09-30": 8.739, "2005-06-30": -1.031, "2005-03-31": "-5.80700"}, "Investing Activities - Other": {"2020-12-31": 0, "2020-09-30": 0, "2020-06-30": 0, "2020-03-31": "", "2019-12-31": 0, "2019-09-30": 0, "2019-06-30": 0, "2019-03-31": "", "2018-12-31": 0, "2018-09-30": 0, "2018-06-30": 0, "2018-03-31": "", "2017-12-31": -12.896, "2017-09-30": -26.857, "2017-06-30": -6.883, "2017-03-31": "0.50300", "2016-12-31": 173.127, "2016-09-30": -28.26, "2016-06-30": -1.246, "2016-03-31": "395.75700", "2015-12-31": -139.423, "2015-09-30": -11.593, "2015-06-30": -13.086, "2015-03-31": "-6.21500", "2014-12-31": -33.973, "2014-09-30": 0, "2014-06-30": 0, "2014-03-31": "", "2013-12-31": 830.654, "2013-09-30": -136.136, "2013-06-30": 95.148, "2013-03-31": "56.15200", "2012-12-31": -377.083, "2012-09-30": 0, "2012-06-30": 0, "2012-03-31": "", "2011-12-31": -203.31, "2011-09-30": 0, "2011-06-30": 0, "2011-03-31": "", "2010-12-31": 0, "2010-09-30": 0, "2010-06-30": -991.034, "2010-03-31": "", "2009-12-31": 0, "2009-09-30": 0, "2009-06-30": 0, "2009-03-31": "", "2008-12-31": -67.259, "2008-09-30": 0, "2008-06-30": 0, "2008-03-31": "", "2007-12-31": 0, "2007-09-30": -10, "2007-06-30": 0, "2007-03-31": "", "2006-12-31": 0, "2006-09-30": 0, "2006-06-30": 0, "2006-03-31": "", "2005-12-31": 0, "2005-09-30": 0, "2005-06-30": 15, "2005-03-31": "-15.00000"}, "Cash Flow From Investing Activities": {"2020-12-31": -75.714, "2020-09-30": -102.48, "2020-06-30": -122.701, "2020-03-31": "-138.07400", "2019-12-31": -198.213, "2019-09-30": -327.948, "2019-06-30": -327.946, "2019-03-31": "-293.33200", "2018-12-31": -309.817, "2018-09-30": 54.026, "2018-06-30": -212.517, "2018-03-31": "-426.34400", "2017-12-31": -233.799, "2017-09-30": -84.647, "2017-06-30": 184.167, "2017-03-31": "-87.64200", "2016-12-31": 266.087, "2016-09-30": -70.676, "2016-06-30": -29.016, "2016-03-31": "320.97600", "2015-12-31": -113.881, "2015-09-30": -209.721, "2015-06-30": -352.712, "2015-03-31": "-319.90300", "2014-12-31": -116.443, "2014-09-30": -199.719, "2014-06-30": -389.739, "2014-03-31": "-335.48100", "2013-12-31": 357.456, "2013-09-30": -94.311, "2013-06-30": -233.584, "2013-03-31": "-231.54200", "2012-12-31": -413.63, "2012-09-30": -102.771, "2012-06-30": -195.924, "2012-03-31": "-288.08500", "2011-12-31": -347.212, "2011-09-30": 342.779, "2011-06-30": -321.083, "2011-03-31": "-253.00800", "2010-12-31": -288.644, "2010-09-30": -218.594, "2010-06-30": -4771.094, "2010-03-31": "-265.64200", "2009-12-31": -230.397, "2009-09-30": -168.799, "2009-06-30": -191.132, "2009-03-31": "-255.01300", "2008-12-31": -377.041, "2008-09-30": -301.999, "2008-06-30": -260.813, "2008-03-31": "-159.00300", "2007-12-31": -201.054, "2007-09-30": -485.266, "2007-06-30": -137.498, "2007-03-31": "-148.28600", "2006-12-31": -204.335, "2006-09-30": -173.364, "2006-06-30": -148.339, "2006-03-31": "-135.50800", "2005-12-31": -233.629, "2005-09-30": 312.497, "2005-06-30": -74.343, "2005-03-31": "-78.93800"}, "Net Long-Term Debt": {"2020-12-31": -171.9419, "2020-09-30": 34.0189, "2020-06-30": -254.4519, "2020-03-31": "146.82800", "2019-12-31": 111.723, "2019-09-30": 19.393, "2019-06-30": 87.582, "2019-03-31": "145.02700", "2018-12-31": 191.6899, "2018-09-30": -163.707, "2018-06-30": 93.294, "2018-03-31": "-142.96100", "2017-12-31": -28.001, "2017-09-30": -96.594, "2017-06-30": -22.962, "2017-03-31": "-100.19600", "2016-12-31": -953.58, "2016-09-30": -1.763, "2016-06-30": -2.364, "2016-03-31": "-2.09500", "2015-12-31": -2.1221, "2015-09-30": -36.1629, "2015-06-30": 1.725, "2015-03-31": "-738.04400", "2014-12-31": -6.1171, "2014-09-30": 1.8501, "2014-06-30": 39.566, "2014-03-31": "-4.67000", "2013-12-31": -44.05, "2013-09-30": 1.751, "2013-06-30": 8.087, "2013-03-31": "-35.17800", "2012-12-31": 60.606, "2012-09-30": -1.903, "2012-06-30": -2.332, "2012-03-31": "-2.33000", "2011-12-31": -1.76, "2011-09-30": -72.215, "2011-06-30": -199.192, "2011-03-31": "46.30200", "2010-12-31": -2.848, "2010-09-30": -2.974, "2010-06-30": 2897.897, "2010-03-31": "-3.48700", "2009-12-31": -117.747, "2009-09-30": -7.161, "2009-06-30": -2.857, "2009-03-31": "-6.42500", "2008-12-31": 28.181, "2008-09-30": -5.302, "2008-06-30": 1.306, "2008-03-31": "5.00100", "2007-12-31": -1.619, "2007-09-30": -1.6, "2007-06-30": -40.231, "2007-03-31": "-4.48500", "2006-12-31": -1.014, "2006-09-30": -4.01, "2006-06-30": 0.068, "2006-03-31": "-0.15100", "2005-12-31": 13.7, "2005-09-30": -0.118, "2005-06-30": -0.119, "2005-03-31": "-0.04700"}, "Net Current Debt": {"2020-12-31": 0, "2020-09-30": 0, "2020-06-30": 224, "2020-03-31": "-224.00000", "2019-12-31": 0, "2019-09-30": 0, "2019-06-30": 98, "2019-03-31": "-98.00000", "2018-12-31": 0, "2018-09-30": 0, "2018-06-30": 0, "2018-03-31": "", "2017-12-31": 0, "2017-09-30": 0.298, "2017-06-30": -0.298, "2017-03-31": "", "2016-12-31": 575, "2016-09-30": -102, "2016-06-30": -387.5, "2016-03-31": "-85.50000", "2015-12-31": -173, "2015-09-30": 67, "2015-06-30": 297.5, "2015-03-31": "760.50000", "2014-12-31": 0, "2014-09-30": 0, "2014-06-30": -11.736, "2014-03-31": "", "2013-12-31": -47, "2013-09-30": -126, "2013-06-30": 173, "2013-03-31": "", "2012-12-31": 0, "2012-09-30": 0, "2012-06-30": 0, "2012-03-31": "", "2011-12-31": 0, "2011-09-30": -260.75, "2011-06-30": 90.25, "2011-03-31": "-113.50000", "2010-12-31": 70.1, "2010-09-30": -144.65, "2010-06-30": -207.6, "2010-03-31": "93.30000", "2009-12-31": 62.9, "2009-09-30": -42.05, "2009-06-30": -68.4, "2009-03-31": "-37.30000", "2008-12-31": 287.2, "2008-09-30": 63.5, "2008-06-30": -73, "2008-03-31": "32.50000", "2007-12-31": 66.5, "2007-09-30": 181, "2007-06-30": 0, "2007-03-31": "", "2006-12-31": 0, "2006-09-30": 0, "2006-06-30": 0, "2006-03-31": "", "2005-12-31": -2.2, "2005-09-30": 2.2, "2005-06-30": 0, "2005-03-31": "-1.70000"}, "Debt Issuance/Retirement Net - Total": {"2020-12-31": -171.9419, "2020-09-30": 34.0189, "2020-06-30": -30.4519, "2020-03-31": "-77.17200", "2019-12-31": 111.723, "2019-09-30": 19.393, "2019-06-30": 185.582, "2019-03-31": "47.02700", "2018-12-31": 191.6899, "2018-09-30": -163.707, "2018-06-30": 93.294, "2018-03-31": "-142.96100", "2017-12-31": -28.001, "2017-09-30": -96.296, "2017-06-30": -23.26, "2017-03-31": "-100.19600", "2016-12-31": -378.58, "2016-09-30": -103.763, "2016-06-30": -389.864, "2016-03-31": "-87.59500", "2015-12-31": -175.1221, "2015-09-30": 30.8371, "2015-06-30": 299.225, "2015-03-31": "22.45600", "2014-12-31": -6.1171, "2014-09-30": 1.8501, "2014-06-30": 27.83, "2014-03-31": "-4.67000", "2013-12-31": -91.05, "2013-09-30": -124.249, "2013-06-30": 181.087, "2013-03-31": "-35.17800", "2012-12-31": 60.606, "2012-09-30": -1.903, "2012-06-30": -2.332, "2012-03-31": "-2.33000", "2011-12-31": -1.76, "2011-09-30": -332.965, "2011-06-30": -108.942, "2011-03-31": "-67.19800", "2010-12-31": 67.252, "2010-09-30": -147.624, "2010-06-30": 2690.297, "2010-03-31": "89.81300", "2009-12-31": -54.847, "2009-09-30": -49.211, "2009-06-30": -71.257, "2009-03-31": "-43.72500", "2008-12-31": 315.381, "2008-09-30": 58.198, "2008-06-30": -71.694, "2008-03-31": "37.50100", "2007-12-31": 64.881, "2007-09-30": 179.4, "2007-06-30": -40.231, "2007-03-31": "-4.48500", "2006-12-31": -1.014, "2006-09-30": -4.01, "2006-06-30": 0.068, "2006-03-31": "-0.15100", "2005-12-31": 11.5, "2005-09-30": 2.082, "2005-06-30": -0.119, "2005-03-31": "-1.74700"}, "Net Common Equity Issued/Repurchased": {"2020-12-31": -36.995, "2020-09-30": 0.151, "2020-06-30": 1.65, "2020-03-31": "0.00400", "2019-12-31": 0.355, "2019-09-30": -7.648, "2019-06-30": -77.22, "2019-03-31": "-32.39900", "2018-12-31": -87.363, "2018-09-30": -127.519, "2018-06-30": -85.334, "2018-03-31": "-79.82300", "2017-12-31": -103.059, "2017-09-30": 0.136, "2017-06-30": 0.229, "2017-03-31": "0.49400", "2016-12-31": 1.669, "2016-09-30": -0.012, "2016-06-30": -0.146, "2016-03-31": "-1.50700", "2015-12-31": 0, "2015-09-30": 0, "2015-06-30": 6.552, "2015-03-31": "-69.93800", "2014-12-31": 1.613, "2014-09-30": 0.169, "2014-06-30": 8.259, "2014-03-31": "4.97500", "2013-12-31": -1.731, "2013-09-30": 0.81, "2013-06-30": 1.588, "2013-03-31": "0.90900", "2012-12-31": -2.55, "2012-09-30": 0.777, "2012-06-30": 0.403, "2012-03-31": "0.16300", "2011-12-31": 2.814, "2011-09-30": 1.207, "2011-06-30": 1.313, "2011-03-31": "3.69900", "2010-12-31": 3.392, "2010-09-30": 0.426, "2010-06-30": 0.94, "2010-03-31": "1830.09700", "2009-12-31": 1.412, "2009-09-30": 0.524, "2009-06-30": 0.49, "2009-03-31": "0.12100", "2008-12-31": -97.568, "2008-09-30": 0.864, "2008-06-30": 8.858, "2008-03-31": "5.26700", "2007-12-31": 11.999, "2007-09-30": -52.467, "2007-06-30": 4.088, "2007-03-31": "-24.55300", "2006-12-31": 0.531, "2006-09-30": -31.772, "2006-06-30": 2.153, "2006-03-31": "-72.69200", "2005-12-31": 3.781, "2005-09-30": 13.932, "2005-06-30": 8.91, "2005-03-31": "12.52700"}, "Net Total Equity Issued/Repurchased": {"2020-12-31": -36.995, "2020-09-30": 0.151, "2020-06-30": 1.65, "2020-03-31": "0.00400", "2019-12-31": 0.355, "2019-09-30": -7.648, "2019-06-30": -77.22, "2019-03-31": "-32.39900", "2018-12-31": -87.363, "2018-09-30": -127.519, "2018-06-30": -85.334, "2018-03-31": "-79.82300", "2017-12-31": -103.059, "2017-09-30": 0.136, "2017-06-30": 0.229, "2017-03-31": "0.49400", "2016-12-31": 1.669, "2016-09-30": -0.012, "2016-06-30": -0.146, "2016-03-31": "-1.50700", "2015-12-31": 0, "2015-09-30": 0, "2015-06-30": 6.552, "2015-03-31": "-69.93800", "2014-12-31": 1.613, "2014-09-30": 0.169, "2014-06-30": 8.259, "2014-03-31": "4.97500", "2013-12-31": -1.731, "2013-09-30": 0.81, "2013-06-30": 1.588, "2013-03-31": "0.90900", "2012-12-31": -2.55, "2012-09-30": 0.777, "2012-06-30": 0.403, "2012-03-31": "0.16300", "2011-12-31": 2.814, "2011-09-30": 1.207, "2011-06-30": 1.313, "2011-03-31": "3.69900", "2010-12-31": 3.392, "2010-09-30": 0.426, "2010-06-30": 0.94, "2010-03-31": "1830.09700", "2009-12-31": 1.412, "2009-09-30": 0.524, "2009-06-30": 0.49, "2009-03-31": "0.12100", "2008-12-31": -97.568, "2008-09-30": 0.864, "2008-06-30": 8.858, "2008-03-31": "5.26700", "2007-12-31": 11.999, "2007-09-30": -52.467, "2007-06-30": 4.088, "2007-03-31": "-24.55300", "2006-12-31": 0.531, "2006-09-30": -31.772, "2006-06-30": 2.153, "2006-03-31": "-72.69200", "2005-12-31": 3.781, "2005-09-30": 13.932, "2005-06-30": 8.91, "2005-03-31": "12.52700"}, "Total Common And Preferred Stock Dividends Paid": {"2020-12-31": 0, "2020-09-30": -21.055, "2020-06-30": -3.489, "2020-03-31": "-17.44300", "2019-12-31": -16.822, "2019-09-30": -16.25, "2019-06-30": -15.689, "2019-03-31": "-15.12300", "2018-12-31": -14.594, "2018-09-30": -14.099, "2018-06-30": -13.613, "2018-03-31": "-13.12700", "2017-12-31": 0, "2017-09-30": 0, "2017-06-30": 0, "2017-03-31": "", "2016-12-31": 16.241, "2016-09-30": -5.416, "2016-06-30": -5.412, "2016-03-31": "-7.70700", "2015-12-31": -2.29, "2015-09-30": -2.28, "2015-06-30": -14.311, "2015-03-31": "-14.40000", "2014-12-31": -14.387, "2014-09-30": -14.386, "2014-06-30": -14.382, "2014-03-31": "-14.35100", "2013-12-31": -28.621, "2013-09-30": -28.61, "2013-06-30": -28.601, "2013-03-31": "", "2012-12-31": -56.988, "2012-09-30": -28.457, "2012-06-30": -28.446, "2012-03-31": "-28.38700", "2011-12-31": -28.384, "2011-09-30": -22.679, "2011-06-30": -22.668, "2011-03-31": "-22.62500", "2010-12-31": -22.585, "2010-09-30": -22.582, "2010-06-30": -22.578, "2010-03-31": "-18.11600", "2009-12-31": -18.085, "2009-09-30": -20.379, "2009-06-30": -18.068, "2009-03-31": "-18.26000", "2008-12-31": -18.079, "2008-09-30": -18.329, "2008-06-30": -18.294, "2008-03-31": "-18.25500", "2007-12-31": -18.193, "2007-09-30": -12.756, "2007-06-30": -12.751, "2007-03-31": "-12.77500", "2006-12-31": -12.785, "2006-09-30": -12.847, "2006-06-30": -12.836, "2006-03-31": "-12.94800", "2005-12-31": -12.944, "2005-09-30": -12.909, "2005-06-30": -12.779, "2005-03-31": "-12.68900"}, "Financial Activities - Other": {"2020-12-31": -10.795, "2020-09-30": -3.397, "2020-06-30": -0.911, "2020-03-31": "-12.95900", "2019-12-31": -0.712, "2019-09-30": -0.093, "2019-06-30": -8.109, "2019-03-31": "-8.05100", "2018-12-31": -0.994, "2018-09-30": -0.164, "2018-06-30": -1.064, "2018-03-31": "-23.76200", "2017-12-31": 426.031, "2017-09-30": -10.948, "2017-06-30": -12.044, "2017-03-31": "-16.98400", "2016-12-31": -7.816, "2016-09-30": -0.421, "2016-06-30": -0.028, "2016-03-31": "-0.04700", "2015-12-31": 167.105, "2015-09-30": 144.084, "2015-06-30": 0.114, "2015-03-31": "-18.25600", "2014-12-31": 0.151, "2014-09-30": -2.768, "2014-06-30": -19.707, "2014-03-31": "0.09200", "2013-12-31": 0.525, "2013-09-30": -0.103, "2013-06-30": 1.276, "2013-03-31": "0.71100", "2012-12-31": 5.516, "2012-09-30": 0.891, "2012-06-30": 0.73, "2012-03-31": "0.73000", "2011-12-31": 2.553, "2011-09-30": 0.741, "2011-06-30": -10.035, "2011-03-31": "-1.21100", "2010-12-31": 5.415, "2010-09-30": -3.445, "2010-06-30": -73.991, "2010-03-31": "3.13800", "2009-12-31": 2.879, "2009-09-30": -0.006, "2009-06-30": 0.257, "2009-03-31": "0.14000", "2008-12-31": -1.105, "2008-09-30": 3.114, "2008-06-30": 10.473, "2008-03-31": "9.52100", "2007-12-31": 17.324, "2007-09-30": 1.715, "2007-06-30": 3.732, "2007-03-31": "0.91100", "2006-12-31": 0.667, "2006-09-30": 2.082, "2006-06-30": 4.576, "2006-03-31": "31.22000", "2005-12-31": 0, "2005-09-30": 0, "2005-06-30": 0, "2005-03-31": ""}, "Cash Flow From Financial Activities": {"2020-12-31": -219.732, "2020-09-30": 9.718, "2020-06-30": -33.202, "2020-03-31": "-107.57000", "2019-12-31": 94.544, "2019-09-30": -4.598, "2019-06-30": 84.564, "2019-03-31": "-8.54600", "2018-12-31": 88.739, "2018-09-30": -305.489, "2018-06-30": -6.717, "2018-03-31": "-259.67300", "2017-12-31": 294.971, "2017-09-30": -107.108, "2017-06-30": -35.075, "2017-03-31": "-116.68600", "2016-12-31": -368.486, "2016-09-30": -109.612, "2016-06-30": -395.45, "2016-03-31": "-96.85600", "2015-12-31": -10.307, "2015-09-30": 172.641, "2015-06-30": 291.58, "2015-03-31": "-80.13800", "2014-12-31": -18.74, "2014-09-30": -15.135, "2014-06-30": 2, "2014-03-31": "-13.95400", "2013-12-31": -120.877, "2013-09-30": -152.152, "2013-06-30": 155.35, "2013-03-31": "-33.55800", "2012-12-31": 6.584, "2012-09-30": -28.692, "2012-06-30": -29.645, "2012-03-31": "-29.82400", "2011-12-31": -24.777, "2011-09-30": -353.696, "2011-06-30": -140.332, "2011-03-31": "-87.33500", "2010-12-31": 53.474, "2010-09-30": -173.225, "2010-06-30": 2594.668, "2010-03-31": "1904.93200", "2009-12-31": -68.641, "2009-09-30": -69.072, "2009-06-30": -88.578, "2009-03-31": "-61.72400", "2008-12-31": 198.629, "2008-09-30": 43.847, "2008-06-30": -70.657, "2008-03-31": "34.03400", "2007-12-31": 76.011, "2007-09-30": 115.892, "2007-06-30": -45.162, "2007-03-31": "-40.90200", "2006-12-31": -12.601, "2006-09-30": -46.547, "2006-06-30": -6.039, "2006-03-31": "-54.57100", "2005-12-31": 2.337, "2005-09-30": 3.105, "2005-06-30": -3.988, "2005-03-31": "-1.90900"}, "Net Cash Flow": {"2020-12-31": -134.722, "2020-09-30": 130.4, "2020-06-30": -12.105, "2020-03-31": "21.74300", "2019-12-31": 10.799, "2019-09-30": -27.127, "2019-06-30": 8.639, "2019-03-31": "6.77400", "2018-12-31": -25.474, "2018-09-30": -12.174, "2018-06-30": -27.644, "2018-03-31": "-426.67700", "2017-12-31": 228.009, "2017-09-30": -10.377, "2017-06-30": 237.769, "2017-03-31": "7.46700", "2016-12-31": -26.448, "2016-09-30": -17.379, "2016-06-30": -329.02, "2016-03-31": "354.07200", "2015-12-31": -16.875, "2015-09-30": 72.988, "2015-06-30": 4.713, "2015-03-31": "-171.67100", "2014-12-31": -48.578, "2014-09-30": 78.17, "2014-06-30": -166.694, "2014-03-31": "-13.33300", "2013-12-31": 306.356, "2013-09-30": -50.854, "2013-06-30": 46.875, "2013-03-31": "3.18100", "2012-12-31": -209.096, "2012-09-30": 30.751, "2012-06-30": -87.106, "2012-03-31": "-88.42300", "2011-12-31": -96.787, "2011-09-30": 446.004, "2011-06-30": -101.176, "2011-03-31": "94.90100", "2010-12-31": 17.212, "2010-09-30": -18.731, "2010-06-30": -1844.694, "2010-03-31": "1813.40000", "2009-12-31": 33.205, "2009-09-30": -75.909, "2009-06-30": 36.756, "2009-03-31": "-66.95700", "2008-12-31": 128.21, "2008-09-30": -44.887, "2008-06-30": -7.586, "2008-03-31": "21.12400", "2007-12-31": -37.045, "2007-09-30": -227.809, "2007-06-30": 88.443, "2007-03-31": "-5.82100", "2006-12-31": 8.314, "2006-09-30": -129.698, "2006-06-30": 42.23, "2006-03-31": "-37.60300", "2005-12-31": -12.575, "2005-09-30": 348.523, "2005-06-30": -16.567, "2005-03-31": "14.83700"}, "Stock-Based Compensation": {"2020-12-31": 2.473, "2020-09-30": 2.503, "2020-06-30": 2.566, "2020-03-31": "6.84000", "2019-12-31": 1.868, "2019-09-30": 1.781, "2019-06-30": 23.873, "2019-03-31": "10.90300", "2018-12-31": 5.48, "2018-09-30": 5.243, "2018-06-30": 5.708, "2018-03-31": "4.91000", "2017-12-31": 3.912, "2017-09-30": 5.154, "2017-06-30": 4.163, "2017-03-31": "3.75400", "2016-12-31": -4.509, "2016-09-30": 7.771, "2016-06-30": 10.43, "2016-03-31": "5.62400", "2015-12-31": -5.535, "2015-09-30": 5.72, "2015-06-30": 6.648, "2015-03-31": "7.48100", "2014-12-31": 9.363, "2014-09-30": 7.014, "2014-06-30": 9.608, "2014-03-31": "15.89200", "2013-12-31": 12.961, "2013-09-30": 9.379, "2013-06-30": 8.578, "2013-03-31": "26.06900", "2012-12-31": 2.704, "2012-09-30": 11.488, "2012-06-30": 10.683, "2012-03-31": "16.25200", "2011-12-31": 5.048, "2011-09-30": 11.508, "2011-06-30": 12.129, "2011-03-31": "13.44600", "2010-12-31": 14.013, "2010-09-30": 13.531, "2010-06-30": 10.1, "2010-03-31": "9.94900", "2009-12-31": 8.159, "2009-09-30": 9.09, "2009-06-30": 11.877, "2009-03-31": "9.90600", "2008-12-31": 6.275, "2008-09-30": 6.486, "2008-06-30": 6.768, "2008-03-31": "5.65700", "2007-12-31": 3.747, "2007-09-30": 3.779, "2007-06-30": 5.178, "2007-03-31": "11.53900", "2006-12-31": 12.516, "2006-09-30": 4.066, "2006-06-30": 3.588, "2006-03-31": "2.67100", "2005-12-31": 0.942, "2005-09-30": 0.857, "2005-06-30": 1.357, "2005-03-31": "0.44000"}, "Common Stock Dividends Paid": {"2020-12-31": 0, "2020-09-30": -21.055, "2020-06-30": -3.489, "2020-03-31": "-17.44300", "2019-12-31": -16.822, "2019-09-30": -16.25, "2019-06-30": -15.689, "2019-03-31": "-15.12300", "2018-12-31": -14.594, "2018-09-30": -14.099, "2018-06-30": -13.613, "2018-03-31": "-13.12700", "2017-12-31": 0, "2017-09-30": 0, "2017-06-30": 0, "2017-03-31": "0.00000", "2016-12-31": 16.241, "2016-09-30": -5.416, "2016-06-30": -5.412, "2016-03-31": "-7.70700", "2015-12-31": -2.29, "2015-09-30": -2.28, "2015-06-30": -14.311, "2015-03-31": "-14.40000", "2014-12-31": -14.387, "2014-09-30": -14.386, "2014-06-30": -14.382, "2014-03-31": "-14.35100", "2013-12-31": -28.621, "2013-09-30": -28.61, "2013-06-30": -28.601, "2013-03-31": "0.00000", "2012-12-31": -56.988, "2012-09-30": -28.457, "2012-06-30": -28.446, "2012-03-31": "-28.38700", "2011-12-31": -28.384, "2011-09-30": -22.679, "2011-06-30": -22.668, "2011-03-31": "-22.62500", "2010-12-31": -22.585, "2010-09-30": -22.582, "2010-06-30": -22.578, "2010-03-31": "-18.11600", "2009-12-31": -18.085, "2009-09-30": -20.379, "2009-06-30": -18.068, "2009-03-31": "-18.26000", "2008-12-31": -18.079, "2008-09-30": -18.329, "2008-06-30": -18.294, "2008-03-31": "-18.25500", "2007-12-31": -18.193, "2007-09-30": -12.756, "2007-06-30": -12.751, "2007-03-31": "-12.77500", "2006-12-31": -12.785, "2006-09-30": -12.847, "2006-06-30": -12.836, "2006-03-31": "-12.94800", "2005-12-31": -12.944, "2005-09-30": -12.909, "2005-06-30": -12.779, "2005-03-31": "-12.68900"}}, "financial ratios": {"Current Ratio": {"2019-12-31": "0.94170", "2018-12-31": "0.95930", "2017-12-31": "1.93010", "2016-12-31": "0.66610", "2015-12-31": "0.47750", "2014-12-31": "0.95780", "2013-12-31": "1.29070", "2012-12-31": "1.10960", "2011-12-31": "1.36700", "2010-12-31": "0.66980", "2009-12-31": "0.67030", "2008-12-31": "0.65080", "2007-12-31": "0.67210", "2006-12-31": "1.23560", "2005-12-31": "1.24690"}, "Long-term Debt / Capital": {"2019-12-31": "0.35760", "2018-12-31": "0.32000", "2017-12-31": "0.36140", "2016-12-31": "0.41210", "2015-12-31": "0.36100", "2014-12-31": "0.37830", "2013-12-31": "0.38720", "2012-12-31": "0.44530", "2011-12-31": "0.46810", "2010-12-31": "0.52040", "2009-12-31": "0.17280", "2008-12-31": "0.21860", "2007-12-31": "0.28700", "2006-12-31": "0.31610", "2005-12-31": "0.29950"}, "Debt/Equity Ratio": {"2019-12-31": "0.55810", "2018-12-31": "0.47200", "2017-12-31": "0.56780", "2016-12-31": "0.70290", "2015-12-31": "0.76300", "2014-12-31": "0.60990", "2013-12-31": "0.63420", "2012-12-31": "0.82200", "2011-12-31": "0.88570", "2010-12-31": "1.25850", "2009-12-31": "0.48960", "2008-12-31": "0.62620", "2007-12-31": "0.62150", "2006-12-31": "0.51800", "2005-12-31": "0.43200"}, "Gross Margin": {"2019-12-31": "78.09610", "2018-12-31": "78.74810", "2017-12-31": "70.07400", "2016-12-31": "45.12050", "2015-12-31": "69.61440", "2014-12-31": "91.56730", "2013-12-31": "90.30230", "2012-12-31": "93.44230", "2011-12-31": "48.12960", "2010-12-31": "37.50860", "2009-12-31": "40.20840", "2008-12-31": "38.71230", "2007-12-31": "37.29300", "2006-12-31": "38.23650", "2005-12-31": "36.98960"}, "Operating Margin": {"2019-12-31": "9.67390", "2018-12-31": "29.09510", "2017-12-31": "6.72900", "2016-12-31": "-54.29700", "2015-12-31": "-57.27750", "2014-12-31": "15.56640", "2013-12-31": "8.03930", "2012-12-31": "17.04210", "2011-12-31": "26.32520", "2010-12-31": "14.10060", "2009-12-31": "17.73660", "2008-12-31": "16.37370", "2007-12-31": "12.22180", "2006-12-31": "15.50360", "2005-12-31": "17.89820"}, "EBIT Margin": {"2019-12-31": "9.67390", "2018-12-31": "29.09510", "2017-12-31": "6.72900", "2016-12-31": "-54.29700", "2015-12-31": "-57.27750", "2014-12-31": "15.56640", "2013-12-31": "8.03930", "2012-12-31": "17.04210", "2011-12-31": "26.32520", "2010-12-31": "14.10060", "2009-12-31": "17.73660", "2008-12-31": "16.37370", "2007-12-31": "12.22180", "2006-12-31": "15.50360", "2005-12-31": "17.89820"}, "EBITDA Margin": {"2019-12-31": "36.52560", "2018-12-31": "59.17040", "2017-12-31": "35.77560", "2016-12-31": "2.15250", "2015-12-31": "-26.26300", "2014-12-31": "32.19060", "2013-12-31": "23.19800", "2012-12-31": "28.65630", "2011-12-31": "36.16240", "2010-12-31": "25.02150", "2009-12-31": "27.28660", "2008-12-31": "24.85300", "2007-12-31": "20.97290", "2006-12-31": "23.57890", "2005-12-31": "24.88780"}, "Pre-Tax Profit Margin": {"2019-12-31": "3.10460", "2018-12-31": "63.49090", "2017-12-31": "8.14920", "2016-12-31": "-77.02270", "2015-12-31": "-77.62810", "2014-12-31": "5.62270", "2013-12-31": "1.39630", "2012-12-31": "11.05870", "2011-12-31": "19.94330", "2010-12-31": "8.93640", "2009-12-31": "17.05680", "2008-12-31": "15.59600", "2007-12-31": "11.40180", "2006-12-31": "14.82890", "2005-12-31": "17.18130"}, "Net Profit Margin": {"2019-12-31": "-4.19930", "2018-12-31": "46.03080", "2017-12-31": "26.16580", "2016-12-31": "-111.59710", "2015-12-31": "-31.27330", "2014-12-31": "5.09020", "2013-12-31": "20.01530", "2012-12-31": "10.56340", "2011-12-31": "14.45030", "2010-12-31": "6.62300", "2009-12-31": "11.67750", "2008-12-31": "9.51050", "2007-12-31": "7.11770", "2006-12-31": "11.00570", "2005-12-31": "15.24390"}, "Asset Turnover": {"2019-12-31": "0.21220", "2018-12-31": "0.20140", "2017-12-31": "0.20990", "2016-12-31": "0.08280", "2015-12-31": "0.10970", "2014-12-31": "0.27490", "2013-12-31": "0.28960", "2012-12-31": "0.28290", "2011-12-31": "0.34940", "2010-12-31": "0.43380", "2009-12-31": "0.59440", "2008-12-31": "0.63120", "2007-12-31": "0.60600", "2006-12-31": "0.65600", "2005-12-31": "0.75130"}, "Inventory Turnover Ratio": {"2019-12-31": "60.29380", "2018-12-31": "37.85380", "2017-12-31": "40.53830", "2016-12-31": "27.25750", "2015-12-31": "5.45340", "2014-12-31": "2.65220", "2013-12-31": "2.02640", "2012-12-31": "1.41190", "2011-12-31": "8.78860", "2010-12-31": "12.65600", "2009-12-31": "8.98410", "2008-12-31": "12.51650", "2007-12-31": "14.45630", "2006-12-31": "15.36850", "2005-12-31": "17.03110"}, "Receiveable Turnover": {"2019-12-31": "9.17270", "2018-12-31": "4.19010", "2017-12-31": "6.13340", "2016-12-31": "2.61930", "2015-12-31": "4.17670", "2014-12-31": "5.10710", "2013-12-31": "5.38190", "2012-12-31": "4.01610", "2011-12-31": "4.95440", "2010-12-31": "10.33470", "2009-12-31": "12.05360", "2008-12-31": "13.88200", "2007-12-31": "13.96480", "2006-12-31": "10.42580", "2005-12-31": "12.71770"}, "Days Sales In Receivables": {"2019-12-31": "39.79200", "2018-12-31": "87.11020", "2017-12-31": "59.51050", "2016-12-31": "139.34940", "2015-12-31": "87.38930", "2014-12-31": "71.46890", "2013-12-31": "67.82050", "2012-12-31": "90.88380", "2011-12-31": "73.67220", "2010-12-31": "35.31810", "2009-12-31": "30.28140", "2008-12-31": "26.29310", "2007-12-31": "26.13720", "2006-12-31": "35.00920", "2005-12-31": "28.70010"}, "ROE - Return On Equity": {"2019-12-31": "0.64380", "2018-12-31": "17.37810", "2017-12-31": "7.56530", "2016-12-31": "-13.98020", "2015-12-31": "-13.39020", "2014-12-31": "3.09500", "2013-12-31": "1.58330", "2012-12-31": "8.04200", "2011-12-31": "18.87830", "2010-12-31": "12.21470", "2009-12-31": "28.01420", "2008-12-31": "29.00600", "2007-12-31": "24.11190", "2006-12-31": "38.35120", "2005-12-31": "56.64970"}, "Return On Tangible Equity": {"2019-12-31": "0.78510", "2018-12-31": "21.11600", "2017-12-31": "7.56530", "2016-12-31": "-13.98020", "2015-12-31": "-13.39020", "2014-12-31": "3.09500", "2013-12-31": "1.58330", "2012-12-31": "8.04200", "2011-12-31": "18.87830", "2010-12-31": "12.21470", "2009-12-31": "28.01420", "2008-12-31": "29.00600", "2007-12-31": "24.11190", "2006-12-31": "38.35120", "2005-12-31": "56.64970"}, "ROA - Return On Assets": {"2019-12-31": "0.35260", "2018-12-31": "10.27810", "2017-12-31": "4.25620", "2016-12-31": "-6.00180", "2015-12-31": "-5.94880", "2014-12-31": "1.41530", "2013-12-31": "0.69570", "2012-12-31": "2.44630", "2011-12-31": "5.44220", "2010-12-31": "2.97110", "2009-12-31": "7.29410", "2008-12-31": "6.58930", "2007-12-31": "4.71670", "2006-12-31": "7.21980", "2005-12-31": "11.45240"}, "ROI - Return On Investment": {"2019-12-31": "0.41360", "2018-12-31": "11.81700", "2017-12-31": "4.83090", "2016-12-31": "-8.21940", "2015-12-31": "-8.55570", "2014-12-31": "1.92410", "2013-12-31": "0.97020", "2012-12-31": "4.46050", "2011-12-31": "10.04190", "2010-12-31": "5.85780", "2009-12-31": "23.17340", "2008-12-31": "22.66590", "2007-12-31": "17.19090", "2006-12-31": "26.22900", "2005-12-31": "39.68380"}, "Book Value Per Share": {"2019-12-31": "26.58720", "2018-12-31": "25.57970", "2017-12-31": "17.43030", "2016-12-31": "17.17590", "2015-12-31": "21.19930", "2014-12-31": "23.14490", "2013-12-31": "21.84760", "2012-12-31": "17.33380", "2011-12-31": "15.90310", "2010-12-31": "12.98190", "2009-12-31": "11.17970", "2008-12-31": "9.27360", "2007-12-31": "6.66190", "2006-12-31": "5.83700", "2005-12-31": "5.54090"}, "Operating Cash Flow Per Share": {"2019-12-31": 1.014, "2018-12-31": 1.3184, "2017-12-31": 0.7849, "2016-12-31": -0.2083, "2015-12-31": -1.813, "2014-12-31": 1.1819, "2013-12-31": -0.3143, "2012-12-31": -3.4931, "2011-12-31": 1.4582, "2010-12-31": -0.588, "2009-12-31": 0.4406, "2008-12-31": 1.6454, "2007-12-31": 0.1347, "2006-12-31": 1.3749, "2005-12-31": 2.2049}, "Free Cash Flow Per Share": {"2019-12-31": -2.1851, "2018-12-31": -0.5519, "2017-12-31": 0.3863, "2016-12-31": 2.5317, "2015-12-31": -0.3399, "2014-12-31": 0.8195, "2013-12-31": -2.0952, "2012-12-31": -4.2286, "2011-12-31": 4.6171, "2010-12-31": -0.979, "2009-12-31": 1.3862, "2008-12-31": -0.3757, "2007-12-31": -0.0434, "2006-12-31": 0.6653, "2005-12-31": -0.4823}}, "financial ratios, quarterly": {"Current Ratio": {"2020-09-30": "0.65410", "2020-06-30": "0.90390", "2020-03-31": "1.17130", "2019-12-31": "0.94170", "2019-09-30": "0.55620", "2019-06-30": "0.73820", "2019-03-31": "0.62020", "2018-12-31": "0.95930", "2018-09-30": "0.59080", "2018-06-30": "0.67190", "2018-03-31": "0.92980", "2017-12-31": "1.93010", "2017-09-30": "0.93620", "2017-06-30": "1.02590", "2017-03-31": "0.62070", "2016-12-31": "0.66610", "2016-09-30": "0.48110", "2016-06-30": "0.45710", "2016-03-31": "0.72330", "2015-12-31": "0.47750", "2015-09-30": "0.51960", "2015-06-30": "0.39190", "2015-03-31": "0.48880", "2014-12-31": "0.95780", "2014-09-30": "1.06290", "2014-06-30": "1.13120", "2014-03-31": "1.24650", "2013-12-31": "1.29070", "2013-09-30": "0.75210", "2013-06-30": "0.99030", "2013-03-31": "1.06870", "2012-12-31": "1.10960", "2012-09-30": "1.28250", "2012-06-30": "1.32030", "2012-03-31": "1.33340", "2011-12-31": "1.36700", "2011-09-30": "1.45970", "2011-06-30": "0.74520", "2011-03-31": "0.75400", "2010-12-31": "0.66980", "2010-09-30": "0.64990", "2010-06-30": "0.64910", "2010-03-31": "1.84880", "2009-12-31": "0.67030", "2009-09-30": "0.69200", "2009-06-30": "0.73190", "2009-03-31": "0.73570", "2008-12-31": "0.65080", "2008-09-30": "0.63710", "2008-06-30": "0.69440", "2008-03-31": "0.71800", "2007-12-31": "0.67210", "2007-09-30": "0.74350", "2007-06-30": "1.45110", "2007-03-31": "1.32380", "2006-12-31": "1.23560", "2006-09-30": "1.16270", "2006-06-30": "1.29430", "2006-03-31": "1.30670", "2005-12-31": "1.24690", "2005-09-30": "1.39520", "2005-06-30": "0.84610", "2005-03-31": "0.78950"}, "Long-term Debt / Capital": {"2020-09-30": "0.37670", "2020-06-30": "0.35780", "2020-03-31": "0.36290", "2019-12-31": "0.35760", "2019-09-30": "0.33660", "2019-06-30": "0.34010", "2019-03-31": "0.32930", "2018-12-31": "0.32000", "2018-09-30": "0.30350", "2018-06-30": "0.31780", "2018-03-31": "0.30550", "2017-12-31": "0.36140", "2017-09-30": "0.38350", "2017-06-30": "0.39150", "2017-03-31": "0.40490", "2016-12-31": "0.41210", "2016-09-30": "0.39180", "2016-06-30": "0.39220", "2016-03-31": "0.36800", "2015-12-31": "0.36100", "2015-09-30": "0.36230", "2015-06-30": "0.35680", "2015-03-31": "0.32930", "2014-12-31": "0.37830", "2014-09-30": "0.38430", "2014-06-30": "0.39180", "2014-03-31": "0.38300", "2013-12-31": "0.38720", "2013-09-30": "0.44490", "2013-06-30": "0.44070", "2013-03-31": "0.44400", "2012-12-31": "0.44530", "2012-09-30": "0.45570", "2012-06-30": "0.45070", "2012-03-31": "0.45700", "2011-12-31": "0.46810", "2011-09-30": "0.48120", "2011-06-30": "0.49750", "2011-03-31": "0.50500", "2010-12-31": "0.52040", "2010-09-30": "0.50800", "2010-06-30": "0.51170", "2010-03-31": "0.09540", "2009-12-31": "0.17280", "2009-09-30": "0.18320", "2009-06-30": "0.18850", "2009-03-31": "0.19630", "2008-12-31": "0.21860", "2008-09-30": "0.25060", "2008-06-30": "0.28670", "2008-03-31": "0.29100", "2007-12-31": "0.28700", "2007-09-30": "0.28290", "2007-06-30": "0.27480", "2007-03-31": "0.29950", "2006-12-31": "0.31610", "2006-09-30": "0.25350", "2006-06-30": "0.25810", "2006-03-31": "0.29680", "2005-12-31": "0.29950", "2005-09-30": "0.31690", "2005-06-30": "0.42350", "2005-03-31": "0.44220"}, "Debt/Equity Ratio": {"2020-09-30": "0.61130", "2020-06-30": "0.56380", "2020-03-31": "0.57570", "2019-12-31": "0.55810", "2019-09-30": "0.50880", "2019-06-30": "0.51690", "2019-03-31": "0.49250", "2018-12-31": "0.47200", "2018-09-30": "0.43700", "2018-06-30": "0.46730", "2018-03-31": "0.44130", "2017-12-31": "0.56780", "2017-09-30": "0.62470", "2017-06-30": "0.64620", "2017-03-31": "0.68330", "2016-12-31": "0.70290", "2016-09-30": "0.72780", "2016-06-30": "0.75530", "2016-03-31": "0.76300", "2015-12-31": "0.76300", "2015-09-30": "0.76400", "2015-06-30": "0.79190", "2015-03-31": "0.64310", "2014-12-31": "0.60990", "2014-09-30": "0.62640", "2014-06-30": "0.64660", "2014-03-31": "0.62320", "2013-12-31": "0.63420", "2013-09-30": "0.82800", "2013-06-30": "0.84440", "2013-03-31": "0.80960", "2012-12-31": "0.82200", "2012-09-30": "0.84310", "2012-06-30": "0.82580", "2012-03-31": "0.84720", "2011-12-31": "0.88570", "2011-09-30": "0.93360", "2011-06-30": "1.10090", "2011-03-31": "1.16280", "2010-12-31": "1.25850", "2010-09-30": "1.17120", "2010-06-30": "1.24790", "2010-03-31": "0.27150", "2009-12-31": "0.48960", "2009-09-30": "0.43770", "2009-06-30": "0.47100", "2009-03-31": "0.52980", "2008-12-31": "0.62620", "2008-09-30": "0.53630", "2008-06-30": "0.58600", "2008-03-31": "0.65680", "2007-12-31": "0.62150", "2007-09-30": "0.55390", "2007-06-30": "0.39030", "2007-03-31": "0.48010", "2006-12-31": "0.51800", "2006-09-30": "0.38560", "2006-06-30": "0.39460", "2006-03-31": "0.43240", "2005-12-31": "0.43200", "2005-09-30": "0.47060", "2005-06-30": "0.74130", "2005-03-31": "0.80000"}, "Gross Margin": {"2020-09-30": "-52.14680", "2020-06-30": "46.24200", "2020-03-31": "74.00320", "2019-12-31": "77.52410", "2019-09-30": "79.68230", "2019-06-30": "82.91230", "2019-03-31": "65.65650", "2018-12-31": "77.17050", "2018-09-30": "79.97890", "2018-06-30": "78.73440", "2018-03-31": "79.15900", "2017-12-31": "74.09980", "2017-09-30": "61.03170", "2017-06-30": "73.91500", "2017-03-31": "67.73440", "2016-12-31": "113.50370", "2016-09-30": "85.68410", "2016-06-30": "65.07490", "2016-03-31": "80.88650", "2015-12-31": "112.74050", "2015-09-30": "87.25460", "2015-06-30": "84.55630", "2015-03-31": "90.09930", "2014-12-31": "92.28500", "2014-09-30": "90.50610", "2014-06-30": "92.05560", "2014-03-31": "91.75800", "2013-12-31": "83.66210", "2013-09-30": "92.46850", "2013-06-30": "92.33660", "2013-03-31": "92.74000", "2012-12-31": "41.57710", "2012-09-30": "28.60320", "2012-06-30": "41.02680", "2012-03-31": "36.59430", "2011-12-31": "42.81560", "2011-09-30": "42.19300", "2011-06-30": "41.48510", "2011-03-31": "44.42490", "2010-12-31": "38.95100", "2010-09-30": "36.69630", "2010-06-30": "36.39340", "2010-03-31": "37.97320", "2009-12-31": "40.00710", "2009-09-30": "35.28110", "2009-06-30": "39.91530", "2009-03-31": "45.09530", "2008-12-31": "41.47920", "2008-09-30": "36.77240", "2008-06-30": "38.70180", "2008-03-31": "37.59100", "2007-12-31": "33.49760", "2007-09-30": "26.83490", "2007-06-30": "44.09140", "2007-03-31": "43.15160", "2006-12-31": "34.52850", "2006-09-30": "32.98620", "2006-06-30": "41.28490", "2006-03-31": "43.43200", "2005-12-31": "33.73750", "2005-09-30": "47.88340", "2005-06-30": "29.17220", "2005-03-31": "32.56840"}, "Operating Margin": {"2020-09-30": "-323.01170", "2020-06-30": "-76.37080", "2020-03-31": "-99.83640", "2019-12-31": "-55.15190", "2019-09-30": "43.66030", "2019-06-30": "45.15930", "2019-03-31": "-13.62390", "2018-12-31": "27.73600", "2018-09-30": "30.55130", "2018-06-30": "22.24140", "2018-03-31": "34.68190", "2017-12-31": "23.48410", "2017-09-30": "-2.75220", "2017-06-30": "24.62570", "2017-03-31": "-30.49610", "2016-12-31": "33.65120", "2016-09-30": "21.82780", "2016-06-30": "-100.53360", "2016-03-31": "-3.23290", "2015-12-31": "29.22120", "2015-09-30": "33.80870", "2015-06-30": "-152.57070", "2015-03-31": "19.36120", "2014-12-31": "54.44310", "2014-09-30": "5.91940", "2014-06-30": "4.31950", "2014-03-31": "18.68750", "2013-12-31": "8.58900", "2013-09-30": "6.59600", "2013-06-30": "11.18660", "2013-03-31": "5.78460", "2012-12-31": "20.89640", "2012-09-30": "1.95710", "2012-06-30": "18.44280", "2012-03-31": "12.38440", "2011-12-31": "19.19660", "2011-09-30": "18.04200", "2011-06-30": "18.57450", "2011-03-31": "21.67080", "2010-12-31": "15.09030", "2010-09-30": "11.70290", "2010-06-30": "13.85980", "2010-03-31": "15.87630", "2009-12-31": "16.98970", "2009-09-30": "12.42620", "2009-06-30": "16.83220", "2009-03-31": "24.05890", "2008-12-31": "23.83540", "2008-09-30": "12.99960", "2008-06-30": "15.12220", "2008-03-31": "12.67000", "2007-12-31": "3.59570", "2007-09-30": "1.23300", "2007-06-30": "23.25470", "2007-03-31": "18.52850", "2006-12-31": "11.90880", "2006-09-30": "8.79100", "2006-06-30": "18.71200", "2006-03-31": "21.68930", "2005-12-31": "13.73590", "2005-09-30": "32.66960", "2005-06-30": "7.08270", "2005-03-31": "11.82530"}, "EBIT Margin": {"2020-09-30": "-323.01170", "2020-06-30": "-76.37080", "2020-03-31": "-99.83640", "2019-12-31": "-55.15190", "2019-09-30": "43.66030", "2019-06-30": "45.15930", "2019-03-31": "-13.62390", "2018-12-31": "27.73600", "2018-09-30": "30.55130", "2018-06-30": "22.24140", "2018-03-31": "34.68190", "2017-12-31": "23.48410", "2017-09-30": "-2.75220", "2017-06-30": "24.62570", "2017-03-31": "-30.49610", "2016-12-31": "33.65120", "2016-09-30": "21.82780", "2016-06-30": "-100.53360", "2016-03-31": "-3.23290", "2015-12-31": "29.22120", "2015-09-30": "33.80870", "2015-06-30": "-152.57070", "2015-03-31": "19.36120", "2014-12-31": "54.44310", "2014-09-30": "5.91940", "2014-06-30": "4.31950", "2014-03-31": "18.68750", "2013-12-31": "8.58900", "2013-09-30": "6.59600", "2013-06-30": "11.18660", "2013-03-31": "5.78460", "2012-12-31": "20.89640", "2012-09-30": "1.95710", "2012-06-30": "18.44280", "2012-03-31": "12.38440", "2011-12-31": "19.19660", "2011-09-30": "18.04200", "2011-06-30": "18.57450", "2011-03-31": "21.67080", "2010-12-31": "15.09030", "2010-09-30": "11.70290", "2010-06-30": "13.85980", "2010-03-31": "15.87630", "2009-12-31": "16.98970", "2009-09-30": "12.42620", "2009-06-30": "16.83220", "2009-03-31": "24.05890", "2008-12-31": "23.83540", "2008-09-30": "12.99960", "2008-06-30": "15.12220", "2008-03-31": "12.67000", "2007-12-31": "3.59570", "2007-09-30": "1.23300", "2007-06-30": "23.25470", "2007-03-31": "18.52850", "2006-12-31": "11.90880", "2006-09-30": "8.79100", "2006-06-30": "18.71200", "2006-03-31": "21.68930", "2005-12-31": "13.73590", "2005-09-30": "32.66960", "2005-06-30": "7.08270", "2005-03-31": "11.82530"}, "EBITDA Margin": {"2020-09-30": "", "2020-06-30": "", "2020-03-31": "", "2019-12-31": "", "2019-09-30": "", "2019-06-30": "", "2019-03-31": "", "2018-12-31": "", "2018-09-30": "", "2018-06-30": "", "2018-03-31": "", "2017-12-31": "", "2017-09-30": "", "2017-06-30": "", "2017-03-31": "", "2016-12-31": "", "2016-09-30": "", "2016-06-30": "", "2016-03-31": "", "2015-12-31": "", "2015-09-30": "", "2015-06-30": "", "2015-03-31": "", "2014-12-31": "", "2014-09-30": "", "2014-06-30": "", "2014-03-31": "", "2013-12-31": "", "2013-09-30": "", "2013-06-30": "", "2013-03-31": "", "2012-12-31": "", "2012-09-30": "", "2012-06-30": "", "2012-03-31": "", "2011-12-31": "", "2011-09-30": "", "2011-06-30": "", "2011-03-31": "", "2010-12-31": "", "2010-09-30": "", "2010-06-30": "", "2010-03-31": "", "2009-12-31": "", "2009-09-30": "", "2009-06-30": "", "2009-03-31": "", "2008-12-31": "", "2008-09-30": "", "2008-06-30": "", "2008-03-31": "", "2007-12-31": "", "2007-09-30": "", "2007-06-30": "", "2007-03-31": "", "2006-12-31": "", "2006-09-30": "", "2006-06-30": "", "2006-03-31": "", "2005-12-31": "", "2005-09-30": "", "2005-06-30": "", "2005-03-31": ""}, "Pre-Tax Profit Margin": {"2020-09-30": "-378.46690", "2020-06-30": "-106.91410", "2020-03-31": "-109.95410", "2019-12-31": "-57.06470", "2019-09-30": "36.38930", "2019-06-30": "38.59050", "2019-03-31": "-27.37120", "2018-12-31": "24.27390", "2018-09-30": "51.22660", "2018-06-30": "7.53300", "2018-03-31": "153.15630", "2017-12-31": "18.55780", "2017-09-30": "-3.92290", "2017-06-30": "48.44530", "2017-03-31": "-43.26870", "2016-12-31": "37.14430", "2016-09-30": "15.48140", "2016-06-30": "-117.12000", "2016-03-31": "-12.59150", "2015-12-31": "32.24640", "2015-09-30": "27.07330", "2015-06-30": "-161.09490", "2015-03-31": "3.86180", "2014-12-31": "18.58290", "2014-09-30": "-0.34290", "2014-06-30": "-2.53060", "2014-03-31": "13.43230", "2013-12-31": "1.92370", "2013-09-30": "-0.41220", "2013-06-30": "4.60380", "2013-03-31": "-0.54760", "2012-12-31": "15.41190", "2012-09-30": "-2.70420", "2012-06-30": "14.55190", "2012-03-31": "8.31090", "2011-12-31": "15.41100", "2011-09-30": "13.17070", "2011-06-30": "6.22090", "2011-03-31": "17.13400", "2010-12-31": "10.20080", "2010-09-30": "6.75460", "2010-06-30": "7.45710", "2010-03-31": "11.46460", "2009-12-31": "16.30630", "2009-09-30": "11.74080", "2009-06-30": "16.18350", "2009-03-31": "23.36050", "2008-12-31": "23.15850", "2008-09-30": "12.22650", "2008-06-30": "14.41810", "2008-03-31": "11.67790", "2007-12-31": "2.33370", "2007-09-30": "0.56280", "2007-06-30": "22.67220", "2007-03-31": "17.73490", "2006-12-31": "11.14590", "2006-09-30": "8.11690", "2006-06-30": "18.04130", "2006-03-31": "21.09560", "2005-12-31": "13.07410", "2005-09-30": "32.10710", "2005-06-30": "6.20290", "2005-03-31": "10.97780"}, "Net Profit Margin": {"2020-09-30": "-309.79640", "2020-06-30": "-97.92260", "2020-03-31": "-79.03900", "2019-12-31": "-53.32300", "2019-09-30": "21.79980", "2019-06-30": "26.85430", "2019-03-31": "-31.36760", "2018-12-31": "23.40700", "2018-09-30": "31.48350", "2018-06-30": "10.44800", "2018-03-31": "106.42160", "2017-12-31": "58.00280", "2017-09-30": "-9.20700", "2017-06-30": "45.68170", "2017-03-31": "-12.17960", "2016-12-31": "38.04740", "2016-09-30": "3.39940", "2016-06-30": "-164.30650", "2016-03-31": "-18.31210", "2015-12-31": "-3.53380", "2015-09-30": "16.50360", "2015-06-30": "-110.58100", "2015-03-31": "9.97030", "2014-12-31": "17.84210", "2014-09-30": "-0.18600", "2014-06-30": "-2.66010", "2014-03-31": "11.96950", "2013-12-31": "89.45180", "2013-09-30": "-7.92320", "2013-06-30": "-1.51250", "2013-03-31": "-0.18550", "2012-12-31": "16.03570", "2012-09-30": "-0.97990", "2012-06-30": "10.50120", "2012-03-31": "6.81230", "2011-12-31": "12.68540", "2011-09-30": "10.99600", "2011-06-30": "4.87330", "2011-03-31": "13.11260", "2010-12-31": "7.69610", "2010-09-30": "5.58690", "2010-06-30": "5.17070", "2010-03-31": "8.08580", "2009-12-31": "11.56580", "2009-09-30": "7.98250", "2009-06-30": "10.58680", "2009-03-31": "16.06720", "2008-12-31": "14.18850", "2008-09-30": "7.67650", "2008-06-30": "8.34190", "2008-03-31": "7.31990", "2007-12-31": "0.73880", "2007-09-30": "-0.62000", "2007-06-30": "14.44500", "2007-03-31": "12.37590", "2006-12-31": "12.09520", "2006-09-30": "5.72520", "2006-06-30": "11.85220", "2006-03-31": "13.66850", "2005-12-31": "9.03900", "2005-09-30": "31.22640", "2005-06-30": "5.02650", "2005-03-31": "9.20600"}, "Asset Turnover": {"2020-09-30": "0.00810", "2020-06-30": "0.01790", "2020-03-31": "0.04880", "2019-12-31": "0.05620", "2019-09-30": "0.05710", "2019-06-30": "0.06610", "2019-03-31": "0.03170", "2018-12-31": "0.05070", "2018-09-30": "0.04840", "2018-06-30": "0.04900", "2018-03-31": "0.06100", "2017-12-31": "0.06880", "2017-09-30": "0.03200", "2017-06-30": "0.04110", "2017-03-31": "0.03530", "2016-12-31": "-0.08760", "2016-09-30": "0.07790", "2016-06-30": "0.02920", "2016-03-31": "0.04970", "2015-12-31": "-0.07870", "2015-09-30": "0.06450", "2015-06-30": "0.04960", "2015-03-31": "0.06730", "2014-12-31": "0.03540", "2014-09-30": "0.07550", "2014-06-30": "0.08100", "2014-03-31": "0.08370", "2013-12-31": "0.07240", "2013-09-30": "0.06310", "2013-06-30": "0.06490", "2013-03-31": "0.06690", "2012-12-31": "0.07190", "2012-09-30": "0.09240", "2012-06-30": "0.11550", "2012-03-31": "0.11330", "2011-12-31": "0.12310", "2011-09-30": "0.12510", "2011-06-30": "0.13010", "2011-03-31": "0.11990", "2010-12-31": "0.11240", "2010-09-30": "0.11510", "2010-06-30": "0.11030", "2010-03-31": "0.12560", "2009-12-31": "0.15920", "2009-09-30": "0.14950", "2009-06-30": "0.14550", "2009-03-31": "0.16450", "2008-12-31": "0.16860", "2008-09-30": "0.17490", "2008-06-30": "0.18370", "2008-03-31": "0.16060", "2007-12-31": "0.14800", "2007-09-30": "0.14290", "2007-06-30": "0.17930", "2007-03-31": "0.15800", "2006-12-31": "0.16840", "2006-09-30": "0.15930", "2006-06-30": "0.17570", "2006-03-31": "0.18970", "2005-12-31": "0.19110", "2005-09-30": "0.24420", "2005-06-30": "0.18470", "2005-03-31": "0.18930"}, "Inventory Turnover Ratio": {"2020-09-30": "9.96340", "2020-06-30": "7.75550", "2020-03-31": "10.54350", "2019-12-31": "16.38030", "2019-09-30": "14.30620", "2019-06-30": "9.19640", "2019-03-31": "5.74590", "2018-12-31": "10.23280", "2018-09-30": "8.17490", "2018-06-30": "8.14500", "2018-03-31": "9.67730", "2017-12-31": "11.49980", "2017-09-30": "1.77120", "2017-06-30": "1.29120", "2017-03-31": "1.48280", "2016-12-31": "7.09900", "2016-09-30": "1.70440", "2016-06-30": "1.64210", "2016-03-31": "1.31870", "2015-12-31": "1.64120", "2015-09-30": "0.81350", "2015-06-30": "0.75440", "2015-03-31": "0.74570", "2014-12-31": "0.31270", "2014-09-30": "0.57770", "2014-06-30": "0.50310", "2014-03-31": "0.51140", "2013-12-31": "0.85380", "2013-09-30": "0.25380", "2013-06-30": "0.27840", "2013-03-31": "0.28200", "2012-12-31": "3.19740", "2012-09-30": "3.10750", "2012-06-30": "2.81180", "2012-03-31": "3.17430", "2011-12-31": "3.41380", "2011-09-30": "3.63960", "2011-06-30": "3.57840", "2011-03-31": "2.82960", "2010-12-31": "3.20510", "2010-09-30": "3.25600", "2010-06-30": "2.79090", "2010-03-31": "2.34900", "2009-12-31": "2.41460", "2009-09-30": "2.28110", "2009-06-30": "1.98130", "2009-03-31": "2.40980", "2008-12-31": "3.19230", "2008-09-30": "4.21480", "2008-06-30": "4.24970", "2008-03-31": "3.47230", "2007-12-31": "3.74350", "2007-09-30": "3.83830", "2007-06-30": "3.60690", "2007-03-31": "2.99890", "2006-12-31": "4.18190", "2006-09-30": "3.09210", "2006-06-30": "2.95920", "2006-03-31": "3.50470", "2005-12-31": "4.55480", "2005-09-30": "4.56140", "2005-06-30": "4.26820", "2005-03-31": "3.81310"}, "Receiveable Turnover": {"2020-09-30": "0.81350", "2020-06-30": "0.77810", "2020-03-31": "1.91360", "2019-12-31": "2.42860", "2019-09-30": "4.42980", "2019-06-30": "2.41710", "2019-03-31": "0.98810", "2018-12-31": "1.05440", "2018-09-30": "2.00730", "2018-06-30": "2.26910", "2018-03-31": "2.24180", "2017-12-31": "2.01030", "2017-09-30": "0.76190", "2017-06-30": "0.90770", "2017-03-31": "0.72570", "2016-12-31": "-2.77240", "2016-09-30": "3.05010", "2016-06-30": "1.15250", "2016-03-31": "1.67920", "2015-12-31": "-2.99790", "2015-09-30": "1.62950", "2015-06-30": "1.20500", "2015-03-31": "1.45780", "2014-12-31": "0.65810", "2014-09-30": "1.22090", "2014-06-30": "1.31230", "2014-03-31": "1.54870", "2013-12-31": "1.34600", "2013-09-30": "1.20350", "2013-06-30": "0.92820", "2013-03-31": "0.91510", "2012-12-31": "1.02090", "2012-09-30": "1.33360", "2012-06-30": "1.75010", "2012-03-31": "1.57710", "2011-12-31": "1.74560", "2011-09-30": "1.79830", "2011-06-30": "2.77680", "2011-03-31": "2.88310", "2010-12-31": "2.67900", "2010-09-30": "2.85470", "2010-06-30": "2.59520", "2010-03-31": "2.31140", "2009-12-31": "3.22880", "2009-09-30": "5.74640", "2009-06-30": "5.30840", "2009-03-31": "3.67240", "2008-12-31": "3.70800", "2008-09-30": "3.90120", "2008-06-30": "3.25220", "2008-03-31": "3.05620", "2007-12-31": "3.40990", "2007-09-30": "3.48160", "2007-06-30": "3.10840", "2007-03-31": "2.34220", "2006-12-31": "2.67630", "2006-09-30": "2.74080", "2006-06-30": "3.00420", "2006-03-31": "2.93600", "2005-12-31": "3.23430", "2005-09-30": "3.82620", "2005-06-30": "3.00520", "2005-03-31": "3.88000"}, "Days Sales In Receivables": {"2020-09-30": "110.63700", "2020-06-30": "115.66350", "2020-03-31": "47.03140", "2019-12-31": "37.05890", "2019-09-30": "20.31690", "2019-06-30": "37.23450", "2019-03-31": "91.08120", "2018-12-31": "85.35530", "2018-09-30": "44.83730", "2018-06-30": "39.66320", "2018-03-31": "40.14580", "2017-12-31": "44.76860", "2017-09-30": "118.13300", "2017-06-30": "99.15580", "2017-03-31": "124.01180", "2016-12-31": "-32.46290", "2016-09-30": "29.50740", "2016-06-30": "78.08880", "2016-03-31": "53.59550", "2015-12-31": "-30.02060", "2015-09-30": "55.23210", "2015-06-30": "74.69150", "2015-03-31": "61.73490", "2014-12-31": "136.75210", "2014-09-30": "73.71630", "2014-06-30": "68.58260", "2014-03-31": "58.11440", "2013-12-31": "66.86640", "2013-09-30": "74.78060", "2013-06-30": "96.96550", "2013-03-31": "98.35260", "2012-12-31": "88.15940", "2012-09-30": "67.48610", "2012-06-30": "51.42520", "2012-03-31": "57.06830", "2011-12-31": "51.55740", "2011-09-30": "50.04670", "2011-06-30": "32.41190", "2011-03-31": "31.21610", "2010-12-31": "33.59430", "2010-09-30": "31.52650", "2010-06-30": "34.67960", "2010-03-31": "38.93740", "2009-12-31": "27.87460", "2009-09-30": "15.66210", "2009-06-30": "16.95420", "2009-03-31": "24.50690", "2008-12-31": "24.27180", "2008-09-30": "23.06970", "2008-06-30": "27.67360", "2008-03-31": "29.44790", "2007-12-31": "26.39400", "2007-09-30": "25.85010", "2007-06-30": "28.95340", "2007-03-31": "38.42510", "2006-12-31": "33.62900", "2006-09-30": "32.83680", "2006-06-30": "29.95840", "2006-03-31": "30.65350", "2005-12-31": "27.82650", "2005-09-30": "23.52220", "2005-06-30": "29.94780", "2005-03-31": "23.19570"}, "ROE - Return On Equity": {"2020-09-30": "-4.42120", "2020-06-30": "-2.85720", "2020-03-31": "-6.57140", "2019-12-31": "-4.83760", "2019-09-30": "2.75690", "2019-06-30": "3.77830", "2019-03-31": "-1.29960", "2018-12-31": "2.54670", "2018-09-30": "2.90670", "2018-06-30": "1.21840", "2018-03-31": "10.76470", "2017-12-31": "7.33440", "2017-09-30": "-0.53540", "2017-06-30": "2.98000", "2017-03-31": "-2.32970", "2016-12-31": "-8.53050", "2016-09-30": "1.45840", "2016-06-30": "-5.47930", "2016-03-31": "-0.91350", "2015-12-31": "-0.76200", "2015-09-30": "2.64560", "2015-06-30": "-12.32880", "2015-03-31": "-3.12000", "2014-12-31": "1.31040", "2014-09-30": "-0.03130", "2014-06-30": "-0.49280", "2014-03-31": "2.38970", "2013-12-31": "2.92820", "2013-09-30": "-1.82380", "2013-06-30": "0.21270", "2013-03-31": "-0.09380", "2012-12-31": "2.72100", "2012-09-30": "-0.30220", "2012-06-30": "3.94570", "2012-03-31": "2.57530", "2011-12-31": "5.41790", "2011-09-30": "4.88300", "2011-06-30": "2.40770", "2011-03-31": "6.15600", "2010-12-31": "3.55790", "2010-09-30": "2.43360", "2010-06-30": "2.34450", "2010-03-31": "2.70590", "2009-12-31": "7.41160", "2009-09-30": "4.60140", "2009-06-30": "5.98150", "2009-03-31": "10.79010", "2008-12-31": "12.37210", "2008-09-30": "7.09850", "2008-06-30": "8.16130", "2008-03-31": "6.19000", "2007-12-31": "2.62060", "2007-09-30": "-0.43370", "2007-06-30": "11.76050", "2007-03-31": "9.91560", "2006-12-31": "10.81910", "2006-09-30": "3.90020", "2006-06-30": "9.06390", "2006-03-31": "12.10780", "2005-12-31": "8.54270", "2005-09-30": "41.08980", "2005-06-30": "7.08700", "2005-03-31": "14.00300"}, "Return On Tangible Equity": {"2020-09-30": "-4.89720", "2020-06-30": "-3.14400", "2020-03-31": "-7.22180", "2019-12-31": "-5.89920", "2019-09-30": "3.32690", "2019-06-30": "4.58390", "2019-03-31": "-1.58580", "2018-12-31": "3.09440", "2018-09-30": "3.53830", "2018-06-30": "1.48430", "2018-03-31": "13.16250", "2017-12-31": "7.33440", "2017-09-30": "-0.53540", "2017-06-30": "2.98000", "2017-03-31": "-2.32970", "2016-12-31": "-8.53050", "2016-09-30": "1.45840", "2016-06-30": "-5.47930", "2016-03-31": "-0.91350", "2015-12-31": "-0.76200", "2015-09-30": "2.64560", "2015-06-30": "-12.32880", "2015-03-31": "-3.12000", "2014-12-31": "1.31040", "2014-09-30": "-0.03130", "2014-06-30": "-0.49280", "2014-03-31": "2.38970", "2013-12-31": "2.92820", "2013-09-30": "-1.82380", "2013-06-30": "0.21270", "2013-03-31": "-0.09380", "2012-12-31": "2.72100", "2012-09-30": "-0.30220", "2012-06-30": "3.94570", "2012-03-31": "2.57530", "2011-12-31": "5.41790", "2011-09-30": "4.88300", "2011-06-30": "2.40770", "2011-03-31": "6.15600", "2010-12-31": "3.55790", "2010-09-30": "2.43360", "2010-06-30": "2.34450", "2010-03-31": "2.70590", "2009-12-31": "7.41160", "2009-09-30": "4.60140", "2009-06-30": "5.98150", "2009-03-31": "10.79010", "2008-12-31": "12.37210", "2008-09-30": "7.09850", "2008-06-30": "8.16130", "2008-03-31": "6.19000", "2007-12-31": "2.62060", "2007-09-30": "-0.43370", "2007-06-30": "11.76050", "2007-03-31": "9.91560", "2006-12-31": "10.81910", "2006-09-30": "3.90020", "2006-06-30": "9.06390", "2006-03-31": "12.10780", "2005-12-31": "8.54270", "2005-09-30": "41.08980", "2005-06-30": "7.08700", "2005-03-31": "14.00300"}, "ROA - Return On Assets": {"2020-09-30": "-2.32240", "2020-06-30": "-1.56840", "2020-03-31": "-3.57870", "2019-12-31": "-2.64940", "2019-09-30": "1.55020", "2019-06-30": "2.10670", "2019-03-31": "-0.73660", "2018-12-31": "1.50620", "2018-09-30": "1.78770", "2018-06-30": "0.74800", "2018-03-31": "6.71670", "2017-12-31": "4.12640", "2017-09-30": "-0.24270", "2017-06-30": "1.34960", "2017-03-31": "-1.00410", "2016-12-31": "-3.66220", "2016-09-30": "0.65410", "2016-06-30": "-2.39190", "2016-03-31": "-0.40400", "2015-12-31": "-0.33850", "2015-09-30": "1.15610", "2015-06-30": "-5.24650", "2015-03-31": "-1.40290", "2014-12-31": "0.59920", "2014-09-30": "-0.01400", "2014-06-30": "-0.21560", "2014-03-31": "1.05050", "2013-12-31": "1.28660", "2013-09-30": "-0.56660", "2013-06-30": "0.06710", "2013-03-31": "-0.02960", "2012-12-31": "0.82770", "2012-09-30": "-0.09140", "2012-06-30": "1.21220", "2012-03-31": "0.77170", "2011-12-31": "1.56190", "2011-09-30": "1.37570", "2011-06-30": "0.63420", "2011-03-31": "1.57190", "2010-12-31": "0.86540", "2010-09-30": "0.64310", "2010-06-30": "0.60660", "2010-03-31": "1.09250", "2009-12-31": "1.92980", "2009-09-30": "1.27460", "2009-06-30": "1.61530", "2009-03-31": "2.76720", "2008-12-31": "2.81060", "2008-09-30": "1.52730", "2008-06-30": "1.53250", "2008-03-31": "1.17540", "2007-12-31": "0.51260", "2007-09-30": "-0.08860", "2007-06-30": "2.58960", "2007-03-31": "1.95490", "2006-12-31": "2.03680", "2006-09-30": "0.91200", "2006-06-30": "2.08210", "2006-03-31": "2.59320", "2005-12-31": "1.72700", "2005-09-30": "7.62420", "2005-06-30": "0.92850", "2005-03-31": "1.74290"}, "ROI - Return On Investment": {"2020-09-30": "-2.75590", "2020-06-30": "-1.83470", "2020-03-31": "-4.18630", "2019-12-31": "-3.10770", "2019-09-30": "1.82890", "2019-06-30": "2.49310", "2019-03-31": "-0.87160", "2018-12-31": "1.73170", "2018-09-30": "2.02470", "2018-06-30": "0.83120", "2018-03-31": "7.47560", "2017-12-31": "4.68350", "2017-09-30": "-0.33010", "2017-06-30": "1.81320", "2017-03-31": "-1.38650", "2016-12-31": "-5.01540", "2016-09-30": "0.88700", "2016-06-30": "-3.33060", "2016-03-31": "-0.57740", "2015-12-31": "-0.48690", "2015-09-30": "1.68710", "2015-06-30": "-7.92950", "2015-03-31": "-2.09270", "2014-12-31": "0.81460", "2014-09-30": "-0.01930", "2014-06-30": "-0.29970", "2014-03-31": "1.47440", "2013-12-31": "1.79430", "2013-09-30": "-1.01230", "2013-06-30": "0.11900", "2013-03-31": "-0.05210", "2012-12-31": "1.50920", "2012-09-30": "-0.16450", "2012-06-30": "2.16750", "2012-03-31": "1.39830", "2011-12-31": "2.88190", "2011-09-30": "2.53320", "2011-06-30": "1.20980", "2011-03-31": "3.04740", "2010-12-31": "1.70630", "2010-09-30": "1.19740", "2010-06-30": "1.14480", "2010-03-31": "2.44770", "2009-12-31": "6.13090", "2009-09-30": "3.75850", "2009-06-30": "4.85380", "2009-03-31": "8.67190", "2008-12-31": "9.66780", "2008-09-30": "5.31970", "2008-06-30": "5.82130", "2008-03-31": "4.38860", "2007-12-31": "1.86840", "2007-09-30": "-0.31100", "2007-06-30": "8.52910", "2007-03-31": "6.94580", "2006-12-31": "7.39930", "2006-09-30": "2.91160", "2006-06-30": "6.72410", "2006-03-31": "8.51480", "2005-12-31": "5.98430", "2005-09-30": "28.06800", "2005-06-30": "4.08590", "2005-03-31": "7.81130"}, "Book Value Per Share": {"2020-09-30": "19.01840", "2020-06-30": "24.36610", "2020-03-31": "24.83320", "2019-12-31": "26.58720", "2019-09-30": "27.98600", "2019-06-30": "27.19140", "2019-03-31": "25.37480", "2018-12-31": "25.57970", "2018-09-30": "24.61070", "2018-06-30": "23.61030", "2018-03-31": "23.17920", "2017-12-31": "17.43030", "2017-09-30": "17.69400", "2017-06-30": "17.76680", "2017-03-31": "16.98150", "2016-12-31": "17.17590", "2016-09-30": "18.69850", "2016-06-30": "18.61730", "2016-03-31": "20.66200", "2015-12-31": "21.19930", "2015-09-30": "21.33930", "2015-06-30": "20.44490", "2015-03-31": "23.16660", "2014-12-31": "23.14490", "2014-09-30": "22.82840", "2014-06-30": "21.98270", "2014-03-31": "22.15680", "2013-12-31": "21.84760", "2013-09-30": "17.28510", "2013-06-30": "17.59200", "2013-03-31": "17.37830", "2012-12-31": "17.33380", "2012-09-30": "16.68100", "2012-06-30": "17.00530", "2012-03-31": "16.58890", "2011-12-31": "15.90310", "2011-09-30": "15.11040", "2011-06-30": "14.17790", "2011-03-31": "13.77530", "2010-12-31": "12.98190", "2010-09-30": "13.71830", "2010-06-30": "13.39550", "2010-03-31": "17.66740", "2009-12-31": "11.17970", "2009-09-30": "11.21480", "2009-06-30": "10.99710", "2009-03-31": "10.51820", "2008-12-31": "9.27360", "2008-09-30": "7.92360", "2008-06-30": "6.75790", "2008-03-31": "6.63810", "2007-12-31": "6.66190", "2007-09-30": "6.84990", "2007-06-30": "7.14100", "2007-03-31": "6.27540", "2006-12-31": "5.83700", "2006-09-30": "6.77960", "2006-06-30": "6.64930", "2006-03-31": "6.08390", "2005-12-31": "5.54090", "2005-09-30": "4.96430", "2005-06-30": "3.16080", "2005-03-31": "2.94240"}, "Operating Cash Flow Per Share": {"2020-09-30": 0.997, "2020-06-30": 0.7646, "2020-03-31": "1.43050", "2019-12-31": 0.5449, "2019-09-30": 1.688, "2019-06-30": 1.3453, "2019-03-31": "1.56300", "2018-12-31": 0.8823, "2018-09-30": 1.1852, "2018-06-30": 0.9029, "2018-03-31": "1.15680", "2017-12-31": 0.7145, "2017-09-30": 0.8003, "2017-06-30": 0.3724, "2017-03-31": "0.92160", "2016-12-31": 0.3467, "2016-09-30": 0.6947, "2016-06-30": 0.4157, "2016-03-31": "0.56680", "2015-12-31": 0.4695, "2015-09-30": 0.4775, "2015-06-30": 0.2942, "2015-03-31": "0.99100", "2014-12-31": 0.3516, "2014-09-30": 1.2719, "2014-06-30": 0.9659, "2014-03-31": "1.45580", "2013-12-31": 0.2899, "2013-09-30": 0.8535, "2013-06-30": 0.5449, "2013-03-31": "1.17500", "2012-12-31": 0.8378, "2012-09-30": 0.7238, "2012-06-30": 0.6078, "2012-03-31": "0.99720", "2011-12-31": 1.1965, "2011-09-30": 1.9935, "2011-06-30": 1.5694, "2011-03-31": "1.90220", "2010-12-31": 1.3591, "2010-09-30": 1.6356, "2010-06-30": 1.2733, "2010-03-31": "0.94450", "2009-12-31": 1.8254, "2009-09-30": 0.8821, "2009-06-30": 1.7217, "2009-03-31": "1.37130", "2008-12-31": 1.6785, "2008-09-30": 1.1497, "2008-06-30": 1.7428, "2008-03-31": "0.78890", "2007-12-31": 0.4372, "2007-09-30": 0.8207, "2007-06-30": 1.4644, "2007-03-31": "0.99220", "2006-12-31": 1.2123, "2006-09-30": 0.4889, "2006-06-30": 1.0618, "2006-03-31": "0.81680", "2005-12-31": 1.1857, "2005-09-30": 0.1689, "2005-06-30": 0.3306, "2005-03-31": "0.51970"}, "Free Cash Flow Per Share": {"2020-09-30": 0.5611, "2020-06-30": 0.1112, "2020-03-31": "0.69180", "2019-12-31": -0.4338, "2019-09-30": -0.1268, "2019-06-30": -0.392, "2019-03-31": "0.07760", "2018-12-31": -0.5559, "2018-09-30": 1.3741, "2018-06-30": -0.0818, "2018-03-31": "0.57370", "2017-12-31": -0.2735, "2017-09-30": 0.5047, "2017-06-30": 1.1185, "2017-03-31": "0.51230", "2016-12-31": 0.405, "2016-09-30": 0.5109, "2016-06-30": 0.2948, "2016-03-31": "0.26500", "2015-12-31": 0.5875, "2015-09-30": -0.2661, "2015-06-30": -1.1286, "2015-03-31": "-0.24880", "2014-12-31": 0.0803, "2014-09-30": -0.2354, "2014-06-30": -0.607, "2014-03-31": "0.04600", "2013-12-31": -1.6776, "2013-09-30": 1.0446, "2013-06-30": -0.8723, "2013-03-31": "-0.03030", "2012-12-31": 0.7243, "2012-09-30": 0.2444, "2012-06-30": -0.2009, "2012-03-31": "-0.21010", "2011-12-31": 0.6352, "2011-09-30": 3.1972, "2011-06-30": 0.1593, "2011-03-31": "0.79000", "2010-12-31": -0.1883, "2010-09-30": 0.6632, "2010-06-30": 0.1903, "2010-03-31": "-0.49410", "2009-12-31": 0.5523, "2009-09-30": -0.0468, "2009-06-30": 0.6773, "2009-03-31": "-0.03270", "2008-12-31": -0.0315, "2008-09-30": -0.4792, "2008-06-30": 0.3526, "2008-03-31": "-0.07800", "2007-12-31": -0.6009, "2007-09-30": -0.1834, "2007-06-30": 0.7243, "2007-03-31": "0.19960", "2006-12-31": 0.272, "2006-09-30": -0.4395, "2006-06-30": 0.1282, "2006-03-31": "0.22230", "2005-12-31": -0.0942, "2005-09-30": -0.4475, "2005-06-30": -0.1446, "2005-03-31": "0.20400"}}, "revenue": {"CNX Resources Annual Revenue (Millions of US $)": {"2020": "$1,258", "2019": "$1,922", "2018": "$1,730", "2017": "$1,455", "2016": "$760", "2015": "$1,199", "2014": "$3,204", "2013": "$3,300", "2012": "$3,678", "2011": "$4,377", "2010": "$5,236", "2009": "$4,622", "2008": "$4,652", "2007": "$3,762", "2006": "$3,715", "2005": "$3,810"}, "CNX Resources Quarterly Revenue (Millions of US $)": {"2020-12-31": "$627", "2020-09-30": "$66", "2020-06-30": "$149", "2020-03-31": "$416", "2019-12-31": "$509", "2019-09-30": "$530", "2019-06-30": "$605", "2019-03-31": "$278", "2018-12-31": "$435", "2018-09-30": "$397", "2018-06-30": "$402", "2018-03-31": "$496", "2017-12-31": "$477", "2017-09-30": "$287", "2017-06-30": "$371", "2017-03-31": "$320", "2016-12-31": "$-804", "2016-09-30": "$746", "2016-06-30": "$286", "2016-03-31": "$533", "2015-12-31": "$-860", "2015-09-30": "$721", "2015-06-30": "$546", "2015-03-31": "$793", "2014-12-31": "$413", "2014-09-30": "$885", "2014-06-30": "$937", "2014-03-31": "$969", "2013-12-31": "$825", "2013-09-30": "$803", "2013-06-30": "$828", "2013-03-31": "$843", "2012-12-31": "$935", "2012-09-30": "$1,160", "2012-06-30": "$1,454", "2012-03-31": "$1,427", "2011-12-31": "$1,542", "2011-09-30": "$1,522", "2011-06-30": "$1,588", "2011-03-31": "$1,465", "2010-12-31": "$1,357", "2010-09-30": "$1,349", "2010-06-30": "$1,289", "2010-03-31": "$1,240", "2009-12-31": "$1,238", "2009-09-30": "$1,095", "2009-06-30": "$1,071", "2009-03-31": "$1,219", "2008-12-31": "$1,243", "2008-09-30": "$1,173", "2008-06-30": "$1,211", "2008-03-31": "$1,026", "2007-12-31": "$919", "2007-09-30": "$868", "2007-06-30": "$1,060", "2007-03-31": "$915", "2006-12-31": "$954", "2006-09-30": "$843", "2006-06-30": "$932", "2006-03-31": "$986", "2005-12-31": "$969", "2005-09-30": "$1,207", "2005-06-30": "$817", "2005-03-31": "$817"}}, "gross-profit": {"CNX Resources Annual Gross Profit (Millions of US $)": {"2020": "$856", "2019": "$1,501", "2018": "$1,363", "2017": "$1,020", "2016": "$343", "2015": "$834", "2014": "$2,934", "2013": "$2,980", "2012": "$3,436", "2011": "$2,107", "2010": "$1,964", "2009": "$1,858", "2008": "$1,801", "2007": "$1,403", "2006": "$1,421", "2005": "$1,409"}, "CNX Resources Quarterly Gross Profit (Millions of US $)": {"2020-12-31": "$523", "2020-09-30": "$-34", "2020-06-30": "$69", "2020-03-31": "$308", "2019-12-31": "$395", "2019-09-30": "$422", "2019-06-30": "$502", "2019-03-31": "$183", "2018-12-31": "$336", "2018-09-30": "$318", "2018-06-30": "$317", "2018-03-31": "$392", "2017-12-31": "$353", "2017-09-30": "$175", "2017-06-30": "$274", "2017-03-31": "$217", "2016-12-31": "$-913", "2016-09-30": "$639", "2016-06-30": "$186", "2016-03-31": "$431", "2015-12-31": "$-970", "2015-09-30": "$629", "2015-06-30": "$461", "2015-03-31": "$714", "2014-12-31": "$381", "2014-09-30": "$801", "2014-06-30": "$863", "2014-03-31": "$889", "2013-12-31": "$690", "2013-09-30": "$743", "2013-06-30": "$765", "2013-03-31": "$782", "2012-12-31": "$389", "2012-09-30": "$332", "2012-06-30": "$597", "2012-03-31": "$522", "2011-12-31": "$660", "2011-09-30": "$642", "2011-06-30": "$659", "2011-03-31": "$651", "2010-12-31": "$529", "2010-09-30": "$495", "2010-06-30": "$469", "2010-03-31": "$471", "2009-12-31": "$495", "2009-09-30": "$386", "2009-06-30": "$427", "2009-03-31": "$550", "2008-12-31": "$515", "2008-09-30": "$431", "2008-06-30": "$469", "2008-03-31": "$386", "2007-12-31": "$308", "2007-09-30": "$233", "2007-06-30": "$467", "2007-03-31": "$395", "2006-12-31": "$329", "2006-09-30": "$278", "2006-06-30": "$385", "2006-03-31": "$428", "2005-12-31": "$327", "2005-09-30": "$578", "2005-06-30": "$238", "2005-03-31": "$266"}}, "operating-income": {"CNX Resources Annual Operating Income (Millions of US $)": {"2020": "$-440", "2019": "$186", "2018": "$503", "2017": "$98", "2016": "$-413", "2015": "$-687", "2014": "$499", "2013": "$265", "2012": "$627", "2011": "$1,152", "2010": "$738", "2009": "$820", "2008": "$762", "2007": "$460", "2006": "$576", "2005": "$682"}, "CNX Resources Quarterly Operating Income (Millions of US $)": {"2020-12-31": "$314", "2020-09-30": "$-213", "2020-06-30": "$-114", "2020-03-31": "$-416", "2019-12-31": "$-281", "2019-09-30": "$231", "2019-06-30": "$273", "2019-03-31": "$-38", "2018-12-31": "$121", "2018-09-30": "$121", "2018-06-30": "$89", "2018-03-31": "$172", "2017-12-31": "$112", "2017-09-30": "$-8", "2017-06-30": "$91", "2017-03-31": "$-98", "2016-12-31": "$-271", "2016-09-30": "$163", "2016-06-30": "$-287", "2016-03-31": "$-17", "2015-12-31": "$-251", "2015-09-30": "$244", "2015-06-30": "$-832", "2015-03-31": "$153", "2014-12-31": "$225", "2014-09-30": "$52", "2014-06-30": "$40", "2014-03-31": "$181", "2013-12-31": "$71", "2013-09-30": "$53", "2013-06-30": "$93", "2013-03-31": "$49", "2012-12-31": "$195", "2012-09-30": "$23", "2012-06-30": "$268", "2012-03-31": "$177", "2011-12-31": "$296", "2011-09-30": "$275", "2011-06-30": "$295", "2011-03-31": "$318", "2010-12-31": "$205", "2010-09-30": "$158", "2010-06-30": "$179", "2010-03-31": "$197", "2009-12-31": "$210", "2009-09-30": "$136", "2009-06-30": "$180", "2009-03-31": "$293", "2008-12-31": "$296", "2008-09-30": "$152", "2008-06-30": "$183", "2008-03-31": "$130", "2007-12-31": "$33", "2007-09-30": "$11", "2007-06-30": "$246", "2007-03-31": "$170", "2006-12-31": "$114", "2006-09-30": "$74", "2006-06-30": "$174", "2006-03-31": "$214", "2005-12-31": "$133", "2005-09-30": "$394", "2005-06-30": "$58", "2005-03-31": "$97"}}, "ebitda": {"CNX Resources Annual EBITDA (Millions of US $)": {"2019": "$702", "2018": "$1,024", "2017": "$521", "2016": "$16", "2015": "$-315", "2014": "$1,031", "2013": "$765", "2012": "$1,054", "2011": "$1,583", "2010": "$1,310", "2009": "$1,261", "2008": "$1,156", "2007": "$789", "2006": "$876", "2005": "$948"}, "CNX Resources Quarterly EBITDA (Millions of US $)": {"2020-09-30": "$-93", "2020-06-30": "$6", "2020-03-31": "$189", "2019-12-31": "$-145", "2019-09-30": "$354", "2019-06-30": "$405", "2019-03-31": "$89", "2018-12-31": "$253", "2018-09-30": "$243", "2018-06-30": "$229", "2018-03-31": "$300", "2017-12-31": "$239", "2017-09-30": "$101", "2017-06-30": "$183", "2017-03-31": "$-2", "2016-12-31": "$-284", "2016-09-30": "$314", "2016-06-30": "$-152", "2016-03-31": "$138", "2015-12-31": "$-307", "2015-09-30": "$391", "2015-06-30": "$-702", "2015-03-31": "$303", "2014-12-31": "$342", "2014-09-30": "$201", "2014-06-30": "$178", "2014-03-31": "$310", "2013-12-31": "$232", "2013-09-30": "$171", "2013-06-30": "$202", "2013-03-31": "$160", "2012-12-31": "$156", "2012-09-30": "$177", "2012-06-30": "$424", "2012-03-31": "$334", "2011-12-31": "$256", "2011-09-30": "$435", "2011-06-30": "$454", "2011-03-31": "$469", "2010-12-31": "$359", "2010-09-30": "$319", "2010-06-30": "$313", "2010-03-31": "$318", "2009-12-31": "$325", "2009-09-30": "$247", "2009-06-30": "$288", "2009-03-31": "$401", "2008-12-31": "$402", "2008-09-30": "$249", "2008-06-30": "$280", "2008-03-31": "$225", "2007-12-31": "$124", "2007-09-30": "$93", "2007-06-30": "$324", "2007-03-31": "$248", "2006-12-31": "$190", "2006-09-30": "$148", "2006-06-30": "$251", "2006-03-31": "$287", "2005-12-31": "$201", "2005-09-30": "$459", "2005-06-30": "$126", "2005-03-31": "$163"}}, "net-income": {"CNX Resources Annual Net Income (Millions of US $)": {"2020": "$-484", "2019": "$-81", "2018": "$797", "2017": "$381", "2016": "$-848", "2015": "$-375", "2014": "$163", "2013": "$660", "2012": "$388", "2011": "$632", "2010": "$347", "2009": "$540", "2008": "$442", "2007": "$268", "2006": "$409", "2005": "$581"}, "CNX Resources Quarterly Net Income (Millions of US $)": {"2020-12-31": "$196", "2020-09-30": "$-205", "2020-06-30": "$-146", "2020-03-31": "$-329", "2019-12-31": "$-271", "2019-09-30": "$116", "2019-06-30": "$162", "2019-03-31": "$-87", "2018-12-31": "$102", "2018-09-30": "$125", "2018-06-30": "$42", "2018-03-31": "$528", "2017-12-31": "$277", "2017-09-30": "$-26", "2017-06-30": "$170", "2017-03-31": "$-39", "2016-12-31": "$-306", "2016-09-30": "$25", "2016-06-30": "$-470", "2016-03-31": "$-98", "2015-12-31": "$30", "2015-09-30": "$119", "2015-06-30": "$-603", "2015-03-31": "$79", "2014-12-31": "$74", "2014-09-30": "$-2", "2014-06-30": "$-25", "2014-03-31": "$116", "2013-12-31": "$738", "2013-09-30": "$-64", "2013-06-30": "$-13", "2013-03-31": "$-2", "2012-12-31": "$150", "2012-09-30": "$-11", "2012-06-30": "$153", "2012-03-31": "$97", "2011-12-31": "$196", "2011-09-30": "$167", "2011-06-30": "$77", "2011-03-31": "$192", "2010-12-31": "$104", "2010-09-30": "$75", "2010-06-30": "$67", "2010-03-31": "$100", "2009-12-31": "$143", "2009-09-30": "$87", "2009-06-30": "$113", "2009-03-31": "$196", "2008-12-31": "$176", "2008-09-30": "$90", "2008-06-30": "$101", "2008-03-31": "$75", "2007-12-31": "$7", "2007-09-30": "$-5", "2007-06-30": "$153", "2007-03-31": "$113", "2006-12-31": "$115", "2006-09-30": "$48", "2006-06-30": "$110", "2006-03-31": "$135", "2005-12-31": "$88", "2005-09-30": "$377", "2005-06-30": "$41", "2005-03-31": "$75"}}, "eps-earnings-per-share-diluted": {"CNX Resources Annual EPS": {"2020": "$-2.43", "2019": "$-0.42", "2018": "$3.71", "2017": "$1.65", "2016": "$-3.70", "2015": "$-1.64", "2014": "$0.70", "2013": "$2.87", "2012": "$1.70", "2011": "$2.76", "2010": "$1.60", "2009": "$2.95", "2008": "$2.40", "2007": "$1.45", "2006": "$2.20", "2005": "$3.13"}, "CNX Resources Quarterly EPS": {"2020-12-31": "$0.87", "2020-09-30": "$-1.03", "2020-06-30": "$-0.78", "2020-03-31": "$-1.76", "2019-12-31": "$-1.43", "2019-09-30": "$0.61", "2019-06-30": "$0.84", "2019-03-31": "$-0.44", "2018-12-31": "$0.58", "2018-09-30": "$0.59", "2018-06-30": "$0.19", "2018-03-31": "$2.35", "2017-12-31": "$1.20", "2017-09-30": "$-0.11", "2017-06-30": "$0.73", "2017-03-31": "$-0.17", "2016-12-31": "$-1.33", "2016-09-30": "$0.11", "2016-06-30": "$-2.05", "2016-03-31": "$-0.43", "2015-12-31": "$0.14", "2015-09-30": "$0.52", "2015-06-30": "$-2.64", "2015-03-31": "$0.34", "2014-12-31": "$0.32", "2014-09-30": "$-0.01", "2014-06-30": "$-0.11", "2014-03-31": "$0.50", "2013-12-31": "$3.21", "2013-09-30": "$-0.28", "2013-06-30": "$-0.05", "2013-03-31": "$-0.01", "2012-12-31": "$0.65", "2012-09-30": "$-0.05", "2012-06-30": "$0.67", "2012-03-31": "$0.42", "2011-12-31": "$0.85", "2011-09-30": "$0.73", "2011-06-30": "$0.34", "2011-03-31": "$0.84", "2010-12-31": "$0.44", "2010-09-30": "$0.33", "2010-06-30": "$0.29", "2010-03-31": "$0.54", "2009-12-31": "$0.77", "2009-09-30": "$0.48", "2009-06-30": "$0.62", "2009-03-31": "$1.08", "2008-12-31": "$0.96", "2008-09-30": "$0.49", "2008-06-30": "$0.54", "2008-03-31": "$0.41", "2007-12-31": "$0.04", "2007-09-30": "$-0.03", "2007-06-30": "$0.83", "2007-03-31": "$0.61", "2006-12-31": "$0.63", "2006-09-30": "$0.26", "2006-06-30": "$0.59", "2006-03-31": "$0.72", "2005-12-31": "$0.48", "2005-09-30": "$2.02", "2005-06-30": "$0.22", "2005-03-31": "$0.41"}}, "shares-outstanding": {"CNX Resources Annual Shares Outstanding (Millions of Shares)": {"2020": "199", "2019": "191", "2018": "215", "2017": "231", "2016": "229", "2015": "229", "2014": "232", "2013": "230", "2012": "229", "2011": "229", "2010": "217", "2009": "183", "2008": "185", "2007": "184", "2006": "186", "2005": "186"}, "CNX Resources Quarterly Shares Outstanding (Millions of Shares)": {"2020-12-31": "225", "2020-09-30": "199", "2020-06-30": "187", "2020-03-31": "187", "2019-12-31": "191", "2019-09-30": "188", "2019-06-30": "193", "2019-03-31": "197", "2018-12-31": "215", "2018-09-30": "213", "2018-06-30": "219", "2018-03-31": "224", "2017-12-31": "231", "2017-09-30": "230", "2017-06-30": "232", "2017-03-31": "230", "2016-12-31": "229", "2016-09-30": "232", "2016-06-30": "229", "2016-03-31": "229", "2015-12-31": "229", "2015-09-30": "229", "2015-06-30": "229", "2015-03-31": "230", "2014-12-31": "232", "2014-09-30": "230", "2014-06-30": "230", "2014-03-31": "231", "2013-12-31": "230", "2013-09-30": "229", "2013-06-30": "229", "2013-03-31": "228", "2012-12-31": "230", "2012-09-30": "228", "2012-06-30": "229", "2012-03-31": "230", "2011-12-31": "229", "2011-09-30": "229", "2011-06-30": "229", "2011-03-31": "229", "2010-12-31": "217", "2010-09-30": "228", "2010-06-30": "228", "2010-03-31": "184", "2009-12-31": "183", "2009-09-30": "183", "2009-06-30": "183", "2009-03-31": "182", "2008-12-31": "185", "2008-09-30": "186", "2008-06-30": "186", "2008-03-31": "185", "2007-12-31": "184", "2007-09-30": "182", "2007-06-30": "185", "2007-03-31": "185", "2006-12-31": "186", "2006-09-30": "186", "2006-06-30": "186", "2006-03-31": "187", "2005-12-31": "186", "2005-09-30": "187", "2005-06-30": "185", "2005-03-31": "184"}}, "total-assets": {"CNX Resources Annual Total Assets (Millions of US $)": {"2019": "$9,061", "2018": "$8,592", "2017": "$6,932", "2016": "$9,180", "2015": "$10,930", "2014": "$11,655", "2013": "$11,394", "2012": "$12,998", "2011": "$12,526", "2010": "$12,071", "2009": "$7,775", "2008": "$7,370", "2007": "$6,208", "2006": "$5,663", "2005": "$5,072"}, "CNX Resources Quarterly Total Assets (Millions of US $)": {"2020-09-30": "$8,129", "2020-06-30": "$8,320", "2020-03-31": "$8,529", "2019-12-31": "$9,061", "2019-09-30": "$9,286", "2019-06-30": "$9,147", "2019-03-31": "$8,777", "2018-12-31": "$8,592", "2018-09-30": "$8,209", "2018-06-30": "$8,208", "2018-03-31": "$8,122", "2017-12-31": "$6,932", "2017-09-30": "$8,980", "2017-06-30": "$9,025", "2017-03-31": "$9,064", "2016-12-31": "$9,180", "2016-09-30": "$9,565", "2016-06-30": "$9,785", "2016-03-31": "$10,716", "2015-12-31": "$10,930", "2015-09-30": "$11,185", "2015-06-30": "$11,002", "2015-03-31": "$11,781", "2014-12-31": "$11,655", "2014-09-30": "$11,719", "2014-06-30": "$11,567", "2014-03-31": "$11,584", "2013-12-31": "$11,394", "2013-09-30": "$12,737", "2013-06-30": "$12,753", "2013-03-31": "$12,593", "2012-12-31": "$12,998", "2012-09-30": "$12,557", "2012-06-30": "$12,598", "2012-03-31": "$12,596", "2011-12-31": "$12,526", "2011-09-30": "$12,163", "2011-06-30": "$12,201", "2011-03-31": "$12,224", "2010-12-31": "$12,071", "2010-09-30": "$11,722", "2010-06-30": "$11,688", "2010-03-31": "$9,875", "2009-12-31": "$7,775", "2009-09-30": "$7,319", "2009-06-30": "$7,357", "2009-03-31": "$7,407", "2008-12-31": "$7,370", "2008-09-30": "$6,706", "2008-06-30": "$6,591", "2008-03-31": "$6,388", "2007-12-31": "$6,208", "2007-09-30": "$6,076", "2007-06-30": "$5,913", "2007-03-31": "$5,794", "2006-12-31": "$5,663", "2006-09-30": "$5,294", "2006-06-30": "$5,307", "2006-03-31": "$5,197", "2005-12-31": "$5,072", "2005-09-30": "$4,945", "2005-06-30": "$4,424", "2005-03-31": "$4,315"}}, "cash-on-hand": {"CNX Resources Annual Cash on Hand (Millions of US $)": {"2019": "$16", "2018": "$17", "2017": "$509", "2016": "$46", "2015": "$73", "2014": "$177", "2013": "$327", "2012": "$70", "2011": "$376", "2010": "$33", "2009": "$66", "2008": "$139", "2007": "$42", "2006": "$224", "2005": "$341"}, "CNX Resources Quarterly Cash on Hand (Millions of US $)": {"2020-09-30": "$151", "2020-06-30": "$20", "2020-03-31": "$33", "2019-12-31": "$16", "2019-09-30": "$5", "2019-06-30": "$33", "2019-03-31": "$24", "2018-12-31": "$17", "2018-09-30": "$43", "2018-06-30": "$55", "2018-03-31": "$82", "2017-12-31": "$509", "2017-09-30": "$286", "2017-06-30": "$299", "2017-03-31": "$61", "2016-12-31": "$46", "2016-09-30": "$80", "2016-06-30": "$98", "2016-03-31": "$427", "2015-12-31": "$73", "2015-09-30": "$83", "2015-06-30": "$10", "2015-03-31": "$5", "2014-12-31": "$177", "2014-09-30": "$226", "2014-06-30": "$147", "2014-03-31": "$314", "2013-12-31": "$327", "2013-09-30": "$33", "2013-06-30": "$72", "2013-03-31": "$25", "2012-12-31": "$70", "2012-09-30": "$231", "2012-06-30": "$200", "2012-03-31": "$287", "2011-12-31": "$376", "2011-09-30": "$473", "2011-06-30": "$27", "2011-03-31": "$128", "2010-12-31": "$33", "2010-09-30": "$16", "2010-06-30": "$34", "2010-03-31": "$1,879", "2009-12-31": "$66", "2009-09-30": "$32", "2009-06-30": "$108", "2009-03-31": "$72", "2008-12-31": "$139", "2008-09-30": "$10", "2008-06-30": "$55", "2008-03-31": "$63", "2007-12-31": "$42", "2007-09-30": "$79", "2007-06-30": "$307", "2007-03-31": "$218", "2006-12-31": "$224", "2006-09-30": "$216", "2006-06-30": "$345", "2006-03-31": "$303", "2005-12-31": "$341", "2005-09-30": "$353", "2005-06-30": "$5", "2005-03-31": "$21"}}, "long-term-debt": {"CNX Resources Annual Long Term Debt (Millions of US $)": {"2019": "$2,762", "2018": "$2,392", "2017": "$2,207", "2016": "$2,762", "2015": "$2,744", "2014": "$3,243", "2013": "$3,164", "2012": "$3,175", "2011": "$3,177", "2010": "$3,186", "2009": "$423", "2008": "$468", "2007": "$489", "2006": "$493", "2005": "$438"}, "CNX Resources Quarterly Long Term Debt (Millions of US $)": {"2020-09-30": "$2,580", "2020-06-30": "$2,545", "2020-03-31": "$2,646", "2019-12-31": "$2,762", "2019-09-30": "$2,650", "2019-06-30": "$2,629", "2019-03-31": "$2,443", "2018-12-31": "$2,392", "2018-09-30": "$2,200", "2018-06-30": "$2,348", "2018-03-31": "$2,230", "2017-12-31": "$2,207", "2017-09-30": "$2,532", "2017-06-30": "$2,630", "2017-03-31": "$2,657", "2016-12-31": "$2,762", "2016-09-30": "$2,764", "2016-06-30": "$2,756", "2016-03-31": "$2,759", "2015-12-31": "$2,744", "2015-09-30": "$2,777", "2015-06-30": "$2,597", "2015-03-31": "$2,601", "2014-12-31": "$3,243", "2014-09-30": "$3,279", "2014-06-30": "$3,259", "2014-03-31": "$3,161", "2013-12-31": "$3,164", "2013-09-30": "$3,172", "2013-06-30": "$3,172", "2013-03-31": "$3,173", "2012-12-31": "$3,175", "2012-09-30": "$3,179", "2012-06-30": "$3,175", "2012-03-31": "$3,177", "2011-12-31": "$3,177", "2011-09-30": "$3,179", "2011-06-30": "$3,182", "2011-03-31": "$3,184", "2010-12-31": "$3,186", "2010-09-30": "$3,198", "2010-06-30": "$3,169", "2010-03-31": "$421", "2009-12-31": "$423", "2009-09-30": "$455", "2009-06-30": "$462", "2009-03-31": "$464", "2008-12-31": "$468", "2008-09-30": "$482", "2008-06-30": "$498", "2008-03-31": "$498", "2007-12-31": "$489", "2007-09-30": "$490", "2007-06-30": "$493", "2007-03-31": "$488", "2006-12-31": "$493", "2006-09-30": "$420", "2006-06-30": "$424", "2006-03-31": "$470", "2005-12-31": "$438", "2005-09-30": "$426", "2005-06-30": "$426", "2005-03-31": "$426"}}, "total-liabilities": {"CNX Resources Annual Total Liabilities (Millions of US $)": {"2019": "$4,098", "2018": "$3,510", "2017": "$3,032", "2016": "$5,239", "2015": "$6,074", "2014": "$6,325", "2013": "$6,387", "2012": "$9,044", "2011": "$8,915", "2010": "$9,135", "2009": "$5,751", "2008": "$5,696", "2007": "$4,994", "2006": "$4,597", "2005": "$4,047"}, "CNX Resources Quarterly Total Liabilities (Millions of US $)": {"2020-09-30": "$3,859", "2020-06-30": "$3,753", "2020-03-31": "$3,884", "2019-12-31": "$4,098", "2019-09-30": "$4,064", "2019-06-30": "$4,047", "2019-03-31": "$3,803", "2018-12-31": "$3,510", "2018-09-30": "$3,160", "2018-06-30": "$3,169", "2018-03-31": "$3,054", "2017-12-31": "$3,032", "2017-09-30": "$4,908", "2017-06-30": "$4,938", "2017-03-31": "$5,157", "2016-12-31": "$5,239", "2016-09-30": "$5,275", "2016-06-30": "$5,513", "2016-03-31": "$5,977", "2015-12-31": "$6,074", "2015-09-30": "$6,298", "2015-06-30": "$6,320", "2015-03-31": "$6,484", "2014-12-31": "$6,325", "2014-09-30": "$6,464", "2014-06-30": "$6,507", "2014-03-31": "$6,492", "2013-12-31": "$6,387", "2013-09-30": "$8,780", "2013-06-30": "$8,728", "2013-03-31": "$8,621", "2012-12-31": "$9,044", "2012-09-30": "$8,760", "2012-06-30": "$8,728", "2012-03-31": "$8,821", "2011-12-31": "$8,915", "2011-09-30": "$8,736", "2011-06-30": "$8,987", "2011-03-31": "$9,102", "2010-12-31": "$9,135", "2010-09-30": "$8,624", "2010-06-30": "$8,664", "2010-03-31": "$5,888", "2009-12-31": "$5,751", "2009-09-30": "$5,292", "2009-06-30": "$5,371", "2009-03-31": "$5,508", "2008-12-31": "$5,696", "2008-09-30": "$5,263", "2008-06-30": "$5,354", "2008-03-31": "$5,175", "2007-12-31": "$4,994", "2007-09-30": "$4,835", "2007-06-30": "$4,611", "2007-03-31": "$4,651", "2006-12-31": "$4,597", "2006-09-30": "$4,056", "2006-06-30": "$4,088", "2006-03-31": "$4,084", "2005-12-31": "$4,047", "2005-09-30": "$4,027", "2005-06-30": "$3,844", "2005-03-31": "$3,778"}}, "total-share-holder-equity": {"CNX Resources Annual Share Holder Equity (Millions of US $)": {"2019": "$4,962", "2018": "$5,082", "2017": "$3,900", "2016": "$3,941", "2015": "$4,856", "2014": "$5,329", "2013": "$5,006", "2012": "$3,954", "2011": "$3,611", "2010": "$2,936", "2009": "$2,024", "2008": "$1,674", "2007": "$1,214", "2006": "$1,066", "2005": "$1,025"}, "CNX Resources Quarterly Share Holder Equity (Millions of US $)": {"2020-09-30": "$4,270", "2020-06-30": "$4,567", "2020-03-31": "$4,645", "2019-12-31": "$4,962", "2019-09-30": "$5,222", "2019-06-30": "$5,100", "2019-03-31": "$4,975", "2018-12-31": "$5,082", "2018-09-30": "$5,049", "2018-06-30": "$5,039", "2018-03-31": "$5,068", "2017-12-31": "$3,900", "2017-09-30": "$4,071", "2017-06-30": "$4,088", "2017-03-31": "$3,906", "2016-12-31": "$3,941", "2016-09-30": "$4,290", "2016-06-30": "$4,271", "2016-03-31": "$4,739", "2015-12-31": "$4,856", "2015-09-30": "$4,888", "2015-06-30": "$4,682", "2015-03-31": "$5,298", "2014-12-31": "$5,329", "2014-09-30": "$5,255", "2014-06-30": "$5,060", "2014-03-31": "$5,092", "2013-12-31": "$5,006", "2013-09-30": "$3,957", "2013-06-30": "$4,025", "2013-03-31": "$3,972", "2012-12-31": "$3,954", "2012-09-30": "$3,797", "2012-06-30": "$3,870", "2012-03-31": "$3,774", "2011-12-31": "$3,611", "2011-09-30": "$3,427", "2011-06-30": "$3,214", "2011-03-31": "$3,121", "2010-12-31": "$2,936", "2010-09-30": "$3,098", "2010-06-30": "$3,024", "2010-03-31": "$3,987", "2009-12-31": "$2,024", "2009-09-30": "$2,027", "2009-06-30": "$1,987", "2009-03-31": "$1,900", "2008-12-31": "$1,674", "2008-09-30": "$1,443", "2008-06-30": "$1,238", "2008-03-31": "$1,213", "2007-12-31": "$1,214", "2007-09-30": "$1,242", "2007-06-30": "$1,302", "2007-03-31": "$1,142", "2006-12-31": "$1,066", "2006-09-30": "$1,238", "2006-06-30": "$1,219", "2006-03-31": "$1,113", "2005-12-31": "$1,025", "2005-09-30": "$917", "2005-06-30": "$580", "2005-03-31": "$537"}}, "profit-margins": {"current": "-38.46%"}, "gross margin": {"2020-12-31": "68.84%", "2020-09-30": "64.74%", "2020-06-30": "74.44%", "2020-03-31": "78.98%", "2019-12-31": "78.15%", "2019-09-30": "78.08%", "2019-06-30": "78.08%", "2019-03-31": "76.32%", "2018-12-31": "78.79%", "2018-09-30": "77.88%", "2018-06-30": "74.43%", "2018-03-31": "73.21%", "2017-12-31": "70.03%", "2017-09-30": "-141.95%", "2017-06-30": "34.28%", "2017-03-31": "23.54%", "2016-12-31": "45.07%", "2016-09-30": "40.57%", "2016-06-30": "40.59%", "2016-03-31": "58.62%", "2015-12-31": "69.50%", "2015-09-30": "88.35%", "2015-06-30": "89.38%", "2015-03-31": "91.12%", "2014-12-31": "91.57%", "2014-09-30": "89.68%", "2014-06-30": "90.12%", "2014-03-31": "90.13%", "2013-12-31": "90.33%", "2013-09-30": "78.59%", "2013-06-30": "60.22%", "2013-03-31": "47.81%", "2012-12-31": "36.98%", "2012-09-30": "37.81%", "2012-06-30": "40.72%", "2012-03-31": "40.85%", "2011-12-31": "42.70%", "2011-09-30": "41.82%", "2011-06-30": "40.53%", "2011-03-31": "39.27%", "2010-12-31": "37.52%", "2010-09-30": "37.72%", "2010-06-30": "37.45%", "2010-03-31": "38.31%", "2009-12-31": "40.19%", "2009-09-30": "40.58%", "2009-06-30": "40.86%", "2009-03-31": "40.55%", "2008-12-31": "38.71%", "2008-09-30": "36.82%", "2008-06-30": "34.69%", "2008-03-31": "35.99%", "2007-12-31": "37.29%", "2007-09-30": "37.50%", "2007-06-30": "38.94%", "2007-03-31": "38.06%", "2006-12-31": "38.22%", "2006-09-30": "38.02%", "2006-06-30": "41.96%", "2006-03-31": "39.48%", "2005-12-31": "36.98%"}, "operating margin": {"2020-12-31": "-34.10%", "2020-09-30": "-89.82%", "2020-06-30": "-36.16%", "2020-03-31": "-9.37%", "2019-12-31": "9.63%", "2019-09-30": "31.76%", "2019-06-30": "27.81%", "2019-03-31": "19.38%", "2018-12-31": "29.08%", "2018-09-30": "27.88%", "2018-06-30": "21.96%", "2018-03-31": "22.50%", "2017-12-31": "6.67%", "2017-09-30": "-164.37%", "2017-06-30": "-18.17%", "2017-03-31": "-89.96%", "2016-12-31": "-54.14%", "2016-09-30": "-55.60%", "2016-06-30": "-45.74%", "2016-03-31": "-91.06%", "2015-12-31": "-57.17%", "2015-09-30": "-8.49%", "2015-06-30": "-15.24%", "2015-03-31": "15.52%", "2014-12-31": "15.54%", "2014-09-30": "9.51%", "2014-06-30": "9.76%", "2014-03-31": "11.62%", "2013-12-31": "8.06%", "2013-09-30": "11.44%", "2013-06-30": "9.56%", "2013-03-31": "12.18%", "2012-12-31": "13.32%", "2012-09-30": "13.68%", "2012-06-30": "17.09%", "2012-03-31": "17.16%", "2011-12-31": "19.36%", "2011-09-30": "18.43%", "2011-06-30": "16.95%", "2011-03-31": "15.75%", "2010-12-31": "14.12%", "2010-09-30": "14.54%", "2010-06-30": "14.85%", "2010-03-31": "15.57%", "2009-12-31": "17.72%", "2009-09-30": "19.55%", "2009-06-30": "19.57%", "2009-03-31": "19.07%", "2008-12-31": "16.36%", "2008-09-30": "11.50%", "2008-06-30": "8.87%", "2008-03-31": "10.84%", "2007-12-31": "12.23%", "2007-09-30": "14.25%", "2007-06-30": "16.01%", "2007-03-31": "14.60%", "2006-12-31": "15.50%", "2006-09-30": "15.95%", "2006-06-30": "22.35%", "2006-03-31": "20.08%", "2005-12-31": "17.90%"}, "ebitda margin": {"2020-09-30": "-3.77%", "2020-06-30": "25.19%", "2020-03-31": "38.98%", "2019-12-31": "36.58%", "2019-09-30": "59.58%", "2019-06-30": "57.73%", "2019-03-31": "53.84%", "2018-12-31": "59.25%", "2018-09-30": "57.05%", "2018-06-30": "52.29%", "2018-03-31": "50.46%", "2017-12-31": "35.81%", "2017-09-30": "-1.15%", "2017-06-30": "33.33%", "2017-03-31": "-22.63%", "2016-12-31": "2.10%", "2016-09-30": "-0.99%", "2016-06-30": "10.29%", "2016-03-31": "-51.06%", "2015-12-31": "-26.25%", "2015-09-30": "13.51%", "2015-06-30": "5.46%", "2015-03-31": "33.82%", "2014-12-31": "32.18%", "2014-09-30": "25.47%", "2014-06-30": "25.21%", "2014-03-31": "26.72%", "2013-12-31": "23.19%", "2013-09-30": "20.21%", "2013-06-30": "18.45%", "2013-03-31": "20.88%", "2012-12-31": "21.93%", "2012-09-30": "21.33%", "2012-06-30": "24.37%", "2012-03-31": "24.33%", "2011-12-31": "26.39%", "2011-09-30": "28.94%", "2011-06-30": "27.80%", "2011-03-31": "26.74%", "2010-12-31": "25.00%", "2010-09-30": "24.92%", "2010-06-30": "24.74%", "2010-03-31": "25.37%", "2009-12-31": "27.28%", "2009-09-30": "28.91%", "2009-06-30": "28.47%", "2009-03-31": "27.49%", "2008-12-31": "24.84%", "2008-09-30": "20.28%", "2008-06-30": "17.94%", "2008-03-31": "19.78%", "2007-12-31": "20.97%", "2007-09-30": "22.52%", "2007-06-30": "24.13%", "2007-03-31": "22.97%", "2006-12-31": "23.58%", "2006-09-30": "23.78%", "2006-06-30": "29.26%", "2006-03-31": "26.97%", "2005-12-31": "24.91%"}, "pre tax profit margin": {"2020-12-31": "-47.93%", "2020-09-30": "-101.49%", "2020-06-30": "-44.51%", "2020-03-31": "-15.63%", "2019-12-31": "3.12%", "2019-09-30": "24.68%", "2019-06-30": "27.17%", "2019-03-31": "17.39%", "2018-12-31": "63.47%", "2018-09-30": "61.00%", "2018-06-30": "52.17%", "2018-03-31": "62.35%", "2017-12-31": "8.25%", "2017-09-30": "-154.02%", "2017-06-30": "-22.43%", "2017-03-31": "-119.89%", "2016-12-31": "-77.00%", "2016-09-30": "-80.00%", "2016-06-30": "-71.18%", "2016-03-31": "-109.36%", "2015-12-31": "-77.50%", "2015-09-30": "-23.29%", "2015-06-30": "-29.35%", "2015-03-31": "2.68%", "2014-12-31": "5.62%", "2014-09-30": "3.29%", "2014-06-30": "3.37%", "2014-03-31": "5.28%", "2013-12-31": "1.39%", "2013-09-30": "5.10%", "2013-06-30": "3.88%", "2013-03-31": "7.29%", "2012-12-31": "8.92%", "2012-09-30": "9.64%", "2012-06-30": "12.94%", "2012-03-31": "10.79%", "2011-12-31": "12.88%", "2011-09-30": "11.60%", "2011-06-30": "10.05%", "2011-03-31": "10.55%", "2010-12-31": "8.92%", "2010-09-30": "10.38%", "2010-06-30": "11.70%", "2010-03-31": "13.91%", "2009-12-31": "17.07%", "2009-09-30": "18.91%", "2009-06-30": "18.89%", "2009-03-31": "18.39%", "2008-12-31": "15.60%", "2008-09-30": "10.60%", "2008-06-30": "7.98%", "2008-03-31": "9.97%", "2007-12-31": "11.38%", "2007-09-30": "13.51%", "2007-06-30": "15.27%", "2007-03-31": "13.83%", "2006-12-31": "14.80%", "2006-09-30": "15.31%", "2006-06-30": "21.76%", "2006-03-31": "19.45%", "2005-12-31": "17.22%"}, "net profit margin": {"2020-12-31": "-38.47%", "2020-09-30": "-83.42%", "2020-06-30": "-39.28%", "2020-03-31": "-15.63%", "2019-12-31": "-4.16%", "2019-09-30": "15.85%", "2019-06-30": "17.61%", "2019-03-31": "12.04%", "2018-12-31": "46.07%", "2018-09-30": "54.85%", "2018-06-30": "49.40%", "2018-03-31": "58.19%", "2017-12-31": "26.25%", "2017-09-30": "-115.52%", "2017-06-30": "-23.70%", "2017-03-31": "-144.16%", "2016-12-31": "-111.56%", "2016-09-30": "-72.77%", "2016-06-30": "-61.62%", "2016-03-31": "-58.72%", "2015-12-31": "-31.25%", "2015-09-30": "-13.38%", "2015-06-30": "-17.14%", "2015-03-31": "4.16%", "2014-12-31": "5.09%", "2014-09-30": "22.87%", "2014-06-30": "21.65%", "2014-03-31": "22.69%", "2013-12-31": "19.98%", "2013-09-30": "2.08%", "2013-06-30": "3.29%", "2013-03-31": "6.60%", "2012-12-31": "7.82%", "2012-09-30": "7.79%", "2012-06-30": "10.31%", "2012-03-31": "8.83%", "2011-12-31": "10.33%", "2011-09-30": "9.10%", "2011-06-30": "7.78%", "2011-03-31": "8.02%", "2010-12-31": "6.61%", "2010-09-30": "7.53%", "2010-06-30": "8.17%", "2010-03-31": "9.54%", "2009-12-31": "11.66%", "2009-09-30": "12.36%", "2009-06-30": "12.22%", "2009-03-31": "11.62%", "2008-12-31": "9.50%", "2008-09-30": "6.31%", "2008-06-30": "4.42%", "2008-03-31": "5.94%", "2007-12-31": "7.12%", "2007-09-30": "9.90%", "2007-06-30": "11.37%", "2007-03-31": "10.59%", "2006-12-31": "10.98%", "2006-09-30": "10.21%", "2006-06-30": "17.34%", "2006-03-31": "16.11%", "2005-12-31": "15.25%"}, "pe ratio": {"current": "22.39", "2021-02-05": "0.00", "2020-12-31": "0.00", "2020-09-30": "0.00", "2020-06-30": "0.00", "2020-03-31": "0.00", "2019-12-31": "0.00", "2019-09-30": "4.81", "2019-06-30": "4.91", "2019-03-31": "12.82", "2018-12-31": "3.15", "2018-09-30": "3.30", "2018-06-30": "4.88", "2018-03-31": "3.69", "2017-12-31": "8.81", "2017-09-30": "0.00", "2017-06-30": "0.00", "2017-03-31": "0.00", "2016-12-31": "0.00", "2016-09-30": "0.00", "2016-06-30": "0.00", "2016-03-31": "0.00", "2015-12-31": "0.00", "2015-09-30": "0.00", "2015-06-30": "0.00", "2015-03-31": "51.38", "2014-12-31": "47.96", "2014-09-30": "10.48", "2014-06-30": "13.78", "2014-03-31": "11.72", "2013-12-31": "13.12", "2013-09-30": "106.74", "2013-06-30": "49.15", "2013-03-31": "26.06", "2012-12-31": "18.54", "2012-09-30": "15.40", "2012-06-30": "10.93", "2012-03-31": "14.01", "2011-12-31": "12.74", "2011-09-30": "13.68", "2011-06-30": "23.45", "2011-03-31": "26.56", "2010-12-31": "28.55", "2010-09-30": "18.04", "2010-06-30": "15.25", "2010-03-31": "16.60", "2009-12-31": "15.81", "2009-09-30": "13.43", "2009-06-30": "10.05", "2009-03-31": "7.64", "2008-12-31": "11.02", "2008-09-30": "28.73", "2008-06-30": "108.27", "2008-03-31": "51.14", "2007-12-31": "45.51", "2007-09-30": "20.44", "2007-06-30": "17.66", "2007-03-31": "16.78", "2006-12-31": "13.41"}, "price sales": {"2021-02-05": "2.08", "2020-12-31": "1.76", "2020-09-30": "1.57", "2020-06-30": "1.02", "2020-03-31": "0.49", "2019-12-31": "0.88", "2019-09-30": "0.77", "2019-06-30": "0.87", "2019-03-31": "1.51", "2018-12-31": "1.44", "2018-09-30": "1.79", "2018-06-30": "2.42", "2018-03-31": "2.17", "2017-12-31": "2.32", "2017-09-30": "23.15", "2017-06-30": "5.53", "2017-03-31": "7.13", "2016-12-31": "5.55", "2016-09-30": "6.32", "2016-06-30": "5.44", "2016-03-31": "2.76", "2015-12-31": "1.51", "2015-09-30": "0.91", "2015-06-30": "1.89", "2015-03-31": "2.11", "2014-12-31": "2.42", "2014-09-30": "2.39", "2014-06-30": "2.97", "2014-03-31": "2.65", "2013-12-31": "2.60", "2013-09-30": "2.22", "2013-06-30": "1.61", "2013-03-31": "1.71", "2012-12-31": "1.44", "2012-09-30": "1.19", "2012-06-30": "1.13", "2012-03-31": "1.24", "2011-12-31": "1.32", "2011-09-30": "1.24", "2011-06-30": "1.81", "2011-03-31": "2.11", "2010-12-31": "1.88", "2010-09-30": "1.40", "2010-06-30": "1.27", "2010-03-31": "1.59", "2009-12-31": "1.85", "2009-09-30": "1.68", "2009-06-30": "1.24", "2009-03-31": "0.90", "2008-12-31": "1.06", "2008-09-30": "1.82", "2008-06-30": "4.76", "2008-03-31": "3.04", "2007-12-31": "3.23", "2007-09-30": "2.08", "2007-06-30": "2.08", "2007-03-31": "1.83", "2006-12-31": "1.47"}, "price book": {"current": "0.65", "2021-02-05": "0.67", "2020-09-30": "0.50", "2020-06-30": "0.36", "2020-03-31": "0.21", "2019-12-31": "0.33", "2019-09-30": "0.26", "2019-06-30": "0.27", "2019-03-31": "0.42", "2018-12-31": "0.45", "2018-09-30": "0.58", "2018-06-30": "0.75", "2018-03-31": "0.67", "2017-12-31": "0.84", "2017-09-30": "0.96", "2017-06-30": "0.84", "2017-03-31": "0.99", "2016-12-31": "1.06", "2016-09-30": "1.03", "2016-06-30": "0.86", "2016-03-31": "0.55", "2015-12-31": "0.37", "2015-09-30": "0.46", "2015-06-30": "1.06", "2015-03-31": "1.20", "2014-12-31": "1.45", "2014-09-30": "1.64", "2014-06-30": "2.07", "2014-03-31": "1.78", "2013-12-31": "1.72", "2013-09-30": "1.91", "2013-06-30": "1.51", "2013-03-31": "1.89", "2012-12-31": "1.81", "2012-09-30": "1.74", "2012-06-30": "1.72", "2012-03-31": "1.98", "2011-12-31": "2.21", "2011-09-30": "2.15", "2011-06-30": "3.26", "2011-03-31": "3.70", "2010-12-31": "3.56", "2010-09-30": "2.55", "2010-06-30": "2.38", "2010-03-31": "2.27", "2009-12-31": "4.19", "2009-09-30": "3.77", "2009-06-30": "2.89", "2009-03-31": "2.24", "2008-12-31": "2.86", "2008-09-30": "5.37", "2008-06-30": "15.38", "2008-03-31": "9.63", "2007-12-31": "9.90", "2007-09-30": "6.26", "2007-06-30": "5.94", "2007-03-31": "5.72", "2006-12-31": "5.04", "2006-09-30": "4.28", "2006-06-30": "6.41", "2006-03-31": "5.55"}, "price fcf": {"2021-02-05": "", "2020-09-30": "$0.93", "2020-06-30": "$0.24", "2020-03-31": "$-0.26", "2019-12-31": "$-0.88", "2019-09-30": "$-1.00", "2019-06-30": "$0.50", "2019-03-31": "$0.81", "2018-12-31": "$1.31", "2018-09-30": "$1.59", "2018-06-30": "$0.72", "2018-03-31": "$1.92", "2017-12-31": "$1.86", "2017-09-30": "$2.54", "2017-06-30": "$2.55", "2017-03-31": "$1.72", "2016-12-31": "$1.48", "2016-09-30": "$1.66", "2016-06-30": "$0.88", "2016-03-31": "$-0.54", "2015-12-31": "$-1.06", "2015-09-30": "$-1.56", "2015-06-30": "$-1.53", "2015-03-31": "$-1.01", "2014-12-31": "$-0.72", "2014-09-30": "$-2.47", "2014-06-30": "$-1.19", "2014-03-31": "$-1.46", "2013-12-31": "$-1.54", "2013-09-30": "$0.87", "2013-06-30": "$0.07", "2013-03-31": "$0.74", "2012-12-31": "$0.56", "2012-09-30": "$0.47", "2012-06-30": "$3.42", "2012-03-31": "$3.78", "2011-12-31": "$4.78", "2011-09-30": "$3.96", "2011-06-30": "$1.42", "2011-03-31": "$1.46", "2010-12-31": "$0.17", "2010-09-30": "$0.91", "2010-06-30": "$0.20", "2010-03-31": "$0.69", "2009-12-31": "$1.15", "2009-09-30": "$0.57", "2009-06-30": "$0.13", "2009-03-31": "$-0.19", "2008-12-31": "$-0.24", "2008-09-30": "$-0.81", "2008-06-30": "$-0.51", "2008-03-31": "$-0.14", "2007-12-31": "$0.14", "2007-09-30": "$1.01", "2007-06-30": "$0.76", "2007-03-31": "$0.16", "2006-12-31": "$0.18"}, "net worth": {"value": "$2.86B"}, "current ratio": {"2020-12-31": "0.62", "2020-09-30": "0.65", "2020-06-30": "0.90", "2020-03-31": "1.17", "2019-12-31": "0.94", "2019-09-30": "0.56", "2019-06-30": "0.74", "2019-03-31": "0.62", "2018-12-31": "0.96", "2018-09-30": "0.59", "2018-06-30": "0.67", "2018-03-31": "0.93", "2017-12-31": "1.93", "2017-09-30": "0.94", "2017-06-30": "1.03", "2017-03-31": "0.62", "2016-12-31": "0.67", "2016-09-30": "0.48", "2016-06-30": "0.46", "2016-03-31": "0.72", "2015-12-31": "0.48", "2015-09-30": "0.52", "2015-06-30": "0.39", "2015-03-31": "0.49", "2014-12-31": "0.96", "2014-09-30": "1.06", "2014-06-30": "1.13", "2014-03-31": "1.25", "2013-12-31": "1.29", "2013-09-30": "0.75", "2013-06-30": "0.99", "2013-03-31": "1.07", "2012-12-31": "1.11", "2012-09-30": "1.28", "2012-06-30": "1.32", "2012-03-31": "1.33", "2011-12-31": "1.37", "2011-09-30": "1.46", "2011-06-30": "0.75", "2011-03-31": "0.75", "2010-12-31": "0.67", "2010-09-30": "0.65", "2010-06-30": "0.65", "2010-03-31": "1.85", "2009-12-31": "0.67", "2009-09-30": "0.69", "2009-06-30": "0.73", "2009-03-31": "0.74", "2008-12-31": "0.65", "2008-09-30": "0.64", "2008-06-30": "0.69", "2008-03-31": "0.72", "2007-12-31": "0.67", "2007-09-30": "0.74", "2007-06-30": "1.45", "2007-03-31": "1.32", "2006-12-31": "1.24", "2006-09-30": "1.16", "2006-06-30": "1.29", "2006-03-31": "1.31", "2005-12-31": "1.25", "2005-09-30": "1.40", "2005-06-30": "0.85", "2005-03-31": "0.79"}, "quick ratio": {"2020-12-31": "0.60", "2020-09-30": "0.63", "2020-06-30": "0.88", "2020-03-31": "1.15", "2019-12-31": "0.93", "2019-09-30": "0.54", "2019-06-30": "0.72", "2019-03-31": "0.59", "2018-12-31": "0.94", "2018-09-30": "0.57", "2018-06-30": "0.65", "2018-03-31": "0.91", "2017-12-31": "1.91", "2017-09-30": "0.86", "2017-06-30": "0.94", "2017-03-31": "0.55", "2016-12-31": "0.65", "2016-09-30": "0.42", "2016-06-30": "0.40", "2016-03-31": "0.68", "2015-12-31": "0.44", "2015-09-30": "0.46", "2015-06-30": "0.34", "2015-03-31": "0.43", "2014-12-31": "0.87", "2014-09-30": "0.95", "2014-06-30": "1.00", "2014-03-31": "1.11", "2013-12-31": "1.15", "2013-09-30": "0.60", "2013-06-30": "0.84", "2013-03-31": "0.91", "2012-12-31": "0.99", "2012-09-30": "1.08", "2012-06-30": "1.08", "2012-03-31": "1.13", "2011-12-31": "1.18", "2011-09-30": "1.27", "2011-06-30": "0.58", "2011-03-31": "0.58", "2010-12-31": "0.51", "2010-09-30": "0.48", "2010-06-30": "0.47", "2010-03-31": "1.65", "2009-12-31": "0.46", "2009-09-30": "0.43", "2009-06-30": "0.48", "2009-03-31": "0.53", "2008-12-31": "0.50", "2008-09-30": "0.49", "2008-06-30": "0.55", "2008-03-31": "0.55", "2007-12-31": "0.51", "2007-09-30": "0.57", "2007-06-30": "1.21", "2007-03-31": "1.09", "2006-12-31": "1.03", "2006-09-30": "0.94", "2006-06-30": "1.07", "2006-03-31": "1.10", "2005-12-31": "1.07", "2005-09-30": "1.21", "2005-06-30": "0.66", "2005-03-31": "0.59"}, "debt equity ratio": {"current": "0.54", "2020-12-31": "0.82", "2020-09-30": "0.90", "2020-06-30": "0.82", "2020-03-31": "0.84", "2019-12-31": "0.83", "2019-09-30": "0.78", "2019-06-30": "0.79", "2019-03-31": "0.76", "2018-12-31": "0.69", "2018-09-30": "0.63", "2018-06-30": "0.63", "2018-03-31": "0.60", "2017-12-31": "0.78", "2017-09-30": "1.21", "2017-06-30": "1.21", "2017-03-31": "1.32", "2016-12-31": "1.33", "2016-09-30": "1.23", "2016-06-30": "1.29", "2016-03-31": "1.26", "2015-12-31": "1.25", "2015-09-30": "1.29", "2015-06-30": "1.35", "2015-03-31": "1.22", "2014-12-31": "1.19", "2014-09-30": "1.23", "2014-06-30": "1.29", "2014-03-31": "1.28", "2013-12-31": "1.28", "2013-09-30": "2.22", "2013-06-30": "2.17", "2013-03-31": "2.17", "2012-12-31": "2.29", "2012-09-30": "2.31", "2012-06-30": "2.26", "2012-03-31": "2.34", "2011-12-31": "2.47", "2011-09-30": "2.55", "2011-06-30": "2.80", "2011-03-31": "2.92", "2010-12-31": "3.11", "2010-09-30": "2.78", "2010-06-30": "2.87", "2010-03-31": "1.48", "2009-12-31": "2.84", "2009-09-30": "2.61", "2009-06-30": "2.70", "2009-03-31": "2.90", "2008-12-31": "3.40", "2008-09-30": "3.65", "2008-06-30": "4.33", "2008-03-31": "4.27", "2007-12-31": "4.11", "2007-09-30": "3.89", "2007-06-30": "3.54", "2007-03-31": "4.07", "2006-12-31": "4.31", "2006-09-30": "3.28", "2006-06-30": "3.35", "2006-03-31": "3.67", "2005-12-31": "3.95", "2005-09-30": "4.39", "2005-06-30": "6.63", "2005-03-31": "7.03"}, "return on equity": {"2020-12-31": "-10.81%", "2020-09-30": "-20.62%", "2020-06-30": "-12.99%", "2020-03-31": "-6.46%", "2019-12-31": "-1.58%", "2019-09-30": "5.75%", "2019-06-30": "5.98%", "2019-03-31": "3.61%", "2018-12-31": "15.75%", "2018-09-30": "20.40%", "2018-06-30": "18.17%", "2018-03-31": "22.16%", "2017-12-31": "9.57%", "2017-09-30": "-5.02%", "2017-06-30": "-3.70%", "2017-03-31": "-19.26%", "2016-12-31": "-19.70%", "2016-09-30": "-11.30%", "2016-06-30": "-8.94%", "2016-03-31": "-11.52%", "2015-12-31": "-7.60%", "2015-09-30": "-6.56%", "2015-06-30": "-8.79%", "2015-03-31": "2.41%", "2014-12-31": "3.14%", "2014-09-30": "16.21%", "2014-06-30": "16.01%", "2014-03-31": "17.19%", "2013-12-31": "15.54%", "2013-09-30": "1.79%", "2013-06-30": "3.15%", "2013-03-31": "7.44%", "2012-12-31": "10.11%", "2012-09-30": "11.56%", "2012-06-30": "16.70%", "2012-03-31": "15.31%", "2011-12-31": "18.90%", "2011-09-30": "17.01%", "2011-06-30": "14.49%", "2011-03-31": "14.39%", "2010-12-31": "10.61%", "2010-09-30": "12.69%", "2010-06-30": "14.36%", "2010-03-31": "17.68%", "2009-12-31": "27.16%", "2009-09-30": "30.15%", "2009-06-30": "32.84%", "2009-03-31": "36.00%", "2008-12-31": "31.75%", "2008-09-30": "21.38%", "2008-06-30": "14.51%", "2008-03-31": "18.51%", "2007-12-31": "21.88%", "2007-09-30": "31.65%", "2007-06-30": "36.14%", "2007-03-31": "33.10%", "2006-12-31": "35.20%", "2006-09-30": "33.17%", "2006-06-30": "66.45%", "2006-03-31": "70.54%", "2005-12-31": "75.97%"}, "return on assets": {"2020-12-31": "-5.86%", "2020-09-30": "-11.18%", "2020-06-30": "-7.16%", "2020-03-31": "-3.58%", "2019-12-31": "-0.88%", "2019-09-30": "3.27%", "2019-06-30": "3.48%", "2019-03-31": "2.15%", "2018-12-31": "9.62%", "2018-09-30": "12.35%", "2018-06-30": "10.19%", "2018-03-31": "11.48%", "2017-12-31": "4.49%", "2017-09-30": "-2.22%", "2017-06-30": "-1.63%", "2017-03-31": "-8.41%", "2016-12-31": "-8.65%", "2016-09-30": "-5.01%", "2016-06-30": "-3.93%", "2016-03-31": "-5.04%", "2015-12-31": "-3.34%", "2015-09-30": "-2.90%", "2015-06-30": "-3.92%", "2015-03-31": "1.08%", "2014-12-31": "1.40%", "2014-09-30": "7.15%", "2014-06-30": "6.47%", "2014-03-31": "6.41%", "2013-12-31": "5.33%", "2013-09-30": "0.56%", "2013-06-30": "0.97%", "2013-03-31": "2.29%", "2012-12-31": "3.07%", "2012-09-30": "3.46%", "2012-06-30": "4.92%", "2012-03-31": "4.34%", "2011-12-31": "5.15%", "2011-09-30": "4.44%", "2011-06-30": "3.72%", "2011-03-31": "3.67%", "2010-12-31": "3.05%", "2010-09-30": "3.75%", "2010-06-30": "4.33%", "2010-03-31": "5.48%", "2009-12-31": "7.22%", "2009-09-30": "7.77%", "2009-06-30": "7.98%", "2009-03-31": "8.02%", "2008-12-31": "6.53%", "2008-09-30": "4.22%", "2008-06-30": "2.82%", "2008-03-31": "3.74%", "2007-12-31": "4.47%", "2007-09-30": "6.41%", "2007-06-30": "7.57%", "2007-03-31": "7.00%", "2006-12-31": "7.60%", "2006-09-30": "7.30%", "2006-06-30": "13.84%", "2006-03-31": "13.06%", "2005-12-31": "12.39%"}, "return on investments": {"2020-12-31": "-6.11%", "2020-09-30": "-14.14%", "2020-06-30": "-7.73%", "2020-03-31": "-2.52%", "2019-12-31": "2.41%", "2019-09-30": "7.70%", "2019-06-30": "6.39%", "2019-03-31": "3.97%", "2018-12-31": "6.84%", "2018-09-30": "7.05%", "2018-06-30": "5.33%", "2018-03-31": "5.49%", "2017-12-31": "1.49%", "2017-09-30": "-4.30%", "2017-06-30": "-1.70%", "2017-03-31": "-7.21%", "2016-12-31": "-5.83%", "2016-09-30": "-5.37%", "2016-06-30": "-4.18%", "2016-03-31": "-11.40%", "2015-12-31": "-9.01%", "2015-09-30": "-2.67%", "2015-06-30": "-4.98%", "2015-03-31": "5.64%", "2014-12-31": "5.91%", "2014-09-30": "4.13%", "2014-06-30": "4.33%", "2014-03-31": "5.18%", "2013-12-31": "3.59%", "2013-09-30": "5.45%", "2013-06-30": "5.06%", "2013-03-31": "7.56%", "2012-12-31": "9.44%", "2012-09-30": "11.01%", "2012-06-30": "14.84%", "2012-03-31": "15.60%", "2011-12-31": "18.15%", "2011-09-30": "17.19%", "2011-06-30": "15.54%", "2011-03-31": "13.81%", "2010-12-31": "12.84%", "2010-09-30": "15.39%", "2010-06-30": "18.60%", "2010-03-31": "24.54%", "2009-12-31": "33.63%", "2009-09-30": "38.36%", "2009-06-30": "41.49%", "2009-03-31": "45.26%", "2008-12-31": "40.51%", "2008-09-30": "28.16%", "2008-06-30": "20.76%", "2008-03-31": "24.21%", "2007-12-31": "26.82%", "2007-09-30": "32.22%", "2007-06-30": "36.37%", "2007-03-31": "32.78%", "2006-12-31": "35.76%", "2006-09-30": "37.49%", "2006-06-30": "60.67%", "2006-03-31": "59.24%", "2005-12-31": "57.13%"}, "return on tangible equity": {"2020-09-30": "-23.34%", "2020-06-30": "-15.03%", "2020-03-31": "-7.65%", "2019-12-31": "-1.92%", "2019-09-30": "6.98%", "2019-06-30": "7.27%", "2019-03-31": "4.40%", "2018-12-31": "19.19%", "2018-09-30": "23.81%", "2018-06-30": "20.21%", "2018-03-31": "23.43%", "2017-12-31": "9.57%", "2017-09-30": "-5.02%", "2017-06-30": "-3.70%", "2017-03-31": "-19.26%", "2016-12-31": "-19.70%", "2016-09-30": "-11.30%", "2016-06-30": "-8.94%", "2016-03-31": "-11.52%", "2015-12-31": "-7.60%", "2015-09-30": "-6.56%", "2015-06-30": "-8.79%", "2015-03-31": "2.41%", "2014-12-31": "3.14%", "2014-09-30": "16.21%", "2014-06-30": "16.01%", "2014-03-31": "17.19%", "2013-12-31": "15.54%", "2013-09-30": "1.79%", "2013-06-30": "3.15%", "2013-03-31": "7.44%", "2012-12-31": "10.11%", "2012-09-30": "11.56%", "2012-06-30": "16.70%", "2012-03-31": "15.31%", "2011-12-31": "18.90%", "2011-09-30": "17.01%", "2011-06-30": "14.49%", "2011-03-31": "14.39%", "2010-12-31": "10.61%", "2010-09-30": "12.69%", "2010-06-30": "14.36%", "2010-03-31": "17.68%", "2009-12-31": "27.16%", "2009-09-30": "30.15%", "2009-06-30": "32.84%", "2009-03-31": "36.00%", "2008-12-31": "31.75%", "2008-09-30": "21.38%", "2008-06-30": "14.51%", "2008-03-31": "18.51%", "2007-12-31": "21.88%", "2007-09-30": "31.65%", "2007-06-30": "36.14%", "2007-03-31": "33.10%", "2006-12-31": "35.20%", "2006-09-30": "33.17%", "2006-06-30": "66.45%", "2006-03-31": "70.54%", "2005-12-31": "75.97%"}, "dividend yield history": {"last payout": "$0.00", "last yield": "0.00%"}}