{"ticker": "KO", "price": {"title": "CocaCola Historical Annual Stock Price Data", "value": 49.65, "historical": {"2021": {"Average Stock Price": "49.5125", "Year Open": "52.7600", "Year High": "52.7600", "Year Low": "48.1500", "Year Close": "49.6500", "Annual % Change": "-9.46%"}, "2020": {"Average Stock Price": "49.9505", "Year Open": "54.9900", "Year High": "60.1300", "Year Low": "37.5600", "Year Close": "54.8400", "Annual % Change": "-0.92%"}, "2019": {"Average Stock Price": "50.8279", "Year Open": "46.9300", "Year High": "55.7700", "Year Low": "44.6900", "Year Close": "55.3500", "Annual % Change": "16.90%"}, "2018": {"Average Stock Price": "45.4099", "Year Open": "45.5400", "Year High": "50.5100", "Year Low": "41.5500", "Year Close": "47.3500", "Annual % Change": "3.20%"}, "2017": {"Average Stock Price": "44.3480", "Year Open": "41.8000", "Year High": "47.4300", "Year Low": "40.4400", "Year Close": "45.8800", "Annual % Change": "10.66%"}, "2016": {"Average Stock Price": "43.5450", "Year Open": "42.4000", "Year High": "46.8900", "Year Low": "40.1700", "Year Close": "41.4600", "Annual % Change": "-3.49%"}, "2015": {"Average Stock Price": "41.2415", "Year Open": "42.1400", "Year High": "43.8400", "Year Low": "37.9900", "Year Close": "42.9600", "Annual % Change": "1.75%"}, "2014": {"Average Stock Price": "40.8413", "Year Open": "40.6600", "Year High": "44.8300", "Year Low": "37.1000", "Year Close": "42.2200", "Annual % Change": "2.20%"}, "2013": {"Average Stock Price": "39.6644", "Year Open": "37.6000", "Year High": "43.0900", "Year Low": "36.8400", "Year Close": "41.3100", "Annual % Change": "13.96%"}, "2012": {"Average Stock Price": "37.0594", "Year Open": "35.0700", "Year High": "40.5600", "Year Low": "33.4950", "Year Close": "36.2500", "Annual % Change": "3.62%"}, "2011": {"Average Stock Price": "33.3240", "Year Open": "32.6100", "Year High": "35.6150", "Year Low": "30.8000", "Year Close": "34.9850", "Annual % Change": "6.39%"}, "2010": {"Average Stock Price": "28.2693", "Year Open": "28.5200", "Year High": "32.8850", "Year Low": "25.0150", "Year Close": "32.8850", "Annual % Change": "15.39%"}, "2009": {"Average Stock Price": "24.3800", "Year Open": "22.9500", "Year High": "29.5550", "Year Low": "18.9250", "Year Close": "28.5000", "Annual % Change": "25.91%"}, "2008": {"Average Stock Price": "26.9072", "Year Open": "30.5450", "Year High": "32.7800", "Year Low": "20.5050", "Year Close": "22.6350", "Annual % Change": "-26.23%"}, "2007": {"Average Stock Price": "26.8949", "Year Open": "24.2900", "Year High": "32.0450", "Year Low": "22.9450", "Year Close": "30.6850", "Annual % Change": "27.19%"}, "2006": {"Average Stock Price": "21.9360", "Year Open": "20.4500", "Year High": "24.5000", "Year Low": "20.0450", "Year Close": "24.1250", "Annual % Change": "19.70%"}, "2005": {"Average Stock Price": "21.3772", "Year Open": "20.7700", "Year High": "22.6250", "Year Low": "20.1550", "Year Close": "20.1550", "Annual % Change": "-3.19%"}, "2004": {"Average Stock Price": "23.2246", "Year Open": "25.1750", "Year High": "26.5000", "Year Low": "19.3250", "Year Close": "20.8200", "Annual % Change": "-17.95%"}, "2003": {"Average Stock Price": "22.0383", "Year Open": "22.4250", "Year High": "25.3750", "Year Low": "18.5350", "Year Close": "25.3750", "Annual % Change": "15.76%"}, "2002": {"Average Stock Price": "24.8825", "Year Open": "23.7350", "Year High": "28.8200", "Year Low": "21.7350", "Year Close": "21.9200", "Annual % Change": "-7.02%"}, "2001": {"Average Stock Price": "24.3459", "Year Open": "30.4050", "Year High": "30.4100", "Year Low": "21.4250", "Year Close": "23.5750", "Annual % Change": "-22.63%"}, "2000": {"Average Stock Price": "27.7074", "Year Open": "28.1250", "Year High": "33.4400", "Year Low": "21.6550", "Year Close": "30.4700", "Annual % Change": "4.62%"}, "1999": {"Average Stock Price": "30.9156", "Year Open": "33.5950", "Year High": "35.2500", "Year Low": "23.7800", "Year Close": "29.1250", "Annual % Change": "-13.06%"}, "1998": {"Average Stock Price": "36.3445", "Year Open": "33.4700", "Year High": "43.9700", "Year Low": "28.0950", "Year Close": "33.5000", "Annual % Change": "0.46%"}, "1997": {"Average Stock Price": "31.1138", "Year Open": "25.9400", "Year High": "35.9400", "Year Low": "25.9400", "Year Close": "33.3450", "Annual % Change": "26.74%"}, "1996": {"Average Stock Price": "22.9532", "Year Open": "18.7500", "Year High": "27.0000", "Year Low": "18.1875", "Year Close": "26.3100", "Annual % Change": "41.74%"}, "1995": {"Average Stock Price": "15.8249", "Year Open": "12.9075", "Year High": "20.0325", "Year Low": "12.2825", "Year Close": "18.5625", "Annual % Change": "44.17%"}, "1994": {"Average Stock Price": "11.1421", "Year Open": "11.1250", "Year High": "13.2825", "Year Low": "9.8450", "Year Close": "12.8750", "Annual % Change": "15.39%"}, "1993": {"Average Stock Price": "10.5362", "Year Open": "10.5000", "Year High": "11.2500", "Year Low": "9.5325", "Year Close": "11.1575", "Annual % Change": "6.57%"}, "1992": {"Average Stock Price": "10.2850", "Year Open": "10.0313", "Year High": "11.2825", "Year Low": "8.9375", "Year Close": "10.4700", "Annual % Change": "4.37%"}, "1991": {"Average Stock Price": "7.3729", "Year Open": "5.6563", "Year High": "10.1563", "Year Low": "5.3750", "Year Close": "10.0313", "Annual % Change": "72.58%"}, "1990": {"Average Stock Price": "5.1838", "Year Open": "4.8750", "Year High": "6.0938", "Year Low": "4.1406", "Year Close": "5.8125", "Annual % Change": "20.39%"}, "1989": {"Average Stock Price": "3.7678", "Year Open": "2.7188", "Year High": "5.0156", "Year Low": "2.7188", "Year Close": "4.8281", "Annual % Change": "73.12%"}, "1988": {"Average Stock Price": "2.4765", "Year Open": "2.4925", "Year High": "2.8125", "Year Low": "2.2031", "Year Close": "2.7888", "Annual % Change": "17.05%"}, "1987": {"Average Stock Price": "2.7365", "Year Open": "2.3825", "Year High": "3.2575", "Year Low": "1.9063", "Year Close": "2.3825", "Annual % Change": "0.98%"}, "1986": {"Average Stock Price": "2.2341", "Year Open": "1.7344", "Year High": "2.7425", "Year Low": "1.6042", "Year Close": "2.3594", "Annual % Change": "34.03%"}, "1985": {"Average Stock Price": "1.4645", "Year Open": "1.2890", "Year High": "1.8333", "Year Low": "1.2448", "Year Close": "1.7604", "Annual % Change": "35.46%"}, "1984": {"Average Stock Price": "1.2084", "Year Open": "1.1094", "Year High": "1.3698", "Year Low": "1.0313", "Year Close": "1.2996", "Annual % Change": "16.60%"}, "1983": {"Average Stock Price": "1.0798", "Year Open": "1.0625", "Year High": "1.1952", "Year Low": "0.9635", "Year Close": "1.1146", "Annual % Change": "2.89%"}, "1982": {"Average Stock Price": "0.7916", "Year Open": "0.7213", "Year High": "1.1146", "Year Low": "0.6302", "Year Close": "1.0833", "Annual % Change": "49.63%"}, "1981": {"Average Stock Price": "0.7262", "Year Open": "0.7058", "Year High": "0.8281", "Year Low": "0.6563", "Year Close": "0.7240", "Annual % Change": "4.14%"}, "1980": {"Average Stock Price": "0.6889", "Year Open": "0.7031", "Year High": "0.7917", "Year Low": "0.6015", "Year Close": "0.6952", "Annual % Change": "-3.28%"}, "1979": {"Average Stock Price": "0.8094", "Year Open": "0.9063", "Year High": "0.9558", "Year Low": "0.6615", "Year Close": "0.7188", "Annual % Change": "-21.36%"}, "1978": {"Average Stock Price": "0.8595", "Year Open": "0.7577", "Year High": "0.9765", "Year Low": "0.7344", "Year Close": "0.9140", "Annual % Change": "17.78%"}, "1977": {"Average Stock Price": "0.7960", "Year Open": "0.8177", "Year High": "0.8463", "Year Low": "0.7423", "Year Close": "0.7760", "Annual % Change": "-5.70%"}, "1976": {"Average Stock Price": "0.8772", "Year Open": "0.8698", "Year High": "0.9752", "Year Low": "0.7656", "Year Close": "0.8229", "Annual % Change": "-3.96%"}, "1975": {"Average Stock Price": "0.8255", "Year Open": "0.5729", "Year High": "0.9727", "Year Low": "0.5599", "Year Close": "0.8568", "Annual % Change": "55.19%"}, "1974": {"Average Stock Price": "0.9346", "Year Open": "1.2969", "Year High": "1.3229", "Year Low": "0.4818", "Year Close": "0.5521", "Annual % Change": "-58.10%"}, "1973": {"Average Stock Price": "1.4633", "Year Open": "1.5273", "Year High": "1.5573", "Year Low": "1.2083", "Year Close": "1.3177", "Annual % Change": "-14.82%"}, "1972": {"Average Stock Price": "1.3924", "Year Open": "1.2552", "Year High": "1.5521", "Year Low": "1.1745", "Year Close": "1.5469", "Annual % Change": "21.73%"}, "1971": {"Average Stock Price": "1.0529", "Year Open": "0.8659", "Year High": "1.2969", "Year Low": "0.8542", "Year Close": "1.2708", "Annual % Change": "43.95%"}, "1970": {"Average Stock Price": "0.8000", "Year Open": "0.8568", "Year High": "0.9115", "Year Low": "0.6627", "Year Close": "0.8828", "Annual % Change": "3.03%"}, "1969": {"Average Stock Price": "0.7682", "Year Open": "0.7578", "Year High": "0.9050", "Year Low": "0.6835", "Year Close": "0.8568", "Annual % Change": "15.04%"}, "1968": {"Average Stock Price": "0.7392", "Year Open": "0.6830", "Year High": "0.8359", "Year Low": "0.6458", "Year Close": "0.7448", "Annual % Change": "7.93%"}, "1967": {"Average Stock Price": "0.6004", "Year Open": "0.4661", "Year High": "0.7259", "Year Low": "0.4570", "Year Close": "0.6901", "Annual % Change": "47.84%"}, "1966": {"Average Stock Price": "0.4189", "Year Open": "0.4518", "Year High": "0.4779", "Year Low": "0.3776", "Year Close": "0.4668", "Annual % Change": "4.22%"}, "1965": {"Average Stock Price": "0.4052", "Year Open": "0.3639", "Year High": "0.4727", "Year Low": "0.3607", "Year Close": "0.4479", "Annual % Change": "22.21%"}, "1964": {"Average Stock Price": "0.3375", "Year Open": "0.2972", "Year High": "0.3665", "Year Low": "0.2923", "Year Close": "0.3665", "Annual % Change": "21.72%"}, "1963": {"Average Stock Price": "0.2543", "Year Open": "0.2220", "Year High": "0.3011", "Year Low": "0.2220", "Year Close": "0.3011", "Annual % Change": "35.63%"}}}, "market cap": {"value": "$213.37B"}, "income statement": {"Revenue": {"2019-12-31": "37266.00000", "2018-12-31": "34300.00000", "2017-12-31": "36212.00000", "2016-12-31": "41863.00000", "2015-12-31": "44294.00000", "2014-12-31": "45998.00000", "2013-12-31": "46854.00000", "2012-12-31": "48017.00000", "2011-12-31": "46542.00000", "2010-12-31": "35119.00000", "2009-12-31": "30990.00000", "2008-12-31": "31944.00000", "2007-12-31": "28857.00000", "2006-12-31": "24088.00000", "2005-12-31": "23104.00000"}, "Cost Of Goods Sold": {"2019-12-31": "14619.00000", "2018-12-31": "13067.00000", "2017-12-31": "13721.00000", "2016-12-31": "16465.00000", "2015-12-31": "17482.00000", "2014-12-31": "17889.00000", "2013-12-31": "18421.00000", "2012-12-31": "19053.00000", "2011-12-31": "18215.00000", "2010-12-31": "12693.00000", "2009-12-31": "11088.00000", "2008-12-31": "11374.00000", "2007-12-31": "10406.00000", "2006-12-31": "8164.00000", "2005-12-31": "8195.00000"}, "Gross Profit": {"2019-12-31": "22647.00000", "2018-12-31": "21233.00000", "2017-12-31": "22491.00000", "2016-12-31": "25398.00000", "2015-12-31": "26812.00000", "2014-12-31": "28109.00000", "2013-12-31": "28433.00000", "2012-12-31": "28964.00000", "2011-12-31": "28327.00000", "2010-12-31": "22426.00000", "2009-12-31": "19902.00000", "2008-12-31": "20570.00000", "2007-12-31": "18451.00000", "2006-12-31": "15924.00000", "2005-12-31": "14909.00000"}, "Research And Development Expenses": {"2019-12-31": "", "2018-12-31": "", "2017-12-31": "", "2016-12-31": "", "2015-12-31": "", "2014-12-31": "", "2013-12-31": "", "2012-12-31": "", "2011-12-31": "", "2010-12-31": "", "2009-12-31": "", "2008-12-31": "", "2007-12-31": "", "2006-12-31": "", "2005-12-31": ""}, "SG&A Expenses": {"2019-12-31": "12103.00000", "2018-12-31": "11002.00000", "2017-12-31": "12834.00000", "2016-12-31": "15370.00000", "2015-12-31": "16427.00000", "2014-12-31": "17218.00000", "2013-12-31": "17310.00000", "2012-12-31": "17738.00000", "2011-12-31": "17422.00000", "2010-12-31": "13194.00000", "2009-12-31": "11358.00000", "2008-12-31": "11774.00000", "2007-12-31": "10945.00000", "2006-12-31": "9431.00000", "2005-12-31": "8739.00000"}, "Other Operating Income Or Expenses": {"2019-12-31": "-458.00000", "2018-12-31": "-1079.00000", "2017-12-31": "-1902.00000", "2016-12-31": "-1371.00000", "2015-12-31": "-1657.00000", "2014-12-31": "-1183.00000", "2013-12-31": "-895.00000", "2012-12-31": "-447.00000", "2011-12-31": "-732.00000", "2010-12-31": "-819.00000", "2009-12-31": "-313.00000", "2008-12-31": "-350.00000", "2007-12-31": "-254.00000", "2006-12-31": "-185.00000", "2005-12-31": "-85.00000"}, "Operating Expenses": {"2019-12-31": "27180.00000", "2018-12-31": "25148.00000", "2017-12-31": "28457.00000", "2016-12-31": "33206.00000", "2015-12-31": "35566.00000", "2014-12-31": "36290.00000", "2013-12-31": "36626.00000", "2012-12-31": "37238.00000", "2011-12-31": "36369.00000", "2010-12-31": "26706.00000", "2009-12-31": "22759.00000", "2008-12-31": "23498.00000", "2007-12-31": "21605.00000", "2006-12-31": "17780.00000", "2005-12-31": "17019.00000"}, "Operating Income": {"2019-12-31": "10086.00000", "2018-12-31": "9152.00000", "2017-12-31": "7755.00000", "2016-12-31": "8657.00000", "2015-12-31": "8728.00000", "2014-12-31": "9708.00000", "2013-12-31": "10228.00000", "2012-12-31": "10779.00000", "2011-12-31": "10173.00000", "2010-12-31": "8413.00000", "2009-12-31": "8231.00000", "2008-12-31": "8446.00000", "2007-12-31": "7252.00000", "2006-12-31": "6308.00000", "2005-12-31": "6085.00000"}, "Total Non-Operating Income/Expense": {"2019-12-31": "700.00000", "2018-12-31": "-927.00000", "2017-12-31": "-865.00000", "2016-12-31": "-521.00000", "2015-12-31": "877.00000", "2014-12-31": "-383.00000", "2013-12-31": "1249.00000", "2012-12-31": "1030.00000", "2011-12-31": "1285.00000", "2010-12-31": "5794.00000", "2009-12-31": "715.00000", "2008-12-31": "-940.00000", "2007-12-31": "667.00000", "2006-12-31": "270.00000", "2005-12-31": "605.00000"}, "Pre-Tax Income": {"2019-12-31": "10786.00000", "2018-12-31": "8225.00000", "2017-12-31": "6890.00000", "2016-12-31": "8136.00000", "2015-12-31": "9605.00000", "2014-12-31": "9325.00000", "2013-12-31": "11477.00000", "2012-12-31": "11809.00000", "2011-12-31": "11458.00000", "2010-12-31": "14207.00000", "2009-12-31": "8946.00000", "2008-12-31": "7506.00000", "2007-12-31": "7919.00000", "2006-12-31": "6578.00000", "2005-12-31": "6690.00000"}, "Income Taxes": {"2019-12-31": "1801.00000", "2018-12-31": "1749.00000", "2017-12-31": "5607.00000", "2016-12-31": "1586.00000", "2015-12-31": "2239.00000", "2014-12-31": "2201.00000", "2013-12-31": "2851.00000", "2012-12-31": "2723.00000", "2011-12-31": "2812.00000", "2010-12-31": "2370.00000", "2009-12-31": "2040.00000", "2008-12-31": "1632.00000", "2007-12-31": "1892.00000", "2006-12-31": "1498.00000", "2005-12-31": "1818.00000"}, "Income After Taxes": {"2019-12-31": "8985.00000", "2018-12-31": "6476.00000", "2017-12-31": "1283.00000", "2016-12-31": "6550.00000", "2015-12-31": "7366.00000", "2014-12-31": "7124.00000", "2013-12-31": "8626.00000", "2012-12-31": "9086.00000", "2011-12-31": "8646.00000", "2010-12-31": "11837.00000", "2009-12-31": "6906.00000", "2008-12-31": "5874.00000", "2007-12-31": "6027.00000", "2006-12-31": "5080.00000", "2005-12-31": "4872.00000"}, "Other Income": {"2019-12-31": "", "2018-12-31": "", "2017-12-31": "", "2016-12-31": "", "2015-12-31": "", "2014-12-31": "", "2013-12-31": "", "2012-12-31": "", "2011-12-31": "", "2010-12-31": "", "2009-12-31": "", "2008-12-31": "", "2007-12-31": "", "2006-12-31": "", "2005-12-31": ""}, "Income From Continuous Operations": {"2019-12-31": "8985.00000", "2018-12-31": "6476.00000", "2017-12-31": "1283.00000", "2016-12-31": "6550.00000", "2015-12-31": "7366.00000", "2014-12-31": "7124.00000", "2013-12-31": "8626.00000", "2012-12-31": "9086.00000", "2011-12-31": "8646.00000", "2010-12-31": "11837.00000", "2009-12-31": "6906.00000", "2008-12-31": "5874.00000", "2007-12-31": "6027.00000", "2006-12-31": "5080.00000", "2005-12-31": "4872.00000"}, "Income From Discontinued Operations": {"2019-12-31": "", "2018-12-31": "", "2017-12-31": "", "2016-12-31": "", "2015-12-31": "0.00000", "2014-12-31": "", "2013-12-31": "", "2012-12-31": "", "2011-12-31": "", "2010-12-31": "", "2009-12-31": "", "2008-12-31": "", "2007-12-31": "", "2006-12-31": "", "2005-12-31": ""}, "Net Income": {"2019-12-31": "8920.00000", "2018-12-31": "6434.00000", "2017-12-31": "1248.00000", "2016-12-31": "6527.00000", "2015-12-31": "7351.00000", "2014-12-31": "7098.00000", "2013-12-31": "8584.00000", "2012-12-31": "9019.00000", "2011-12-31": "8584.00000", "2010-12-31": "11787.00000", "2009-12-31": "6824.00000", "2008-12-31": "5807.00000", "2007-12-31": "5981.00000", "2006-12-31": "5080.00000", "2005-12-31": "4872.00000"}, "EBITDA": {"2019-12-31": "11451.00000", "2018-12-31": "10238.00000", "2017-12-31": "9015.00000", "2016-12-31": "10444.00000", "2015-12-31": "10698.00000", "2014-12-31": "11684.00000", "2013-12-31": "12205.00000", "2012-12-31": "12761.00000", "2011-12-31": "12127.00000", "2010-12-31": "9856.00000", "2009-12-31": "9467.00000", "2008-12-31": "9674.00000", "2007-12-31": "8415.00000", "2006-12-31": "7246.00000", "2005-12-31": "7017.00000"}, "EBIT": {"2019-12-31": "10086.00000", "2018-12-31": "9152.00000", "2017-12-31": "7755.00000", "2016-12-31": "8657.00000", "2015-12-31": "8728.00000", "2014-12-31": "9708.00000", "2013-12-31": "10228.00000", "2012-12-31": "10779.00000", "2011-12-31": "10173.00000", "2010-12-31": "8413.00000", "2009-12-31": "8231.00000", "2008-12-31": "8446.00000", "2007-12-31": "7252.00000", "2006-12-31": "6308.00000", "2005-12-31": "6085.00000"}, "Basic Shares Outstanding": {"2019-12-31": "4276.00000", "2018-12-31": "4259.00000", "2017-12-31": "4272.00000", "2016-12-31": "4317.00000", "2015-12-31": "4352.00000", "2014-12-31": "4387.00000", "2013-12-31": "4434.00000", "2012-12-31": "4504.00000", "2011-12-31": "4568.00000", "2010-12-31": "4616.00000", "2009-12-31": "4628.00000", "2008-12-31": "4630.00000", "2007-12-31": "4626.00000", "2006-12-31": "4696.00000", "2005-12-31": "4784.00000"}, "Shares Outstanding": {"2019-12-31": "4314.00000", "2018-12-31": "4299.00000", "2017-12-31": "4324.00000", "2016-12-31": "4367.00000", "2015-12-31": "4405.00000", "2014-12-31": "4450.00000", "2013-12-31": "4509.00000", "2012-12-31": "4584.00000", "2011-12-31": "4646.00000", "2010-12-31": "4667.00000", "2009-12-31": "4658.00000", "2008-12-31": "4672.00000", "2007-12-31": "4662.00000", "2006-12-31": "4700.00000", "2005-12-31": "4786.00000"}, "Basic EPS": {"2019-12-31": "2.09000", "2018-12-31": "1.51000", "2017-12-31": "0.29000", "2016-12-31": "1.51000", "2015-12-31": "1.69000", "2014-12-31": "1.62000", "2013-12-31": "1.94000", "2012-12-31": "2.00000", "2011-12-31": "1.88000", "2010-12-31": "2.55000", "2009-12-31": "1.47500", "2008-12-31": "1.25500", "2007-12-31": "1.29500", "2006-12-31": "1.08000", "2005-12-31": "1.02000"}, "EPS - Earnings Per Share": {"2019-12-31": "2.07000", "2018-12-31": "1.50000", "2017-12-31": "0.29000", "2016-12-31": "1.49000", "2015-12-31": "1.67000", "2014-12-31": "1.60000", "2013-12-31": "1.90000", "2012-12-31": "1.97000", "2011-12-31": "1.85000", "2010-12-31": "2.53000", "2009-12-31": "1.46500", "2008-12-31": "1.24500", "2007-12-31": "1.28500", "2006-12-31": "1.08000", "2005-12-31": "1.02000"}}, "income statement, quarterly": {"Revenue": {"2020-09-30": "8652.00000", "2020-06-30": "7150.00000", "2020-03-31": "8601.00000", "2019-12-31": "9068.00000", "2019-09-30": "9507.00000", "2019-06-30": "9997.00000", "2019-03-31": "8694.00000", "2018-12-31": "8478.00000", "2018-09-30": "8775.00000", "2018-06-30": "9421.00000", "2018-03-31": "7626.00000", "2017-12-31": "8314.00000", "2017-09-30": "9078.00000", "2017-06-30": "9702.00000", "2017-03-31": "9118.00000", "2016-12-31": "9409.00000", "2016-09-30": "10633.00000", "2016-06-30": "11539.00000", "2016-03-31": "10282.00000", "2015-12-31": "10000.00000", "2015-09-30": "11427.00000", "2015-06-30": "12156.00000", "2015-03-31": "10711.00000", "2014-12-31": "10872.00000", "2014-09-30": "11976.00000", "2014-06-30": "12574.00000", "2014-03-31": "10576.00000", "2013-12-31": "11040.00000", "2013-09-30": "12030.00000", "2013-06-30": "12749.00000", "2013-03-31": "11035.00000", "2012-12-31": "11455.00000", "2012-09-30": "12340.00000", "2012-06-30": "13085.00000", "2012-03-31": "11137.00000", "2011-12-31": "11040.00000", "2011-09-30": "12248.00000", "2011-06-30": "12737.00000", "2011-03-31": "10517.00000", "2010-12-31": "10494.00000", "2010-09-30": "8426.00000", "2010-06-30": "8674.00000", "2010-03-31": "7525.00000", "2009-12-31": "7510.00000", "2009-09-30": "8044.00000", "2009-06-30": "8267.00000", "2009-03-31": "7169.00000", "2008-12-31": "7126.00000", "2008-09-30": "8393.00000", "2008-06-30": "9046.00000", "2008-03-31": "7379.00000", "2007-12-31": "7331.00000", "2007-09-30": "7690.00000", "2007-06-30": "7733.00000", "2007-03-31": "6103.00000", "2006-12-31": "5932.00000", "2006-09-30": "6454.00000", "2006-06-30": "6476.00000", "2006-03-31": "5226.00000", "2005-12-31": "5551.00000", "2005-09-30": "6037.00000", "2005-06-30": "6310.00000", "2005-03-31": "5206.00000"}, "Cost Of Goods Sold": {"2020-09-30": "3471.00000", "2020-06-30": "3013.00000", "2020-03-31": "3371.00000", "2019-12-31": "3566.00000", "2019-09-30": "3767.00000", "2019-06-30": "3921.00000", "2019-03-31": "3365.00000", "2018-12-31": "3440.00000", "2018-09-30": "3346.00000", "2018-06-30": "3543.00000", "2018-03-31": "2738.00000", "2017-12-31": "3155.00000", "2017-09-30": "3394.00000", "2017-06-30": "3659.00000", "2017-03-31": "3513.00000", "2016-12-31": "3794.00000", "2016-09-30": "4131.00000", "2016-06-30": "4471.00000", "2016-03-31": "4069.00000", "2015-12-31": "4054.00000", "2015-09-30": "4577.00000", "2015-06-30": "4748.00000", "2015-03-31": "4103.00000", "2014-12-31": "4357.00000", "2014-09-30": "4630.00000", "2014-06-30": "4819.00000", "2014-03-31": "4083.00000", "2013-12-31": "4315.00000", "2013-09-30": "4793.00000", "2013-06-30": "4989.00000", "2013-03-31": "4324.00000", "2012-12-31": "4628.00000", "2012-09-30": "4853.00000", "2012-06-30": "5224.00000", "2012-03-31": "4348.00000", "2011-12-31": "4403.00000", "2011-09-30": "4875.00000", "2011-06-30": "4989.00000", "2011-03-31": "3948.00000", "2010-12-31": "4279.00000", "2010-09-30": "2918.00000", "2010-06-30": "2955.00000", "2010-03-31": "2541.00000", "2009-12-31": "2651.00000", "2009-09-30": "2934.00000", "2009-06-30": "2913.00000", "2009-03-31": "2590.00000", "2008-12-31": "2568.00000", "2008-09-30": "3020.00000", "2008-06-30": "3162.00000", "2008-03-31": "2624.00000", "2007-12-31": "2641.00000", "2007-09-30": "2884.00000", "2007-06-30": "2736.00000", "2007-03-31": "2145.00000", "2006-12-31": "2063.00000", "2006-09-30": "2265.00000", "2006-06-30": "2110.00000", "2006-03-31": "1726.00000", "2005-12-31": "1996.00000", "2005-09-30": "2235.00000", "2005-06-30": "2146.00000", "2005-03-31": "1818.00000"}, "Gross Profit": {"2020-09-30": "5181.00000", "2020-06-30": "4137.00000", "2020-03-31": "5230.00000", "2019-12-31": "5502.00000", "2019-09-30": "5740.00000", "2019-06-30": "6076.00000", "2019-03-31": "5329.00000", "2018-12-31": "5038.00000", "2018-09-30": "5429.00000", "2018-06-30": "5878.00000", "2018-03-31": "4888.00000", "2017-12-31": "5159.00000", "2017-09-30": "5684.00000", "2017-06-30": "6043.00000", "2017-03-31": "5605.00000", "2016-12-31": "5615.00000", "2016-09-30": "6502.00000", "2016-06-30": "7068.00000", "2016-03-31": "6213.00000", "2015-12-31": "5946.00000", "2015-09-30": "6850.00000", "2015-06-30": "7408.00000", "2015-03-31": "6608.00000", "2014-12-31": "6515.00000", "2014-09-30": "7346.00000", "2014-06-30": "7755.00000", "2014-03-31": "6493.00000", "2013-12-31": "6725.00000", "2013-09-30": "7237.00000", "2013-06-30": "7760.00000", "2013-03-31": "6711.00000", "2012-12-31": "6827.00000", "2012-09-30": "7487.00000", "2012-06-30": "7861.00000", "2012-03-31": "6789.00000", "2011-12-31": "6637.00000", "2011-09-30": "7373.00000", "2011-06-30": "7748.00000", "2011-03-31": "6569.00000", "2010-12-31": "6215.00000", "2010-09-30": "5508.00000", "2010-06-30": "5719.00000", "2010-03-31": "4984.00000", "2009-12-31": "4859.00000", "2009-09-30": "5110.00000", "2009-06-30": "5354.00000", "2009-03-31": "4579.00000", "2008-12-31": "4558.00000", "2008-09-30": "5373.00000", "2008-06-30": "5884.00000", "2008-03-31": "4755.00000", "2007-12-31": "4690.00000", "2007-09-30": "4806.00000", "2007-06-30": "4997.00000", "2007-03-31": "3958.00000", "2006-12-31": "3869.00000", "2006-09-30": "4189.00000", "2006-06-30": "4366.00000", "2006-03-31": "3500.00000", "2005-12-31": "3555.00000", "2005-09-30": "3802.00000", "2005-06-30": "4164.00000", "2005-03-31": "3388.00000"}, "Research And Development Expenses": {"2020-09-30": "", "2020-06-30": "", "2020-03-31": "", "2019-12-31": "", "2019-09-30": "", "2019-06-30": "", "2019-03-31": "", "2018-12-31": "", "2018-09-30": "", "2018-06-30": "", "2018-03-31": "", "2017-12-31": "", "2017-09-30": "", "2017-06-30": "", "2017-03-31": "", "2016-12-31": "", "2016-09-30": "", "2016-06-30": "", "2016-03-31": "", "2015-12-31": "", "2015-09-30": "", "2015-06-30": "", "2015-03-31": "", "2014-12-31": "", "2014-09-30": "", "2014-06-30": "", "2014-03-31": "", "2013-12-31": "", "2013-09-30": "", "2013-06-30": "", "2013-03-31": "", "2012-12-31": "", "2012-09-30": "", "2012-06-30": "", "2012-03-31": "", "2011-12-31": "", "2011-09-30": "", "2011-06-30": "", "2011-03-31": "", "2010-12-31": "", "2010-09-30": "", "2010-06-30": "", "2010-03-31": "", "2009-12-31": "", "2009-09-30": "", "2009-06-30": "", "2009-03-31": "", "2008-12-31": "", "2008-09-30": "", "2008-06-30": "", "2008-03-31": "", "2007-12-31": "", "2007-09-30": "", "2007-06-30": "", "2007-03-31": "", "2006-12-31": "", "2006-09-30": "", "2006-06-30": "", "2006-03-31": "", "2005-12-31": "", "2005-09-30": "", "2005-06-30": "", "2005-03-31": ""}, "SG&A Expenses": {"2020-09-30": "2511.00000", "2020-06-30": "1983.00000", "2020-03-31": "2648.00000", "2019-12-31": "3224.00000", "2019-09-30": "3116.00000", "2019-06-30": "2996.00000", "2019-03-31": "2767.00000", "2018-12-31": "2914.00000", "2018-09-30": "2660.00000", "2018-06-30": "2887.00000", "2018-03-31": "2541.00000", "2017-12-31": "3057.00000", "2017-09-30": "3245.00000", "2017-06-30": "3180.00000", "2017-03-31": "3352.00000", "2016-12-31": "3688.00000", "2016-09-30": "4009.00000", "2016-06-30": "3912.00000", "2016-03-31": "3761.00000", "2015-12-31": "3937.00000", "2015-09-30": "4207.00000", "2015-06-30": "4204.00000", "2015-03-31": "4079.00000", "2014-12-31": "4338.00000", "2014-09-30": "4507.00000", "2014-06-30": "4384.00000", "2014-03-31": "3989.00000", "2013-12-31": "4319.00000", "2013-09-30": "4424.00000", "2013-06-30": "4385.00000", "2013-03-31": "4182.00000", "2012-12-31": "4430.00000", "2012-09-30": "4630.00000", "2012-06-30": "4497.00000", "2012-03-31": "4181.00000", "2011-12-31": "4406.00000", "2011-09-30": "4523.00000", "2011-06-30": "4417.00000", "2011-03-31": "4076.00000", "2010-12-31": "4547.00000", "2010-09-30": "3064.00000", "2010-06-30": "2878.00000", "2010-03-31": "2705.00000", "2009-12-31": "2978.00000", "2009-09-30": "2912.00000", "2009-06-30": "2844.00000", "2009-03-31": "2624.00000", "2008-12-31": "2744.00000", "2008-09-30": "3139.00000", "2008-06-30": "3095.00000", "2008-03-31": "2796.00000", "2007-12-31": "3039.00000", "2007-09-30": "2896.00000", "2007-06-30": "2685.00000", "2007-03-31": "2325.00000", "2006-12-31": "2587.00000", "2006-09-30": "2488.00000", "2006-06-30": "2296.00000", "2006-03-31": "2060.00000", "2005-12-31": "2293.00000", "2005-09-30": "2225.00000", "2005-06-30": "2192.00000", "2005-03-31": "2029.00000"}, "Other Operating Income Or Expenses": {"2020-09-30": "-372.00000", "2020-06-30": "-173.00000", "2020-03-31": "-202.00000", "2019-12-31": "-114.00000", "2019-09-30": "-125.00000", "2019-06-30": "-92.00000", "2019-03-31": "-127.00000", "2018-12-31": "-163.00000", "2018-09-30": "-155.00000", "2018-06-30": "-225.00000", "2018-03-31": "-536.00000", "2017-12-31": "-592.00000", "2017-09-30": "-194.00000", "2017-06-30": "-826.00000", "2017-03-31": "-290.00000", "2016-12-31": "-541.00000", "2016-09-30": "-222.00000", "2016-06-30": "-297.00000", "2016-03-31": "-311.00000", "2015-12-31": "-491.00000", "2015-09-30": "-264.00000", "2015-06-30": "-669.00000", "2015-03-31": "-233.00000", "2014-12-31": "-726.00000", "2014-09-30": "-128.00000", "2014-06-30": "-201.00000", "2014-03-31": "-128.00000", "2013-12-31": "-301.00000", "2013-09-30": "-341.00000", "2013-06-30": "-132.00000", "2013-03-31": "-121.00000", "2012-12-31": "-214.00000", "2012-09-30": "-64.00000", "2012-06-30": "-70.00000", "2012-03-31": "-99.00000", "2011-12-31": "-275.00000", "2011-09-30": "-96.00000", "2011-06-30": "-152.00000", "2011-03-31": "-209.00000", "2010-12-31": "-545.00000", "2010-09-30": "-100.00000", "2010-06-30": "-78.00000", "2010-03-31": "-96.00000", "2009-12-31": "-101.00000", "2009-09-30": "-48.00000", "2009-06-30": "-72.00000", "2009-03-31": "-92.00000", "2008-12-31": "-108.00000", "2008-09-30": "-47.00000", "2008-06-30": "-110.00000", "2008-03-31": "-85.00000", "2007-12-31": "-125.00000", "2007-09-30": "-81.00000", "2007-06-30": "-42.00000", "2007-03-31": "-6.00000", "2006-12-31": "-70.00000", "2006-09-30": "-39.00000", "2006-06-30": "-31.00000", "2006-03-31": "-45.00000", "2005-12-31": "", "2005-09-30": "-85.00000", "2005-06-30": "", "2005-03-31": ""}, "Operating Expenses": {"2020-09-30": "6354.00000", "2020-06-30": "5169.00000", "2020-03-31": "6221.00000", "2019-12-31": "6904.00000", "2019-09-30": "7008.00000", "2019-06-30": "7009.00000", "2019-03-31": "6259.00000", "2018-12-31": "6517.00000", "2018-09-30": "6161.00000", "2018-06-30": "6655.00000", "2018-03-31": "5815.00000", "2017-12-31": "6804.00000", "2017-09-30": "6833.00000", "2017-06-30": "7665.00000", "2017-03-31": "7155.00000", "2016-12-31": "8023.00000", "2016-09-30": "8362.00000", "2016-06-30": "8680.00000", "2016-03-31": "8141.00000", "2015-12-31": "8482.00000", "2015-09-30": "9048.00000", "2015-06-30": "9621.00000", "2015-03-31": "8415.00000", "2014-12-31": "9421.00000", "2014-09-30": "9265.00000", "2014-06-30": "9404.00000", "2014-03-31": "8200.00000", "2013-12-31": "8935.00000", "2013-09-30": "9558.00000", "2013-06-30": "9506.00000", "2013-03-31": "8627.00000", "2012-12-31": "9272.00000", "2012-09-30": "9547.00000", "2012-06-30": "9791.00000", "2012-03-31": "8628.00000", "2011-12-31": "9084.00000", "2011-09-30": "9494.00000", "2011-06-30": "9558.00000", "2011-03-31": "8233.00000", "2010-12-31": "9371.00000", "2010-09-30": "6082.00000", "2010-06-30": "5911.00000", "2010-03-31": "5342.00000", "2009-12-31": "5730.00000", "2009-09-30": "5894.00000", "2009-06-30": "5829.00000", "2009-03-31": "5306.00000", "2008-12-31": "5420.00000", "2008-09-30": "6206.00000", "2008-06-30": "6367.00000", "2008-03-31": "5505.00000", "2007-12-31": "5805.00000", "2007-09-30": "5861.00000", "2007-06-30": "5463.00000", "2007-03-31": "4476.00000", "2006-12-31": "4720.00000", "2006-09-30": "4792.00000", "2006-06-30": "4437.00000", "2006-03-31": "3831.00000", "2005-12-31": "4289.00000", "2005-09-30": "4545.00000", "2005-06-30": "4338.00000", "2005-03-31": "3847.00000"}, "Operating Income": {"2020-09-30": "2298.00000", "2020-06-30": "1981.00000", "2020-03-31": "2380.00000", "2019-12-31": "2164.00000", "2019-09-30": "2499.00000", "2019-06-30": "2988.00000", "2019-03-31": "2435.00000", "2018-12-31": "1961.00000", "2018-09-30": "2614.00000", "2018-06-30": "2766.00000", "2018-03-31": "1811.00000", "2017-12-31": "1510.00000", "2017-09-30": "2245.00000", "2017-06-30": "2037.00000", "2017-03-31": "1963.00000", "2016-12-31": "1386.00000", "2016-09-30": "2271.00000", "2016-06-30": "2859.00000", "2016-03-31": "2141.00000", "2015-12-31": "1518.00000", "2015-09-30": "2379.00000", "2015-06-30": "2535.00000", "2015-03-31": "2296.00000", "2014-12-31": "1451.00000", "2014-09-30": "2711.00000", "2014-06-30": "3170.00000", "2014-03-31": "2376.00000", "2013-12-31": "2105.00000", "2013-09-30": "2472.00000", "2013-06-30": "3243.00000", "2013-03-31": "2408.00000", "2012-12-31": "2183.00000", "2012-09-30": "2793.00000", "2012-06-30": "3294.00000", "2012-03-31": "2509.00000", "2011-12-31": "1956.00000", "2011-09-30": "2754.00000", "2011-06-30": "3179.00000", "2011-03-31": "2284.00000", "2010-12-31": "1123.00000", "2010-09-30": "2344.00000", "2010-06-30": "2763.00000", "2010-03-31": "2183.00000", "2009-12-31": "1780.00000", "2009-09-30": "2150.00000", "2009-06-30": "2438.00000", "2009-03-31": "1863.00000", "2008-12-31": "1706.00000", "2008-09-30": "2187.00000", "2008-06-30": "2679.00000", "2008-03-31": "1874.00000", "2007-12-31": "1526.00000", "2007-09-30": "1829.00000", "2007-06-30": "2270.00000", "2007-03-31": "1627.00000", "2006-12-31": "1212.00000", "2006-09-30": "1662.00000", "2006-06-30": "2039.00000", "2006-03-31": "1395.00000", "2005-12-31": "1262.00000", "2005-09-30": "1492.00000", "2005-06-30": "1972.00000", "2005-03-31": "1359.00000"}, "Total Non-Operating Income/Expense": {"2020-09-30": "-117.00000", "2020-06-30": "216.00000", "2020-03-31": "630.00000", "2019-12-31": "256.00000", "2019-09-30": "593.00000", "2019-06-30": "61.00000", "2019-03-31": "-210.00000", "2018-12-31": "-884.00000", "2018-09-30": "-241.00000", "2018-06-30": "176.00000", "2018-03-31": "22.00000", "2017-12-31": "-425.00000", "2017-09-30": "-571.00000", "2017-06-30": "587.00000", "2017-03-31": "-456.00000", "2016-12-31": "-871.00000", "2016-09-30": "-843.00000", "2016-06-30": "1440.00000", "2016-03-31": "-247.00000", "2015-12-31": "20.00000", "2015-09-30": "-654.00000", "2015-06-30": "1826.00000", "2015-03-31": "-315.00000", "2014-12-31": "-375.00000", "2014-09-30": "-51.00000", "2014-06-30": "214.00000", "2014-03-31": "-171.00000", "2013-12-31": "123.00000", "2013-09-30": "908.00000", "2013-06-30": "282.00000", "2013-03-31": "-64.00000", "2012-12-31": "194.00000", "2012-09-30": "291.00000", "2012-06-30": "329.00000", "2012-03-31": "216.00000", "2011-12-31": "260.00000", "2011-09-30": "173.00000", "2011-06-30": "620.00000", "2011-03-31": "232.00000", "2010-12-31": "5082.00000", "2010-09-30": "356.00000", "2010-06-30": "360.00000", "2010-03-31": "-4.00000", "2009-12-31": "180.00000", "2009-09-30": "293.00000", "2009-06-30": "290.00000", "2009-03-31": "-48.00000", "2008-12-31": "-546.00000", "2008-09-30": "283.00000", "2008-06-30": "-762.00000", "2008-03-31": "85.00000", "2007-12-31": "143.00000", "2007-09-30": "284.00000", "2007-06-30": "138.00000", "2007-03-31": "102.00000", "2006-12-31": "-326.00000", "2006-09-30": "164.00000", "2006-06-30": "352.00000", "2006-03-31": "80.00000", "2005-12-31": "111.00000", "2005-09-30": "161.00000", "2005-06-30": "244.00000", "2005-03-31": "89.00000"}, "Pre-Tax Income": {"2020-09-30": "2181.00000", "2020-06-30": "2197.00000", "2020-03-31": "3010.00000", "2019-12-31": "2420.00000", "2019-09-30": "3092.00000", "2019-06-30": "3049.00000", "2019-03-31": "2225.00000", "2018-12-31": "1077.00000", "2018-09-30": "2373.00000", "2018-06-30": "2942.00000", "2018-03-31": "1833.00000", "2017-12-31": "1085.00000", "2017-09-30": "1674.00000", "2017-06-30": "2624.00000", "2017-03-31": "1507.00000", "2016-12-31": "515.00000", "2016-09-30": "1428.00000", "2016-06-30": "4299.00000", "2016-03-31": "1894.00000", "2015-12-31": "1538.00000", "2015-09-30": "1725.00000", "2015-06-30": "4361.00000", "2015-03-31": "1981.00000", "2014-12-31": "1076.00000", "2014-09-30": "2660.00000", "2014-06-30": "3384.00000", "2014-03-31": "2205.00000", "2013-12-31": "2228.00000", "2013-09-30": "3380.00000", "2013-06-30": "3525.00000", "2013-03-31": "2344.00000", "2012-12-31": "2377.00000", "2012-09-30": "3084.00000", "2012-06-30": "3623.00000", "2012-03-31": "2725.00000", "2011-12-31": "2216.00000", "2011-09-30": "2927.00000", "2011-06-30": "3799.00000", "2011-03-31": "2516.00000", "2010-12-31": "6205.00000", "2010-09-30": "2700.00000", "2010-06-30": "3123.00000", "2010-03-31": "2179.00000", "2009-12-31": "1960.00000", "2009-09-30": "2443.00000", "2009-06-30": "2728.00000", "2009-03-31": "1815.00000", "2008-12-31": "1160.00000", "2008-09-30": "2470.00000", "2008-06-30": "1917.00000", "2008-03-31": "1959.00000", "2007-12-31": "1669.00000", "2007-09-30": "2113.00000", "2007-06-30": "2408.00000", "2007-03-31": "1729.00000", "2006-12-31": "886.00000", "2006-09-30": "1826.00000", "2006-06-30": "2391.00000", "2006-03-31": "1475.00000", "2005-12-31": "1373.00000", "2005-09-30": "1653.00000", "2005-06-30": "2216.00000", "2005-03-31": "1448.00000"}, "Income Taxes": {"2020-09-30": "441.00000", "2020-06-30": "438.00000", "2020-03-31": "215.00000", "2019-12-31": "355.00000", "2019-09-30": "503.00000", "2019-06-30": "421.00000", "2019-03-31": "522.00000", "2018-12-31": "77.00000", "2018-09-30": "555.00000", "2018-06-30": "611.00000", "2018-03-31": "506.00000", "2017-12-31": "3802.00000", "2017-09-30": "230.00000", "2017-06-30": "1252.00000", "2017-03-31": "323.00000", "2016-12-31": "-32.00000", "2016-09-30": "378.00000", "2016-06-30": "839.00000", "2016-03-31": "401.00000", "2015-12-31": "302.00000", "2015-09-30": "272.00000", "2015-06-30": "1250.00000", "2015-03-31": "415.00000", "2014-12-31": "305.00000", "2014-09-30": "538.00000", "2014-06-30": "779.00000", "2014-03-31": "579.00000", "2013-12-31": "520.00000", "2013-09-30": "925.00000", "2013-06-30": "831.00000", "2013-03-31": "575.00000", "2012-12-31": "487.00000", "2012-09-30": "755.00000", "2012-06-30": "823.00000", "2012-03-31": "658.00000", "2011-12-31": "539.00000", "2011-09-30": "681.00000", "2011-06-30": "992.00000", "2011-03-31": "600.00000", "2010-12-31": "443.00000", "2010-09-30": "633.00000", "2010-06-30": "741.00000", "2010-03-31": "553.00000", "2009-12-31": "382.00000", "2009-09-30": "523.00000", "2009-06-30": "679.00000", "2009-03-31": "456.00000", "2008-12-31": "155.00000", "2008-09-30": "555.00000", "2008-06-30": "474.00000", "2008-03-31": "448.00000", "2007-12-31": "409.00000", "2007-09-30": "459.00000", "2007-06-30": "557.00000", "2007-03-31": "467.00000", "2006-12-31": "208.00000", "2006-09-30": "366.00000", "2006-06-30": "555.00000", "2006-03-31": "369.00000", "2005-12-31": "509.00000", "2005-09-30": "370.00000", "2005-06-30": "493.00000", "2005-03-31": "446.00000"}, "Income After Taxes": {"2020-09-30": "1740.00000", "2020-06-30": "1759.00000", "2020-03-31": "2795.00000", "2019-12-31": "2065.00000", "2019-09-30": "2589.00000", "2019-06-30": "2628.00000", "2019-03-31": "1703.00000", "2018-12-31": "1000.00000", "2018-09-30": "1818.00000", "2018-06-30": "2331.00000", "2018-03-31": "1327.00000", "2017-12-31": "-2717.00000", "2017-09-30": "1444.00000", "2017-06-30": "1372.00000", "2017-03-31": "1184.00000", "2016-12-31": "547.00000", "2016-09-30": "1050.00000", "2016-06-30": "3460.00000", "2016-03-31": "1493.00000", "2015-12-31": "1236.00000", "2015-09-30": "1453.00000", "2015-06-30": "3111.00000", "2015-03-31": "1566.00000", "2014-12-31": "771.00000", "2014-09-30": "2122.00000", "2014-06-30": "2605.00000", "2014-03-31": "1626.00000", "2013-12-31": "1708.00000", "2013-09-30": "2455.00000", "2013-06-30": "2694.00000", "2013-03-31": "1769.00000", "2012-12-31": "1890.00000", "2012-09-30": "2329.00000", "2012-06-30": "2800.00000", "2012-03-31": "2067.00000", "2011-12-31": "1677.00000", "2011-09-30": "2246.00000", "2011-06-30": "2807.00000", "2011-03-31": "1916.00000", "2010-12-31": "5762.00000", "2010-09-30": "2067.00000", "2010-06-30": "2382.00000", "2010-03-31": "1626.00000", "2009-12-31": "1578.00000", "2009-09-30": "1920.00000", "2009-06-30": "2049.00000", "2009-03-31": "1359.00000", "2008-12-31": "1005.00000", "2008-09-30": "1915.00000", "2008-06-30": "1443.00000", "2008-03-31": "1511.00000", "2007-12-31": "1260.00000", "2007-09-30": "1654.00000", "2007-06-30": "1851.00000", "2007-03-31": "1262.00000", "2006-12-31": "678.00000", "2006-09-30": "1460.00000", "2006-06-30": "1836.00000", "2006-03-31": "1106.00000", "2005-12-31": "864.00000", "2005-09-30": "1283.00000", "2005-06-30": "1723.00000", "2005-03-31": "1002.00000"}, "Other Income": {"2020-09-30": "", "2020-06-30": "", "2020-03-31": "", "2019-12-31": "", "2019-09-30": "", "2019-06-30": "", "2019-03-31": "", "2018-12-31": "", "2018-09-30": "", "2018-06-30": "", "2018-03-31": "", "2017-12-31": "", "2017-09-30": "", "2017-06-30": "", "2017-03-31": "", "2016-12-31": "", "2016-09-30": "", "2016-06-30": "", "2016-03-31": "", "2015-12-31": "", "2015-09-30": "", "2015-06-30": "", "2015-03-31": "", "2014-12-31": "", "2014-09-30": "", "2014-06-30": "", "2014-03-31": "", "2013-12-31": "", "2013-09-30": "", "2013-06-30": "", "2013-03-31": "", "2012-12-31": "", "2012-09-30": "", "2012-06-30": "", "2012-03-31": "", "2011-12-31": "", "2011-09-30": "", "2011-06-30": "", "2011-03-31": "", "2010-12-31": "", "2010-09-30": "", "2010-06-30": "", "2010-03-31": "", "2009-12-31": "", "2009-09-30": "", "2009-06-30": "", "2009-03-31": "", "2008-12-31": "", "2008-09-30": "", "2008-06-30": "", "2008-03-31": "", "2007-12-31": "", "2007-09-30": "", "2007-06-30": "", "2007-03-31": "", "2006-12-31": "", "2006-09-30": "", "2006-06-30": "", "2006-03-31": "", "2005-12-31": "", "2005-09-30": "", "2005-06-30": "", "2005-03-31": ""}, "Income From Continuous Operations": {"2020-09-30": "1740.00000", "2020-06-30": "1759.00000", "2020-03-31": "2795.00000", "2019-12-31": "2065.00000", "2019-09-30": "2589.00000", "2019-06-30": "2628.00000", "2019-03-31": "1703.00000", "2018-12-31": "1000.00000", "2018-09-30": "1818.00000", "2018-06-30": "2331.00000", "2018-03-31": "1327.00000", "2017-12-31": "-2717.00000", "2017-09-30": "1444.00000", "2017-06-30": "1372.00000", "2017-03-31": "1184.00000", "2016-12-31": "547.00000", "2016-09-30": "1050.00000", "2016-06-30": "3460.00000", "2016-03-31": "1493.00000", "2015-12-31": "1236.00000", "2015-09-30": "1453.00000", "2015-06-30": "3111.00000", "2015-03-31": "1566.00000", "2014-12-31": "771.00000", "2014-09-30": "2122.00000", "2014-06-30": "2605.00000", "2014-03-31": "1626.00000", "2013-12-31": "1708.00000", "2013-09-30": "2455.00000", "2013-06-30": "2694.00000", "2013-03-31": "1769.00000", "2012-12-31": "1890.00000", "2012-09-30": "2329.00000", "2012-06-30": "2800.00000", "2012-03-31": "2067.00000", "2011-12-31": "1677.00000", "2011-09-30": "2246.00000", "2011-06-30": "2807.00000", "2011-03-31": "1916.00000", "2010-12-31": "5762.00000", "2010-09-30": "2067.00000", "2010-06-30": "2382.00000", "2010-03-31": "1626.00000", "2009-12-31": "1578.00000", "2009-09-30": "1920.00000", "2009-06-30": "2049.00000", "2009-03-31": "1359.00000", "2008-12-31": "1005.00000", "2008-09-30": "1915.00000", "2008-06-30": "1443.00000", "2008-03-31": "1511.00000", "2007-12-31": "1260.00000", "2007-09-30": "1654.00000", "2007-06-30": "1851.00000", "2007-03-31": "1262.00000", "2006-12-31": "678.00000", "2006-09-30": "1460.00000", "2006-06-30": "1836.00000", "2006-03-31": "1106.00000", "2005-12-31": "864.00000", "2005-09-30": "1283.00000", "2005-06-30": "1723.00000", "2005-03-31": "1002.00000"}, "Income From Discontinued Operations": {"2020-09-30": "", "2020-06-30": "", "2020-03-31": "", "2019-12-31": "", "2019-09-30": "", "2019-06-30": "", "2019-03-31": "", "2018-12-31": "", "2018-09-30": "", "2018-06-30": "", "2018-03-31": "73.00000", "2017-12-31": "", "2017-09-30": "", "2017-06-30": "0.00000", "2017-03-31": "", "2016-12-31": "", "2016-09-30": "", "2016-06-30": "", "2016-03-31": "", "2015-12-31": "", "2015-09-30": "", "2015-06-30": "", "2015-03-31": "", "2014-12-31": "", "2014-09-30": "", "2014-06-30": "", "2014-03-31": "", "2013-12-31": "", "2013-09-30": "", "2013-06-30": "", "2013-03-31": "", "2012-12-31": "", "2012-09-30": "", "2012-06-30": "", "2012-03-31": "", "2011-12-31": "", "2011-09-30": "", "2011-06-30": "", "2011-03-31": "", "2010-12-31": "", "2010-09-30": "", "2010-06-30": "", "2010-03-31": "", "2009-12-31": "", "2009-09-30": "", "2009-06-30": "", "2009-03-31": "", "2008-12-31": "", "2008-09-30": "", "2008-06-30": "", "2008-03-31": "", "2007-12-31": "", "2007-09-30": "", "2007-06-30": "", "2007-03-31": "", "2006-12-31": "", "2006-09-30": "", "2006-06-30": "", "2006-03-31": "", "2005-12-31": "", "2005-09-30": "", "2005-06-30": "", "2005-03-31": ""}, "Net Income": {"2020-09-30": "1737.00000", "2020-06-30": "1779.00000", "2020-03-31": "2775.00000", "2019-12-31": "2042.00000", "2019-09-30": "2593.00000", "2019-06-30": "2607.00000", "2019-03-31": "1678.00000", "2018-12-31": "870.00000", "2018-09-30": "1880.00000", "2018-06-30": "2316.00000", "2018-03-31": "1368.00000", "2017-12-31": "-2752.00000", "2017-09-30": "1447.00000", "2017-06-30": "1371.00000", "2017-03-31": "1182.00000", "2016-12-31": "550.00000", "2016-09-30": "1046.00000", "2016-06-30": "3448.00000", "2016-03-31": "1483.00000", "2015-12-31": "1237.00000", "2015-09-30": "1449.00000", "2015-06-30": "3108.00000", "2015-03-31": "1557.00000", "2014-12-31": "770.00000", "2014-09-30": "2114.00000", "2014-06-30": "2595.00000", "2014-03-31": "1619.00000", "2013-12-31": "1710.00000", "2013-09-30": "2447.00000", "2013-06-30": "2676.00000", "2013-03-31": "1751.00000", "2012-12-31": "1866.00000", "2012-09-30": "2311.00000", "2012-06-30": "2788.00000", "2012-03-31": "2054.00000", "2011-12-31": "1657.00000", "2011-09-30": "2224.00000", "2011-06-30": "2800.00000", "2011-03-31": "1903.00000", "2010-12-31": "5749.00000", "2010-09-30": "2055.00000", "2010-06-30": "2369.00000", "2010-03-31": "1614.00000", "2009-12-31": "1543.00000", "2009-09-30": "1896.00000", "2009-06-30": "2037.00000", "2009-03-31": "1348.00000", "2008-12-31": "995.00000", "2008-09-30": "1890.00000", "2008-06-30": "1422.00000", "2008-03-31": "1500.00000", "2007-12-31": "1214.00000", "2007-09-30": "1654.00000", "2007-06-30": "1851.00000", "2007-03-31": "1262.00000", "2006-12-31": "678.00000", "2006-09-30": "1460.00000", "2006-06-30": "1836.00000", "2006-03-31": "1106.00000", "2005-12-31": "864.00000", "2005-09-30": "1283.00000", "2005-06-30": "1723.00000", "2005-03-31": "1002.00000"}, "EBITDA": {"2020-09-30": "2656.00000", "2020-06-30": "2362.00000", "2020-03-31": "2747.00000", "2019-12-31": "2564.00000", "2019-09-30": "2862.00000", "2019-06-30": "3315.00000", "2019-03-31": "2710.00000", "2018-12-31": "2240.00000", "2018-09-30": "2868.00000", "2018-06-30": "3049.00000", "2018-03-31": "2081.00000", "2017-12-31": "1844.00000", "2017-09-30": "2542.00000", "2017-06-30": "2338.00000", "2017-03-31": "2291.00000", "2016-12-31": "1850.00000", "2016-09-30": "2691.00000", "2016-06-30": "3304.00000", "2016-03-31": "2599.00000", "2015-12-31": "2045.00000", "2015-09-30": "2861.00000", "2015-06-30": "3023.00000", "2015-03-31": "2769.00000", "2014-12-31": "1950.00000", "2014-09-30": "3221.00000", "2014-06-30": "3664.00000", "2014-03-31": "2849.00000", "2013-12-31": "2638.00000", "2013-09-30": "2969.00000", "2013-06-30": "3717.00000", "2013-03-31": "2881.00000", "2012-12-31": "2696.00000", "2012-09-30": "3307.00000", "2012-06-30": "3802.00000", "2012-03-31": "2956.00000", "2011-12-31": "2487.00000", "2011-09-30": "3220.00000", "2011-06-30": "3650.00000", "2011-03-31": "2770.00000", "2010-12-31": "1632.00000", "2010-09-30": "2667.00000", "2010-06-30": "3079.00000", "2010-03-31": "2478.00000", "2009-12-31": "2111.00000", "2009-09-30": "2470.00000", "2009-06-30": "2740.00000", "2009-03-31": "2146.00000", "2008-12-31": "1991.00000", "2008-09-30": "2493.00000", "2008-06-30": "3009.00000", "2008-03-31": "2181.00000", "2007-12-31": "1895.00000", "2007-09-30": "2108.00000", "2007-06-30": "2544.00000", "2007-03-31": "1868.00000", "2006-12-31": "1484.00000", "2006-09-30": "1895.00000", "2006-06-30": "2263.00000", "2006-03-31": "1604.00000", "2005-12-31": "1518.00000", "2005-09-30": "1719.00000", "2005-06-30": "2195.00000", "2005-03-31": "1585.00000"}, "EBIT": {"2020-09-30": "2298.00000", "2020-06-30": "1981.00000", "2020-03-31": "2380.00000", "2019-12-31": "2164.00000", "2019-09-30": "2499.00000", "2019-06-30": "2988.00000", "2019-03-31": "2435.00000", "2018-12-31": "1961.00000", "2018-09-30": "2614.00000", "2018-06-30": "2766.00000", "2018-03-31": "1811.00000", "2017-12-31": "1510.00000", "2017-09-30": "2245.00000", "2017-06-30": "2037.00000", "2017-03-31": "1963.00000", "2016-12-31": "1386.00000", "2016-09-30": "2271.00000", "2016-06-30": "2859.00000", "2016-03-31": "2141.00000", "2015-12-31": "1518.00000", "2015-09-30": "2379.00000", "2015-06-30": "2535.00000", "2015-03-31": "2296.00000", "2014-12-31": "1451.00000", "2014-09-30": "2711.00000", "2014-06-30": "3170.00000", "2014-03-31": "2376.00000", "2013-12-31": "2105.00000", "2013-09-30": "2472.00000", "2013-06-30": "3243.00000", "2013-03-31": "2408.00000", "2012-12-31": "2183.00000", "2012-09-30": "2793.00000", "2012-06-30": "3294.00000", "2012-03-31": "2509.00000", "2011-12-31": "1956.00000", "2011-09-30": "2754.00000", "2011-06-30": "3179.00000", "2011-03-31": "2284.00000", "2010-12-31": "1123.00000", "2010-09-30": "2344.00000", "2010-06-30": "2763.00000", "2010-03-31": "2183.00000", "2009-12-31": "1780.00000", "2009-09-30": "2150.00000", "2009-06-30": "2438.00000", "2009-03-31": "1863.00000", "2008-12-31": "1706.00000", "2008-09-30": "2187.00000", "2008-06-30": "2679.00000", "2008-03-31": "1874.00000", "2007-12-31": "1526.00000", "2007-09-30": "1829.00000", "2007-06-30": "2270.00000", "2007-03-31": "1627.00000", "2006-12-31": "1212.00000", "2006-09-30": "1662.00000", "2006-06-30": "2039.00000", "2006-03-31": "1395.00000", "2005-12-31": "1262.00000", "2005-09-30": "1492.00000", "2005-06-30": "1972.00000", "2005-03-31": "1359.00000"}, "Basic Shares Outstanding": {"2020-09-30": "4296.00000", "2020-06-30": "4295.00000", "2020-03-31": "4289.00000", "2019-12-31": "4276.00000", "2019-09-30": "4280.00000", "2019-06-30": "4269.00000", "2019-03-31": "4271.00000", "2018-12-31": "4259.00000", "2018-09-30": "4255.00000", "2018-06-30": "4255.00000", "2018-03-31": "4265.00000", "2017-12-31": "4272.00000", "2017-09-30": "4266.00000", "2017-06-30": "4273.00000", "2017-03-31": "4287.00000", "2016-12-31": "4317.00000", "2016-09-30": "4315.00000", "2016-06-30": "4323.00000", "2016-03-31": "4328.00000", "2015-12-31": "4352.00000", "2015-09-30": "4349.00000", "2015-06-30": "4355.00000", "2015-03-31": "4365.00000", "2014-12-31": "4387.00000", "2014-09-30": "4383.00000", "2014-06-30": "4391.00000", "2014-03-31": "4401.00000", "2013-12-31": "4434.00000", "2013-09-30": "4426.00000", "2013-06-30": "4446.00000", "2013-03-31": "4455.00000", "2012-12-31": "4504.00000", "2012-09-30": "4502.00000", "2012-06-30": "4511.00000", "2012-03-31": "4525.00000", "2011-12-31": "4568.00000", "2011-09-30": "4571.00000", "2011-06-30": "4580.00000", "2011-03-31": "4584.00000", "2010-12-31": "4616.00000", "2010-09-30": "4620.00000", "2010-06-30": "4612.00000", "2010-03-31": "4608.00000", "2009-12-31": "4628.00000", "2009-09-30": "4632.00000", "2009-06-30": "4626.00000", "2009-03-31": "4626.00000", "2008-12-31": "4630.00000", "2008-09-30": "4622.00000", "2008-06-30": "4632.00000", "2008-03-31": "4644.00000", "2007-12-31": "4626.00000", "2007-09-30": "4622.00000", "2007-06-30": "4624.00000", "2007-03-31": "4628.00000", "2006-12-31": "4696.00000", "2006-09-30": "4684.00000", "2006-06-30": "4700.00000", "2006-03-31": "4730.00000", "2005-12-31": "4784.00000", "2005-09-30": "4768.00000", "2005-06-30": "4798.00000", "2005-03-31": "4818.00000"}, "Shares Outstanding": {"2020-09-30": "4321.00000", "2020-06-30": "4316.00000", "2020-03-31": "4325.00000", "2019-12-31": "4314.00000", "2019-09-30": "4321.00000", "2019-06-30": "4305.00000", "2019-03-31": "4306.00000", "2018-12-31": "4299.00000", "2018-09-30": "4295.00000", "2018-06-30": "4290.00000", "2018-03-31": "4306.00000", "2017-12-31": "4324.00000", "2017-09-30": "4320.00000", "2017-06-30": "4327.00000", "2017-03-31": "4334.00000", "2016-12-31": "4367.00000", "2016-09-30": "4364.00000", "2016-06-30": "4377.00000", "2016-03-31": "4382.00000", "2015-12-31": "4405.00000", "2015-09-30": "4399.00000", "2015-06-30": "4408.00000", "2015-03-31": "4422.00000", "2014-12-31": "4450.00000", "2014-09-30": "4445.00000", "2014-06-30": "4454.00000", "2014-03-31": "4464.00000", "2013-12-31": "4509.00000", "2013-09-30": "4498.00000", "2013-06-30": "4527.00000", "2013-03-31": "4530.00000", "2012-12-31": "4584.00000", "2012-09-30": "4587.00000", "2012-06-30": "4592.00000", "2012-03-31": "4601.00000", "2011-12-31": "4646.00000", "2011-09-30": "4653.00000", "2011-06-30": "4660.00000", "2011-03-31": "4662.00000", "2010-12-31": "4667.00000", "2010-09-30": "4672.00000", "2010-06-30": "4650.00000", "2010-03-31": "4654.00000", "2009-12-31": "4658.00000", "2009-09-30": "4664.00000", "2009-06-30": "4646.00000", "2009-03-31": "4638.00000", "2008-12-31": "4672.00000", "2008-09-30": "4658.00000", "2008-06-30": "4686.00000", "2008-03-31": "4702.00000", "2007-12-31": "4662.00000", "2007-09-30": "4662.00000", "2007-06-30": "4652.00000", "2007-03-31": "4642.00000", "2006-12-31": "4700.00000", "2006-09-30": "4686.00000", "2006-06-30": "4704.00000", "2006-03-31": "4732.00000", "2005-12-31": "4786.00000", "2005-09-30": "4770.00000", "2005-06-30": "4802.00000", "2005-03-31": "4820.00000"}, "Basic EPS": {"2020-09-30": "0.40000", "2020-06-30": "0.41000", "2020-03-31": "0.65000", "2019-12-31": "0.48000", "2019-09-30": "0.61000", "2019-06-30": "0.61000", "2019-03-31": "0.39000", "2018-12-31": "0.21000", "2018-09-30": "0.44000", "2018-06-30": "0.54000", "2018-03-31": "0.32000", "2017-12-31": "-0.65000", "2017-09-30": "0.34000", "2017-06-30": "0.32000", "2017-03-31": "0.28000", "2016-12-31": "0.13000", "2016-09-30": "0.24000", "2016-06-30": "0.80000", "2016-03-31": "0.34000", "2015-12-31": "0.29000", "2015-09-30": "0.33000", "2015-06-30": "0.71000", "2015-03-31": "0.36000", "2014-12-31": "0.18000", "2014-09-30": "0.48000", "2014-06-30": "0.59000", "2014-03-31": "0.37000", "2013-12-31": "0.40000", "2013-09-30": "0.55000", "2013-06-30": "0.60000", "2013-03-31": "0.39000", "2012-12-31": "0.42000", "2012-09-30": "0.51000", "2012-06-30": "0.62000", "2012-03-31": "0.45000", "2011-12-31": "0.36500", "2011-09-30": "0.49000", "2011-06-30": "0.61000", "2011-03-31": "0.41500", "2010-12-31": "1.24000", "2010-09-30": "0.44500", "2010-06-30": "0.51500", "2010-03-31": "0.35000", "2009-12-31": "0.33500", "2009-09-30": "0.41000", "2009-06-30": "0.44000", "2009-03-31": "0.29000", "2008-12-31": "0.21500", "2008-09-30": "0.41000", "2008-06-30": "0.30500", "2008-03-31": "0.32500", "2007-12-31": "0.26000", "2007-09-30": "0.36000", "2007-06-30": "0.40000", "2007-03-31": "0.27500", "2006-12-31": "0.14500", "2006-09-30": "0.31000", "2006-06-30": "0.39000", "2006-03-31": "0.23500", "2005-12-31": "0.18000", "2005-09-30": "0.27000", "2005-06-30": "0.36000", "2005-03-31": "0.21000"}, "EPS - Earnings Per Share": {"2020-09-30": "0.40000", "2020-06-30": "0.41000", "2020-03-31": "0.64000", "2019-12-31": "0.47000", "2019-09-30": "0.60000", "2019-06-30": "0.61000", "2019-03-31": "0.39000", "2018-12-31": "0.20000", "2018-09-30": "0.44000", "2018-06-30": "0.54000", "2018-03-31": "0.32000", "2017-12-31": "-0.63000", "2017-09-30": "0.33000", "2017-06-30": "0.32000", "2017-03-31": "0.27000", "2016-12-31": "0.12000", "2016-09-30": "0.24000", "2016-06-30": "0.79000", "2016-03-31": "0.34000", "2015-12-31": "0.28000", "2015-09-30": "0.33000", "2015-06-30": "0.71000", "2015-03-31": "0.35000", "2014-12-31": "0.18000", "2014-09-30": "0.48000", "2014-06-30": "0.58000", "2014-03-31": "0.36000", "2013-12-31": "0.38000", "2013-09-30": "0.54000", "2013-06-30": "0.59000", "2013-03-31": "0.39000", "2012-12-31": "0.41000", "2012-09-30": "0.50000", "2012-06-30": "0.61000", "2012-03-31": "0.45000", "2011-12-31": "0.36000", "2011-09-30": "0.48000", "2011-06-30": "0.60000", "2011-03-31": "0.41000", "2010-12-31": "1.23500", "2010-09-30": "0.44000", "2010-06-30": "0.51000", "2010-03-31": "0.34500", "2009-12-31": "0.33000", "2009-09-30": "0.40500", "2009-06-30": "0.44000", "2009-03-31": "0.29000", "2008-12-31": "0.21500", "2008-09-30": "0.40500", "2008-06-30": "0.30500", "2008-03-31": "0.32000", "2007-12-31": "0.26000", "2007-09-30": "0.35500", "2007-06-30": "0.40000", "2007-03-31": "0.27000", "2006-12-31": "0.14500", "2006-09-30": "0.31000", "2006-06-30": "0.39000", "2006-03-31": "0.23500", "2005-12-31": "0.18000", "2005-09-30": "0.27000", "2005-06-30": "0.36000", "2005-03-31": "0.21000"}}, "balance sheet": {"Cash On Hand": {"2019-12-31": "11175.00000", "2018-12-31": "16115.00000", "2017-12-31": "20675.00000", "2016-12-31": "22201.00000", "2015-12-31": "19900.00000", "2014-12-31": "21675.00000", "2013-12-31": "20268.00000", "2012-12-31": "16551.00000", "2011-12-31": "14035.00000", "2010-12-31": "11337.00000", "2009-12-31": "9213.00000", "2008-12-31": "4979.00000", "2007-12-31": "4308.00000", "2006-12-31": "2590.00000", "2005-12-31": "4767.00000"}, "Receivables": {"2019-12-31": "3971.00000", "2018-12-31": "3685.00000", "2017-12-31": "3667.00000", "2016-12-31": "3856.00000", "2015-12-31": "3941.00000", "2014-12-31": "4466.00000", "2013-12-31": "4873.00000", "2012-12-31": "4759.00000", "2011-12-31": "4920.00000", "2010-12-31": "4430.00000", "2009-12-31": "3758.00000", "2008-12-31": "3090.00000", "2007-12-31": "3317.00000", "2006-12-31": "2587.00000", "2005-12-31": "2281.00000"}, "Inventory": {"2019-12-31": "3379.00000", "2018-12-31": "3071.00000", "2017-12-31": "2655.00000", "2016-12-31": "2675.00000", "2015-12-31": "2902.00000", "2014-12-31": "3100.00000", "2013-12-31": "3277.00000", "2012-12-31": "3264.00000", "2011-12-31": "3092.00000", "2010-12-31": "2650.00000", "2009-12-31": "2354.00000", "2008-12-31": "2187.00000", "2007-12-31": "2220.00000", "2006-12-31": "1641.00000", "2005-12-31": "1379.00000"}, "Pre-Paid Expenses": {"2019-12-31": "1886.00000", "2018-12-31": "2059.00000", "2017-12-31": "2000.00000", "2016-12-31": "2481.00000", "2015-12-31": "2752.00000", "2014-12-31": "3066.00000", "2013-12-31": "2886.00000", "2012-12-31": "2781.00000", "2011-12-31": "3450.00000", "2010-12-31": "3162.00000", "2009-12-31": "2226.00000", "2008-12-31": "1920.00000", "2007-12-31": "2260.00000", "2006-12-31": "1623.00000", "2005-12-31": "1778.00000"}, "Other Current Assets": {"2019-12-31": "", "2018-12-31": "", "2017-12-31": "219.00000", "2016-12-31": "2797.00000", "2015-12-31": "3900.00000", "2014-12-31": "679.00000", "2013-12-31": "", "2012-12-31": "2973.00000", "2011-12-31": "", "2010-12-31": "", "2009-12-31": "", "2008-12-31": "", "2007-12-31": "", "2006-12-31": "", "2005-12-31": ""}, "Total Current Assets": {"2019-12-31": "20411.00000", "2018-12-31": "24930.00000", "2017-12-31": "36545.00000", "2016-12-31": "34010.00000", "2015-12-31": "33395.00000", "2014-12-31": "32986.00000", "2013-12-31": "31304.00000", "2012-12-31": "30328.00000", "2011-12-31": "25497.00000", "2010-12-31": "21579.00000", "2009-12-31": "17551.00000", "2008-12-31": "12176.00000", "2007-12-31": "12105.00000", "2006-12-31": "8441.00000", "2005-12-31": "10205.00000"}, "Property, Plant, And Equipment": {"2019-12-31": "10838.00000", "2018-12-31": "9598.00000", "2017-12-31": "8203.00000", "2016-12-31": "10635.00000", "2015-12-31": "12571.00000", "2014-12-31": "14633.00000", "2013-12-31": "14967.00000", "2012-12-31": "14476.00000", "2011-12-31": "14939.00000", "2010-12-31": "14727.00000", "2009-12-31": "9561.00000", "2008-12-31": "8326.00000", "2007-12-31": "8493.00000", "2006-12-31": "6903.00000", "2005-12-31": "5831.00000"}, "Long-Term Investments": {"2019-12-31": "19879.00000", "2018-12-31": "20279.00000", "2017-12-31": "21952.00000", "2016-12-31": "17249.00000", "2015-12-31": "15788.00000", "2014-12-31": "13625.00000", "2013-12-31": "11512.00000", "2012-12-31": "10448.00000", "2011-12-31": "8374.00000", "2010-12-31": "15096.00000", "2009-12-31": "8708.00000", "2008-12-31": "5779.00000", "2007-12-31": "7777.00000", "2006-12-31": "6783.00000", "2005-12-31": "6922.00000"}, "Goodwill And Intangible Assets": {"2019-12-31": "26766.00000", "2018-12-31": "21587.00000", "2017-12-31": "16636.00000", "2016-12-31": "21128.00000", "2015-12-31": "24132.00000", "2014-12-31": "26372.00000", "2013-12-31": "27611.00000", "2012-12-31": "27337.00000", "2011-12-31": "27669.00000", "2010-12-31": "2.36520", "2009-12-31": "10875.00000", "2008-12-31": "12505.00000", "2007-12-31": "12219.00000", "2006-12-31": "5135.00000", "2005-12-31": "3821.00000"}, "Other Long-Term Assets": {"2019-12-31": "6075.00000", "2018-12-31": "4148.00000", "2017-12-31": "4230.00000", "2016-12-31": "4248.00000", "2015-12-31": "4110.00000", "2014-12-31": "4407.00000", "2013-12-31": "4661.00000", "2012-12-31": "3585.00000", "2011-12-31": "3495.00000", "2010-12-31": "2121.00000", "2009-12-31": "1976.00000", "2008-12-31": "1733.00000", "2007-12-31": "2675.00000", "2006-12-31": "2701.00000", "2005-12-31": "2648.00000"}, "Total Long-Term Assets": {"2019-12-31": "65970.00000", "2018-12-31": "58286.00000", "2017-12-31": "51351.00000", "2016-12-31": "53260.00000", "2015-12-31": "56601.00000", "2014-12-31": "59037.00000", "2013-12-31": "58751.00000", "2012-12-31": "55846.00000", "2011-12-31": "54477.00000", "2010-12-31": "31946.37000", "2009-12-31": "31120.00000", "2008-12-31": "28343.00000", "2007-12-31": "31164.00000", "2006-12-31": "21522.00000", "2005-12-31": "19222.00000"}, "Total Assets": {"2019-12-31": "86381.00000", "2018-12-31": "83216.00000", "2017-12-31": "87896.00000", "2016-12-31": "87270.00000", "2015-12-31": "89996.00000", "2014-12-31": "92023.00000", "2013-12-31": "90055.00000", "2012-12-31": "86174.00000", "2011-12-31": "79974.00000", "2010-12-31": "72921.00000", "2009-12-31": "48671.00000", "2008-12-31": "40519.00000", "2007-12-31": "43269.00000", "2006-12-31": "29963.00000", "2005-12-31": "29427.00000"}, "Total Current Liabilities": {"2019-12-31": "26973.00000", "2018-12-31": "28782.00000", "2017-12-31": "27194.00000", "2016-12-31": "26532.00000", "2015-12-31": "26929.00000", "2014-12-31": "32374.00000", "2013-12-31": "27811.00000", "2012-12-31": "27821.00000", "2011-12-31": "24283.00000", "2010-12-31": "18508.00000", "2009-12-31": "13721.00000", "2008-12-31": "12988.00000", "2007-12-31": "13225.00000", "2006-12-31": "8890.00000", "2005-12-31": "9836.00000"}, "Long Term Debt": {"2019-12-31": "27516.00000", "2018-12-31": "25376.00000", "2017-12-31": "31182.00000", "2016-12-31": "29684.00000", "2015-12-31": "28311.00000", "2014-12-31": "19063.00000", "2013-12-31": "19154.00000", "2012-12-31": "14736.00000", "2011-12-31": "13656.00000", "2010-12-31": "3.12210", "2009-12-31": "5059.00000", "2008-12-31": "2781.00000", "2007-12-31": "3277.00000", "2006-12-31": "1314.00000", "2005-12-31": "1154.00000"}, "Other Non-Current Liabilities": {"2019-12-31": "8510.00000", "2018-12-31": "7646.00000", "2017-12-31": "8021.00000", "2016-12-31": "4081.00000", "2015-12-31": "4301.00000", "2014-12-31": "4389.00000", "2013-12-31": "3498.00000", "2012-12-31": "5468.00000", "2011-12-31": "5420.00000", "2010-12-31": "4794.00000", "2009-12-31": "2965.00000", "2008-12-31": "3011.00000", "2007-12-31": "3133.00000", "2006-12-31": "2231.00000", "2005-12-31": "1730.00000"}, "Total Long Term Liabilities": {"2019-12-31": "38310.00000", "2018-12-31": "35376.00000", "2017-12-31": "41725.00000", "2016-12-31": "37518.00000", "2015-12-31": "37303.00000", "2014-12-31": "29088.00000", "2013-12-31": "28804.00000", "2012-12-31": "25185.00000", "2011-12-31": "23770.00000", "2010-12-31": "9058.12200", "2009-12-31": "9604.00000", "2008-12-31": "6669.00000", "2007-12-31": "8300.00000", "2006-12-31": "4153.00000", "2005-12-31": "3236.00000"}, "Total Liabilities": {"2019-12-31": "65283.00000", "2018-12-31": "64158.00000", "2017-12-31": "68919.00000", "2016-12-31": "64050.00000", "2015-12-31": "64232.00000", "2014-12-31": "61462.00000", "2013-12-31": "56615.00000", "2012-12-31": "53006.00000", "2011-12-31": "48053.00000", "2010-12-31": "41604.00000", "2009-12-31": "23325.00000", "2008-12-31": "19657.00000", "2007-12-31": "21525.00000", "2006-12-31": "13043.00000", "2005-12-31": "13072.00000"}, "Common Stock Net": {"2019-12-31": "1760.00000", "2018-12-31": "1760.00000", "2017-12-31": "1760.00000", "2016-12-31": "1760.00000", "2015-12-31": "1760.00000", "2014-12-31": "1760.00000", "2013-12-31": "1760.00000", "2012-12-31": "1760.00000", "2011-12-31": "1760.00000", "2010-12-31": "880.00000", "2009-12-31": "880.00000", "2008-12-31": "880.00000", "2007-12-31": "880.00000", "2006-12-31": "878.00000", "2005-12-31": "877.00000"}, "Retained Earnings (Accumulated Deficit)": {"2019-12-31": "65855.00000", "2018-12-31": "63234.00000", "2017-12-31": "60430.00000", "2016-12-31": "65502.00000", "2015-12-31": "65018.00000", "2014-12-31": "63408.00000", "2013-12-31": "61660.00000", "2012-12-31": "58045.00000", "2011-12-31": "53621.00000", "2010-12-31": "49278.00000", "2009-12-31": "41537.00000", "2008-12-31": "38513.00000", "2007-12-31": "36235.00000", "2006-12-31": "33468.00000", "2005-12-31": "31299.00000"}, "Comprehensive Income": {"2019-12-31": "-13544.00000", "2018-12-31": "-12814.00000", "2017-12-31": "-10305.00000", "2016-12-31": "-11205.00000", "2015-12-31": "-10174.00000", "2014-12-31": "-5777.00000", "2013-12-31": "-3432.00000", "2012-12-31": "-3385.00000", "2011-12-31": "-2774.00000", "2010-12-31": "-0.24700", "2009-12-31": "-757.00000", "2008-12-31": "-2674.00000", "2007-12-31": "626.00000", "2006-12-31": "-1291.00000", "2005-12-31": "-1669.00000"}, "Other Share Holders Equity": {"2019-12-31": "", "2018-12-31": "", "2017-12-31": "", "2016-12-31": "", "2015-12-31": "", "2014-12-31": "", "2013-12-31": "", "2012-12-31": "", "2011-12-31": "", "2010-12-31": "", "2009-12-31": "", "2008-12-31": "", "2007-12-31": "", "2006-12-31": "", "2005-12-31": ""}, "Share Holder Equity": {"2019-12-31": "21098.00000", "2018-12-31": "19058.00000", "2017-12-31": "18977.00000", "2016-12-31": "23220.00000", "2015-12-31": "25764.00000", "2014-12-31": "30561.00000", "2013-12-31": "33440.00000", "2012-12-31": "33168.00000", "2011-12-31": "31921.00000", "2010-12-31": "31317.00000", "2009-12-31": "25346.00000", "2008-12-31": "20862.00000", "2007-12-31": "21744.00000", "2006-12-31": "16920.00000", "2005-12-31": "16355.00000"}, "Total Liabilities And Share Holders Equity": {"2019-12-31": "86381.00000", "2018-12-31": "83216.00000", "2017-12-31": "87896.00000", "2016-12-31": "87270.00000", "2015-12-31": "89996.00000", "2014-12-31": "92023.00000", "2013-12-31": "90055.00000", "2012-12-31": "86174.00000", "2011-12-31": "79974.00000", "2010-12-31": "72921.00000", "2009-12-31": "48671.00000", "2008-12-31": "40519.00000", "2007-12-31": "43269.00000", "2006-12-31": "29963.00000", "2005-12-31": "29427.00000"}}, "balance sheet, quarterly": {"Cash On Hand": {"2020-09-30": "21128.00000", "2020-06-30": "19816.00000", "2020-03-31": "17666.00000", "2019-12-31": "11175.00000", "2019-09-30": "12988.00000", "2019-06-30": "13361.00000", "2019-03-31": "11948.00000", "2018-12-31": "16115.00000", "2018-09-30": "18847.00000", "2018-06-30": "19354.00000", "2018-03-31": "21373.00000", "2017-12-31": "20675.00000", "2017-09-30": "27357.00000", "2017-06-30": "27224.00000", "2017-03-31": "25205.00000", "2016-12-31": "22201.00000", "2016-09-30": "25569.00000", "2016-06-30": "24075.00000", "2016-03-31": "22211.00000", "2015-12-31": "19900.00000", "2015-09-30": "22774.00000", "2015-06-30": "20947.00000", "2015-03-31": "20049.00000", "2014-12-31": "21675.00000", "2014-09-30": "23714.00000", "2014-06-30": "21609.00000", "2014-03-31": "19433.00000", "2013-12-31": "20268.00000", "2013-09-30": "20459.00000", "2013-06-30": "19213.00000", "2013-03-31": "18428.00000", "2012-12-31": "16551.00000", "2012-09-30": "18083.00000", "2012-06-30": "16966.00000", "2012-03-31": "15779.00000", "2011-12-31": "14035.00000", "2011-09-30": "16497.00000", "2011-06-30": "14017.00000", "2011-03-31": "12277.00000", "2010-12-31": "11337.00000", "2010-09-30": "13265.00000", "2010-06-30": "10166.00000", "2010-03-31": "8794.00000", "2009-12-31": "9213.00000", "2009-09-30": "9125.00000", "2009-06-30": "7945.00000", "2009-03-31": "7079.00000", "2008-12-31": "4979.00000", "2008-09-30": "8084.00000", "2008-06-30": "6857.00000", "2008-03-31": "6420.00000", "2007-12-31": "4308.00000", "2007-09-30": "4811.00000", "2007-06-30": "4541.00000", "2007-03-31": "3783.00000", "2006-12-31": "2590.00000", "2006-09-30": "3523.00000", "2006-06-30": "4130.00000", "2006-03-31": "4492.00000", "2005-12-31": "4767.00000", "2005-09-30": "5062.00000", "2005-06-30": "5011.00000", "2005-03-31": "7026.00000"}, "Receivables": {"2020-09-30": "3827.00000", "2020-06-30": "3849.00000", "2020-03-31": "4430.00000", "2019-12-31": "3971.00000", "2019-09-30": "4353.00000", "2019-06-30": "4888.00000", "2019-03-31": "3852.00000", "2018-12-31": "3685.00000", "2018-09-30": "3702.00000", "2018-06-30": "4565.00000", "2018-03-31": "3904.00000", "2017-12-31": "3667.00000", "2017-09-30": "3664.00000", "2017-06-30": "4024.00000", "2017-03-31": "3702.00000", "2016-12-31": "3856.00000", "2016-09-30": "4082.00000", "2016-06-30": "4768.00000", "2016-03-31": "4147.00000", "2015-12-31": "3941.00000", "2015-09-30": "4028.00000", "2015-06-30": "4976.00000", "2015-03-31": "4461.00000", "2014-12-31": "4466.00000", "2014-09-30": "5081.00000", "2014-06-30": "5870.00000", "2014-03-31": "5233.00000", "2013-12-31": "4873.00000", "2013-09-30": "5116.00000", "2013-06-30": "5516.00000", "2013-03-31": "5007.00000", "2012-12-31": "4759.00000", "2012-09-30": "5083.00000", "2012-06-30": "5397.00000", "2012-03-31": "4814.00000", "2011-12-31": "4920.00000", "2011-09-30": "5131.00000", "2011-06-30": "5630.00000", "2011-03-31": "4533.00000", "2010-12-31": "4430.00000", "2010-09-30": "3720.00000", "2010-06-30": "4001.00000", "2010-03-31": "3705.00000", "2009-12-31": "3758.00000", "2009-09-30": "3465.00000", "2009-06-30": "3746.00000", "2009-03-31": "3139.00000", "2008-12-31": "3090.00000", "2008-09-30": "3674.00000", "2008-06-30": "4073.00000", "2008-03-31": "3500.00000", "2007-12-31": "3317.00000", "2007-09-30": "3116.00000", "2007-06-30": "3315.00000", "2007-03-31": "2781.00000", "2006-12-31": "2587.00000", "2006-09-30": "2489.00000", "2006-06-30": "2593.00000", "2006-03-31": "2237.00000", "2005-12-31": "2281.00000", "2005-09-30": "2217.00000", "2005-06-30": "2349.00000", "2005-03-31": "2115.00000"}, "Inventory": {"2020-09-30": "3264.00000", "2020-06-30": "3501.00000", "2020-03-31": "3558.00000", "2019-12-31": "3379.00000", "2019-09-30": "3266.00000", "2019-06-30": "3453.00000", "2019-03-31": "3178.00000", "2018-12-31": "3071.00000", "2018-09-30": "2627.00000", "2018-06-30": "2881.00000", "2018-03-31": "2937.00000", "2017-12-31": "2655.00000", "2017-09-30": "2608.00000", "2017-06-30": "2790.00000", "2017-03-31": "2885.00000", "2016-12-31": "2675.00000", "2016-09-30": "2751.00000", "2016-06-30": "3005.00000", "2016-03-31": "3052.00000", "2015-12-31": "2902.00000", "2015-09-30": "2910.00000", "2015-06-30": "3224.00000", "2015-03-31": "3219.00000", "2014-12-31": "3100.00000", "2014-09-30": "3277.00000", "2014-06-30": "3536.00000", "2014-03-31": "3357.00000", "2013-12-31": "3277.00000", "2013-09-30": "3321.00000", "2013-06-30": "3643.00000", "2013-03-31": "3607.00000", "2012-12-31": "3264.00000", "2012-09-30": "3447.00000", "2012-06-30": "3587.00000", "2012-03-31": "3442.00000", "2011-12-31": "3092.00000", "2011-09-30": "3172.00000", "2011-06-30": "3237.00000", "2011-03-31": "3033.00000", "2010-12-31": "2650.00000", "2010-09-30": "2259.00000", "2010-06-30": "2363.00000", "2010-03-31": "2327.00000", "2009-12-31": "2354.00000", "2009-09-30": "2341.00000", "2009-06-30": "2483.00000", "2009-03-31": "2298.00000", "2008-12-31": "2187.00000", "2008-09-30": "2321.00000", "2008-06-30": "2531.00000", "2008-03-31": "2447.00000", "2007-12-31": "2220.00000", "2007-09-30": "2048.00000", "2007-06-30": "2086.00000", "2007-03-31": "1909.00000", "2006-12-31": "1641.00000", "2006-09-30": "1592.00000", "2006-06-30": "1624.00000", "2006-03-31": "1549.00000", "2005-12-31": "1379.00000", "2005-09-30": "1431.00000", "2005-06-30": "1476.00000", "2005-03-31": "1511.00000"}, "Pre-Paid Expenses": {"2020-09-30": "2191.00000", "2020-06-30": "2205.00000", "2020-03-31": "2580.00000", "2019-12-31": "1886.00000", "2019-09-30": "2510.00000", "2019-06-30": "2658.00000", "2019-03-31": "2935.00000", "2018-12-31": "2059.00000", "2018-09-30": "2066.00000", "2018-06-30": "2543.00000", "2018-03-31": "2449.00000", "2017-12-31": "2000.00000", "2017-09-30": "2993.00000", "2017-06-30": "2866.00000", "2017-03-31": "2670.00000", "2016-12-31": "2481.00000", "2016-09-30": "3091.00000", "2016-06-30": "3332.00000", "2016-03-31": "3314.00000", "2015-12-31": "2752.00000", "2015-09-30": "3029.00000", "2015-06-30": "3159.00000", "2015-03-31": "3605.00000", "2014-12-31": "3066.00000", "2014-09-30": "3277.00000", "2014-06-30": "2856.00000", "2014-03-31": "3029.00000", "2013-12-31": "2886.00000", "2013-09-30": "2680.00000", "2013-06-30": "3055.00000", "2013-03-31": "3294.00000", "2012-12-31": "2781.00000", "2012-09-30": "3099.00000", "2012-06-30": "3375.00000", "2012-03-31": "3988.00000", "2011-12-31": "3450.00000", "2011-09-30": "3391.00000", "2011-06-30": "3655.00000", "2011-03-31": "3699.00000", "2010-12-31": "3162.00000", "2010-09-30": "3248.00000", "2010-06-30": "2044.00000", "2010-03-31": "2382.00000", "2009-12-31": "2226.00000", "2009-09-30": "2061.00000", "2009-06-30": "2198.00000", "2009-03-31": "2198.00000", "2008-12-31": "1920.00000", "2008-09-30": "2741.00000", "2008-06-30": "2628.00000", "2008-03-31": "2521.00000", "2007-12-31": "2260.00000", "2007-09-30": "2120.00000", "2007-06-30": "1970.00000", "2007-03-31": "2014.00000", "2006-12-31": "1623.00000", "2006-09-30": "1756.00000", "2006-06-30": "1706.00000", "2006-03-31": "1832.00000", "2005-12-31": "1778.00000", "2005-09-30": "1810.00000", "2005-06-30": "1757.00000", "2005-03-31": "1634.00000"}, "Other Current Assets": {"2020-09-30": "", "2020-06-30": "", "2020-03-31": "", "2019-12-31": "", "2019-09-30": "", "2019-06-30": "", "2019-03-31": "", "2018-12-31": "", "2018-09-30": "", "2018-06-30": "", "2018-03-31": "213.00000", "2017-12-31": "219.00000", "2017-09-30": "1782.00000", "2017-06-30": "2057.00000", "2017-03-31": "5789.00000", "2016-12-31": "2797.00000", "2016-09-30": "2463.00000", "2016-06-30": "693.00000", "2016-03-31": "3786.00000", "2015-12-31": "3900.00000", "2015-09-30": "3853.00000", "2015-06-30": "497.00000", "2015-03-31": "785.00000", "2014-12-31": "679.00000", "2014-09-30": "103.00000", "2014-06-30": "", "2014-03-31": "", "2013-12-31": "", "2013-09-30": "", "2013-06-30": "1145.00000", "2013-03-31": "1183.00000", "2012-12-31": "2973.00000", "2012-09-30": "", "2012-06-30": "", "2012-03-31": "", "2011-12-31": "", "2011-09-30": "", "2011-06-30": "", "2011-03-31": "", "2010-12-31": "", "2010-09-30": "613.00000", "2010-06-30": "", "2010-03-31": "", "2009-12-31": "", "2009-09-30": "", "2009-06-30": "", "2009-03-31": "", "2008-12-31": "", "2008-09-30": "", "2008-06-30": "", "2008-03-31": "", "2007-12-31": "", "2007-09-30": "", "2007-06-30": "", "2007-03-31": "", "2006-12-31": "", "2006-09-30": "", "2006-06-30": "", "2006-03-31": "", "2005-12-31": "", "2005-09-30": "", "2005-06-30": "", "2005-03-31": ""}, "Total Current Assets": {"2020-09-30": "30410.00000", "2020-06-30": "29371.00000", "2020-03-31": "28234.00000", "2019-12-31": "20411.00000", "2019-09-30": "23117.00000", "2019-06-30": "24360.00000", "2019-03-31": "28540.00000", "2018-12-31": "24930.00000", "2018-09-30": "33413.00000", "2018-06-30": "36024.00000", "2018-03-31": "38042.00000", "2017-12-31": "36545.00000", "2017-09-30": "38404.00000", "2017-06-30": "38961.00000", "2017-03-31": "40251.00000", "2016-12-31": "34010.00000", "2016-09-30": "37956.00000", "2016-06-30": "35873.00000", "2016-03-31": "36510.00000", "2015-12-31": "33395.00000", "2015-09-30": "36594.00000", "2015-06-30": "32803.00000", "2015-03-31": "32119.00000", "2014-12-31": "32986.00000", "2014-09-30": "35452.00000", "2014-06-30": "33871.00000", "2014-03-31": "31052.00000", "2013-12-31": "31304.00000", "2013-09-30": "31576.00000", "2013-06-30": "32572.00000", "2013-03-31": "31519.00000", "2012-12-31": "30328.00000", "2012-09-30": "29712.00000", "2012-06-30": "29325.00000", "2012-03-31": "28023.00000", "2011-12-31": "25497.00000", "2011-09-30": "28191.00000", "2011-06-30": "26539.00000", "2011-03-31": "23542.00000", "2010-12-31": "21579.00000", "2010-09-30": "23105.00000", "2010-06-30": "18574.00000", "2010-03-31": "17208.00000", "2009-12-31": "17551.00000", "2009-09-30": "16992.00000", "2009-06-30": "16372.00000", "2009-03-31": "14714.00000", "2008-12-31": "12176.00000", "2008-09-30": "16820.00000", "2008-06-30": "16089.00000", "2008-03-31": "14888.00000", "2007-12-31": "12105.00000", "2007-09-30": "12095.00000", "2007-06-30": "11912.00000", "2007-03-31": "10487.00000", "2006-12-31": "8441.00000", "2006-09-30": "9360.00000", "2006-06-30": "10053.00000", "2006-03-31": "10110.00000", "2005-12-31": "10205.00000", "2005-09-30": "10520.00000", "2005-06-30": "10593.00000", "2005-03-31": "12286.00000"}, "Property, Plant, And Equipment": {"2020-09-30": "10667.00000", "2020-06-30": "10695.00000", "2020-03-31": "10993.00000", "2019-12-31": "10838.00000", "2019-09-30": "10217.00000", "2019-06-30": "10254.00000", "2019-03-31": "8866.00000", "2018-12-31": "9598.00000", "2018-09-30": "7404.00000", "2018-06-30": "7688.00000", "2018-03-31": "7977.00000", "2017-12-31": "8203.00000", "2017-09-30": "8306.00000", "2017-06-30": "8672.00000", "2017-03-31": "9746.00000", "2016-12-31": "10635.00000", "2016-09-30": "11172.00000", "2016-06-30": "12663.00000", "2016-03-31": "12613.00000", "2015-12-31": "12571.00000", "2015-09-30": "12615.00000", "2015-06-30": "14365.00000", "2015-03-31": "14346.00000", "2014-12-31": "14633.00000", "2014-09-30": "14738.00000", "2014-06-30": "14918.00000", "2014-03-31": "14860.00000", "2013-12-31": "14967.00000", "2013-09-30": "14548.00000", "2013-06-30": "14549.00000", "2013-03-31": "14543.00000", "2012-12-31": "14476.00000", "2012-09-30": "15388.00000", "2012-06-30": "15174.00000", "2012-03-31": "15300.00000", "2011-12-31": "14939.00000", "2011-09-30": "14522.00000", "2011-06-30": "14933.00000", "2011-03-31": "14834.00000", "2010-12-31": "14727.00000", "2010-09-30": "9145.00000", "2010-06-30": "8931.00000", "2010-03-31": "9036.00000", "2009-12-31": "9561.00000", "2009-09-30": "9099.00000", "2009-06-30": "8904.00000", "2009-03-31": "8425.00000", "2008-12-31": "8326.00000", "2008-09-30": "8527.00000", "2008-06-30": "8712.00000", "2008-03-31": "8675.00000", "2007-12-31": "8493.00000", "2007-09-30": "8003.00000", "2007-06-30": "7579.00000", "2007-03-31": "7333.00000", "2006-12-31": "6903.00000", "2006-09-30": "6728.00000", "2006-06-30": "6254.00000", "2006-03-31": "5936.00000", "2005-12-31": "5831.00000", "2005-09-30": "5877.00000", "2005-06-30": "5830.00000", "2005-03-31": "6063.00000"}, "Long-Term Investments": {"2020-09-30": "19587.00000", "2020-06-30": "18935.00000", "2020-03-31": "18672.00000", "2019-12-31": "19879.00000", "2019-09-30": "19567.00000", "2019-06-30": "20312.00000", "2019-03-31": "20198.00000", "2018-12-31": "20279.00000", "2018-09-30": "21950.00000", "2018-06-30": "21619.00000", "2018-03-31": "22517.00000", "2017-12-31": "21952.00000", "2017-09-30": "22761.00000", "2017-06-30": "22003.00000", "2017-03-31": "17983.00000", "2016-12-31": "17249.00000", "2016-09-30": "18027.00000", "2016-06-30": "17499.00000", "2016-03-31": "13796.00000", "2015-12-31": "15788.00000", "2015-09-30": "14934.00000", "2015-06-30": "15773.00000", "2015-03-31": "13895.00000", "2014-12-31": "13625.00000", "2014-09-30": "14319.00000", "2014-06-30": "14458.00000", "2014-03-31": "13127.00000", "2013-12-31": "11512.00000", "2013-09-30": "11535.00000", "2013-06-30": "10829.00000", "2013-03-31": "11077.00000", "2012-12-31": "10448.00000", "2012-09-30": "10150.00000", "2012-06-30": "16974.00000", "2012-03-31": "8911.00000", "2011-12-31": "8374.00000", "2011-09-30": "8337.00000", "2011-06-30": "16056.00000", "2011-03-31": "15147.00000", "2010-12-31": "15096.00000", "2010-09-30": "7480.00000", "2010-06-30": "6738.00000", "2010-03-31": "6749.00000", "2009-12-31": "8708.00000", "2009-09-30": "6481.00000", "2009-06-30": "6292.00000", "2009-03-31": "5757.00000", "2008-12-31": "5779.00000", "2008-09-30": "7421.00000", "2008-06-30": "7367.00000", "2008-03-31": "8122.00000", "2007-12-31": "7777.00000", "2007-09-30": "7106.00000", "2007-06-30": "6832.00000", "2007-03-31": "6507.00000", "2006-12-31": "6783.00000", "2006-09-30": "7395.00000", "2006-06-30": "7136.00000", "2006-03-31": "6966.00000", "2005-12-31": "6922.00000", "2005-09-30": "6859.00000", "2005-06-30": "6710.00000", "2005-03-31": "6444.00000"}, "Goodwill And Intangible Assets": {"2020-09-30": "27920.00000", "2020-06-30": "27447.00000", "2020-03-31": "27838.00000", "2019-12-31": "26766.00000", "2019-09-30": "26330.00000", "2019-06-30": "26915.00000", "2019-03-31": "22744.00000", "2018-12-31": "21587.00000", "2018-09-30": "16855.00000", "2018-06-30": "16862.00000", "2018-03-31": "17020.00000", "2017-12-31": "16636.00000", "2017-09-30": "16564.00000", "2017-06-30": "17192.00000", "2017-03-31": "18767.00000", "2016-12-31": "21128.00000", "2016-09-30": "22246.00000", "2016-06-30": "23689.00000", "2016-03-31": "24030.00000", "2015-12-31": "24132.00000", "2015-09-30": "24419.00000", "2015-06-30": "26080.00000", "2015-03-31": "26054.00000", "2014-12-31": "26372.00000", "2014-09-30": "26955.00000", "2014-06-30": "27437.00000", "2014-03-31": "27595.00000", "2013-12-31": "27611.00000", "2013-09-30": "27503.00000", "2013-06-30": "27706.00000", "2013-03-31": "27389.00000", "2012-12-31": "27337.00000", "2012-09-30": "27775.00000", "2012-06-30": "20013.00000", "2012-03-31": "27893.00000", "2011-12-31": "27669.00000", "2011-09-30": "27484.00000", "2011-06-30": "19861.00000", "2011-03-31": "19795.00000", "2010-12-31": "2.36520", "2010-09-30": "12259.00000", "2010-06-30": "12109.00000", "2010-03-31": "12315.00000", "2009-12-31": "10875.00000", "2009-09-30": "12625.00000", "2009-06-30": "12627.00000", "2009-03-31": "12414.00000", "2008-12-31": "12505.00000", "2008-09-30": "12787.00000", "2008-06-30": "12929.00000", "2008-03-31": "12617.00000", "2007-12-31": "12219.00000", "2007-09-30": "11832.00000", "2007-06-30": "11010.00000", "2007-03-31": "5997.00000", "2006-12-31": "5135.00000", "2006-09-30": "5101.00000", "2006-06-30": "4203.00000", "2006-03-31": "4113.00000", "2005-12-31": "3821.00000", "2005-09-30": "3887.00000", "2005-06-30": "3771.00000", "2005-03-31": "3842.00000"}, "Other Long-Term Assets": {"2020-09-30": "6161.00000", "2020-06-30": "5875.00000", "2020-03-31": "6001.00000", "2019-12-31": "6075.00000", "2019-09-30": "5750.00000", "2019-06-30": "5596.00000", "2019-03-31": "5382.00000", "2018-12-31": "4148.00000", "2018-09-30": "4535.00000", "2018-06-30": "4401.00000", "2018-03-31": "4428.00000", "2017-12-31": "4230.00000", "2017-09-30": "4480.00000", "2017-06-30": "4318.00000", "2017-03-31": "4454.00000", "2016-12-31": "4248.00000", "2016-09-30": "4526.00000", "2016-06-30": "4370.00000", "2016-03-31": "4314.00000", "2015-12-31": "4110.00000", "2015-09-30": "4446.00000", "2015-06-30": "4517.00000", "2015-03-31": "4602.00000", "2014-12-31": "4407.00000", "2014-09-30": "4850.00000", "2014-06-30": "4805.00000", "2014-03-31": "4655.00000", "2013-12-31": "4661.00000", "2013-09-30": "4270.00000", "2013-06-30": "3855.00000", "2013-03-31": "3922.00000", "2012-12-31": "3585.00000", "2012-09-30": "3629.00000", "2012-06-30": "3663.00000", "2012-03-31": "3770.00000", "2011-12-31": "3495.00000", "2011-09-30": "3219.00000", "2011-06-30": "2701.00000", "2011-03-31": "2740.00000", "2010-12-31": "2121.00000", "2010-09-30": "2100.00000", "2010-06-30": "2092.00000", "2010-03-31": "2095.00000", "2009-12-31": "1976.00000", "2009-09-30": "1910.00000", "2009-06-30": "1859.00000", "2009-03-31": "1793.00000", "2008-12-31": "1733.00000", "2008-09-30": "2625.00000", "2008-06-30": "2634.00000", "2008-03-31": "2702.00000", "2007-12-31": "2675.00000", "2007-09-30": "2634.00000", "2007-06-30": "2656.00000", "2007-03-31": "2796.00000", "2006-12-31": "2701.00000", "2006-09-30": "2719.00000", "2006-06-30": "2704.00000", "2006-03-31": "2686.00000", "2005-12-31": "2648.00000", "2005-09-30": "2740.00000", "2005-06-30": "2774.00000", "2005-03-31": "2979.00000"}, "Total Long-Term Assets": {"2020-09-30": "66774.00000", "2020-06-30": "65318.00000", "2020-03-31": "65779.00000", "2019-12-31": "65970.00000", "2019-09-30": "64316.00000", "2019-06-30": "65636.00000", "2019-03-31": "59807.00000", "2018-12-31": "58286.00000", "2018-09-30": "53464.00000", "2018-06-30": "53569.00000", "2018-03-31": "55240.00000", "2017-12-31": "51351.00000", "2017-09-30": "52111.00000", "2017-06-30": "52185.00000", "2017-03-31": "50950.00000", "2016-12-31": "53260.00000", "2016-09-30": "55971.00000", "2016-06-30": "58221.00000", "2016-03-31": "54753.00000", "2015-12-31": "56601.00000", "2015-09-30": "56414.00000", "2015-06-30": "60735.00000", "2015-03-31": "58897.00000", "2014-12-31": "59037.00000", "2014-09-30": "60862.00000", "2014-06-30": "61618.00000", "2014-03-31": "60237.00000", "2013-12-31": "58751.00000", "2013-09-30": "57856.00000", "2013-06-30": "56939.00000", "2013-03-31": "56931.00000", "2012-12-31": "55846.00000", "2012-09-30": "56942.00000", "2012-06-30": "55824.00000", "2012-03-31": "55874.00000", "2011-12-31": "54477.00000", "2011-09-30": "53562.00000", "2011-06-30": "53551.00000", "2011-03-31": "52516.00000", "2010-12-31": "31946.37000", "2010-09-30": "30984.00000", "2010-06-30": "29870.00000", "2010-03-31": "30195.00000", "2009-12-31": "31120.00000", "2009-09-30": "30115.00000", "2009-06-30": "29682.00000", "2009-03-31": "28389.00000", "2008-12-31": "28343.00000", "2008-09-30": "31360.00000", "2008-06-30": "31642.00000", "2008-03-31": "32116.00000", "2007-12-31": "31164.00000", "2007-09-30": "29575.00000", "2007-06-30": "28077.00000", "2007-03-31": "22633.00000", "2006-12-31": "21522.00000", "2006-09-30": "21943.00000", "2006-06-30": "20297.00000", "2006-03-31": "19701.00000", "2005-12-31": "19222.00000", "2005-09-30": "19363.00000", "2005-06-30": "19085.00000", "2005-03-31": "19328.00000"}, "Total Assets": {"2020-09-30": "97184.00000", "2020-06-30": "94689.00000", "2020-03-31": "94013.00000", "2019-12-31": "86381.00000", "2019-09-30": "87433.00000", "2019-06-30": "89996.00000", "2019-03-31": "88347.00000", "2018-12-31": "83216.00000", "2018-09-30": "86877.00000", "2018-06-30": "89593.00000", "2018-03-31": "93282.00000", "2017-12-31": "87896.00000", "2017-09-30": "90515.00000", "2017-06-30": "91146.00000", "2017-03-31": "91201.00000", "2016-12-31": "87270.00000", "2016-09-30": "93927.00000", "2016-06-30": "94094.00000", "2016-03-31": "91263.00000", "2015-12-31": "89996.00000", "2015-09-30": "93008.00000", "2015-06-30": "93538.00000", "2015-03-31": "91016.00000", "2014-12-31": "92023.00000", "2014-09-30": "96314.00000", "2014-06-30": "95489.00000", "2014-03-31": "91289.00000", "2013-12-31": "90055.00000", "2013-09-30": "89432.00000", "2013-06-30": "89511.00000", "2013-03-31": "88450.00000", "2012-12-31": "86174.00000", "2012-09-30": "86654.00000", "2012-06-30": "85149.00000", "2012-03-31": "83897.00000", "2011-12-31": "79974.00000", "2011-09-30": "81753.00000", "2011-06-30": "80090.00000", "2011-03-31": "76058.00000", "2010-12-31": "72921.00000", "2010-09-30": "54089.00000", "2010-06-30": "48444.00000", "2010-03-31": "47403.00000", "2009-12-31": "48671.00000", "2009-09-30": "47107.00000", "2009-06-30": "46054.00000", "2009-03-31": "43103.00000", "2008-12-31": "40519.00000", "2008-09-30": "48180.00000", "2008-06-30": "47731.00000", "2008-03-31": "47004.00000", "2007-12-31": "43269.00000", "2007-09-30": "41670.00000", "2007-06-30": "39989.00000", "2007-03-31": "33120.00000", "2006-12-31": "29963.00000", "2006-09-30": "31303.00000", "2006-06-30": "30350.00000", "2006-03-31": "29811.00000", "2005-12-31": "29427.00000", "2005-09-30": "29883.00000", "2005-06-30": "29678.00000", "2005-03-31": "31614.00000"}, "Total Current Liabilities": {"2020-09-30": "26891.00000", "2020-06-30": "26848.00000", "2020-03-31": "32397.00000", "2019-12-31": "26973.00000", "2019-09-30": "25100.00000", "2019-06-30": "29382.00000", "2019-03-31": "27943.00000", "2018-12-31": "28782.00000", "2018-09-30": "31430.00000", "2018-06-30": "31398.00000", "2018-03-31": "31480.00000", "2017-12-31": "27194.00000", "2017-09-30": "27633.00000", "2017-06-30": "28830.00000", "2017-03-31": "28656.00000", "2016-12-31": "26532.00000", "2016-09-30": "27792.00000", "2016-06-30": "29544.00000", "2016-03-31": "30987.00000", "2015-12-31": "26929.00000", "2015-09-30": "31545.00000", "2015-06-30": "28852.00000", "2015-03-31": "26123.00000", "2014-12-31": "32374.00000", "2014-09-30": "32760.00000", "2014-06-30": "32629.00000", "2014-03-31": "30056.00000", "2013-12-31": "27811.00000", "2013-09-30": "33042.00000", "2013-06-30": "32469.00000", "2013-03-31": "31102.00000", "2012-12-31": "27821.00000", "2012-09-30": "27008.00000", "2012-06-30": "26482.00000", "2012-03-31": "24846.00000", "2011-12-31": "24283.00000", "2011-09-30": "25581.00000", "2011-06-30": "24194.00000", "2011-03-31": "21923.00000", "2010-12-31": "18508.00000", "2010-09-30": "17271.00000", "2010-06-30": "13934.00000", "2010-03-31": "13583.00000", "2009-12-31": "13721.00000", "2009-09-30": "13410.00000", "2009-06-30": "13567.00000", "2009-03-31": "13169.00000", "2008-12-31": "12988.00000", "2008-09-30": "16587.00000", "2008-06-30": "16620.00000", "2008-03-31": "15588.00000", "2007-12-31": "13225.00000", "2007-09-30": "15566.00000", "2007-06-30": "15248.00000", "2007-03-31": "11252.00000", "2006-12-31": "8890.00000", "2006-09-30": "9234.00000", "2006-06-30": "9812.00000", "2006-03-31": "10115.00000", "2005-12-31": "9836.00000", "2005-09-30": "8956.00000", "2005-06-30": "8830.00000", "2005-03-31": "10636.00000"}, "Long Term Debt": {"2020-09-30": "39502.00000", "2020-06-30": "37729.00000", "2020-03-31": "31094.00000", "2019-12-31": "27516.00000", "2019-09-30": "31012.00000", "2019-06-30": "29296.00000", "2019-03-31": "29400.00000", "2018-12-31": "25376.00000", "2018-09-30": "25523.00000", "2018-06-30": "28063.00000", "2018-03-31": "29792.00000", "2017-12-31": "31182.00000", "2017-09-30": "32471.00000", "2017-06-30": "31805.00000", "2017-03-31": "31538.00000", "2016-12-31": "29684.00000", "2016-09-30": "31663.00000", "2016-06-30": "29252.00000", "2016-03-31": "26990.00000", "2015-12-31": "28311.00000", "2015-09-30": "25949.00000", "2015-06-30": "25977.00000", "2015-03-31": "26087.00000", "2014-12-31": "19063.00000", "2014-09-30": "20111.00000", "2014-06-30": "18643.00000", "2014-03-31": "18640.00000", "2013-12-31": "19154.00000", "2013-09-30": "14173.00000", "2013-06-30": "14179.00000", "2013-03-31": "14291.00000", "2012-12-31": "14736.00000", "2012-09-30": "16181.00000", "2012-06-30": "16390.00000", "2012-03-31": "16351.00000", "2011-12-31": "13656.00000", "2011-09-30": "13708.00000", "2011-06-30": "11373.00000", "2011-03-31": "12681.00000", "2010-12-31": "3.12210", "2010-09-30": "4456.00000", "2010-06-30": "4427.00000", "2010-03-31": "4419.00000", "2009-12-31": "5059.00000", "2009-09-30": "5028.00000", "2009-06-30": "5017.00000", "2009-03-31": "5017.00000", "2008-12-31": "2781.00000", "2008-09-30": "2877.00000", "2008-06-30": "2874.00000", "2008-03-31": "3259.00000", "2007-12-31": "3277.00000", "2007-09-30": "1594.00000", "2007-06-30": "1599.00000", "2007-03-31": "1454.00000", "2006-12-31": "1314.00000", "2006-09-30": "1242.00000", "2006-06-30": "1140.00000", "2006-03-31": "1152.00000", "2005-12-31": "1154.00000", "2005-09-30": "1121.00000", "2005-06-30": "1110.00000", "2005-03-31": "1141.00000"}, "Other Non-Current Liabilities": {"2020-09-30": "8530.00000", "2020-06-30": "8954.00000", "2020-03-31": "8832.00000", "2019-12-31": "8510.00000", "2019-09-30": "8057.00000", "2019-06-30": "8336.00000", "2019-03-31": "8598.00000", "2018-12-31": "7646.00000", "2018-09-30": "7246.00000", "2018-06-30": "7367.00000", "2018-03-31": "8079.00000", "2017-12-31": "8021.00000", "2017-09-30": "3946.00000", "2017-06-30": "4092.00000", "2017-03-31": "4041.00000", "2016-12-31": "4081.00000", "2016-09-30": "3984.00000", "2016-06-30": "3963.00000", "2016-03-31": "3820.00000", "2015-12-31": "4301.00000", "2015-09-30": "4194.00000", "2015-06-30": "4283.00000", "2015-03-31": "4296.00000", "2014-12-31": "4389.00000", "2014-09-30": "3383.00000", "2014-06-30": "3447.00000", "2014-03-31": "3414.00000", "2013-12-31": "3498.00000", "2013-09-30": "4445.00000", "2013-06-30": "4934.00000", "2013-03-31": "4949.00000", "2012-12-31": "5468.00000", "2012-09-30": "4678.00000", "2012-06-30": "4658.00000", "2012-03-31": "4663.00000", "2011-12-31": "5420.00000", "2011-09-30": "4404.00000", "2011-06-30": "4393.00000", "2011-03-31": "4437.00000", "2010-12-31": "4794.00000", "2010-09-30": "2777.00000", "2010-06-30": "2719.00000", "2010-03-31": "2763.00000", "2009-12-31": "2965.00000", "2009-09-30": "3124.00000", "2009-06-30": "3051.00000", "2009-03-31": "2944.00000", "2008-12-31": "3011.00000", "2008-09-30": "2803.00000", "2008-06-30": "3267.00000", "2008-03-31": "3287.00000", "2007-12-31": "3133.00000", "2007-09-30": "3438.00000", "2007-06-30": "2863.00000", "2007-03-31": "2687.00000", "2006-12-31": "2231.00000", "2006-09-30": "2095.00000", "2006-06-30": "1786.00000", "2006-03-31": "1731.00000", "2005-12-31": "1730.00000", "2005-09-30": "2743.00000", "2005-06-30": "2835.00000", "2005-03-31": "2841.00000"}, "Total Long Term Liabilities": {"2020-09-30": "49977.00000", "2020-06-30": "48652.00000", "2020-03-31": "41782.00000", "2019-12-31": "38310.00000", "2019-09-30": "41650.00000", "2019-06-30": "40319.00000", "2019-03-31": "40600.00000", "2018-12-31": "35376.00000", "2018-09-30": "35269.00000", "2018-06-30": "38019.00000", "2018-03-31": "40185.00000", "2017-12-31": "41725.00000", "2017-09-30": "40730.00000", "2017-06-30": "40227.00000", "2017-03-31": "39478.00000", "2016-12-31": "37518.00000", "2016-09-30": "39890.00000", "2016-06-30": "37712.00000", "2016-03-31": "35147.00000", "2015-12-31": "37303.00000", "2015-09-30": "35196.00000", "2015-06-30": "36045.00000", "2015-03-31": "35815.00000", "2014-12-31": "29088.00000", "2014-09-30": "29885.00000", "2014-06-30": "28559.00000", "2014-03-31": "28311.00000", "2013-12-31": "28804.00000", "2013-09-30": "23925.00000", "2013-06-30": "24411.00000", "2013-03-31": "24454.00000", "2012-12-31": "25185.00000", "2012-09-30": "26056.00000", "2012-06-30": "26038.00000", "2012-03-31": "25833.00000", "2011-12-31": "23770.00000", "2011-09-30": "22673.00000", "2011-06-30": "20472.00000", "2011-03-31": "21539.00000", "2010-12-31": "9058.12200", "2010-09-30": "8617.00000", "2010-06-30": "8702.00000", "2010-03-31": "8663.00000", "2009-12-31": "9604.00000", "2009-09-30": "9275.00000", "2009-06-30": "8970.00000", "2009-03-31": "8826.00000", "2008-12-31": "6669.00000", "2008-09-30": "7848.00000", "2008-06-30": "7929.00000", "2008-03-31": "8384.00000", "2007-12-31": "8300.00000", "2007-09-30": "6435.00000", "2007-06-30": "5769.00000", "2007-03-31": "4657.00000", "2006-12-31": "4153.00000", "2006-09-30": "4069.00000", "2006-06-30": "3416.00000", "2006-03-31": "3290.00000", "2005-12-31": "3236.00000", "2005-09-30": "4401.00000", "2005-06-30": "4505.00000", "2005-03-31": "4467.00000"}, "Total Liabilities": {"2020-09-30": "76868.00000", "2020-06-30": "75500.00000", "2020-03-31": "74179.00000", "2019-12-31": "65283.00000", "2019-09-30": "66750.00000", "2019-06-30": "69701.00000", "2019-03-31": "68543.00000", "2018-12-31": "64158.00000", "2018-09-30": "66699.00000", "2018-06-30": "69417.00000", "2018-03-31": "71665.00000", "2017-12-31": "68919.00000", "2017-09-30": "68363.00000", "2017-06-30": "69057.00000", "2017-03-31": "68134.00000", "2016-12-31": "64050.00000", "2016-09-30": "67682.00000", "2016-06-30": "67256.00000", "2016-03-31": "66134.00000", "2015-12-31": "64232.00000", "2015-09-30": "66741.00000", "2015-06-30": "64897.00000", "2015-03-31": "61938.00000", "2014-12-31": "61462.00000", "2014-09-30": "62645.00000", "2014-06-30": "61188.00000", "2014-03-31": "58367.00000", "2013-12-31": "56615.00000", "2013-09-30": "56967.00000", "2013-06-30": "56880.00000", "2013-03-31": "55556.00000", "2012-12-31": "53006.00000", "2012-09-30": "53064.00000", "2012-06-30": "52520.00000", "2012-03-31": "50679.00000", "2011-12-31": "48053.00000", "2011-09-30": "48254.00000", "2011-06-30": "44666.00000", "2011-03-31": "43462.00000", "2010-12-31": "41604.00000", "2010-09-30": "25888.00000", "2010-06-30": "22636.00000", "2010-03-31": "22246.00000", "2009-12-31": "23325.00000", "2009-09-30": "22685.00000", "2009-06-30": "22537.00000", "2009-03-31": "21995.00000", "2008-12-31": "19657.00000", "2008-09-30": "24435.00000", "2008-06-30": "24549.00000", "2008-03-31": "23972.00000", "2007-12-31": "21525.00000", "2007-09-30": "22001.00000", "2007-06-30": "21017.00000", "2007-03-31": "15909.00000", "2006-12-31": "13043.00000", "2006-09-30": "13303.00000", "2006-06-30": "13228.00000", "2006-03-31": "13405.00000", "2005-12-31": "13072.00000", "2005-09-30": "13357.00000", "2005-06-30": "13335.00000", "2005-03-31": "15103.00000"}, "Common Stock Net": {"2020-09-30": "1760.00000", "2020-06-30": "1760.00000", "2020-03-31": "1760.00000", "2019-12-31": "1760.00000", "2019-09-30": "1760.00000", "2019-06-30": "1760.00000", "2019-03-31": "1760.00000", "2018-12-31": "1760.00000", "2018-09-30": "1760.00000", "2018-06-30": "1760.00000", "2018-03-31": "1760.00000", "2017-12-31": "1760.00000", "2017-09-30": "1760.00000", "2017-06-30": "1760.00000", "2017-03-31": "1760.00000", "2016-12-31": "1760.00000", "2016-09-30": "1760.00000", "2016-06-30": "1760.00000", "2016-03-31": "1760.00000", "2015-12-31": "1760.00000", "2015-09-30": "1760.00000", "2015-06-30": "1760.00000", "2015-03-31": "1760.00000", "2014-12-31": "1760.00000", "2014-09-30": "1760.00000", "2014-06-30": "1760.00000", "2014-03-31": "1760.00000", "2013-12-31": "1760.00000", "2013-09-30": "1760.00000", "2013-06-30": "1760.00000", "2013-03-31": "1760.00000", "2012-12-31": "1760.00000", "2012-09-30": "1760.00000", "2012-06-30": "880.00000", "2012-03-31": "880.00000", "2011-12-31": "1760.00000", "2011-09-30": "880.00000", "2011-06-30": "880.00000", "2011-03-31": "880.00000", "2010-12-31": "880.00000", "2010-09-30": "880.00000", "2010-06-30": "880.00000", "2010-03-31": "880.00000", "2009-12-31": "880.00000", "2009-09-30": "880.00000", "2009-06-30": "880.00000", "2009-03-31": "880.00000", "2008-12-31": "880.00000", "2008-09-30": "880.00000", "2008-06-30": "880.00000", "2008-03-31": "880.00000", "2007-12-31": "880.00000", "2007-09-30": "880.00000", "2007-06-30": "880.00000", "2007-03-31": "878.00000", "2006-12-31": "878.00000", "2006-09-30": "877.00000", "2006-06-30": "877.00000", "2006-03-31": "877.00000", "2005-12-31": "877.00000", "2005-09-30": "876.00000", "2005-06-30": "875.00000", "2005-03-31": "875.00000"}, "Retained Earnings (Accumulated Deficit)": {"2020-09-30": "66863.00000", "2020-06-30": "66888.00000", "2020-03-31": "66870.00000", "2019-12-31": "65855.00000", "2019-09-30": "65481.00000", "2019-06-30": "64602.00000", "2019-03-31": "63704.00000", "2018-12-31": "63234.00000", "2018-09-30": "64028.00000", "2018-06-30": "63808.00000", "2018-03-31": "63150.00000", "2017-12-31": "60430.00000", "2017-09-30": "64759.00000", "2017-06-30": "64890.00000", "2017-03-31": "65099.00000", "2016-12-31": "65502.00000", "2016-09-30": "66457.00000", "2016-06-30": "66921.00000", "2016-03-31": "64985.00000", "2015-12-31": "65018.00000", "2015-09-30": "65209.00000", "2015-06-30": "65196.00000", "2015-03-31": "63524.00000", "2014-12-31": "63408.00000", "2014-09-30": "63972.00000", "2014-06-30": "63194.00000", "2014-03-31": "61937.00000", "2013-12-31": "61660.00000", "2013-09-30": "61187.00000", "2013-06-30": "59978.00000", "2013-03-31": "58549.00000", "2012-12-31": "58045.00000", "2012-09-30": "57320.00000", "2012-06-30": "56159.00000", "2012-03-31": "54520.00000", "2011-12-31": "53621.00000", "2011-09-30": "52965.00000", "2011-06-30": "51816.00000", "2011-03-31": "50097.00000", "2010-12-31": "49278.00000", "2010-09-30": "44541.00000", "2010-06-30": "43490.00000", "2010-03-31": "42136.00000", "2009-12-31": "41537.00000", "2009-09-30": "40944.00000", "2009-06-30": "39999.00000", "2009-03-31": "38911.00000", "2008-12-31": "38513.00000", "2008-09-30": "38397.00000", "2008-06-30": "37386.00000", "2008-03-31": "36843.00000", "2007-12-31": "36235.00000", "2007-09-30": "35809.00000", "2007-06-30": "34941.00000", "2007-03-31": "33877.00000", "2006-12-31": "33468.00000", "2006-09-30": "33514.00000", "2006-06-30": "32780.00000", "2006-03-31": "31672.00000", "2005-12-31": "31299.00000", "2005-09-30": "31100.00000", "2005-06-30": "30485.00000", "2005-03-31": "29432.00000"}, "Comprehensive Income": {"2020-09-30": "-15446.00000", "2020-06-30": "-16460.00000", "2020-03-31": "-15696.00000", "2019-12-31": "-13544.00000", "2019-09-30": "-13706.00000", "2019-06-30": "-12981.00000", "2019-03-31": "-12325.00000", "2018-12-31": "-12814.00000", "2018-09-30": "-12070.00000", "2018-06-30": "-11774.00000", "2018-03-31": "-10038.00000", "2017-12-31": "-10305.00000", "2017-09-30": "-9843.00000", "2017-06-30": "-10489.00000", "2017-03-31": "-10206.00000", "2016-12-31": "-11205.00000", "2016-09-30": "-10209.00000", "2016-06-30": "-10153.00000", "2016-03-31": "-10789.00000", "2015-12-31": "-10174.00000", "2015-09-30": "-10813.00000", "2015-06-30": "-8736.00000", "2015-03-31": "-7069.00000", "2014-12-31": "-5777.00000", "2014-09-30": "-3843.00000", "2014-06-30": "-2986.00000", "2014-03-31": "-3594.00000", "2013-12-31": "-3432.00000", "2013-09-30": "-4699.00000", "2013-06-30": "-4083.00000", "2013-03-31": "-3211.00000", "2012-12-31": "-3385.00000", "2012-09-30": "-2941.00000", "2012-06-30": "-3369.00000", "2012-03-31": "-1775.00000", "2011-12-31": "-2774.00000", "2011-09-30": "-1174.00000", "2011-06-30": "287.00000", "2011-03-31": "-535.00000", "2010-12-31": "-0.24700", "2010-09-30": "-1381.00000", "2010-06-30": "-2298.00000", "2010-03-31": "-1445.00000", "2009-12-31": "-757.00000", "2009-09-30": "-1753.00000", "2009-06-30": "-1740.00000", "2009-03-31": "-2893.00000", "2008-12-31": "-2674.00000", "2008-09-30": "759.00000", "2008-06-30": "1352.00000", "2008-03-31": "1199.00000", "2007-12-31": "626.00000", "2007-09-30": "-470.00000", "2007-06-30": "-473.00000", "2007-03-31": "-897.00000", "2006-12-31": "-1291.00000", "2006-09-30": "-1307.00000", "2006-06-30": "-1377.00000", "2006-03-31": "-1577.00000", "2005-12-31": "-1669.00000", "2005-09-30": "-1589.00000", "2005-06-30": "-1546.00000", "2005-03-31": "-1209.00000"}, "Other Share Holders Equity": {"2020-09-30": "", "2020-06-30": "", "2020-03-31": "", "2019-12-31": "", "2019-09-30": "", "2019-06-30": "", "2019-03-31": "", "2018-12-31": "", "2018-09-30": "", "2018-06-30": "", "2018-03-31": "", "2017-12-31": "", "2017-09-30": "", "2017-06-30": "", "2017-03-31": "", "2016-12-31": "", "2016-09-30": "", "2016-06-30": "", "2016-03-31": "", "2015-12-31": "", "2015-09-30": "", "2015-06-30": "", "2015-03-31": "", "2014-12-31": "", "2014-09-30": "", "2014-06-30": "", "2014-03-31": "", "2013-12-31": "", "2013-09-30": "", "2013-06-30": "", "2013-03-31": "", "2012-12-31": "", "2012-09-30": "", "2012-06-30": "", "2012-03-31": "", "2011-12-31": "", "2011-09-30": "", "2011-06-30": "", "2011-03-31": "", "2010-12-31": "", "2010-09-30": "", "2010-06-30": "", "2010-03-31": "", "2009-12-31": "", "2009-09-30": "", "2009-06-30": "", "2009-03-31": "", "2008-12-31": "", "2008-09-30": "", "2008-06-30": "", "2008-03-31": "", "2007-12-31": "", "2007-09-30": "", "2007-06-30": "", "2007-03-31": "", "2006-12-31": "", "2006-09-30": "", "2006-06-30": "", "2006-03-31": "", "2005-12-31": "", "2005-09-30": "", "2005-06-30": "", "2005-03-31": ""}, "Share Holder Equity": {"2020-09-30": "20316.00000", "2020-06-30": "19189.00000", "2020-03-31": "19834.00000", "2019-12-31": "21098.00000", "2019-09-30": "20683.00000", "2019-06-30": "20295.00000", "2019-03-31": "19804.00000", "2018-12-31": "19058.00000", "2018-09-30": "20178.00000", "2018-06-30": "20176.00000", "2018-03-31": "21617.00000", "2017-12-31": "18977.00000", "2017-09-30": "22152.00000", "2017-06-30": "22089.00000", "2017-03-31": "23067.00000", "2016-12-31": "23220.00000", "2016-09-30": "26245.00000", "2016-06-30": "26838.00000", "2016-03-31": "25129.00000", "2015-12-31": "25764.00000", "2015-09-30": "26267.00000", "2015-06-30": "28641.00000", "2015-03-31": "29078.00000", "2014-12-31": "30561.00000", "2014-09-30": "33669.00000", "2014-06-30": "34301.00000", "2014-03-31": "32922.00000", "2013-12-31": "33440.00000", "2013-09-30": "32465.00000", "2013-06-30": "32631.00000", "2013-03-31": "32894.00000", "2012-12-31": "33168.00000", "2012-09-30": "33590.00000", "2012-06-30": "32629.00000", "2012-03-31": "33218.00000", "2011-12-31": "31921.00000", "2011-09-30": "33499.00000", "2011-06-30": "35424.00000", "2011-03-31": "32596.00000", "2010-12-31": "31317.00000", "2010-09-30": "28201.00000", "2010-06-30": "25808.00000", "2010-03-31": "25157.00000", "2009-12-31": "25346.00000", "2009-09-30": "24422.00000", "2009-06-30": "23517.00000", "2009-03-31": "21108.00000", "2008-12-31": "20862.00000", "2008-09-30": "23745.00000", "2008-06-30": "23182.00000", "2008-03-31": "23032.00000", "2007-12-31": "21744.00000", "2007-09-30": "19669.00000", "2007-06-30": "18972.00000", "2007-03-31": "17211.00000", "2006-12-31": "16920.00000", "2006-09-30": "18000.00000", "2006-06-30": "17122.00000", "2006-03-31": "16406.00000", "2005-12-31": "16355.00000", "2005-09-30": "16526.00000", "2005-06-30": "16343.00000", "2005-03-31": "16511.00000"}, "Total Liabilities And Share Holders Equity": {"2020-09-30": "97184.00000", "2020-06-30": "94689.00000", "2020-03-31": "94013.00000", "2019-12-31": "86381.00000", "2019-09-30": "87433.00000", "2019-06-30": "89996.00000", "2019-03-31": "88347.00000", "2018-12-31": "83216.00000", "2018-09-30": "86877.00000", "2018-06-30": "89593.00000", "2018-03-31": "93282.00000", "2017-12-31": "87896.00000", "2017-09-30": "90515.00000", "2017-06-30": "91146.00000", "2017-03-31": "91201.00000", "2016-12-31": "87270.00000", "2016-09-30": "93927.00000", "2016-06-30": "94094.00000", "2016-03-31": "91263.00000", "2015-12-31": "89996.00000", "2015-09-30": "93008.00000", "2015-06-30": "93538.00000", "2015-03-31": "91016.00000", "2014-12-31": "92023.00000", "2014-09-30": "96314.00000", "2014-06-30": "95489.00000", "2014-03-31": "91289.00000", "2013-12-31": "90055.00000", "2013-09-30": "89432.00000", "2013-06-30": "89511.00000", "2013-03-31": "88450.00000", "2012-12-31": "86174.00000", "2012-09-30": "86654.00000", "2012-06-30": "85149.00000", "2012-03-31": "83897.00000", "2011-12-31": "79974.00000", "2011-09-30": "81753.00000", "2011-06-30": "80090.00000", "2011-03-31": "76058.00000", "2010-12-31": "72921.00000", "2010-09-30": "54089.00000", "2010-06-30": "48444.00000", "2010-03-31": "47403.00000", "2009-12-31": "48671.00000", "2009-09-30": "47107.00000", "2009-06-30": "46054.00000", "2009-03-31": "43103.00000", "2008-12-31": "40519.00000", "2008-09-30": "48180.00000", "2008-06-30": "47731.00000", "2008-03-31": "47004.00000", "2007-12-31": "43269.00000", "2007-09-30": "41670.00000", "2007-06-30": "39989.00000", "2007-03-31": "33120.00000", "2006-12-31": "29963.00000", "2006-09-30": "31303.00000", "2006-06-30": "30350.00000", "2006-03-31": "29811.00000", "2005-12-31": "29427.00000", "2005-09-30": "29883.00000", "2005-06-30": "29678.00000", "2005-03-31": "31614.00000"}}, "cash flow statement": {"Net Income/Loss": {"2019-12-31": "8985.00000", "2018-12-31": "6476.00000", "2017-12-31": "1283.00000", "2016-12-31": "6550.00000", "2015-12-31": "7366.00000", "2014-12-31": "7124.00000", "2013-12-31": "8626.00000", "2012-12-31": "9086.00000", "2011-12-31": "8646.00000", "2010-12-31": "11837.00000", "2009-12-31": "6906.00000", "2008-12-31": "5874.00000", "2007-12-31": "6027.00000", "2006-12-31": "5080.00000", "2005-12-31": "4872.00000"}, "Total Depreciation And Amortization - Cash Flow": {"2019-12-31": "1365.00000", "2018-12-31": "1086.00000", "2017-12-31": "1260.00000", "2016-12-31": "1787.00000", "2015-12-31": "1970.00000", "2014-12-31": "1976.00000", "2013-12-31": "1977.00000", "2012-12-31": "1982.00000", "2011-12-31": "1954.00000", "2010-12-31": "1443.00000", "2009-12-31": "1236.00000", "2008-12-31": "1228.00000", "2007-12-31": "1163.00000", "2006-12-31": "938.00000", "2005-12-31": "932.00000"}, "Other Non-Cash Items": {"2019-12-31": "-245.00000", "2018-12-31": "1305.00000", "2017-12-31": "1056.00000", "2016-12-31": "680.00000", "2015-12-31": "1349.00000", "2014-12-31": "1954.00000", "2013-12-31": "871.00000", "2012-12-31": "657.00000", "2011-12-31": "767.00000", "2010-12-31": "-4118.00000", "2009-12-31": "608.00000", "2008-12-31": "1224.00000", "2007-12-31": "", "2006-12-31": "554.00000", "2005-12-31": "189.00000"}, "Total Non-Cash Items": {"2019-12-31": "1120.00000", "2018-12-31": "2391.00000", "2017-12-31": "2316.00000", "2016-12-31": "2467.00000", "2015-12-31": "3319.00000", "2014-12-31": "3930.00000", "2013-12-31": "2848.00000", "2012-12-31": "2639.00000", "2011-12-31": "2721.00000", "2010-12-31": "-2675.00000", "2009-12-31": "1844.00000", "2008-12-31": "2452.00000", "2007-12-31": "1163.00000", "2006-12-31": "1492.00000", "2005-12-31": "1121.00000"}, "Change In Accounts Receivable": {"2019-12-31": "", "2018-12-31": "", "2017-12-31": "", "2016-12-31": "", "2015-12-31": "", "2014-12-31": "", "2013-12-31": "", "2012-12-31": "", "2011-12-31": "", "2010-12-31": "", "2009-12-31": "", "2008-12-31": "", "2007-12-31": "", "2006-12-31": "", "2005-12-31": ""}, "Change In Inventories": {"2019-12-31": "", "2018-12-31": "", "2017-12-31": "", "2016-12-31": "", "2015-12-31": "", "2014-12-31": "", "2013-12-31": "", "2012-12-31": "", "2011-12-31": "", "2010-12-31": "", "2009-12-31": "", "2008-12-31": "", "2007-12-31": "", "2006-12-31": "", "2005-12-31": ""}, "Change In Accounts Payable": {"2019-12-31": "", "2018-12-31": "", "2017-12-31": "", "2016-12-31": "", "2015-12-31": "", "2014-12-31": "", "2013-12-31": "", "2012-12-31": "", "2011-12-31": "", "2010-12-31": "", "2009-12-31": "", "2008-12-31": "", "2007-12-31": "", "2006-12-31": "", "2005-12-31": ""}, "Change In Assets/Liabilities": {"2019-12-31": "366.00000", "2018-12-31": "-1240.00000", "2017-12-31": "3442.00000", "2016-12-31": "-225.00000", "2015-12-31": "-157.00000", "2014-12-31": "-439.00000", "2013-12-31": "-932.00000", "2012-12-31": "-1080.00000", "2011-12-31": "-1893.00000", "2010-12-31": "370.00000", "2009-12-31": "-564.00000", "2008-12-31": "-755.00000", "2007-12-31": "-40.00000", "2006-12-31": "-615.00000", "2005-12-31": "430.00000"}, "Total Change In Assets/Liabilities": {"2019-12-31": "366.00000", "2018-12-31": "-1240.00000", "2017-12-31": "3442.00000", "2016-12-31": "-225.00000", "2015-12-31": "-157.00000", "2014-12-31": "-439.00000", "2013-12-31": "-932.00000", "2012-12-31": "-1080.00000", "2011-12-31": "-1893.00000", "2010-12-31": "370.00000", "2009-12-31": "-564.00000", "2008-12-31": "-755.00000", "2007-12-31": "-40.00000", "2006-12-31": "-615.00000", "2005-12-31": "430.00000"}, "Cash Flow From Operating Activities": {"2019-12-31": "10471.00000", "2018-12-31": "7627.00000", "2017-12-31": "7041.00000", "2016-12-31": "8792.00000", "2015-12-31": "10528.00000", "2014-12-31": "10615.00000", "2013-12-31": "10542.00000", "2012-12-31": "10645.00000", "2011-12-31": "9474.00000", "2010-12-31": "9532.00000", "2009-12-31": "8186.00000", "2008-12-31": "7571.00000", "2007-12-31": "7150.00000", "2006-12-31": "5957.00000", "2005-12-31": "6423.00000"}, "Net Change In Property, Plant, And Equipment": {"2019-12-31": "-1076.00000", "2018-12-31": "-1300.00000", "2017-12-31": "-1642.00000", "2016-12-31": "-2112.00000", "2015-12-31": "-2468.00000", "2014-12-31": "-2183.00000", "2013-12-31": "-2439.00000", "2012-12-31": "-2637.00000", "2011-12-31": "-2819.00000", "2010-12-31": "-2081.00000", "2009-12-31": "-1889.00000", "2008-12-31": "-1839.00000", "2007-12-31": "-1409.00000", "2006-12-31": "-767.00000", "2005-12-31": "-811.00000"}, "Net Change In Intangible Assets": {"2019-12-31": "", "2018-12-31": "", "2017-12-31": "", "2016-12-31": "", "2015-12-31": "", "2014-12-31": "", "2013-12-31": "", "2012-12-31": "", "2011-12-31": "", "2010-12-31": "", "2009-12-31": "", "2008-12-31": "", "2007-12-31": "", "2006-12-31": "", "2005-12-31": ""}, "Net Acquisitions/Divestitures": {"2019-12-31": "-5113.00000", "2018-12-31": "99.00000", "2017-12-31": "12.00000", "2016-12-31": "197.00000", "2015-12-31": "-1926.00000", "2014-12-31": "-241.00000", "2013-12-31": "519.00000", "2012-12-31": "-1466.00000", "2011-12-31": "-573.00000", "2010-12-31": "-1539.00000", "2009-12-31": "-60.00000", "2008-12-31": "-280.00000", "2007-12-31": "-5653.00000", "2006-12-31": "-901.00000", "2005-12-31": "-637.00000"}, "Net Change In Short-term Investments": {"2019-12-31": "2269.00000", "2018-12-31": "7188.00000", "2017-12-31": "-602.00000", "2016-12-31": "1216.00000", "2015-12-31": "-1752.00000", "2014-12-31": "-4814.00000", "2013-12-31": "-1991.00000", "2012-12-31": "-7033.00000", "2011-12-31": "1013.00000", "2010-12-31": "-547.00000", "2009-12-31": "-2130.00000", "2008-12-31": "0.00000", "2007-12-31": "", "2006-12-31": "", "2005-12-31": ""}, "Net Change In Long-Term Investments": {"2019-12-31": "", "2018-12-31": "", "2017-12-31": "", "2016-12-31": "", "2015-12-31": "", "2014-12-31": "", "2013-12-31": "", "2012-12-31": "", "2011-12-31": "", "2010-12-31": "-132.00000", "2009-12-31": "-22.00000", "2008-12-31": "-240.00000", "2007-12-31": "349.00000", "2006-12-31": "30.00000", "2005-12-31": "-20.00000"}, "Net Change In Investments - Total": {"2019-12-31": "2269.00000", "2018-12-31": "7188.00000", "2017-12-31": "-602.00000", "2016-12-31": "1216.00000", "2015-12-31": "-1752.00000", "2014-12-31": "-4814.00000", "2013-12-31": "-1991.00000", "2012-12-31": "-7033.00000", "2011-12-31": "1013.00000", "2010-12-31": "-679.00000", "2009-12-31": "-2152.00000", "2008-12-31": "-240.00000", "2007-12-31": "349.00000", "2006-12-31": "30.00000", "2005-12-31": "-20.00000"}, "Investing Activities - Other": {"2019-12-31": "-56.00000", "2018-12-31": "-60.00000", "2017-12-31": "-80.00000", "2016-12-31": "-305.00000", "2015-12-31": "-40.00000", "2014-12-31": "-268.00000", "2013-12-31": "-303.00000", "2012-12-31": "-268.00000", "2011-12-31": "-145.00000", "2010-12-31": "-106.00000", "2009-12-31": "-48.00000", "2008-12-31": "-4.00000", "2007-12-31": "-6.00000", "2006-12-31": "-62.00000", "2005-12-31": "-28.00000"}, "Cash Flow From Investing Activities": {"2019-12-31": "-3976.00000", "2018-12-31": "5927.00000", "2017-12-31": "-2312.00000", "2016-12-31": "-1004.00000", "2015-12-31": "-6186.00000", "2014-12-31": "-7506.00000", "2013-12-31": "-4214.00000", "2012-12-31": "-11404.00000", "2011-12-31": "-2524.00000", "2010-12-31": "-4405.00000", "2009-12-31": "-4149.00000", "2008-12-31": "-2363.00000", "2007-12-31": "-6719.00000", "2006-12-31": "-1700.00000", "2005-12-31": "-1496.00000"}, "Net Long-Term Debt": {"2019-12-31": "-1841.00000", "2018-12-31": "-2995.00000", "2017-12-31": "1055.00000", "2016-12-31": "1666.00000", "2015-12-31": "2696.00000", "2014-12-31": "4712.00000", "2013-12-31": "4711.00000", "2012-12-31": "4218.00000", "2011-12-31": "4965.00000", "2010-12-31": "1848.00000", "2009-12-31": "2363.00000", "2008-12-31": "29.00000", "2007-12-31": "4341.00000", "2006-12-31": "-1404.00000", "2005-12-31": "-2282.00000"}, "Net Current Debt": {"2019-12-31": "", "2018-12-31": "", "2017-12-31": "", "2016-12-31": "", "2015-12-31": "", "2014-12-31": "", "2013-12-31": "", "2012-12-31": "", "2011-12-31": "", "2010-12-31": "", "2009-12-31": "", "2008-12-31": "", "2007-12-31": "", "2006-12-31": "", "2005-12-31": ""}, "Debt Issuance/Retirement Net - Total": {"2019-12-31": "-1841.00000", "2018-12-31": "-2995.00000", "2017-12-31": "1055.00000", "2016-12-31": "1666.00000", "2015-12-31": "2696.00000", "2014-12-31": "4712.00000", "2013-12-31": "4711.00000", "2012-12-31": "4218.00000", "2011-12-31": "4965.00000", "2010-12-31": "1848.00000", "2009-12-31": "2363.00000", "2008-12-31": "29.00000", "2007-12-31": "4341.00000", "2006-12-31": "-1404.00000", "2005-12-31": "-2282.00000"}, "Net Common Equity Issued/Repurchased": {"2019-12-31": "-91.00000", "2018-12-31": "-436.00000", "2017-12-31": "-2087.00000", "2016-12-31": "-2247.00000", "2015-12-31": "-2319.00000", "2014-12-31": "-2630.00000", "2013-12-31": "-3504.00000", "2012-12-31": "-3070.00000", "2011-12-31": "-2944.00000", "2010-12-31": "-1295.00000", "2009-12-31": "-854.00000", "2008-12-31": "-484.00000", "2007-12-31": "-219.00000", "2006-12-31": "-2268.00000", "2005-12-31": "-1825.00000"}, "Net Total Equity Issued/Repurchased": {"2019-12-31": "-91.00000", "2018-12-31": "-436.00000", "2017-12-31": "-2087.00000", "2016-12-31": "-2247.00000", "2015-12-31": "-2319.00000", "2014-12-31": "-2630.00000", "2013-12-31": "-3504.00000", "2012-12-31": "-3070.00000", "2011-12-31": "-2944.00000", "2010-12-31": "-1295.00000", "2009-12-31": "-854.00000", "2008-12-31": "-484.00000", "2007-12-31": "-219.00000", "2006-12-31": "-2268.00000", "2005-12-31": "-1825.00000"}, "Total Common And Preferred Stock Dividends Paid": {"2019-12-31": "-6845.00000", "2018-12-31": "-6644.00000", "2017-12-31": "-6320.00000", "2016-12-31": "-6043.00000", "2015-12-31": "-5741.00000", "2014-12-31": "-5350.00000", "2013-12-31": "-4969.00000", "2012-12-31": "-4595.00000", "2011-12-31": "-4300.00000", "2010-12-31": "-4068.00000", "2009-12-31": "-3800.00000", "2008-12-31": "-3521.00000", "2007-12-31": "-3149.00000", "2006-12-31": "-2911.00000", "2005-12-31": "-2678.00000"}, "Financial Activities - Other": {"2019-12-31": "-227.00000", "2018-12-31": "-272.00000", "2017-12-31": "-95.00000", "2016-12-31": "79.00000", "2015-12-31": "251.00000", "2014-12-31": "-363.00000", "2013-12-31": "17.00000", "2012-12-31": "100.00000", "2011-12-31": "45.00000", "2010-12-31": "50.00000", "2009-12-31": "-2.00000", "2008-12-31": "-9.00000", "2007-12-31": "", "2006-12-31": "", "2005-12-31": ""}, "Cash Flow From Financial Activities": {"2019-12-31": "-9004.00000", "2018-12-31": "-10347.00000", "2017-12-31": "-7447.00000", "2016-12-31": "-6545.00000", "2015-12-31": "-5113.00000", "2014-12-31": "-3631.00000", "2013-12-31": "-3745.00000", "2012-12-31": "-3347.00000", "2011-12-31": "-2234.00000", "2010-12-31": "-3465.00000", "2009-12-31": "-2293.00000", "2008-12-31": "-3985.00000", "2007-12-31": "973.00000", "2006-12-31": "-6583.00000", "2005-12-31": "-6785.00000"}, "Net Cash Flow": {"2019-12-31": "-2838.00000", "2018-12-31": "2704.00000", "2017-12-31": "-2748.00000", "2016-12-31": "943.00000", "2015-12-31": "-1649.00000", "2014-12-31": "-1456.00000", "2013-12-31": "1972.00000", "2012-12-31": "-4361.00000", "2011-12-31": "4286.00000", "2010-12-31": "1496.00000", "2009-12-31": "2320.00000", "2008-12-31": "608.00000", "2007-12-31": "1653.00000", "2006-12-31": "-2261.00000", "2005-12-31": "-2006.00000"}, "Stock-Based Compensation": {"2019-12-31": "201.00000", "2018-12-31": "225.00000", "2017-12-31": "219.00000", "2016-12-31": "258.00000", "2015-12-31": "236.00000", "2014-12-31": "209.00000", "2013-12-31": "227.00000", "2012-12-31": "259.00000", "2011-12-31": "354.00000", "2010-12-31": "380.00000", "2009-12-31": "241.00000", "2008-12-31": "266.00000", "2007-12-31": "313.00000", "2006-12-31": "324.00000", "2005-12-31": "324.00000"}, "Common Stock Dividends Paid": {"2019-12-31": "-6845.00000", "2018-12-31": "-6644.00000", "2017-12-31": "-6320.00000", "2016-12-31": "-6043.00000", "2015-12-31": "-5741.00000", "2014-12-31": "-5350.00000", "2013-12-31": "-4969.00000", "2012-12-31": "-4595.00000", "2011-12-31": "-4300.00000", "2010-12-31": "-4068.00000", "2009-12-31": "-3800.00000", "2008-12-31": "-3521.00000", "2007-12-31": "-3149.00000", "2006-12-31": "-2911.00000", "2005-12-31": "-2678.00000"}}, "cash flow statement, quarterly": {"Net Income/Loss": {"2020-09-30": 1740, "2020-06-30": 1759, "2020-03-31": "2795.00000", "2019-12-31": 2065, "2019-09-30": 2589, "2019-06-30": 2628, "2019-03-31": "1703.00000", "2018-12-31": 927, "2018-09-30": 1818, "2018-06-30": 2331, "2018-03-31": "1400.00000", "2017-12-31": -2717, "2017-09-30": 1444, "2017-06-30": 1372, "2017-03-31": "1184.00000", "2016-12-31": 547, "2016-09-30": 1050, "2016-06-30": 3460, "2016-03-31": "1493.00000", "2015-12-31": 1236, "2015-09-30": 1453, "2015-06-30": 3111, "2015-03-31": "1566.00000", "2014-12-31": 771, "2014-09-30": 2122, "2014-06-30": 2605, "2014-03-31": "1626.00000", "2013-12-31": 1708, "2013-09-30": 2455, "2013-06-30": 2694, "2013-03-31": "1769.00000", "2012-12-31": 1890, "2012-09-30": 2329, "2012-06-30": 2800, "2012-03-31": "2067.00000", "2011-12-31": 1677, "2011-09-30": 2246, "2011-06-30": 2807, "2011-03-31": "1916.00000", "2010-12-31": 5762, "2010-09-30": 2067, "2010-06-30": 2382, "2010-03-31": "1626.00000", "2009-12-31": 1578, "2009-09-30": 1920, "2009-06-30": 2049, "2009-03-31": "1359.00000", "2008-12-31": 1005, "2008-09-30": 1915, "2008-06-30": 1443, "2008-03-31": "1511.00000", "2007-12-31": 1260, "2007-09-30": 1654, "2007-06-30": 1851, "2007-03-31": "1262.00000", "2006-12-31": 678, "2006-09-30": 1460, "2006-06-30": 1836, "2006-03-31": "1106.00000", "2005-12-31": 864, "2005-09-30": 1283, "2005-06-30": 1723, "2005-03-31": "1002.00000"}, "Total Depreciation And Amortization - Cash Flow": {"2020-09-30": 358, "2020-06-30": 381, "2020-03-31": "367.00000", "2019-12-31": 400, "2019-09-30": 363, "2019-06-30": 327, "2019-03-31": "275.00000", "2018-12-31": 279, "2018-09-30": 254, "2018-06-30": 283, "2018-03-31": "270.00000", "2017-12-31": 334, "2017-09-30": 297, "2017-06-30": 301, "2017-03-31": "328.00000", "2016-12-31": 464, "2016-09-30": 420, "2016-06-30": 445, "2016-03-31": "458.00000", "2015-12-31": 527, "2015-09-30": 482, "2015-06-30": 488, "2015-03-31": "473.00000", "2014-12-31": 499, "2014-09-30": 510, "2014-06-30": 494, "2014-03-31": "473.00000", "2013-12-31": 533, "2013-09-30": 497, "2013-06-30": 474, "2013-03-31": "473.00000", "2012-12-31": 513, "2012-09-30": 514, "2012-06-30": 508, "2012-03-31": "447.00000", "2011-12-31": 531, "2011-09-30": 466, "2011-06-30": 471, "2011-03-31": "486.00000", "2010-12-31": 509, "2010-09-30": 323, "2010-06-30": 316, "2010-03-31": "295.00000", "2009-12-31": 331, "2009-09-30": 320, "2009-06-30": 302, "2009-03-31": "283.00000", "2008-12-31": 285, "2008-09-30": 306, "2008-06-30": 330, "2008-03-31": "307.00000", "2007-12-31": 369, "2007-09-30": 279, "2007-06-30": 274, "2007-03-31": "241.00000", "2006-12-31": 272, "2006-09-30": 233, "2006-06-30": 224, "2006-03-31": "209.00000", "2005-12-31": 256, "2005-09-30": 227, "2005-06-30": 223, "2005-03-31": "226.00000"}, "Other Non-Cash Items": {"2020-09-30": 512, "2020-06-30": 47, "2020-03-31": "-837.00000", "2019-12-31": -10, "2019-09-30": -463, "2019-06-30": -64, "2019-03-31": "292.00000", "2018-12-31": 333, "2018-09-30": 377, "2018-06-30": 340, "2018-03-31": "255.00000", "2017-12-31": -1331, "2017-09-30": 762, "2017-06-30": 839, "2017-03-31": "786.00000", "2016-12-31": 375, "2016-09-30": 1147, "2016-06-30": -1175, "2016-03-31": "333.00000", "2015-12-31": 186, "2015-09-30": 719, "2015-06-30": -280, "2015-03-31": "724.00000", "2014-12-31": 1304, "2014-09-30": 203, "2014-06-30": 50, "2014-03-31": "397.00000", "2013-12-31": 869, "2013-09-30": -299, "2013-06-30": -119, "2013-03-31": "420.00000", "2012-12-31": 640, "2012-09-30": -2, "2012-06-30": 194, "2012-03-31": "-175.00000", "2011-12-31": 683, "2011-09-30": -50, "2011-06-30": 20, "2011-03-31": "114.00000", "2010-12-31": -4041, "2010-09-30": -206, "2010-06-30": -63, "2010-03-31": "192.00000", "2009-12-31": 565, "2009-09-30": -23, "2009-06-30": -175, "2009-03-31": "241.00000", "2008-12-31": 553, "2008-09-30": -154, "2008-06-30": 817, "2008-03-31": "8.00000", "2007-12-31": 176, "2007-09-30": -138, "2007-06-30": 72, "2007-03-31": "-110.00000", "2006-12-31": 607, "2006-09-30": -86, "2006-06-30": -92, "2006-03-31": "125.00000", "2005-12-31": 51, "2005-09-30": -44, "2005-06-30": -28, "2005-03-31": "210.00000"}, "Total Non-Cash Items": {"2020-09-30": 870, "2020-06-30": 428, "2020-03-31": "-470.00000", "2019-12-31": 390, "2019-09-30": -100, "2019-06-30": 263, "2019-03-31": "567.00000", "2018-12-31": 612, "2018-09-30": 631, "2018-06-30": 623, "2018-03-31": "525.00000", "2017-12-31": -997, "2017-09-30": 1059, "2017-06-30": 1140, "2017-03-31": "1114.00000", "2016-12-31": 839, "2016-09-30": 1567, "2016-06-30": -730, "2016-03-31": "791.00000", "2015-12-31": 713, "2015-09-30": 1201, "2015-06-30": 208, "2015-03-31": "1197.00000", "2014-12-31": 1803, "2014-09-30": 713, "2014-06-30": 544, "2014-03-31": "870.00000", "2013-12-31": 1402, "2013-09-30": 198, "2013-06-30": 355, "2013-03-31": "893.00000", "2012-12-31": 1153, "2012-09-30": 512, "2012-06-30": 702, "2012-03-31": "272.00000", "2011-12-31": 1214, "2011-09-30": 416, "2011-06-30": 491, "2011-03-31": "600.00000", "2010-12-31": -3532, "2010-09-30": 117, "2010-06-30": 253, "2010-03-31": "487.00000", "2009-12-31": 896, "2009-09-30": 297, "2009-06-30": 127, "2009-03-31": "524.00000", "2008-12-31": 838, "2008-09-30": 152, "2008-06-30": 1147, "2008-03-31": "315.00000", "2007-12-31": 545, "2007-09-30": 141, "2007-06-30": 346, "2007-03-31": "131.00000", "2006-12-31": 879, "2006-09-30": 147, "2006-06-30": 132, "2006-03-31": "334.00000", "2005-12-31": 307, "2005-09-30": 183, "2005-06-30": 195, "2005-03-31": "436.00000"}, "Change In Accounts Receivable": {"2020-09-30": 0, "2020-06-30": 0, "2020-03-31": "", "2019-12-31": 0, "2019-09-30": 0, "2019-06-30": 0, "2019-03-31": "", "2018-12-31": 0, "2018-09-30": 0, "2018-06-30": 0, "2018-03-31": "", "2017-12-31": 0, "2017-09-30": 0, "2017-06-30": 0, "2017-03-31": "", "2016-12-31": 0, "2016-09-30": 0, "2016-06-30": 0, "2016-03-31": "", "2015-12-31": 0, "2015-09-30": 0, "2015-06-30": 0, "2015-03-31": "", "2014-12-31": 0, "2014-09-30": 0, "2014-06-30": 0, "2014-03-31": "", "2013-12-31": 0, "2013-09-30": 0, "2013-06-30": 0, "2013-03-31": "", "2012-12-31": 0, "2012-09-30": 0, "2012-06-30": 0, "2012-03-31": "", "2011-12-31": 0, "2011-09-30": 0, "2011-06-30": 0, "2011-03-31": "", "2010-12-31": 0, "2010-09-30": 0, "2010-06-30": 0, "2010-03-31": "", "2009-12-31": 0, "2009-09-30": 0, "2009-06-30": 0, "2009-03-31": "", "2008-12-31": 0, "2008-09-30": 0, "2008-06-30": 0, "2008-03-31": "", "2007-12-31": 0, "2007-09-30": 0, "2007-06-30": 0, "2007-03-31": "", "2006-12-31": 0, "2006-09-30": 0, "2006-06-30": 0, "2006-03-31": "", "2005-12-31": 0, "2005-09-30": 0, "2005-06-30": 0, "2005-03-31": ""}, "Change In Inventories": {"2020-09-30": 0, "2020-06-30": 0, "2020-03-31": "", "2019-12-31": 0, "2019-09-30": 0, "2019-06-30": 0, "2019-03-31": "", "2018-12-31": 0, "2018-09-30": 0, "2018-06-30": 0, "2018-03-31": "", "2017-12-31": 0, "2017-09-30": 0, "2017-06-30": 0, "2017-03-31": "", "2016-12-31": 0, "2016-09-30": 0, "2016-06-30": 0, "2016-03-31": "", "2015-12-31": 0, "2015-09-30": 0, "2015-06-30": 0, "2015-03-31": "", "2014-12-31": 0, "2014-09-30": 0, "2014-06-30": 0, "2014-03-31": "", "2013-12-31": 0, "2013-09-30": 0, "2013-06-30": 0, "2013-03-31": "", "2012-12-31": 0, "2012-09-30": 0, "2012-06-30": 0, "2012-03-31": "", "2011-12-31": 0, "2011-09-30": 0, "2011-06-30": 0, "2011-03-31": "", "2010-12-31": 0, "2010-09-30": 0, "2010-06-30": 0, "2010-03-31": "", "2009-12-31": 0, "2009-09-30": 0, "2009-06-30": 0, "2009-03-31": "", "2008-12-31": 0, "2008-09-30": 0, "2008-06-30": 0, "2008-03-31": "", "2007-12-31": 0, "2007-09-30": 0, "2007-06-30": 0, "2007-03-31": "", "2006-12-31": 0, "2006-09-30": 0, "2006-06-30": 0, "2006-03-31": "", "2005-12-31": 0, "2005-09-30": 0, "2005-06-30": 0, "2005-03-31": ""}, "Change In Accounts Payable": {"2020-09-30": 0, "2020-06-30": 0, "2020-03-31": "", "2019-12-31": 0, "2019-09-30": 0, "2019-06-30": 0, "2019-03-31": "", "2018-12-31": 0, "2018-09-30": 0, "2018-06-30": 0, "2018-03-31": "", "2017-12-31": 0, "2017-09-30": 0, "2017-06-30": 0, "2017-03-31": "", "2016-12-31": 0, "2016-09-30": 0, "2016-06-30": 0, "2016-03-31": "", "2015-12-31": 0, "2015-09-30": 0, "2015-06-30": 0, "2015-03-31": "", "2014-12-31": 0, "2014-09-30": 0, "2014-06-30": 0, "2014-03-31": "", "2013-12-31": 0, "2013-09-30": 0, "2013-06-30": 0, "2013-03-31": "", "2012-12-31": 0, "2012-09-30": 0, "2012-06-30": 0, "2012-03-31": "", "2011-12-31": 0, "2011-09-30": 0, "2011-06-30": 0, "2011-03-31": "", "2010-12-31": 0, "2010-09-30": 0, "2010-06-30": 0, "2010-03-31": "", "2009-12-31": 0, "2009-09-30": 0, "2009-06-30": 0, "2009-03-31": "", "2008-12-31": 0, "2008-09-30": 0, "2008-06-30": 0, "2008-03-31": "", "2007-12-31": 0, "2007-09-30": 0, "2007-06-30": 0, "2007-03-31": "", "2006-12-31": 0, "2006-09-30": 0, "2006-06-30": 0, "2006-03-31": "", "2005-12-31": 0, "2005-09-30": 0, "2005-06-30": 0, "2005-03-31": ""}, "Change In Assets/Liabilities": {"2020-09-30": 824, "2020-06-30": 43, "2020-03-31": "-1769.00000", "2019-12-31": 245, "2019-09-30": 781, "2019-06-30": 822, "2019-03-31": "-1482.00000", "2018-12-31": 398, "2018-09-30": 555, "2018-06-30": -881, "2018-03-31": "-1312.00000", "2017-12-31": 4893, "2017-09-30": 17, "2017-06-30": 66, "2017-03-31": "-1534.00000", "2016-12-31": 683, "2016-09-30": 286, "2016-06-30": 486, "2016-03-31": "-1680.00000", "2015-12-31": 189, "2015-09-30": 618, "2015-06-30": 225, "2015-03-31": "-1189.00000", "2014-12-31": 62, "2014-09-30": 674, "2014-06-30": 255, "2014-03-31": "-1430.00000", "2013-12-31": -280, "2013-09-30": 1103, "2013-06-30": 429, "2013-03-31": "-2184.00000", "2012-12-31": -238, "2012-09-30": 821, "2012-06-30": 183, "2012-03-31": "-1846.00000", "2011-12-31": -217, "2011-09-30": 496, "2011-06-30": -114, "2011-03-31": "-2058.00000", "2010-12-31": 78, "2010-09-30": 730, "2010-06-30": 349, "2010-03-31": "-787.00000", "2009-12-31": -558, "2009-09-30": 391, "2009-06-30": 613, "2009-03-31": "-1010.00000", "2008-12-31": 60, "2008-09-30": 383, "2008-06-30": -492, "2008-03-31": "-706.00000", "2007-12-31": -112, "2007-09-30": 367, "2007-06-30": 149, "2007-03-31": "-444.00000", "2006-12-31": -234, "2006-09-30": 265, "2006-06-30": 87, "2006-03-31": "-733.00000", "2005-12-31": -28, "2005-09-30": 280, "2005-06-30": 244, "2005-03-31": "-66.00000"}, "Total Change In Assets/Liabilities": {"2020-09-30": 824, "2020-06-30": 43, "2020-03-31": "-1769.00000", "2019-12-31": 245, "2019-09-30": 781, "2019-06-30": 822, "2019-03-31": "-1482.00000", "2018-12-31": 398, "2018-09-30": 555, "2018-06-30": -881, "2018-03-31": "-1312.00000", "2017-12-31": 4893, "2017-09-30": 17, "2017-06-30": 66, "2017-03-31": "-1534.00000", "2016-12-31": 683, "2016-09-30": 286, "2016-06-30": 486, "2016-03-31": "-1680.00000", "2015-12-31": 189, "2015-09-30": 618, "2015-06-30": 225, "2015-03-31": "-1189.00000", "2014-12-31": 62, "2014-09-30": 674, "2014-06-30": 255, "2014-03-31": "-1430.00000", "2013-12-31": -280, "2013-09-30": 1103, "2013-06-30": 429, "2013-03-31": "-2184.00000", "2012-12-31": -238, "2012-09-30": 821, "2012-06-30": 183, "2012-03-31": "-1846.00000", "2011-12-31": -217, "2011-09-30": 496, "2011-06-30": -114, "2011-03-31": "-2058.00000", "2010-12-31": 78, "2010-09-30": 730, "2010-06-30": 349, "2010-03-31": "-787.00000", "2009-12-31": -558, "2009-09-30": 391, "2009-06-30": 613, "2009-03-31": "-1010.00000", "2008-12-31": 60, "2008-09-30": 383, "2008-06-30": -492, "2008-03-31": "-706.00000", "2007-12-31": -112, "2007-09-30": 367, "2007-06-30": 149, "2007-03-31": "-444.00000", "2006-12-31": -234, "2006-09-30": 265, "2006-06-30": 87, "2006-03-31": "-733.00000", "2005-12-31": -28, "2005-09-30": 280, "2005-06-30": 244, "2005-03-31": "-66.00000"}, "Cash Flow From Operating Activities": {"2020-09-30": 3434, "2020-06-30": 2230, "2020-03-31": "556.00000", "2019-12-31": 2700, "2019-09-30": 3270, "2019-06-30": 3713, "2019-03-31": "788.00000", "2018-12-31": 1937, "2018-09-30": 3004, "2018-06-30": 2073, "2018-03-31": "613.00000", "2017-12-31": 1179, "2017-09-30": 2520, "2017-06-30": 2578, "2017-03-31": "764.00000", "2016-12-31": 2069, "2016-09-30": 2903, "2016-06-30": 3216, "2016-03-31": "604.00000", "2015-12-31": 2138, "2015-09-30": 3272, "2015-06-30": 3544, "2015-03-31": "1574.00000", "2014-12-31": 2636, "2014-09-30": 3509, "2014-06-30": 3404, "2014-03-31": "1066.00000", "2013-12-31": 2830, "2013-09-30": 3756, "2013-06-30": 3478, "2013-03-31": "478.00000", "2012-12-31": 2805, "2012-09-30": 3662, "2012-06-30": 3685, "2012-03-31": "493.00000", "2011-12-31": 2674, "2011-09-30": 3158, "2011-06-30": 3184, "2011-03-31": "458.00000", "2010-12-31": 2308, "2010-09-30": 2914, "2010-06-30": 2984, "2010-03-31": "1326.00000", "2009-12-31": 1916, "2009-09-30": 2608, "2009-06-30": 2789, "2009-03-31": "873.00000", "2008-12-31": 1903, "2008-09-30": 2450, "2008-06-30": 2098, "2008-03-31": "1120.00000", "2007-12-31": 1693, "2007-09-30": 2162, "2007-06-30": 2346, "2007-03-31": "949.00000", "2006-12-31": 1323, "2006-09-30": 1872, "2006-06-30": 2055, "2006-03-31": "707.00000", "2005-12-31": 1143, "2005-09-30": 1746, "2005-06-30": 2162, "2005-03-31": "1372.00000"}, "Net Change In Property, Plant, And Equipment": {"2020-09-30": -179, "2020-06-30": -188, "2020-03-31": "-236.00000", "2019-12-31": -814, "2019-09-30": 462, "2019-06-30": -363, "2019-03-31": "-361.00000", "2018-12-31": -349, "2018-09-30": -325, "2018-06-30": -395, "2018-03-31": "-231.00000", "2017-12-31": -520, "2017-09-30": -332, "2017-06-30": -366, "2017-03-31": "-424.00000", "2016-12-31": -643, "2016-09-30": -425, "2016-06-30": -537, "2016-03-31": "-507.00000", "2015-12-31": -848, "2015-09-30": -539, "2015-06-30": -586, "2015-03-31": "-495.00000", "2014-12-31": -715, "2014-09-30": -572, "2014-06-30": -515, "2014-03-31": "-381.00000", "2013-12-31": -878, "2013-09-30": -549, "2013-06-30": -549, "2013-03-31": "-463.00000", "2012-12-31": -739, "2012-09-30": -650, "2012-06-30": -683, "2012-03-31": "-565.00000", "2011-12-31": -970, "2011-09-30": -705, "2011-06-30": -578, "2011-03-31": "-566.00000", "2010-12-31": -840, "2010-09-30": -413, "2010-06-30": -451, "2010-03-31": "-377.00000", "2009-12-31": -524, "2009-09-30": -417, "2009-06-30": -488, "2009-03-31": "-460.00000", "2008-12-31": -515, "2008-09-30": -474, "2008-06-30": -478, "2008-03-31": "-372.00000", "2007-12-31": -497, "2007-09-30": -293, "2007-06-30": -358, "2007-03-31": "-261.00000", "2006-12-31": 121, "2006-09-30": -313, "2006-06-30": -331, "2006-03-31": "-244.00000", "2005-12-31": -266, "2005-09-30": -195, "2005-06-30": -199, "2005-03-31": "-151.00000"}, "Net Change In Intangible Assets": {"2020-09-30": 0, "2020-06-30": 0, "2020-03-31": "", "2019-12-31": 0, "2019-09-30": 0, "2019-06-30": 0, "2019-03-31": "", "2018-12-31": 0, "2018-09-30": 0, "2018-06-30": 0, "2018-03-31": "", "2017-12-31": 0, "2017-09-30": 0, "2017-06-30": 0, "2017-03-31": "", "2016-12-31": 0, "2016-09-30": 0, "2016-06-30": 0, "2016-03-31": "", "2015-12-31": 0, "2015-09-30": 0, "2015-06-30": 0, "2015-03-31": "", "2014-12-31": 0, "2014-09-30": 0, "2014-06-30": 0, "2014-03-31": "", "2013-12-31": 0, "2013-09-30": 0, "2013-06-30": 0, "2013-03-31": "", "2012-12-31": 0, "2012-09-30": 0, "2012-06-30": 0, "2012-03-31": "", "2011-12-31": 0, "2011-09-30": 0, "2011-06-30": 0, "2011-03-31": "", "2010-12-31": 0, "2010-09-30": 0, "2010-06-30": 0, "2010-03-31": "", "2009-12-31": 0, "2009-09-30": 0, "2009-06-30": 0, "2009-03-31": "", "2008-12-31": 0, "2008-09-30": 0, "2008-06-30": 0, "2008-03-31": "", "2007-12-31": 0, "2007-09-30": 0, "2007-06-30": 0, "2007-03-31": "", "2006-12-31": 0, "2006-09-30": 0, "2006-06-30": 0, "2006-03-31": "", "2005-12-31": 0, "2005-09-30": 0, "2005-06-30": 0, "2005-03-31": ""}, "Net Acquisitions/Divestitures": {"2020-09-30": -5, "2020-06-30": 10, "2020-03-31": "-948.00000", "2019-12-31": -3, "2019-09-30": -22, "2019-06-30": -27, "2019-03-31": "-5061.00000", "2018-12-31": -657, "2018-09-30": -6951, "2018-06-30": 7887, "2018-03-31": "-180.00000", "2017-12-31": -2240, "2017-09-30": 717, "2017-06-30": 442, "2017-03-31": "1093.00000", "2016-12-31": 219, "2016-09-30": 281, "2016-06-30": 94, "2016-03-31": "-397.00000", "2015-12-31": 147, "2015-09-30": -202, "2015-06-30": -1497, "2015-03-31": "-374.00000", "2014-12-31": 29, "2014-09-30": 17, "2014-06-30": -202, "2014-03-31": "-85.00000", "2013-12-31": 845, "2013-09-30": -708, "2013-06-30": -280, "2013-03-31": "662.00000", "2012-12-31": -318, "2012-09-30": -404, "2012-06-30": -635, "2012-03-31": "-109.00000", "2011-12-31": -731, "2011-09-30": 23, "2011-06-30": -71, "2011-03-31": "206.00000", "2010-12-31": -791, "2010-09-30": -635, "2010-06-30": -121, "2010-03-31": "8.00000", "2009-12-31": 124, "2009-09-30": 64, "2009-06-30": -69, "2009-03-31": "-179.00000", "2008-12-31": 375, "2008-09-30": -34, "2008-06-30": -383, "2008-03-31": "-238.00000", "2007-12-31": -1718, "2007-09-30": -286, "2007-06-30": -2882, "2007-03-31": "-767.00000", "2006-12-31": -117, "2006-09-30": -499, "2006-06-30": -42, "2006-03-31": "-243.00000", "2005-12-31": -2, "2005-09-30": -364, "2005-06-30": -264, "2005-03-31": "-7.00000"}, "Net Change In Short-term Investments": {"2020-09-30": 0, "2020-06-30": -148, "2020-03-31": "148.00000", "2019-12-31": 2269, "2019-09-30": 0, "2019-06-30": -932, "2019-03-31": "932.00000", "2018-12-31": 2918, "2018-09-30": 9103, "2018-06-30": -6543, "2018-03-31": "1710.00000", "2017-12-31": -602, "2017-09-30": 0, "2017-06-30": 0, "2017-03-31": "", "2016-12-31": 739, "2016-09-30": 477, "2016-06-30": 0, "2016-03-31": "", "2015-12-31": -149, "2015-09-30": -1603, "2015-06-30": 0, "2015-03-31": "", "2014-12-31": -274, "2014-09-30": -4540, "2014-06-30": 1774, "2014-03-31": "-1774.00000", "2013-12-31": -141, "2013-09-30": 3, "2013-06-30": -4078, "2013-03-31": "2225.00000", "2012-12-31": 298, "2012-09-30": -752, "2012-06-30": -7135, "2012-03-31": "556.00000", "2011-12-31": 2023, "2011-09-30": -17, "2011-06-30": 405, "2011-03-31": "-1398.00000", "2010-12-31": -37, "2010-09-30": -285, "2010-06-30": 682, "2010-03-31": "-907.00000", "2009-12-31": -2130, "2009-09-30": 0, "2009-06-30": 0, "2009-03-31": "", "2008-12-31": 0, "2008-09-30": 0, "2008-06-30": 0, "2008-03-31": "", "2007-12-31": 0, "2007-09-30": 0, "2007-06-30": 0, "2007-03-31": "", "2006-12-31": 0, "2006-09-30": 0, "2006-06-30": 0, "2006-03-31": "", "2005-12-31": 0, "2005-09-30": 0, "2005-06-30": 0, "2005-03-31": ""}, "Net Change In Long-Term Investments": {"2020-09-30": 76, "2020-06-30": -5645, "2020-03-31": "", "2019-12-31": -1561, "2019-09-30": 1101, "2019-06-30": 460, "2019-03-31": "", "2018-12-31": 0, "2018-09-30": 0, "2018-06-30": 0, "2018-03-31": "", "2017-12-31": 758, "2017-09-30": 948, "2017-06-30": -2337, "2017-03-31": "631.00000", "2016-12-31": 0, "2016-09-30": -473, "2016-06-30": -774, "2016-03-31": "1247.00000", "2015-12-31": 0, "2015-09-30": 665, "2015-06-30": -408, "2015-03-31": "-257.00000", "2014-12-31": 0, "2014-09-30": 1703, "2014-06-30": -1703, "2014-03-31": "", "2013-12-31": -869, "2013-09-30": 869, "2013-06-30": 3506, "2013-03-31": "-3506.00000", "2012-12-31": -19, "2012-09-30": 19, "2012-06-30": 4664, "2012-03-31": "-4664.00000", "2011-12-31": 611, "2011-09-30": -604, "2011-06-30": -1046, "2011-03-31": "1039.00000", "2010-12-31": -67, "2010-09-30": -29, "2010-06-30": -28, "2010-03-31": "-8.00000", "2009-12-31": -2, "2009-09-30": -48, "2009-06-30": -3, "2009-03-31": "31.00000", "2008-12-31": -482, "2008-09-30": -5, "2008-06-30": 192, "2008-03-31": "55.00000", "2007-12-31": 112, "2007-09-30": 20, "2007-06-30": -20, "2007-03-31": "237.00000", "2006-12-31": -105, "2006-09-30": -35, "2006-06-30": 183, "2006-03-31": "-13.00000", "2005-12-31": 27, "2005-09-30": -51, "2005-06-30": -9, "2005-03-31": "13.00000"}, "Net Change In Investments - Total": {"2020-09-30": 76, "2020-06-30": -5793, "2020-03-31": "148.00000", "2019-12-31": 708, "2019-09-30": 1101, "2019-06-30": -472, "2019-03-31": "932.00000", "2018-12-31": 2918, "2018-09-30": 9103, "2018-06-30": -6543, "2018-03-31": "1710.00000", "2017-12-31": 156, "2017-09-30": 948, "2017-06-30": -2337, "2017-03-31": "631.00000", "2016-12-31": 739, "2016-09-30": 4, "2016-06-30": -774, "2016-03-31": "1247.00000", "2015-12-31": -149, "2015-09-30": -938, "2015-06-30": -408, "2015-03-31": "-257.00000", "2014-12-31": -274, "2014-09-30": -2837, "2014-06-30": 71, "2014-03-31": "-1774.00000", "2013-12-31": -1010, "2013-09-30": 872, "2013-06-30": -572, "2013-03-31": "-1281.00000", "2012-12-31": 279, "2012-09-30": -733, "2012-06-30": -2471, "2012-03-31": "-4108.00000", "2011-12-31": 2634, "2011-09-30": -621, "2011-06-30": -641, "2011-03-31": "-359.00000", "2010-12-31": -104, "2010-09-30": -314, "2010-06-30": 654, "2010-03-31": "-915.00000", "2009-12-31": -2132, "2009-09-30": -48, "2009-06-30": -3, "2009-03-31": "31.00000", "2008-12-31": -482, "2008-09-30": -5, "2008-06-30": 192, "2008-03-31": "55.00000", "2007-12-31": 112, "2007-09-30": 20, "2007-06-30": -20, "2007-03-31": "237.00000", "2006-12-31": -105, "2006-09-30": -35, "2006-06-30": 183, "2006-03-31": "-13.00000", "2005-12-31": 27, "2005-09-30": -51, "2005-06-30": -9, "2005-03-31": "13.00000"}, "Investing Activities - Other": {"2020-09-30": 3, "2020-06-30": 88, "2020-03-31": "-48.00000", "2019-12-31": 34, "2019-09-30": -80, "2019-06-30": -41, "2019-03-31": "31.00000", "2018-12-31": -93, "2018-09-30": 27, "2018-06-30": -16, "2018-03-31": "22.00000", "2017-12-31": 21, "2017-09-30": 139, "2017-06-30": -271, "2017-03-31": "31.00000", "2016-12-31": 14, "2016-09-30": -256, "2016-06-30": -68, "2016-03-31": "5.00000", "2015-12-31": 77, "2015-09-30": 22, "2015-06-30": -453, "2015-03-31": "314.00000", "2014-12-31": 12, "2014-09-30": -38, "2014-06-30": -269, "2014-03-31": "27.00000", "2013-12-31": -188, "2013-09-30": 110, "2013-06-30": -89, "2013-03-31": "-136.00000", "2012-12-31": -227, "2012-09-30": -52, "2012-06-30": 112, "2012-03-31": "-101.00000", "2011-12-31": -43, "2011-09-30": 217, "2011-06-30": 9, "2011-03-31": "-328.00000", "2010-12-31": 43, "2010-09-30": -13, "2010-06-30": -52, "2010-03-31": "-84.00000", "2009-12-31": -57, "2009-09-30": 5, "2009-06-30": -5, "2009-03-31": "9.00000", "2008-12-31": 53, "2008-09-30": -47, "2008-06-30": -8, "2008-03-31": "-2.00000", "2007-12-31": -4, "2007-09-30": -7, "2007-06-30": 9, "2007-03-31": "-4.00000", "2006-12-31": -57, "2006-09-30": 2, "2006-06-30": -4, "2006-03-31": "-3.00000", "2005-12-31": -38, "2005-09-30": 41, "2005-06-30": -17, "2005-03-31": "-14.00000"}, "Cash Flow From Investing Activities": {"2020-09-30": -105, "2020-06-30": -5883, "2020-03-31": "-1084.00000", "2019-12-31": -75, "2019-09-30": 1461, "2019-06-30": -903, "2019-03-31": "-4459.00000", "2018-12-31": 1819, "2018-09-30": 1854, "2018-06-30": 933, "2018-03-31": "1321.00000", "2017-12-31": -2583, "2017-09-30": 1472, "2017-06-30": -2532, "2017-03-31": "1331.00000", "2016-12-31": 329, "2016-09-30": -396, "2016-06-30": -1285, "2016-03-31": "348.00000", "2015-12-31": -773, "2015-09-30": -1657, "2015-06-30": -2944, "2015-03-31": "-812.00000", "2014-12-31": -948, "2014-09-30": -3430, "2014-06-30": -915, "2014-03-31": "-2213.00000", "2013-12-31": -1231, "2013-09-30": -275, "2013-06-30": -1490, "2013-03-31": "-1218.00000", "2012-12-31": -1005, "2012-09-30": -1839, "2012-06-30": -3677, "2012-03-31": "-4883.00000", "2011-12-31": 890, "2011-09-30": -1086, "2011-06-30": -1281, "2011-03-31": "-1047.00000", "2010-12-31": -1692, "2010-09-30": -1375, "2010-06-30": 30, "2010-03-31": "-1368.00000", "2009-12-31": -2589, "2009-09-30": -396, "2009-06-30": -565, "2009-03-31": "-599.00000", "2008-12-31": -569, "2008-09-30": -560, "2008-06-30": -677, "2008-03-31": "-557.00000", "2007-12-31": -2107, "2007-09-30": -566, "2007-06-30": -3251, "2007-03-31": "-795.00000", "2006-12-31": -158, "2006-09-30": -845, "2006-06-30": -194, "2006-03-31": "-503.00000", "2005-12-31": -279, "2005-09-30": -569, "2005-06-30": -489, "2005-03-31": "-159.00000"}, "Net Long-Term Debt": {"2020-09-30": -550, "2020-06-30": 1741, "2020-03-31": "7730.00000", "2019-12-31": 277, "2019-09-30": -2358, "2019-06-30": -364, "2019-03-31": "604.00000", "2018-12-31": -822, "2018-09-30": -1787, "2018-06-30": -1192, "2018-03-31": "806.00000", "2017-12-31": -1420, "2017-09-30": -1201, "2017-06-30": 1195, "2017-03-31": "2481.00000", "2016-12-31": -595, "2016-09-30": -936, "2016-06-30": 1450, "2016-03-31": "1747.00000", "2015-12-31": -1443, "2015-09-30": 1619, "2015-06-30": 1902, "2015-03-31": "618.00000", "2014-12-31": -86, "2014-09-30": 1653, "2014-06-30": 1786, "2014-03-31": "1359.00000", "2013-12-31": 857, "2013-09-30": 529, "2013-06-30": 805, "2013-03-31": "2520.00000", "2012-12-31": 120, "2012-09-30": 235, "2012-06-30": 1340, "2012-03-31": "2523.00000", "2011-12-31": -563, "2011-09-30": 2792, "2011-06-30": 18, "2011-03-31": "2718.00000", "2010-12-31": 220, "2010-09-30": 1678, "2010-06-30": 99, "2010-03-31": "-149.00000", "2009-12-31": 622, "2009-09-30": -230, "2009-06-30": -786, "2009-03-31": "2757.00000", "2008-12-31": -2068, "2008-09-30": 258, "2008-06-30": 460, "2008-03-31": "1379.00000", "2007-12-31": 846, "2007-09-30": -187, "2007-06-30": 2050, "2007-03-31": "1632.00000", "2006-12-31": 373, "2006-09-30": -871, "2006-06-30": -832, "2006-03-31": "-74.00000", "2005-12-31": 556, "2005-09-30": -635, "2005-06-30": -2021, "2005-03-31": "-182.00000"}, "Net Current Debt": {"2020-09-30": 0, "2020-06-30": 0, "2020-03-31": "", "2019-12-31": 0, "2019-09-30": 0, "2019-06-30": 0, "2019-03-31": "", "2018-12-31": 0, "2018-09-30": 0, "2018-06-30": 0, "2018-03-31": "", "2017-12-31": 0, "2017-09-30": 0, "2017-06-30": 0, "2017-03-31": "", "2016-12-31": 0, "2016-09-30": 0, "2016-06-30": 0, "2016-03-31": "", "2015-12-31": 0, "2015-09-30": 0, "2015-06-30": 0, "2015-03-31": "", "2014-12-31": 0, "2014-09-30": 0, "2014-06-30": 0, "2014-03-31": "", "2013-12-31": 0, "2013-09-30": 0, "2013-06-30": 0, "2013-03-31": "", "2012-12-31": 0, "2012-09-30": 0, "2012-06-30": 0, "2012-03-31": "", "2011-12-31": 0, "2011-09-30": 0, "2011-06-30": 0, "2011-03-31": "", "2010-12-31": 0, "2010-09-30": 0, "2010-06-30": 0, "2010-03-31": "", "2009-12-31": 0, "2009-09-30": 0, "2009-06-30": 0, "2009-03-31": "", "2008-12-31": 0, "2008-09-30": 0, "2008-06-30": 0, "2008-03-31": "", "2007-12-31": 0, "2007-09-30": 0, "2007-06-30": 0, "2007-03-31": "", "2006-12-31": 0, "2006-09-30": 0, "2006-06-30": 0, "2006-03-31": "", "2005-12-31": 0, "2005-09-30": 0, "2005-06-30": 0, "2005-03-31": ""}, "Debt Issuance/Retirement Net - Total": {"2020-09-30": -550, "2020-06-30": 1741, "2020-03-31": "7730.00000", "2019-12-31": 277, "2019-09-30": -2358, "2019-06-30": -364, "2019-03-31": "604.00000", "2018-12-31": -822, "2018-09-30": -1787, "2018-06-30": -1192, "2018-03-31": "806.00000", "2017-12-31": -1420, "2017-09-30": -1201, "2017-06-30": 1195, "2017-03-31": "2481.00000", "2016-12-31": -595, "2016-09-30": -936, "2016-06-30": 1450, "2016-03-31": "1747.00000", "2015-12-31": -1443, "2015-09-30": 1619, "2015-06-30": 1902, "2015-03-31": "618.00000", "2014-12-31": -86, "2014-09-30": 1653, "2014-06-30": 1786, "2014-03-31": "1359.00000", "2013-12-31": 857, "2013-09-30": 529, "2013-06-30": 805, "2013-03-31": "2520.00000", "2012-12-31": 120, "2012-09-30": 235, "2012-06-30": 1340, "2012-03-31": "2523.00000", "2011-12-31": -563, "2011-09-30": 2792, "2011-06-30": 18, "2011-03-31": "2718.00000", "2010-12-31": 220, "2010-09-30": 1678, "2010-06-30": 99, "2010-03-31": "-149.00000", "2009-12-31": 622, "2009-09-30": -230, "2009-06-30": -786, "2009-03-31": "2757.00000", "2008-12-31": -2068, "2008-09-30": 258, "2008-06-30": 460, "2008-03-31": "1379.00000", "2007-12-31": 846, "2007-09-30": -187, "2007-06-30": 2050, "2007-03-31": "1632.00000", "2006-12-31": 373, "2006-09-30": -871, "2006-06-30": -832, "2006-03-31": "-74.00000", "2005-12-31": 556, "2005-09-30": -635, "2005-06-30": -2021, "2005-03-31": "-182.00000"}, "Net Common Equity Issued/Repurchased": {"2020-09-30": 70, "2020-06-30": 32, "2020-03-31": "319.00000", "2019-12-31": -324, "2019-09-30": 320, "2019-06-30": 120, "2019-03-31": "-207.00000", "2018-12-31": 269, "2018-09-30": 12, "2018-06-30": -267, "2018-03-31": "-450.00000", "2017-12-31": -320, "2017-09-30": -487, "2017-06-30": -370, "2017-03-31": "-910.00000", "2016-12-31": -1033, "2016-09-30": -166, "2016-06-30": -1072, "2016-03-31": "24.00000", "2015-12-31": -1085, "2015-09-30": -346, "2015-06-30": -513, "2015-03-31": "-375.00000", "2014-12-31": -725, "2014-09-30": -602, "2014-06-30": -619, "2014-03-31": "-684.00000", "2013-12-31": -691, "2013-09-30": -786, "2013-06-30": -921, "2013-03-31": "-1106.00000", "2012-12-31": -770, "2012-09-30": -685, "2012-06-30": -972, "2012-03-31": "-643.00000", "2011-12-31": -718, "2011-09-30": -1657, "2011-06-30": 120, "2011-03-31": "-689.00000", "2010-12-31": -1827, "2010-09-30": 330, "2010-06-30": 83, "2010-03-31": "119.00000", "2009-12-31": -1080, "2009-09-30": 156, "2009-06-30": 60, "2009-03-31": "10.00000", "2008-12-31": 25, "2008-09-30": 63, "2008-06-30": -634, "2008-03-31": "62.00000", "2007-12-31": 467, "2007-09-30": -371, "2007-06-30": 310, "2007-03-31": "-625.00000", "2006-12-31": -1064, "2006-09-30": -40, "2006-06-30": -656, "2006-03-31": "-508.00000", "2005-12-31": -367, "2005-09-30": -452, "2005-06-30": -919, "2005-03-31": "-87.00000"}, "Net Total Equity Issued/Repurchased": {"2020-09-30": 70, "2020-06-30": 32, "2020-03-31": "319.00000", "2019-12-31": -324, "2019-09-30": 320, "2019-06-30": 120, "2019-03-31": "-207.00000", "2018-12-31": 269, "2018-09-30": 12, "2018-06-30": -267, "2018-03-31": "-450.00000", "2017-12-31": -320, "2017-09-30": -487, "2017-06-30": -370, "2017-03-31": "-910.00000", "2016-12-31": -1033, "2016-09-30": -166, "2016-06-30": -1072, "2016-03-31": "24.00000", "2015-12-31": -1085, "2015-09-30": -346, "2015-06-30": -513, "2015-03-31": "-375.00000", "2014-12-31": -725, "2014-09-30": -602, "2014-06-30": -619, "2014-03-31": "-684.00000", "2013-12-31": -691, "2013-09-30": -786, "2013-06-30": -921, "2013-03-31": "-1106.00000", "2012-12-31": -770, "2012-09-30": -685, "2012-06-30": -972, "2012-03-31": "-643.00000", "2011-12-31": -718, "2011-09-30": -1657, "2011-06-30": 120, "2011-03-31": "-689.00000", "2010-12-31": -1827, "2010-09-30": 330, "2010-06-30": 83, "2010-03-31": "119.00000", "2009-12-31": -1080, "2009-09-30": 156, "2009-06-30": 60, "2009-03-31": "10.00000", "2008-12-31": 25, "2008-09-30": 63, "2008-06-30": -634, "2008-03-31": "62.00000", "2007-12-31": 467, "2007-09-30": -371, "2007-06-30": 310, "2007-03-31": "-625.00000", "2006-12-31": -1064, "2006-09-30": -40, "2006-06-30": -656, "2006-03-31": "-508.00000", "2005-12-31": -367, "2005-09-30": -452, "2005-06-30": -919, "2005-03-31": "-87.00000"}, "Total Common And Preferred Stock Dividends Paid": {"2020-09-30": -1761, "2020-06-30": -1761, "2020-03-31": "", "2019-12-31": -3426, "2019-09-30": -1710, "2019-06-30": -1709, "2019-03-31": "", "2018-12-31": -3323, "2018-09-30": -1659, "2018-06-30": -1662, "2018-03-31": "", "2017-12-31": -3155, "2017-09-30": -1581, "2017-06-30": -1584, "2017-03-31": "", "2016-12-31": -3015, "2016-09-30": -11, "2016-06-30": -1512, "2016-03-31": "-1505.00000", "2015-12-31": -1428, "2015-09-30": -1436, "2015-06-30": -1436, "2015-03-31": "-1441.00000", "2014-12-31": -2670, "2014-09-30": -1338, "2014-06-30": -1342, "2014-03-31": "", "2013-12-31": -2475, "2013-09-30": -1245, "2013-06-30": -1249, "2013-03-31": "", "2012-12-31": -2291, "2012-09-30": -1149, "2012-06-30": -1155, "2012-03-31": "", "2011-12-31": -2141, "2011-09-30": -16, "2011-06-30": -1078, "2011-03-31": "-1065.00000", "2010-12-31": -1034, "2010-09-30": -1004, "2010-06-30": -1015, "2010-03-31": "-1015.00000", "2009-12-31": -950, "2009-09-30": -951, "2009-06-30": -949, "2009-03-31": "-950.00000", "2008-12-31": -1757, "2008-09-30": -880, "2008-06-30": -884, "2008-03-31": "", "2007-12-31": -1574, "2007-09-30": -788, "2007-06-30": -787, "2007-03-31": "", "2006-12-31": -1451, "2006-09-30": -706, "2006-06-30": -754, "2006-03-31": "", "2005-12-31": -1332, "2005-09-30": -15, "2005-06-30": -671, "2005-03-31": "-660.00000"}, "Financial Activities - Other": {"2020-09-30": 169, "2020-06-30": 223, "2020-03-31": "-239.00000", "2019-12-31": -194, "2019-09-30": -157, "2019-06-30": 100, "2019-03-31": "24.00000", "2018-12-31": -88, "2018-09-30": -114, "2018-06-30": 2, "2018-03-31": "-72.00000", "2017-12-31": -53, "2017-09-30": -27, "2017-06-30": 21, "2017-03-31": "-36.00000", "2016-12-31": -119, "2016-09-30": 113, "2016-06-30": -48, "2016-03-31": "133.00000", "2015-12-31": 21, "2015-09-30": 115, "2015-06-30": 94, "2015-03-31": "21.00000", "2014-12-31": 46, "2014-09-30": 29, "2014-06-30": 32, "2014-03-31": "-470.00000", "2013-12-31": -53, "2013-09-30": -17, "2013-06-30": 66, "2013-03-31": "21.00000", "2012-12-31": -7, "2012-09-30": 52, "2012-06-30": 13, "2012-03-31": "42.00000", "2011-12-31": 12, "2011-09-30": 27, "2011-06-30": -16, "2011-03-31": "22.00000", "2010-12-31": 61, "2010-09-30": -14, "2010-06-30": 1, "2010-03-31": "2.00000", "2009-12-31": -1, "2009-09-30": -1, "2009-06-30": 0, "2009-03-31": "", "2008-12-31": -9, "2008-09-30": 0, "2008-06-30": 0, "2008-03-31": "", "2007-12-31": 0, "2007-09-30": 0, "2007-06-30": 0, "2007-03-31": "", "2006-12-31": 0, "2006-09-30": 0, "2006-06-30": 0, "2006-03-31": "", "2005-12-31": 0, "2005-09-30": 0, "2005-06-30": 0, "2005-03-31": ""}, "Cash Flow From Financial Activities": {"2020-09-30": -2072, "2020-06-30": 235, "2020-03-31": "7810.00000", "2019-12-31": -3667, "2019-09-30": -3905, "2019-06-30": -1853, "2019-03-31": "421.00000", "2018-12-31": -3964, "2018-09-30": -3548, "2018-06-30": -3119, "2018-03-31": "284.00000", "2017-12-31": -4948, "2017-09-30": -3296, "2017-06-30": -738, "2017-03-31": "1535.00000", "2016-12-31": -4762, "2016-09-30": -1000, "2016-06-30": -1182, "2016-03-31": "399.00000", "2015-12-31": -3935, "2015-09-30": -48, "2015-06-30": 47, "2015-03-31": "-1177.00000", "2014-12-31": -3435, "2014-09-30": -258, "2014-06-30": -143, "2014-03-31": "205.00000", "2013-12-31": -2362, "2013-09-30": -1519, "2013-06-30": -1299, "2013-03-31": "1435.00000", "2012-12-31": -2948, "2012-09-30": -1547, "2012-06-30": -774, "2012-03-31": "1922.00000", "2011-12-31": -3410, "2011-09-30": 1146, "2011-06-30": -956, "2011-03-31": "986.00000", "2010-12-31": -2580, "2010-09-30": 990, "2010-06-30": -832, "2010-03-31": "-1043.00000", "2009-12-31": -1409, "2009-09-30": -1026, "2009-06-30": -1675, "2009-03-31": "1817.00000", "2008-12-31": -3809, "2008-09-30": -559, "2008-06-30": -1058, "2008-03-31": "1441.00000", "2007-12-31": -261, "2007-09-30": -1346, "2007-06-30": 1573, "2007-03-31": "1007.00000", "2006-12-31": -2142, "2006-09-30": -1617, "2006-06-30": -2242, "2006-03-31": "-582.00000", "2005-12-31": -1143, "2005-09-30": -1102, "2005-06-30": -3611, "2005-03-31": "-929.00000"}, "Net Cash Flow": {"2020-09-30": 1348, "2020-06-30": -3524, "2020-03-31": "6824.00000", "2019-12-31": -1051, "2019-09-30": 800, "2019-06-30": 883, "2019-03-31": "-3470.00000", "2018-12-31": -144, "2018-09-30": 1072, "2018-06-30": -142, "2018-03-31": "1918.00000", "2017-12-31": -6426, "2017-09-30": 810, "2017-06-30": -402, "2017-03-31": "3270.00000", "2016-12-31": -2895, "2016-09-30": 1500, "2016-06-30": 899, "2016-03-31": "1439.00000", "2015-12-31": -2674, "2015-09-30": 1178, "2015-06-30": 594, "2015-03-31": "-747.00000", "2014-12-31": -2126, "2014-09-30": -534, "2014-06-30": 2487, "2014-03-31": "-1283.00000", "2013-12-31": -704, "2013-09-30": 1712, "2013-06-30": 244, "2013-03-31": "720.00000", "2012-12-31": -1173, "2012-09-30": 278, "2012-06-30": -1327, "2012-03-31": "-2139.00000", "2011-12-31": 121, "2011-09-30": 2516, "2011-06-30": 1091, "2011-03-31": "558.00000", "2010-12-31": -1992, "2010-09-30": 2774, "2010-06-30": 2051, "2010-03-31": "-1337.00000", "2009-12-31": -1825, "2009-09-30": 1199, "2009-06-30": 831, "2009-03-31": "2115.00000", "2008-12-31": -3096, "2008-09-30": 1226, "2008-06-30": 372, "2008-03-31": "2106.00000", "2007-12-31": -523, "2007-09-30": 252, "2007-06-30": 732, "2007-03-31": "1192.00000", "2006-12-31": -948, "2006-09-30": -616, "2006-06-30": -360, "2006-03-31": "-337.00000", "2005-12-31": -250, "2005-09-30": -1, "2005-06-30": -2013, "2005-03-31": "258.00000"}, "Stock-Based Compensation": {"2020-09-30": 52, "2020-06-30": 41, "2020-03-31": "-5.00000", "2019-12-31": 55, "2019-09-30": 58, "2019-06-30": 48, "2019-03-31": "40.00000", "2018-12-31": 58, "2018-09-30": 46, "2018-06-30": 49, "2018-03-31": "72.00000", "2017-12-31": 52, "2017-09-30": 53, "2017-06-30": 59, "2017-03-31": "55.00000", "2016-12-31": 67, "2016-09-30": 72, "2016-06-30": 50, "2016-03-31": "69.00000", "2015-12-31": 65, "2015-09-30": 54, "2015-06-30": 57, "2015-03-31": "60.00000", "2014-12-31": 66, "2014-09-30": 31, "2014-06-30": 73, "2014-03-31": "39.00000", "2013-12-31": 72, "2013-09-30": 63, "2013-06-30": 45, "2013-03-31": "47.00000", "2012-12-31": 5, "2012-09-30": 88, "2012-06-30": 89, "2012-03-31": "77.00000", "2011-12-31": 86, "2011-09-30": 87, "2011-06-30": 105, "2011-03-31": "76.00000", "2010-12-31": 195, "2010-09-30": 71, "2010-06-30": 61, "2010-03-31": "53.00000", "2009-12-31": 99, "2009-09-30": 35, "2009-06-30": 54, "2009-03-31": "53.00000", "2008-12-31": 43, "2008-09-30": 71, "2008-06-30": 77, "2008-03-31": "75.00000", "2007-12-31": 72, "2007-09-30": 86, "2007-06-30": 79, "2007-03-31": "76.00000", "2006-12-31": 87, "2006-09-30": 79, "2006-06-30": 73, "2006-03-31": "85.00000", "2005-12-31": 56, "2005-09-30": 53, "2005-06-30": 80, "2005-03-31": "135.00000"}, "Common Stock Dividends Paid": {"2020-09-30": -1761, "2020-06-30": -1761, "2020-03-31": "", "2019-12-31": -3426, "2019-09-30": -1710, "2019-06-30": -1709, "2019-03-31": "", "2018-12-31": -3323, "2018-09-30": -1659, "2018-06-30": -1662, "2018-03-31": "", "2017-12-31": -3155, "2017-09-30": -1581, "2017-06-30": -1584, "2017-03-31": "", "2016-12-31": -3015, "2016-09-30": -11, "2016-06-30": -1512, "2016-03-31": "-1505.00000", "2015-12-31": -1428, "2015-09-30": -1436, "2015-06-30": -1436, "2015-03-31": "-1441.00000", "2014-12-31": -2670, "2014-09-30": -1338, "2014-06-30": -1342, "2014-03-31": "", "2013-12-31": -2475, "2013-09-30": -1245, "2013-06-30": -1249, "2013-03-31": "", "2012-12-31": -2291, "2012-09-30": -1149, "2012-06-30": -1155, "2012-03-31": "0.00000", "2011-12-31": -2141, "2011-09-30": -16, "2011-06-30": -1078, "2011-03-31": "-1065.00000", "2010-12-31": -1034, "2010-09-30": -1004, "2010-06-30": -1015, "2010-03-31": "-1015.00000", "2009-12-31": -950, "2009-09-30": -951, "2009-06-30": -949, "2009-03-31": "-950.00000", "2008-12-31": -1757, "2008-09-30": -880, "2008-06-30": -884, "2008-03-31": "", "2007-12-31": -1574, "2007-09-30": -788, "2007-06-30": -787, "2007-03-31": "", "2006-12-31": -1451, "2006-09-30": -706, "2006-06-30": -754, "2006-03-31": "", "2005-12-31": -1332, "2005-09-30": -15, "2005-06-30": -671, "2005-03-31": "-660.00000"}}, "financial ratios": {"Current Ratio": {"2019-12-31": "0.75670", "2018-12-31": "0.86620", "2017-12-31": "1.34390", "2016-12-31": "1.28180", "2015-12-31": "1.24010", "2014-12-31": "1.01890", "2013-12-31": "1.12560", "2012-12-31": "1.09010", "2011-12-31": "1.05000", "2010-12-31": "1.16590", "2009-12-31": "1.27910", "2008-12-31": "0.93750", "2007-12-31": "0.91530", "2006-12-31": "0.94950", "2005-12-31": "1.03750"}, "Long-term Debt / Capital": {"2019-12-31": "0.56600", "2018-12-31": "0.57110", "2017-12-31": "0.62170", "2016-12-31": "0.56110", "2015-12-31": "0.52360", "2014-12-31": "0.38410", "2013-12-31": "0.36420", "2012-12-31": "0.30760", "2011-12-31": "0.29960", "2010-12-31": "0.00010", "2009-12-31": "0.16640", "2008-12-31": "0.11760", "2007-12-31": "0.13100", "2006-12-31": "0.07210", "2005-12-31": "0.06590"}, "Debt/Equity Ratio": {"2019-12-31": "2.02690", "2018-12-31": "2.32000", "2017-12-31": "2.51280", "2016-12-31": "1.96850", "2015-12-31": "1.71230", "2014-12-31": "1.36600", "2013-12-31": "1.10880", "2012-12-31": "0.98320", "2011-12-31": "0.89500", "2010-12-31": "0.29950", "2009-12-31": "0.46790", "2008-12-31": "0.44640", "2007-12-31": "0.42900", "2006-12-31": "0.27080", "2005-12-31": "0.34850"}, "Gross Margin": {"2019-12-31": "60.77120", "2018-12-31": "61.90380", "2017-12-31": "62.10930", "2016-12-31": "60.66930", "2015-12-31": "60.53190", "2014-12-31": "61.10920", "2013-12-31": "60.68430", "2012-12-31": "60.32030", "2011-12-31": "60.86330", "2010-12-31": "63.85720", "2009-12-31": "64.22070", "2008-12-31": "64.39390", "2007-12-31": "63.93940", "2006-12-31": "66.10760", "2005-12-31": "64.53000"}, "Operating Margin": {"2019-12-31": "27.06490", "2018-12-31": "26.68220", "2017-12-31": "21.41560", "2016-12-31": "20.67940", "2015-12-31": "19.70470", "2014-12-31": "21.10530", "2013-12-31": "21.82950", "2012-12-31": "22.44830", "2011-12-31": "21.85770", "2010-12-31": "23.95570", "2009-12-31": "26.56020", "2008-12-31": "26.44000", "2007-12-31": "25.13080", "2006-12-31": "26.18730", "2005-12-31": "26.33740"}, "EBIT Margin": {"2019-12-31": "27.06490", "2018-12-31": "26.68220", "2017-12-31": "21.41560", "2016-12-31": "20.67940", "2015-12-31": "19.70470", "2014-12-31": "21.10530", "2013-12-31": "21.82950", "2012-12-31": "22.44830", "2011-12-31": "21.85770", "2010-12-31": "23.95570", "2009-12-31": "26.56020", "2008-12-31": "26.44000", "2007-12-31": "25.13080", "2006-12-31": "26.18730", "2005-12-31": "26.33740"}, "EBITDA Margin": {"2019-12-31": "30.72770", "2018-12-31": "29.84840", "2017-12-31": "24.89510", "2016-12-31": "24.94800", "2015-12-31": "24.15230", "2014-12-31": "25.40110", "2013-12-31": "26.04900", "2012-12-31": "26.57600", "2011-12-31": "26.05600", "2010-12-31": "28.06460", "2009-12-31": "30.54860", "2008-12-31": "30.28430", "2007-12-31": "29.16100", "2006-12-31": "30.08140", "2005-12-31": "30.37140"}, "Pre-Tax Profit Margin": {"2019-12-31": "28.94330", "2018-12-31": "23.97960", "2017-12-31": "19.02680", "2016-12-31": "19.43480", "2015-12-31": "21.68470", "2014-12-31": "20.27260", "2013-12-31": "24.49520", "2012-12-31": "24.59340", "2011-12-31": "24.61860", "2010-12-31": "40.45390", "2009-12-31": "28.86740", "2008-12-31": "23.49740", "2007-12-31": "27.44220", "2006-12-31": "27.30820", "2005-12-31": "28.95600"}, "Net Profit Margin": {"2019-12-31": "23.93600", "2018-12-31": "18.75800", "2017-12-31": "3.44640", "2016-12-31": "15.59130", "2015-12-31": "16.59590", "2014-12-31": "15.43110", "2013-12-31": "18.32070", "2012-12-31": "18.78290", "2011-12-31": "18.44360", "2010-12-31": "33.56300", "2009-12-31": "22.02000", "2008-12-31": "18.17870", "2007-12-31": "20.72630", "2006-12-31": "21.08930", "2005-12-31": "21.08730"}, "Asset Turnover": {"2019-12-31": "0.43140", "2018-12-31": "0.41220", "2017-12-31": "0.41200", "2016-12-31": "0.47970", "2015-12-31": "0.49220", "2014-12-31": "0.49990", "2013-12-31": "0.52030", "2012-12-31": "0.55720", "2011-12-31": "0.58200", "2010-12-31": "0.48160", "2009-12-31": "0.63670", "2008-12-31": "0.78840", "2007-12-31": "0.66690", "2006-12-31": "0.80390", "2005-12-31": "0.78510"}, "Inventory Turnover Ratio": {"2019-12-31": "4.32640", "2018-12-31": "4.25500", "2017-12-31": "5.16800", "2016-12-31": "6.15510", "2015-12-31": "6.02410", "2014-12-31": "5.77060", "2013-12-31": "5.62130", "2012-12-31": "5.83730", "2011-12-31": "5.89100", "2010-12-31": "4.78980", "2009-12-31": "4.71030", "2008-12-31": "5.20070", "2007-12-31": "4.68740", "2006-12-31": "4.97500", "2005-12-31": "5.94270"}, "Receiveable Turnover": {"2019-12-31": "9.38450", "2018-12-31": "9.30800", "2017-12-31": "9.87510", "2016-12-31": "10.85660", "2015-12-31": "11.23930", "2014-12-31": "10.29960", "2013-12-31": "9.61500", "2012-12-31": "10.08970", "2011-12-31": "9.45980", "2010-12-31": "7.92750", "2009-12-31": "8.24640", "2008-12-31": "10.33790", "2007-12-31": "8.69970", "2006-12-31": "9.31120", "2005-12-31": "10.12890"}, "Days Sales In Receivables": {"2019-12-31": "38.89380", "2018-12-31": "39.21360", "2017-12-31": "36.96160", "2016-12-31": "33.62010", "2015-12-31": "32.47540", "2014-12-31": "35.43830", "2013-12-31": "37.96140", "2012-12-31": "36.17540", "2011-12-31": "38.58450", "2010-12-31": "46.04200", "2009-12-31": "44.26170", "2008-12-31": "35.30710", "2007-12-31": "41.95530", "2006-12-31": "39.20020", "2005-12-31": "36.03550"}, "ROE - Return On Equity": {"2019-12-31": "42.58700", "2018-12-31": "33.98050", "2017-12-31": "6.76080", "2016-12-31": "28.20840", "2015-12-31": "28.59030", "2014-12-31": "23.31080", "2013-12-31": "25.79550", "2012-12-31": "27.39390", "2011-12-31": "27.08560", "2010-12-31": "36.12500", "2009-12-31": "27.24690", "2008-12-31": "28.15650", "2007-12-31": "27.71800", "2006-12-31": "30.02360", "2005-12-31": "29.78910"}, "Return On Tangible Equity": {"2019-12-31": "-158.52150", "2018-12-31": "-256.06960", "2017-12-31": "54.80560", "2016-12-31": "313.09750", "2015-12-31": "451.34800", "2014-12-31": "170.06450", "2013-12-31": "147.98420", "2012-12-31": "155.82230", "2011-12-31": "203.33960", "2010-12-31": "37.80020", "2009-12-31": "47.72300", "2008-12-31": "70.28840", "2007-12-31": "63.27560", "2006-12-31": "43.10560", "2005-12-31": "38.87030"}, "ROA - Return On Assets": {"2019-12-31": "10.40160", "2018-12-31": "7.78220", "2017-12-31": "1.45970", "2016-12-31": "7.50540", "2015-12-31": "8.18480", "2014-12-31": "7.74150", "2013-12-31": "9.57860", "2012-12-31": "10.54380", "2011-12-31": "10.81100", "2010-12-31": "16.23260", "2009-12-31": "14.18920", "2008-12-31": "14.49690", "2007-12-31": "13.92910", "2006-12-31": "16.95420", "2005-12-31": "16.55620"}, "ROI - Return On Investment": {"2019-12-31": "18.48230", "2018-12-31": "14.57440", "2017-12-31": "2.55790", "2016-12-31": "12.38090", "2015-12-31": "13.62180", "2014-12-31": "14.35600", "2013-12-31": "16.40110", "2012-12-31": "18.96710", "2011-12-31": "18.97010", "2010-12-31": "37.79360", "2009-12-31": "22.71340", "2008-12-31": "24.84460", "2007-12-31": "24.08780", "2006-12-31": "27.86000", "2005-12-31": "27.82570"}, "Book Value Per Share": {"2019-12-31": "4.92940", "2018-12-31": "4.46530", "2017-12-31": "4.45570", "2016-12-31": "5.41510", "2015-12-31": "5.95840", "2014-12-31": "6.99980", "2013-12-31": "7.59650", "2012-12-31": "7.42180", "2011-12-31": "7.05280", "2010-12-31": "6.83180", "2009-12-31": "5.50280", "2008-12-31": "4.51170", "2007-12-31": "4.69030", "2006-12-31": "3.64970", "2005-12-31": "3.45190"}, "Operating Cash Flow Per Share": {"2019-12-31": 0.6531, "2018-12-31": 0.1457, "2017-12-31": -0.3849, "2016-12-31": -0.3767, "2015-12-31": 0.0046, "2014-12-31": 0.0474, "2013-12-31": 0.0158, "2012-12-31": 0.283, "2011-12-31": -0.0032, "2010-12-31": 0.285, "2009-12-31": 0.1369, "2008-12-31": 0.0868, "2007-12-31": 0.2663, "2006-12-31": -0.0746, "2005-12-31": 1.342}, "Free Cash Flow Per Share": {"2019-12-31": 0.7061, "2018-12-31": 0.2231, "2017-12-31": -0.2811, "2016-12-31": -0.3, "2015-12-31": -0.0651, "2014-12-31": 0.0977, "2013-12-31": 0.0502, "2012-12-31": 0.3145, "2011-12-31": -0.1641, "2010-12-31": 0.2446, "2009-12-31": 0.125, "2008-12-31": -0.0045, "2007-12-31": 0.1271, "2006-12-31": -0.0683, "2005-12-31": 1.1726}}, "financial ratios, quarterly": {"Current Ratio": {"2020-09-30": "1.13090", "2020-06-30": "1.09400", "2020-03-31": "0.87150", "2019-12-31": "0.75670", "2019-09-30": "0.92100", "2019-06-30": "0.82910", "2019-03-31": "1.02140", "2018-12-31": "0.86620", "2018-09-30": "1.06310", "2018-06-30": "1.14730", "2018-03-31": "1.20850", "2017-12-31": "1.34390", "2017-09-30": "1.38980", "2017-06-30": "1.35140", "2017-03-31": "1.40460", "2016-12-31": "1.28180", "2016-09-30": "1.36570", "2016-06-30": "1.21420", "2016-03-31": "1.17820", "2015-12-31": "1.24010", "2015-09-30": "1.16010", "2015-06-30": "1.13690", "2015-03-31": "1.22950", "2014-12-31": "1.01890", "2014-09-30": "1.08220", "2014-06-30": "1.03810", "2014-03-31": "1.03310", "2013-12-31": "1.12560", "2013-09-30": "0.95560", "2013-06-30": "1.00320", "2013-03-31": "1.01340", "2012-12-31": "1.09010", "2012-09-30": "1.10010", "2012-06-30": "1.10740", "2012-03-31": "1.12790", "2011-12-31": "1.05000", "2011-09-30": "1.10200", "2011-06-30": "1.09690", "2011-03-31": "1.07380", "2010-12-31": "1.16590", "2010-09-30": "1.33780", "2010-06-30": "1.33300", "2010-03-31": "1.26690", "2009-12-31": "1.27910", "2009-09-30": "1.26710", "2009-06-30": "1.20680", "2009-03-31": "1.11730", "2008-12-31": "0.93750", "2008-09-30": "1.01400", "2008-06-30": "0.96810", "2008-03-31": "0.95510", "2007-12-31": "0.91530", "2007-09-30": "0.77700", "2007-06-30": "0.78120", "2007-03-31": "0.93200", "2006-12-31": "0.94950", "2006-09-30": "1.01360", "2006-06-30": "1.02460", "2006-03-31": "0.99950", "2005-12-31": "1.03750", "2005-09-30": "1.17460", "2005-06-30": "1.19970", "2005-03-31": "1.15510"}, "Long-term Debt / Capital": {"2020-09-30": "0.66040", "2020-06-30": "0.66290", "2020-03-31": "0.61050", "2019-12-31": "0.56600", "2019-09-30": "0.59990", "2019-06-30": "0.59080", "2019-03-31": "0.59750", "2018-12-31": "0.57110", "2018-09-30": "0.55850", "2018-06-30": "0.58170", "2018-03-31": "0.57950", "2017-12-31": "0.62170", "2017-09-30": "0.59450", "2017-06-30": "0.59010", "2017-03-31": "0.57760", "2016-12-31": "0.56110", "2016-09-30": "0.54680", "2016-06-30": "0.52150", "2016-03-31": "0.51790", "2015-12-31": "0.52360", "2015-09-30": "0.49700", "2015-06-30": "0.47560", "2015-03-31": "0.47290", "2014-12-31": "0.38410", "2014-09-30": "0.37390", "2014-06-30": "0.35210", "2014-03-31": "0.36150", "2013-12-31": "0.36420", "2013-09-30": "0.30390", "2013-06-30": "0.30290", "2013-03-31": "0.30290", "2012-12-31": "0.30760", "2012-09-30": "0.32510", "2012-06-30": "0.33440", "2012-03-31": "0.32990", "2011-12-31": "0.29960", "2011-09-30": "0.29040", "2011-06-30": "0.24300", "2011-03-31": "0.28010", "2010-12-31": "0.00010", "2010-09-30": "0.13640", "2010-06-30": "0.14640", "2010-03-31": "0.14940", "2009-12-31": "0.16640", "2009-09-30": "0.17070", "2009-06-30": "0.17580", "2009-03-31": "0.19200", "2008-12-31": "0.11760", "2008-09-30": "0.10810", "2008-06-30": "0.11030", "2008-03-31": "0.12400", "2007-12-31": "0.13100", "2007-09-30": "0.07500", "2007-06-30": "0.07770", "2007-03-31": "0.07790", "2006-12-31": "0.07210", "2006-09-30": "0.06450", "2006-06-30": "0.06240", "2006-03-31": "0.06560", "2005-12-31": "0.06590", "2005-09-30": "0.06350", "2005-06-30": "0.06360", "2005-03-31": "0.06460"}, "Debt/Equity Ratio": {"2020-09-30": "2.60220", "2020-06-30": "2.72720", "2020-03-31": "2.54070", "2019-12-31": "2.02690", "2019-09-30": "2.05370", "2019-06-30": "2.22100", "2019-03-31": "2.23530", "2018-12-31": "2.32000", "2018-09-30": "2.22210", "2018-06-30": "2.31960", "2018-03-31": "2.26430", "2017-12-31": "2.51280", "2017-09-30": "2.21650", "2017-06-30": "2.24720", "2017-03-31": "2.05700", "2016-12-31": "1.96850", "2016-09-30": "1.79940", "2016-06-30": "1.79030", "2016-03-31": "1.86370", "2015-12-31": "1.71230", "2015-09-30": "1.75830", "2015-06-30": "1.54720", "2015-03-31": "1.46190", "2014-12-31": "1.36600", "2014-09-30": "1.24180", "2014-06-30": "1.17320", "2014-03-31": "1.16760", "2013-12-31": "1.10880", "2013-09-30": "1.11530", "2013-06-30": "1.09360", "2013-03-31": "1.06760", "2012-12-31": "0.98320", "2012-09-30": "0.97440", "2012-06-30": "0.99550", "2012-03-31": "0.93670", "2011-12-31": "0.89500", "2011-09-30": "0.87130", "2011-06-30": "0.73920", "2011-03-31": "0.80010", "2010-12-31": "0.29950", "2010-09-30": "0.47490", "2010-06-30": "0.45370", "2010-03-31": "0.46250", "2009-12-31": "0.46790", "2009-09-30": "0.45920", "2009-06-30": "0.48680", "2009-03-31": "0.57700", "2008-12-31": "0.44640", "2008-09-30": "0.48530", "2008-06-30": "0.48130", "2008-03-31": "0.46340", "2007-12-31": "0.42900", "2007-09-30": "0.49040", "2007-06-30": "0.51060", "2007-03-31": "0.37420", "2006-12-31": "0.27080", "2006-09-30": "0.24110", "2006-06-30": "0.28780", "2006-03-31": "0.34480", "2005-12-31": "0.34850", "2005-09-30": "0.25410", "2005-06-30": "0.29570", "2005-03-31": "0.42410"}, "Gross Margin": {"2020-09-30": "59.88210", "2020-06-30": "57.86010", "2020-03-31": "60.80690", "2019-12-31": "60.67490", "2019-09-30": "60.37660", "2019-06-30": "60.77820", "2019-03-31": "61.29520", "2018-12-31": "59.42440", "2018-09-30": "61.86900", "2018-06-30": "62.39250", "2018-03-31": "64.09650", "2017-12-31": "62.05200", "2017-09-30": "62.61290", "2017-06-30": "62.28610", "2017-03-31": "61.47180", "2016-12-31": "59.67690", "2016-09-30": "61.14930", "2016-06-30": "61.25310", "2016-03-31": "60.42600", "2015-12-31": "59.46000", "2015-09-30": "59.94570", "2015-06-30": "60.94110", "2015-03-31": "61.69360", "2014-12-31": "59.92460", "2014-09-30": "61.33930", "2014-06-30": "61.67490", "2014-03-31": "61.39370", "2013-12-31": "60.91490", "2013-09-30": "60.15790", "2013-06-30": "60.86750", "2013-03-31": "60.81560", "2012-12-31": "59.59840", "2012-09-30": "60.67260", "2012-06-30": "60.07640", "2012-03-31": "60.95900", "2011-12-31": "60.11780", "2011-09-30": "60.19760", "2011-06-30": "60.83070", "2011-03-31": "62.46080", "2010-12-31": "59.22430", "2010-09-30": "65.36910", "2010-06-30": "65.93270", "2010-03-31": "66.23260", "2009-12-31": "64.70040", "2009-09-30": "63.52560", "2009-06-30": "64.76350", "2009-03-31": "63.87220", "2008-12-31": "63.96300", "2008-09-30": "64.01760", "2008-06-30": "65.04530", "2008-03-31": "64.43960", "2007-12-31": "63.97490", "2007-09-30": "62.49680", "2007-06-30": "64.61920", "2007-03-31": "64.85340", "2006-12-31": "65.22250", "2006-09-30": "64.90550", "2006-06-30": "67.41820", "2006-03-31": "66.97280", "2005-12-31": "64.04250", "2005-09-30": "62.97830", "2005-06-30": "65.99050", "2005-03-31": "65.07880"}, "Operating Margin": {"2020-09-30": "26.56030", "2020-06-30": "27.70630", "2020-03-31": "27.67120", "2019-12-31": "23.86410", "2019-09-30": "26.28590", "2019-06-30": "29.88900", "2019-03-31": "28.00780", "2018-12-31": "23.13050", "2018-09-30": "29.78920", "2018-06-30": "29.35990", "2018-03-31": "23.74770", "2017-12-31": "18.16210", "2017-09-30": "24.73010", "2017-06-30": "20.99570", "2017-03-31": "21.52880", "2016-12-31": "14.73060", "2016-09-30": "21.35800", "2016-06-30": "24.77680", "2016-03-31": "20.82280", "2015-12-31": "15.18000", "2015-09-30": "20.81910", "2015-06-30": "20.85390", "2015-03-31": "21.43590", "2014-12-31": "13.34620", "2014-09-30": "22.63690", "2014-06-30": "25.21080", "2014-03-31": "22.46600", "2013-12-31": "19.06700", "2013-09-30": "20.54860", "2013-06-30": "25.43730", "2013-03-31": "21.82150", "2012-12-31": "19.05720", "2012-09-30": "22.63370", "2012-06-30": "25.17390", "2012-03-31": "22.52850", "2011-12-31": "17.71740", "2011-09-30": "22.48530", "2011-06-30": "24.95880", "2011-03-31": "21.71720", "2010-12-31": "10.70140", "2010-09-30": "27.81870", "2010-06-30": "31.85380", "2010-03-31": "29.01000", "2009-12-31": "23.70170", "2009-09-30": "26.72800", "2009-06-30": "29.49080", "2009-03-31": "25.98690", "2008-12-31": "23.94050", "2008-09-30": "26.05740", "2008-06-30": "29.61530", "2008-03-31": "25.39640", "2007-12-31": "20.81570", "2007-09-30": "23.78410", "2007-06-30": "29.35470", "2007-03-31": "26.65900", "2006-12-31": "20.43160", "2006-09-30": "25.75150", "2006-06-30": "31.48550", "2006-03-31": "26.69350", "2005-12-31": "22.73460", "2005-09-30": "24.71430", "2005-06-30": "31.25200", "2005-03-31": "26.10450"}, "EBIT Margin": {"2020-09-30": "26.56030", "2020-06-30": "27.70630", "2020-03-31": "27.67120", "2019-12-31": "23.86410", "2019-09-30": "26.28590", "2019-06-30": "29.88900", "2019-03-31": "28.00780", "2018-12-31": "23.13050", "2018-09-30": "29.78920", "2018-06-30": "29.35990", "2018-03-31": "23.74770", "2017-12-31": "18.16210", "2017-09-30": "24.73010", "2017-06-30": "20.99570", "2017-03-31": "21.52880", "2016-12-31": "14.73060", "2016-09-30": "21.35800", "2016-06-30": "24.77680", "2016-03-31": "20.82280", "2015-12-31": "15.18000", "2015-09-30": "20.81910", "2015-06-30": "20.85390", "2015-03-31": "21.43590", "2014-12-31": "13.34620", "2014-09-30": "22.63690", "2014-06-30": "25.21080", "2014-03-31": "22.46600", "2013-12-31": "19.06700", "2013-09-30": "20.54860", "2013-06-30": "25.43730", "2013-03-31": "21.82150", "2012-12-31": "19.05720", "2012-09-30": "22.63370", "2012-06-30": "25.17390", "2012-03-31": "22.52850", "2011-12-31": "17.71740", "2011-09-30": "22.48530", "2011-06-30": "24.95880", "2011-03-31": "21.71720", "2010-12-31": "10.70140", "2010-09-30": "27.81870", "2010-06-30": "31.85380", "2010-03-31": "29.01000", "2009-12-31": "23.70170", "2009-09-30": "26.72800", "2009-06-30": "29.49080", "2009-03-31": "25.98690", "2008-12-31": "23.94050", "2008-09-30": "26.05740", "2008-06-30": "29.61530", "2008-03-31": "25.39640", "2007-12-31": "20.81570", "2007-09-30": "23.78410", "2007-06-30": "29.35470", "2007-03-31": "26.65900", "2006-12-31": "20.43160", "2006-09-30": "25.75150", "2006-06-30": "31.48550", "2006-03-31": "26.69350", "2005-12-31": "22.73460", "2005-09-30": "24.71430", "2005-06-30": "31.25200", "2005-03-31": "26.10450"}, "EBITDA Margin": {"2020-09-30": "", "2020-06-30": "", "2020-03-31": "", "2019-12-31": "", "2019-09-30": "", "2019-06-30": "", "2019-03-31": "", "2018-12-31": "", "2018-09-30": "", "2018-06-30": "", "2018-03-31": "", "2017-12-31": "", "2017-09-30": "", "2017-06-30": "", "2017-03-31": "", "2016-12-31": "", "2016-09-30": "", "2016-06-30": "", "2016-03-31": "", "2015-12-31": "", "2015-09-30": "", "2015-06-30": "", "2015-03-31": "", "2014-12-31": "", "2014-09-30": "", "2014-06-30": "", "2014-03-31": "", "2013-12-31": "", "2013-09-30": "", "2013-06-30": "", "2013-03-31": "", "2012-12-31": "", "2012-09-30": "", "2012-06-30": "", "2012-03-31": "", "2011-12-31": "", "2011-09-30": "", "2011-06-30": "", "2011-03-31": "", "2010-12-31": "", "2010-09-30": "", "2010-06-30": "", "2010-03-31": "", "2009-12-31": "", "2009-09-30": "", "2009-06-30": "", "2009-03-31": "", "2008-12-31": "", "2008-09-30": "", "2008-06-30": "", "2008-03-31": "", "2007-12-31": "", "2007-09-30": "", "2007-06-30": "", "2007-03-31": "", "2006-12-31": "", "2006-09-30": "", "2006-06-30": "", "2006-03-31": "", "2005-12-31": "", "2005-09-30": "", "2005-06-30": "", "2005-03-31": ""}, "Pre-Tax Profit Margin": {"2020-09-30": "25.20800", "2020-06-30": "30.72730", "2020-03-31": "34.99590", "2019-12-31": "26.68730", "2019-09-30": "32.52340", "2019-06-30": "30.49920", "2019-03-31": "25.59240", "2018-12-31": "12.70350", "2018-09-30": "27.04270", "2018-06-30": "31.22810", "2018-03-31": "24.03620", "2017-12-31": "13.05030", "2017-09-30": "18.44020", "2017-06-30": "27.04600", "2017-03-31": "16.52780", "2016-12-31": "5.47350", "2016-09-30": "13.42990", "2016-06-30": "37.25630", "2016-03-31": "18.42050", "2015-12-31": "15.38000", "2015-09-30": "15.09580", "2015-06-30": "35.87530", "2015-03-31": "18.49500", "2014-12-31": "9.89700", "2014-09-30": "22.21110", "2014-06-30": "26.91270", "2014-03-31": "20.84910", "2013-12-31": "20.18120", "2013-09-30": "28.09640", "2013-06-30": "27.64920", "2013-03-31": "21.24150", "2012-12-31": "20.75080", "2012-09-30": "24.99190", "2012-06-30": "27.68820", "2012-03-31": "24.46800", "2011-12-31": "20.07250", "2011-09-30": "23.89780", "2011-06-30": "29.82650", "2011-03-31": "23.92320", "2010-12-31": "59.12900", "2010-09-30": "32.04370", "2010-06-30": "36.00420", "2010-03-31": "28.95680", "2009-12-31": "26.09850", "2009-09-30": "30.37050", "2009-06-30": "32.99870", "2009-03-31": "25.31730", "2008-12-31": "16.27840", "2008-09-30": "29.42930", "2008-06-30": "21.19170", "2008-03-31": "26.54830", "2007-12-31": "22.76630", "2007-09-30": "27.47720", "2007-06-30": "31.13930", "2007-03-31": "28.33030", "2006-12-31": "14.93590", "2006-09-30": "28.29250", "2006-06-30": "36.92090", "2006-03-31": "28.22430", "2005-12-31": "24.73430", "2005-09-30": "27.38120", "2005-06-30": "35.11890", "2005-03-31": "27.81410"}, "Net Profit Margin": {"2020-09-30": "20.07630", "2020-06-30": "24.88110", "2020-03-31": "32.26370", "2019-12-31": "22.51880", "2019-09-30": "27.27460", "2019-06-30": "26.07780", "2019-03-31": "19.30070", "2018-12-31": "10.26190", "2018-09-30": "21.42450", "2018-06-30": "24.58340", "2018-03-31": "17.93860", "2017-12-31": "-33.10080", "2017-09-30": "15.93960", "2017-06-30": "14.13110", "2017-03-31": "12.96340", "2016-12-31": "5.84550", "2016-09-30": "9.83730", "2016-06-30": "29.88130", "2016-03-31": "14.42330", "2015-12-31": "12.37000", "2015-09-30": "12.68050", "2015-06-30": "25.56760", "2015-03-31": "14.53650", "2014-12-31": "7.08240", "2014-09-30": "17.65200", "2014-06-30": "20.63780", "2014-03-31": "15.30820", "2013-12-31": "15.48910", "2013-09-30": "20.34080", "2013-06-30": "20.98990", "2013-03-31": "15.86770", "2012-12-31": "16.28980", "2012-09-30": "18.72770", "2012-06-30": "21.30680", "2012-03-31": "18.44300", "2011-12-31": "15.00910", "2011-09-30": "18.15810", "2011-06-30": "21.98320", "2011-03-31": "18.09450", "2010-12-31": "54.78370", "2010-09-30": "24.38880", "2010-06-30": "27.31150", "2010-03-31": "21.44850", "2009-12-31": "20.54590", "2009-09-30": "23.57040", "2009-06-30": "24.64010", "2009-03-31": "18.80320", "2008-12-31": "13.96300", "2008-09-30": "22.51880", "2008-06-30": "15.71970", "2008-03-31": "20.32800", "2007-12-31": "16.55980", "2007-09-30": "21.50850", "2007-06-30": "23.93640", "2007-03-31": "20.67840", "2006-12-31": "11.42950", "2006-09-30": "22.62160", "2006-06-30": "28.35080", "2006-03-31": "21.16340", "2005-12-31": "15.56480", "2005-09-30": "21.25230", "2005-06-30": "27.30590", "2005-03-31": "19.24700"}, "Asset Turnover": {"2020-09-30": "0.08900", "2020-06-30": "0.07550", "2020-03-31": "0.09150", "2019-12-31": "0.10500", "2019-09-30": "0.10870", "2019-06-30": "0.11110", "2019-03-31": "0.09840", "2018-12-31": "0.10190", "2018-09-30": "0.10100", "2018-06-30": "0.10520", "2018-03-31": "0.08180", "2017-12-31": "0.09460", "2017-09-30": "0.10030", "2017-06-30": "0.10640", "2017-03-31": "0.10000", "2016-12-31": "0.10780", "2016-09-30": "0.11320", "2016-06-30": "0.12260", "2016-03-31": "0.11270", "2015-12-31": "0.11110", "2015-09-30": "0.12290", "2015-06-30": "0.13000", "2015-03-31": "0.11770", "2014-12-31": "0.11810", "2014-09-30": "0.12430", "2014-06-30": "0.13170", "2014-03-31": "0.11590", "2013-12-31": "0.12260", "2013-09-30": "0.13450", "2013-06-30": "0.14240", "2013-03-31": "0.12480", "2012-12-31": "0.13290", "2012-09-30": "0.14240", "2012-06-30": "0.15370", "2012-03-31": "0.13270", "2011-12-31": "0.13800", "2011-09-30": "0.14980", "2011-06-30": "0.15900", "2011-03-31": "0.13830", "2010-12-31": "0.14390", "2010-09-30": "0.15580", "2010-06-30": "0.17910", "2010-03-31": "0.15870", "2009-12-31": "0.15430", "2009-09-30": "0.17080", "2009-06-30": "0.17950", "2009-03-31": "0.16630", "2008-12-31": "0.17590", "2008-09-30": "0.17420", "2008-06-30": "0.18950", "2008-03-31": "0.15700", "2007-12-31": "0.16940", "2007-09-30": "0.18450", "2007-06-30": "0.19340", "2007-03-31": "0.18430", "2006-12-31": "0.19800", "2006-09-30": "0.20620", "2006-06-30": "0.21340", "2006-03-31": "0.17530", "2005-12-31": "0.18860", "2005-09-30": "0.20200", "2005-06-30": "0.21260", "2005-03-31": "0.16470"}, "Inventory Turnover Ratio": {"2020-09-30": "1.06340", "2020-06-30": "0.86060", "2020-03-31": "0.94740", "2019-12-31": "1.05530", "2019-09-30": "1.15340", "2019-06-30": "1.13550", "2019-03-31": "1.05880", "2018-12-31": "1.12020", "2018-09-30": "1.27370", "2018-06-30": "1.22980", "2018-03-31": "0.93220", "2017-12-31": "1.18830", "2017-09-30": "1.30140", "2017-06-30": "1.31150", "2017-03-31": "1.21770", "2016-12-31": "1.41830", "2016-09-30": "1.50160", "2016-06-30": "1.48790", "2016-03-31": "1.33320", "2015-12-31": "1.39700", "2015-09-30": "1.57290", "2015-06-30": "1.47270", "2015-03-31": "1.27460", "2014-12-31": "1.40550", "2014-09-30": "1.41290", "2014-06-30": "1.36280", "2014-03-31": "1.21630", "2013-12-31": "1.31680", "2013-09-30": "1.44320", "2013-06-30": "1.36950", "2013-03-31": "1.19880", "2012-12-31": "1.41790", "2012-09-30": "1.40790", "2012-06-30": "1.45640", "2012-03-31": "1.26320", "2011-12-31": "1.42400", "2011-09-30": "1.53690", "2011-06-30": "1.54120", "2011-03-31": "1.30170", "2010-12-31": "1.61470", "2010-09-30": "1.29170", "2010-06-30": "1.25050", "2010-03-31": "1.09200", "2009-12-31": "1.12620", "2009-09-30": "1.25330", "2009-06-30": "1.17320", "2009-03-31": "1.12710", "2008-12-31": "1.17420", "2008-09-30": "1.30120", "2008-06-30": "1.24930", "2008-03-31": "1.07230", "2007-12-31": "1.18960", "2007-09-30": "1.40820", "2007-06-30": "1.31160", "2007-03-31": "1.12360", "2006-12-31": "1.25720", "2006-09-30": "1.42270", "2006-06-30": "1.29930", "2006-03-31": "1.11430", "2005-12-31": "1.44740", "2005-09-30": "1.56180", "2005-06-30": "1.45390", "2005-03-31": "1.20320"}, "Receiveable Turnover": {"2020-09-30": "2.26080", "2020-06-30": "1.85760", "2020-03-31": "1.94150", "2019-12-31": "2.28360", "2019-09-30": "2.18400", "2019-06-30": "2.04520", "2019-03-31": "2.25700", "2018-12-31": "2.30070", "2018-09-30": "2.37030", "2018-06-30": "2.06370", "2018-03-31": "1.95340", "2017-12-31": "2.26720", "2017-09-30": "2.47760", "2017-06-30": "2.41100", "2017-03-31": "2.46300", "2016-12-31": "2.44010", "2016-09-30": "2.60490", "2016-06-30": "2.42010", "2016-03-31": "2.47940", "2015-12-31": "2.53740", "2015-09-30": "2.83690", "2015-06-30": "2.44290", "2015-03-31": "2.40100", "2014-12-31": "2.43440", "2014-09-30": "2.35700", "2014-06-30": "2.14210", "2014-03-31": "2.02100", "2013-12-31": "2.26550", "2013-09-30": "2.35140", "2013-06-30": "2.31130", "2013-03-31": "2.20390", "2012-12-31": "2.40700", "2012-09-30": "2.42770", "2012-06-30": "2.42450", "2012-03-31": "2.31350", "2011-12-31": "2.24390", "2011-09-30": "2.38710", "2011-06-30": "2.26230", "2011-03-31": "2.32010", "2010-12-31": "2.36880", "2010-09-30": "2.26510", "2010-06-30": "2.16800", "2010-03-31": "2.03100", "2009-12-31": "1.99840", "2009-09-30": "2.32150", "2009-06-30": "2.20690", "2009-03-31": "2.28380", "2008-12-31": "2.30610", "2008-09-30": "2.28440", "2008-06-30": "2.22100", "2008-03-31": "2.10830", "2007-12-31": "2.21010", "2007-09-30": "2.46790", "2007-06-30": "2.33270", "2007-03-31": "2.19450", "2006-12-31": "2.29300", "2006-09-30": "2.59300", "2006-06-30": "2.49750", "2006-03-31": "2.33620", "2005-12-31": "2.43360", "2005-09-30": "2.72300", "2005-06-30": "2.68620", "2005-03-31": "2.46150"}, "Days Sales In Receivables": {"2020-09-30": "39.80930", "2020-06-30": "48.44900", "2020-03-31": "46.35510", "2019-12-31": "39.41220", "2019-09-30": "41.20860", "2019-06-30": "44.00520", "2019-03-31": "39.87580", "2018-12-31": "39.11890", "2018-09-30": "37.96920", "2018-06-30": "43.61000", "2018-03-31": "46.07400", "2017-12-31": "39.69570", "2017-09-30": "36.32520", "2017-06-30": "37.32840", "2017-03-31": "36.54090", "2016-12-31": "36.88380", "2016-09-30": "34.55090", "2016-06-30": "37.18870", "2016-03-31": "36.29940", "2015-12-31": "35.46900", "2015-09-30": "31.72490", "2015-06-30": "36.84110", "2015-03-31": "37.48390", "2014-12-31": "36.97020", "2014-09-30": "38.18390", "2014-06-30": "42.01530", "2014-03-31": "44.53200", "2013-12-31": "39.72550", "2013-09-30": "38.27430", "2013-06-30": "38.93950", "2013-03-31": "40.83640", "2012-12-31": "37.39070", "2012-09-30": "37.07210", "2012-06-30": "37.12110", "2012-03-31": "38.90280", "2011-12-31": "40.10870", "2011-09-30": "37.70330", "2011-06-30": "39.78170", "2011-03-31": "38.79150", "2010-12-31": "37.99310", "2010-09-30": "39.73420", "2010-06-30": "41.51370", "2010-03-31": "44.31230", "2009-12-31": "45.03600", "2009-09-30": "38.76800", "2009-06-30": "40.78140", "2009-03-31": "39.40720", "2008-12-31": "39.02610", "2008-09-30": "39.39710", "2008-06-30": "40.52290", "2008-03-31": "42.68870", "2007-12-31": "40.72160", "2007-09-30": "36.46810", "2007-06-30": "38.58140", "2007-03-31": "41.01100", "2006-12-31": "39.24980", "2006-09-30": "34.70870", "2006-06-30": "36.03610", "2006-03-31": "38.52470", "2005-12-31": "36.98250", "2005-09-30": "33.05120", "2005-06-30": "33.50400", "2005-03-31": "36.56360"}, "ROE - Return On Equity": {"2020-09-30": "8.56470", "2020-06-30": "9.16670", "2020-03-31": "14.09200", "2019-12-31": "9.78770", "2019-09-30": "12.51750", "2019-06-30": "12.94900", "2019-03-31": "8.59930", "2018-12-31": "5.24710", "2018-09-30": "9.00980", "2018-06-30": "11.55330", "2018-03-31": "6.13870", "2017-12-31": "-14.31730", "2017-09-30": "6.51860", "2017-06-30": "6.21120", "2017-03-31": "5.13290", "2016-12-31": "2.35570", "2016-09-30": "4.00080", "2016-06-30": "12.89220", "2016-03-31": "5.94130", "2015-12-31": "4.79740", "2015-09-30": "5.53170", "2015-06-30": "10.86210", "2015-03-31": "5.38550", "2014-12-31": "2.52280", "2014-09-30": "6.30250", "2014-06-30": "7.59450", "2014-03-31": "4.93890", "2013-12-31": "5.10770", "2013-09-30": "7.56200", "2013-06-30": "8.25600", "2013-03-31": "5.37790", "2012-12-31": "5.69830", "2012-09-30": "6.93360", "2012-06-30": "8.58130", "2012-03-31": "6.22250", "2011-12-31": "5.25360", "2011-09-30": "6.70470", "2011-06-30": "7.92400", "2011-03-31": "5.87800", "2010-12-31": "17.58490", "2010-09-30": "7.32950", "2010-06-30": "9.22970", "2010-03-31": "6.46340", "2009-12-31": "6.22580", "2009-09-30": "7.86180", "2009-06-30": "8.71280", "2009-03-31": "6.43830", "2008-12-31": "4.81740", "2008-09-30": "8.06490", "2008-06-30": "6.22470", "2008-03-31": "6.56040", "2007-12-31": "5.79470", "2007-09-30": "8.40920", "2007-06-30": "9.75650", "2007-03-31": "7.33250", "2006-12-31": "4.00710", "2006-09-30": "8.11110", "2006-06-30": "10.72310", "2006-03-31": "6.74140", "2005-12-31": "5.28280", "2005-09-30": "7.76350", "2005-06-30": "10.54270", "2005-03-31": "6.06870"}, "Return On Tangible Equity": {"2020-09-30": "-22.88270", "2020-06-30": "-21.30060", "2020-03-31": "-34.92000", "2019-12-31": "-36.43260", "2019-09-30": "-45.84740", "2019-06-30": "-39.69790", "2019-03-31": "-57.92520", "2018-12-31": "-39.54130", "2018-09-30": "54.70960", "2018-06-30": "70.33800", "2018-03-31": "28.86670", "2017-12-31": "-116.06150", "2017-09-30": "25.84110", "2017-06-30": "28.01720", "2017-03-31": "27.53490", "2016-12-31": "26.14720", "2016-09-30": "26.25660", "2016-06-30": "109.87620", "2016-03-31": "135.85080", "2015-12-31": "75.73530", "2015-09-30": "78.62550", "2015-06-30": "121.47600", "2015-03-31": "51.78570", "2014-12-31": "18.40540", "2014-09-30": "31.60560", "2014-06-30": "37.95160", "2014-03-31": "30.52380", "2013-12-31": "29.30180", "2013-09-30": "49.47600", "2013-06-30": "54.70050", "2013-03-31": "32.13440", "2012-12-31": "32.41300", "2012-09-30": "40.05160", "2012-06-30": "22.19400", "2012-03-31": "38.81690", "2011-12-31": "39.44030", "2011-09-30": "37.34000", "2011-06-30": "18.03640", "2011-03-31": "14.96760", "2010-12-31": "18.40030", "2010-09-30": "12.96580", "2010-06-30": "17.38810", "2010-03-31": "12.66160", "2009-12-31": "10.90460", "2009-09-30": "16.27530", "2009-06-30": "18.81540", "2009-03-31": "15.63150", "2008-12-31": "12.02590", "2008-09-30": "17.47580", "2008-06-30": "14.07390", "2008-03-31": "14.50790", "2007-12-31": "13.22840", "2007-09-30": "21.10500", "2007-06-30": "23.24790", "2007-03-31": "11.25380", "2006-12-31": "5.75310", "2006-09-30": "11.31870", "2006-06-30": "14.21160", "2006-03-31": "8.99700", "2005-12-31": "6.89330", "2005-09-30": "10.15110", "2005-06-30": "13.70510", "2005-03-31": "7.90910"}, "ROA - Return On Assets": {"2020-09-30": "1.79040", "2020-06-30": "1.85770", "2020-03-31": "2.97300", "2019-12-31": "2.39060", "2019-09-30": "2.96110", "2019-06-30": "2.92010", "2019-03-31": "1.92760", "2018-12-31": "1.20170", "2018-09-30": "2.09260", "2018-06-30": "2.60180", "2018-03-31": "1.42260", "2017-12-31": "-3.09120", "2017-09-30": "1.59530", "2017-06-30": "1.50530", "2017-03-31": "1.29820", "2016-12-31": "0.62680", "2016-09-30": "1.11790", "2016-06-30": "3.67720", "2016-03-31": "1.63590", "2015-12-31": "1.37340", "2015-09-30": "1.56220", "2015-06-30": "3.32590", "2015-03-31": "1.72060", "2014-12-31": "0.83780", "2014-09-30": "2.20320", "2014-06-30": "2.72810", "2014-03-31": "1.78120", "2013-12-31": "1.89660", "2013-09-30": "2.74510", "2013-06-30": "3.00970", "2013-03-31": "2.00000", "2012-12-31": "2.19320", "2012-09-30": "2.68770", "2012-06-30": "3.28840", "2012-03-31": "2.46370", "2011-12-31": "2.09690", "2011-09-30": "2.74730", "2011-06-30": "3.50480", "2011-03-31": "2.51910", "2010-12-31": "7.90170", "2010-09-30": "3.82150", "2010-06-30": "4.91700", "2010-03-31": "3.43020", "2009-12-31": "3.24220", "2009-09-30": "4.07580", "2009-06-30": "4.44910", "2009-03-31": "3.15290", "2008-12-31": "2.48030", "2008-09-30": "3.97470", "2008-06-30": "3.02320", "2008-03-31": "3.21460", "2007-12-31": "2.91200", "2007-09-30": "3.96930", "2007-06-30": "4.62880", "2007-03-31": "3.81040", "2006-12-31": "2.26280", "2006-09-30": "4.66410", "2006-06-30": "6.04940", "2006-03-31": "3.71000", "2005-12-31": "2.93610", "2005-09-30": "4.29340", "2005-06-30": "5.80560", "2005-03-31": "3.16950"}, "ROI - Return On Investment": {"2020-09-30": "2.90880", "2020-06-30": "3.09040", "2020-03-31": "5.48810", "2019-12-31": "4.24770", "2019-09-30": "5.00820", "2019-06-30": "5.29930", "2019-03-31": "3.46110", "2018-12-31": "2.25050", "2018-09-30": "3.97800", "2018-06-30": "4.83220", "2018-03-31": "2.58130", "2017-12-31": "-5.41680", "2017-09-30": "2.64360", "2017-06-30": "2.54570", "2017-03-31": "2.16830", "2016-12-31": "1.03390", "2016-09-30": "1.81320", "2016-06-30": "6.16870", "2016-03-31": "2.86460", "2015-12-31": "2.28570", "2015-09-30": "2.78270", "2015-06-30": "5.69590", "2015-03-31": "2.83880", "2014-12-31": "1.55370", "2014-09-30": "3.94570", "2014-06-30": "4.92030", "2014-03-31": "3.15350", "2013-12-31": "3.24750", "2013-09-30": "5.26390", "2013-06-30": "5.75520", "2013-03-31": "3.74910", "2012-12-31": "3.94540", "2012-09-30": "4.67940", "2012-06-30": "5.71210", "2012-03-31": "4.16990", "2011-12-31": "3.67950", "2011-09-30": "4.75780", "2011-06-30": "5.99820", "2011-03-31": "4.23170", "2010-12-31": "18.39710", "2010-09-30": "6.32940", "2010-06-30": "7.87830", "2010-03-31": "5.49770", "2009-12-31": "5.18990", "2009-09-30": "6.51950", "2009-06-30": "7.18090", "2009-03-31": "5.20190", "2008-12-31": "4.25070", "2008-09-30": "7.19330", "2008-06-30": "5.53810", "2008-03-31": "5.74720", "2007-12-31": "5.03580", "2007-09-30": "7.77880", "2007-06-30": "8.99810", "2007-03-31": "6.76130", "2006-12-31": "3.71830", "2006-09-30": "7.58760", "2006-06-30": "10.05370", "2006-03-31": "6.29910", "2005-12-31": "4.93460", "2005-09-30": "7.27040", "2005-06-30": "9.87220", "2005-03-31": "5.67640"}, "Book Value Per Share": {"2020-09-30": "4.72800", "2020-06-30": "4.46780", "2020-03-31": "4.61900", "2019-12-31": "4.92940", "2019-09-30": "4.82800", "2019-06-30": "4.74740", "2019-03-31": "4.64010", "2018-12-31": "4.46530", "2018-09-30": "4.74110", "2018-06-30": "4.74390", "2018-03-31": "5.07560", "2017-12-31": "4.45570", "2017-09-30": "5.19760", "2017-06-30": "5.17550", "2017-03-31": "5.39830", "2016-12-31": "5.41510", "2016-09-30": "6.08510", "2016-06-30": "6.21970", "2016-03-31": "5.80080", "2015-12-31": "5.95840", "2015-09-30": "6.04950", "2015-06-30": "6.58570", "2015-03-31": "6.66930", "2014-12-31": "6.99980", "2014-09-30": "7.69580", "2014-06-30": "7.82230", "2014-03-31": "7.49590", "2013-12-31": "7.59650", "2013-09-30": "7.35170", "2013-06-30": "7.35930", "2013-03-31": "7.39520", "2012-12-31": "7.42180", "2012-09-30": "7.48770", "2012-06-30": "7.24770", "2012-03-31": "7.35890", "2011-12-31": "7.05280", "2011-09-30": "7.37540", "2011-06-30": "7.72440", "2011-03-31": "7.12640", "2010-12-31": "6.83180", "2010-09-30": "6.09090", "2010-06-30": "5.59340", "2010-03-31": "5.45470", "2009-12-31": "5.50280", "2009-09-30": "5.27700", "2009-06-30": "5.07930", "2009-03-31": "4.56490", "2008-12-31": "4.51170", "2008-09-30": "5.13520", "2008-06-30": "5.01770", "2008-03-31": "4.96380", "2007-12-31": "4.69030", "2007-09-30": "4.26100", "2007-06-30": "4.10470", "2007-03-31": "3.73180", "2006-12-31": "3.64970", "2006-09-30": "3.84290", "2006-06-30": "3.65540", "2006-03-31": "3.48030", "2005-12-31": "3.45190", "2005-09-30": "3.47550", "2005-06-30": "3.42290", "2005-03-31": "3.42700"}, "Operating Cash Flow Per Share": {"2020-09-30": 0.794, "2020-06-30": 0.5169, "2020-03-31": "0.12860", "2019-12-31": 0.6288, "2019-09-30": 0.7529, "2019-06-30": 0.8625, "2019-03-31": "0.18300", "2018-12-31": 0.4493, "2018-09-30": 0.6987, "2018-06-30": 0.4837, "2018-03-31": "0.14240", "2017-12-31": 0.2715, "2017-09-30": 0.5845, "2017-06-30": 0.5961, "2017-03-31": "0.17630", "2016-12-31": 0.4727, "2016-09-30": 0.6679, "2016-06-30": 0.7349, "2016-03-31": "0.13780", "2015-12-31": 0.4827, "2015-09-30": 0.7462, "2015-06-30": 0.8052, "2015-03-31": "0.35590", "2014-12-31": 0.5903, "2014-09-30": 0.7915, "2014-06-30": 0.7648, "2014-03-31": "0.23880", "2013-12-31": 0.6235, "2013-09-30": 0.8406, "2013-06-30": 0.7684, "2013-03-31": "0.10550", "2012-12-31": 0.613, "2012-09-30": 0.7994, "2012-06-30": 0.8026, "2012-03-31": "0.10720", "2011-12-31": 0.5778, "2011-09-30": 0.6799, "2011-06-30": 0.6833, "2011-03-31": "0.09820", "2010-12-31": 0.4962, "2010-09-30": 0.6193, "2010-06-30": 0.642, "2010-03-31": "0.28490", "2009-12-31": 0.4131, "2009-09-30": 0.5561, "2009-06-30": 0.6, "2009-03-31": "0.18820", "2008-12-31": 0.4037, "2008-09-30": 0.5301, "2008-06-30": 0.4485, "2008-03-31": "0.23820", "2007-12-31": 0.3632, "2007-09-30": 0.4622, "2007-06-30": 0.5039, "2007-03-31": "0.20440", "2006-12-31": 0.2785, "2006-09-30": 0.4017, "2006-06-30": 0.4378, "2006-03-31": "0.14940", "2005-12-31": 0.2351, "2005-09-30": 0.371, "2005-06-30": 0.4513, "2005-03-31": "0.28460"}, "Free Cash Flow Per Share": {"2020-09-30": 0.7526, "2020-06-30": 0.4733, "2020-03-31": "0.07400", "2019-12-31": 0.44, "2019-09-30": 0.8604, "2019-06-30": 0.7782, "2019-03-31": "0.09920", "2018-12-31": 0.3683, "2018-09-30": 0.6232, "2018-06-30": 0.3915, "2018-03-31": "0.08870", "2017-12-31": 0.1514, "2017-09-30": 0.5074, "2017-06-30": 0.5114, "2017-03-31": "0.07840", "2016-12-31": 0.3258, "2016-09-30": 0.5697, "2016-06-30": 0.6121, "2016-03-31": "0.02210", "2015-12-31": 0.2907, "2015-09-30": 0.6232, "2015-06-30": 0.6718, "2015-03-31": "0.24400", "2014-12-31": 0.43, "2014-09-30": 0.6624, "2014-06-30": 0.649, "2014-03-31": "0.15340", "2013-12-31": 0.4296, "2013-09-30": 0.7172, "2013-06-30": 0.647, "2013-03-31": "0.00330", "2012-12-31": 0.4515, "2012-09-30": 0.6573, "2012-06-30": 0.6537, "2012-03-31": "-0.01560", "2011-12-31": 0.3684, "2011-09-30": 0.5279, "2011-06-30": 0.5593, "2011-03-31": "-0.02320", "2010-12-31": 0.3159, "2010-09-30": 0.5318, "2010-06-30": 0.5449, "2010-03-31": "0.20390", "2009-12-31": 0.3002, "2009-09-30": 0.4675, "2009-06-30": 0.4952, "2009-03-31": "0.08900", "2008-12-31": 0.2943, "2008-09-30": 0.4273, "2008-06-30": 0.3462, "2008-03-31": "0.15910", "2007-12-31": 0.2565, "2007-09-30": 0.3997, "2007-06-30": 0.427, "2007-03-31": "0.14820", "2006-12-31": 0.3049, "2006-09-30": 0.3345, "2006-06-30": 0.3671, "2006-03-31": "0.09780", "2005-12-31": 0.1799, "2005-09-30": 0.3296, "2005-06-30": 0.4098, "2005-03-31": "0.25330"}}, "revenue": {"CocaCola Annual Revenue (Millions of US $)": {"2019": "$37,266", "2018": "$34,300", "2017": "$36,212", "2016": "$41,863", "2015": "$44,294", "2014": "$45,998", "2013": "$46,854", "2012": "$48,017", "2011": "$46,542", "2010": "$35,119", "2009": "$30,990", "2008": "$31,944", "2007": "$28,857", "2006": "$24,088", "2005": "$23,104"}, "CocaCola Quarterly Revenue (Millions of US $)": {"2020-09-30": "$8,652", "2020-06-30": "$7,150", "2020-03-31": "$8,601", "2019-12-31": "$9,068", "2019-09-30": "$9,507", "2019-06-30": "$9,997", "2019-03-31": "$8,694", "2018-12-31": "$8,478", "2018-09-30": "$8,775", "2018-06-30": "$9,421", "2018-03-31": "$7,626", "2017-12-31": "$8,314", "2017-09-30": "$9,078", "2017-06-30": "$9,702", "2017-03-31": "$9,118", "2016-12-31": "$9,409", "2016-09-30": "$10,633", "2016-06-30": "$11,539", "2016-03-31": "$10,282", "2015-12-31": "$10,000", "2015-09-30": "$11,427", "2015-06-30": "$12,156", "2015-03-31": "$10,711", "2014-12-31": "$10,872", "2014-09-30": "$11,976", "2014-06-30": "$12,574", "2014-03-31": "$10,576", "2013-12-31": "$11,040", "2013-09-30": "$12,030", "2013-06-30": "$12,749", "2013-03-31": "$11,035", "2012-12-31": "$11,455", "2012-09-30": "$12,340", "2012-06-30": "$13,085", "2012-03-31": "$11,137", "2011-12-31": "$11,040", "2011-09-30": "$12,248", "2011-06-30": "$12,737", "2011-03-31": "$10,517", "2010-12-31": "$10,494", "2010-09-30": "$8,426", "2010-06-30": "$8,674", "2010-03-31": "$7,525", "2009-12-31": "$7,510", "2009-09-30": "$8,044", "2009-06-30": "$8,267", "2009-03-31": "$7,169", "2008-12-31": "$7,126", "2008-09-30": "$8,393", "2008-06-30": "$9,046", "2008-03-31": "$7,379", "2007-12-31": "$7,331", "2007-09-30": "$7,690", "2007-06-30": "$7,733", "2007-03-31": "$6,103", "2006-12-31": "$5,932", "2006-09-30": "$6,454", "2006-06-30": "$6,476", "2006-03-31": "$5,226", "2005-12-31": "$5,551", "2005-09-30": "$6,037", "2005-06-30": "$6,310", "2005-03-31": "$5,206"}}, "gross-profit": {"CocaCola Annual Gross Profit (Millions of US $)": {"2019": "$22,647", "2018": "$21,233", "2017": "$22,491", "2016": "$25,398", "2015": "$26,812", "2014": "$28,109", "2013": "$28,433", "2012": "$28,964", "2011": "$28,327", "2010": "$22,426", "2009": "$19,902", "2008": "$20,570", "2007": "$18,451", "2006": "$15,924", "2005": "$14,909"}, "CocaCola Quarterly Gross Profit (Millions of US $)": {"2020-09-30": "$5,181", "2020-06-30": "$4,137", "2020-03-31": "$5,230", "2019-12-31": "$5,502", "2019-09-30": "$5,740", "2019-06-30": "$6,076", "2019-03-31": "$5,329", "2018-12-31": "$5,038", "2018-09-30": "$5,429", "2018-06-30": "$5,878", "2018-03-31": "$4,888", "2017-12-31": "$5,159", "2017-09-30": "$5,684", "2017-06-30": "$6,043", "2017-03-31": "$5,605", "2016-12-31": "$5,615", "2016-09-30": "$6,502", "2016-06-30": "$7,068", "2016-03-31": "$6,213", "2015-12-31": "$5,946", "2015-09-30": "$6,850", "2015-06-30": "$7,408", "2015-03-31": "$6,608", "2014-12-31": "$6,515", "2014-09-30": "$7,346", "2014-06-30": "$7,755", "2014-03-31": "$6,493", "2013-12-31": "$6,725", "2013-09-30": "$7,237", "2013-06-30": "$7,760", "2013-03-31": "$6,711", "2012-12-31": "$6,827", "2012-09-30": "$7,487", "2012-06-30": "$7,861", "2012-03-31": "$6,789", "2011-12-31": "$6,637", "2011-09-30": "$7,373", "2011-06-30": "$7,748", "2011-03-31": "$6,569", "2010-12-31": "$6,215", "2010-09-30": "$5,508", "2010-06-30": "$5,719", "2010-03-31": "$4,984", "2009-12-31": "$4,859", "2009-09-30": "$5,110", "2009-06-30": "$5,354", "2009-03-31": "$4,579", "2008-12-31": "$4,558", "2008-09-30": "$5,373", "2008-06-30": "$5,884", "2008-03-31": "$4,755", "2007-12-31": "$4,690", "2007-09-30": "$4,806", "2007-06-30": "$4,997", "2007-03-31": "$3,958", "2006-12-31": "$3,869", "2006-09-30": "$4,189", "2006-06-30": "$4,366", "2006-03-31": "$3,500", "2005-12-31": "$3,555", "2005-09-30": "$3,802", "2005-06-30": "$4,164", "2005-03-31": "$3,388"}}, "operating-income": {"CocaCola Annual Operating Income (Millions of US $)": {"2019": "$10,086", "2018": "$9,152", "2017": "$7,755", "2016": "$8,657", "2015": "$8,728", "2014": "$9,708", "2013": "$10,228", "2012": "$10,779", "2011": "$10,173", "2010": "$8,413", "2009": "$8,231", "2008": "$8,446", "2007": "$7,252", "2006": "$6,308", "2005": "$6,085"}, "CocaCola Quarterly Operating Income (Millions of US $)": {"2020-09-30": "$2,298", "2020-06-30": "$1,981", "2020-03-31": "$2,380", "2019-12-31": "$2,164", "2019-09-30": "$2,499", "2019-06-30": "$2,988", "2019-03-31": "$2,435", "2018-12-31": "$1,961", "2018-09-30": "$2,614", "2018-06-30": "$2,766", "2018-03-31": "$1,811", "2017-12-31": "$1,510", "2017-09-30": "$2,245", "2017-06-30": "$2,037", "2017-03-31": "$1,963", "2016-12-31": "$1,386", "2016-09-30": "$2,271", "2016-06-30": "$2,859", "2016-03-31": "$2,141", "2015-12-31": "$1,518", "2015-09-30": "$2,379", "2015-06-30": "$2,535", "2015-03-31": "$2,296", "2014-12-31": "$1,451", "2014-09-30": "$2,711", "2014-06-30": "$3,170", "2014-03-31": "$2,376", "2013-12-31": "$2,105", "2013-09-30": "$2,472", "2013-06-30": "$3,243", "2013-03-31": "$2,408", "2012-12-31": "$2,183", "2012-09-30": "$2,793", "2012-06-30": "$3,294", "2012-03-31": "$2,509", "2011-12-31": "$1,956", "2011-09-30": "$2,754", "2011-06-30": "$3,179", "2011-03-31": "$2,284", "2010-12-31": "$1,123", "2010-09-30": "$2,344", "2010-06-30": "$2,763", "2010-03-31": "$2,183", "2009-12-31": "$1,780", "2009-09-30": "$2,150", "2009-06-30": "$2,438", "2009-03-31": "$1,863", "2008-12-31": "$1,706", "2008-09-30": "$2,187", "2008-06-30": "$2,679", "2008-03-31": "$1,874", "2007-12-31": "$1,526", "2007-09-30": "$1,829", "2007-06-30": "$2,270", "2007-03-31": "$1,627", "2006-12-31": "$1,212", "2006-09-30": "$1,662", "2006-06-30": "$2,039", "2006-03-31": "$1,395", "2005-12-31": "$1,262", "2005-09-30": "$1,492", "2005-06-30": "$1,972", "2005-03-31": "$1,359"}}, "ebitda": {"CocaCola Annual EBITDA (Millions of US $)": {"2019": "$11,451", "2018": "$10,238", "2017": "$9,015", "2016": "$10,444", "2015": "$10,698", "2014": "$11,684", "2013": "$12,205", "2012": "$12,761", "2011": "$12,127", "2010": "$9,856", "2009": "$9,467", "2008": "$9,674", "2007": "$8,415", "2006": "$7,246", "2005": "$7,017"}, "CocaCola Quarterly EBITDA (Millions of US $)": {"2020-09-30": "$2,656", "2020-06-30": "$2,362", "2020-03-31": "$2,747", "2019-12-31": "$2,564", "2019-09-30": "$2,862", "2019-06-30": "$3,315", "2019-03-31": "$2,710", "2018-12-31": "$2,240", "2018-09-30": "$2,868", "2018-06-30": "$3,049", "2018-03-31": "$2,081", "2017-12-31": "$1,844", "2017-09-30": "$2,542", "2017-06-30": "$2,338", "2017-03-31": "$2,291", "2016-12-31": "$1,850", "2016-09-30": "$2,691", "2016-06-30": "$3,304", "2016-03-31": "$2,599", "2015-12-31": "$2,045", "2015-09-30": "$2,861", "2015-06-30": "$3,023", "2015-03-31": "$2,769", "2014-12-31": "$1,950", "2014-09-30": "$3,221", "2014-06-30": "$3,664", "2014-03-31": "$2,849", "2013-12-31": "$2,638", "2013-09-30": "$2,969", "2013-06-30": "$3,717", "2013-03-31": "$2,881", "2012-12-31": "$2,696", "2012-09-30": "$3,307", "2012-06-30": "$3,802", "2012-03-31": "$2,956", "2011-12-31": "$2,487", "2011-09-30": "$3,220", "2011-06-30": "$3,650", "2011-03-31": "$2,770", "2010-12-31": "$1,632", "2010-09-30": "$2,667", "2010-06-30": "$3,079", "2010-03-31": "$2,478", "2009-12-31": "$2,111", "2009-09-30": "$2,470", "2009-06-30": "$2,740", "2009-03-31": "$2,146", "2008-12-31": "$1,991", "2008-09-30": "$2,493", "2008-06-30": "$3,009", "2008-03-31": "$2,181", "2007-12-31": "$1,895", "2007-09-30": "$2,108", "2007-06-30": "$2,544", "2007-03-31": "$1,868", "2006-12-31": "$1,484", "2006-09-30": "$1,895", "2006-06-30": "$2,263", "2006-03-31": "$1,604", "2005-12-31": "$1,518", "2005-09-30": "$1,719", "2005-06-30": "$2,195", "2005-03-31": "$1,585"}}, "net-income": {"CocaCola Annual Net Income (Millions of US $)": {"2019": "$8,920", "2018": "$6,434", "2017": "$1,248", "2016": "$6,527", "2015": "$7,351", "2014": "$7,098", "2013": "$8,584", "2012": "$9,019", "2011": "$8,584", "2010": "$11,787", "2009": "$6,824", "2008": "$5,807", "2007": "$5,981", "2006": "$5,080", "2005": "$4,872"}, "CocaCola Quarterly Net Income (Millions of US $)": {"2020-09-30": "$1,737", "2020-06-30": "$1,779", "2020-03-31": "$2,775", "2019-12-31": "$2,042", "2019-09-30": "$2,593", "2019-06-30": "$2,607", "2019-03-31": "$1,678", "2018-12-31": "$870", "2018-09-30": "$1,880", "2018-06-30": "$2,316", "2018-03-31": "$1,368", "2017-12-31": "$-2,752", "2017-09-30": "$1,447", "2017-06-30": "$1,371", "2017-03-31": "$1,182", "2016-12-31": "$550", "2016-09-30": "$1,046", "2016-06-30": "$3,448", "2016-03-31": "$1,483", "2015-12-31": "$1,237", "2015-09-30": "$1,449", "2015-06-30": "$3,108", "2015-03-31": "$1,557", "2014-12-31": "$770", "2014-09-30": "$2,114", "2014-06-30": "$2,595", "2014-03-31": "$1,619", "2013-12-31": "$1,710", "2013-09-30": "$2,447", "2013-06-30": "$2,676", "2013-03-31": "$1,751", "2012-12-31": "$1,866", "2012-09-30": "$2,311", "2012-06-30": "$2,788", "2012-03-31": "$2,054", "2011-12-31": "$1,657", "2011-09-30": "$2,224", "2011-06-30": "$2,800", "2011-03-31": "$1,903", "2010-12-31": "$5,749", "2010-09-30": "$2,055", "2010-06-30": "$2,369", "2010-03-31": "$1,614", "2009-12-31": "$1,543", "2009-09-30": "$1,896", "2009-06-30": "$2,037", "2009-03-31": "$1,348", "2008-12-31": "$995", "2008-09-30": "$1,890", "2008-06-30": "$1,422", "2008-03-31": "$1,500", "2007-12-31": "$1,214", "2007-09-30": "$1,654", "2007-06-30": "$1,851", "2007-03-31": "$1,262", "2006-12-31": "$678", "2006-09-30": "$1,460", "2006-06-30": "$1,836", "2006-03-31": "$1,106", "2005-12-31": "$864", "2005-09-30": "$1,283", "2005-06-30": "$1,723", "2005-03-31": "$1,002"}}, "eps-earnings-per-share-diluted": {"CocaCola Annual EPS": {"2019": "$2.07", "2018": "$1.50", "2017": "$0.29", "2016": "$1.49", "2015": "$1.67", "2014": "$1.60", "2013": "$1.90", "2012": "$1.97", "2011": "$1.85", "2010": "$2.53", "2009": "$1.47", "2008": "$1.25", "2007": "$1.29", "2006": "$1.08", "2005": "$1.02"}, "CocaCola Quarterly EPS": {"2020-09-30": "$0.40", "2020-06-30": "$0.41", "2020-03-31": "$0.64", "2019-12-31": "$0.47", "2019-09-30": "$0.60", "2019-06-30": "$0.61", "2019-03-31": "$0.39", "2018-12-31": "$0.20", "2018-09-30": "$0.44", "2018-06-30": "$0.54", "2018-03-31": "$0.32", "2017-12-31": "$-0.63", "2017-09-30": "$0.33", "2017-06-30": "$0.32", "2017-03-31": "$0.27", "2016-12-31": "$0.12", "2016-09-30": "$0.24", "2016-06-30": "$0.79", "2016-03-31": "$0.34", "2015-12-31": "$0.28", "2015-09-30": "$0.33", "2015-06-30": "$0.71", "2015-03-31": "$0.35", "2014-12-31": "$0.18", "2014-09-30": "$0.48", "2014-06-30": "$0.58", "2014-03-31": "$0.36", "2013-12-31": "$0.38", "2013-09-30": "$0.54", "2013-06-30": "$0.59", "2013-03-31": "$0.39", "2012-12-31": "$0.41", "2012-09-30": "$0.50", "2012-06-30": "$0.61", "2012-03-31": "$0.45", "2011-12-31": "$0.36", "2011-09-30": "$0.48", "2011-06-30": "$0.60", "2011-03-31": "$0.41", "2010-12-31": "$1.24", "2010-09-30": "$0.44", "2010-06-30": "$0.51", "2010-03-31": "$0.35", "2009-12-31": "$0.33", "2009-09-30": "$0.41", "2009-06-30": "$0.44", "2009-03-31": "$0.29", "2008-12-31": "$0.22", "2008-09-30": "$0.41", "2008-06-30": "$0.31", "2008-03-31": "$0.32", "2007-12-31": "$0.26", "2007-09-30": "$0.36", "2007-06-30": "$0.40", "2007-03-31": "$0.27", "2006-12-31": "$0.15", "2006-09-30": "$0.31", "2006-06-30": "$0.39", "2006-03-31": "$0.24", "2005-12-31": "$0.18", "2005-09-30": "$0.27", "2005-06-30": "$0.36", "2005-03-31": "$0.21"}}, "shares-outstanding": {"CocaCola Annual Shares Outstanding (Millions of Shares)": {"2019": "4,314", "2018": "4,299", "2017": "4,324", "2016": "4,367", "2015": "4,405", "2014": "4,450", "2013": "4,509", "2012": "4,584", "2011": "4,646", "2010": "4,667", "2009": "4,658", "2008": "4,672", "2007": "4,662", "2006": "4,700", "2005": "4,786"}, "CocaCola Quarterly Shares Outstanding (Millions of Shares)": {"2020-09-30": "4,321", "2020-06-30": "4,316", "2020-03-31": "4,325", "2019-12-31": "4,314", "2019-09-30": "4,321", "2019-06-30": "4,305", "2019-03-31": "4,306", "2018-12-31": "4,299", "2018-09-30": "4,295", "2018-06-30": "4,290", "2018-03-31": "4,306", "2017-12-31": "4,324", "2017-09-30": "4,320", "2017-06-30": "4,327", "2017-03-31": "4,334", "2016-12-31": "4,367", "2016-09-30": "4,364", "2016-06-30": "4,377", "2016-03-31": "4,382", "2015-12-31": "4,405", "2015-09-30": "4,399", "2015-06-30": "4,408", "2015-03-31": "4,422", "2014-12-31": "4,450", "2014-09-30": "4,445", "2014-06-30": "4,454", "2014-03-31": "4,464", "2013-12-31": "4,509", "2013-09-30": "4,498", "2013-06-30": "4,527", "2013-03-31": "4,530", "2012-12-31": "4,584", "2012-09-30": "4,587", "2012-06-30": "4,592", "2012-03-31": "4,601", "2011-12-31": "4,646", "2011-09-30": "4,653", "2011-06-30": "4,660", "2011-03-31": "4,662", "2010-12-31": "4,667", "2010-09-30": "4,672", "2010-06-30": "4,650", "2010-03-31": "4,654", "2009-12-31": "4,658", "2009-09-30": "4,664", "2009-06-30": "4,646", "2009-03-31": "4,638", "2008-12-31": "4,672", "2008-09-30": "4,658", "2008-06-30": "4,686", "2008-03-31": "4,702", "2007-12-31": "4,662", "2007-09-30": "4,662", "2007-06-30": "4,652", "2007-03-31": "4,642", "2006-12-31": "4,700", "2006-09-30": "4,686", "2006-06-30": "4,704", "2006-03-31": "4,732", "2005-12-31": "4,786", "2005-09-30": "4,770", "2005-06-30": "4,802", "2005-03-31": "4,820"}}, "total-assets": {"CocaCola Annual Total Assets (Millions of US $)": {"2019": "$86,381", "2018": "$83,216", "2017": "$87,896", "2016": "$87,270", "2015": "$89,996", "2014": "$92,023", "2013": "$90,055", "2012": "$86,174", "2011": "$79,974", "2010": "$72,921", "2009": "$48,671", "2008": "$40,519", "2007": "$43,269", "2006": "$29,963", "2005": "$29,427"}, "CocaCola Quarterly Total Assets (Millions of US $)": {"2020-09-30": "$97,184", "2020-06-30": "$94,689", "2020-03-31": "$94,013", "2019-12-31": "$86,381", "2019-09-30": "$87,433", "2019-06-30": "$89,996", "2019-03-31": "$88,347", "2018-12-31": "$83,216", "2018-09-30": "$86,877", "2018-06-30": "$89,593", "2018-03-31": "$93,282", "2017-12-31": "$87,896", "2017-09-30": "$90,515", "2017-06-30": "$91,146", "2017-03-31": "$91,201", "2016-12-31": "$87,270", "2016-09-30": "$93,927", "2016-06-30": "$94,094", "2016-03-31": "$91,263", "2015-12-31": "$89,996", "2015-09-30": "$93,008", "2015-06-30": "$93,538", "2015-03-31": "$91,016", "2014-12-31": "$92,023", "2014-09-30": "$96,314", "2014-06-30": "$95,489", "2014-03-31": "$91,289", "2013-12-31": "$90,055", "2013-09-30": "$89,432", "2013-06-30": "$89,511", "2013-03-31": "$88,450", "2012-12-31": "$86,174", "2012-09-30": "$86,654", "2012-06-30": "$85,149", "2012-03-31": "$83,897", "2011-12-31": "$79,974", "2011-09-30": "$81,753", "2011-06-30": "$80,090", "2011-03-31": "$76,058", "2010-12-31": "$72,921", "2010-09-30": "$54,089", "2010-06-30": "$48,444", "2010-03-31": "$47,403", "2009-12-31": "$48,671", "2009-09-30": "$47,107", "2009-06-30": "$46,054", "2009-03-31": "$43,103", "2008-12-31": "$40,519", "2008-09-30": "$48,180", "2008-06-30": "$47,731", "2008-03-31": "$47,004", "2007-12-31": "$43,269", "2007-09-30": "$41,670", "2007-06-30": "$39,989", "2007-03-31": "$33,120", "2006-12-31": "$29,963", "2006-09-30": "$31,303", "2006-06-30": "$30,350", "2006-03-31": "$29,811", "2005-12-31": "$29,427", "2005-09-30": "$29,883", "2005-06-30": "$29,678", "2005-03-31": "$31,614"}}, "cash-on-hand": {"CocaCola Annual Cash on Hand (Millions of US $)": {"2019": "$11,175", "2018": "$16,115", "2017": "$20,675", "2016": "$22,201", "2015": "$19,900", "2014": "$21,675", "2013": "$20,268", "2012": "$16,551", "2011": "$14,035", "2010": "$11,337", "2009": "$9,213", "2008": "$4,979", "2007": "$4,308", "2006": "$2,590", "2005": "$4,767"}, "CocaCola Quarterly Cash on Hand (Millions of US $)": {"2020-09-30": "$21,128", "2020-06-30": "$19,816", "2020-03-31": "$17,666", "2019-12-31": "$11,175", "2019-09-30": "$12,988", "2019-06-30": "$13,361", "2019-03-31": "$11,948", "2018-12-31": "$16,115", "2018-09-30": "$18,847", "2018-06-30": "$19,354", "2018-03-31": "$21,373", "2017-12-31": "$20,675", "2017-09-30": "$27,357", "2017-06-30": "$27,224", "2017-03-31": "$25,205", "2016-12-31": "$22,201", "2016-09-30": "$25,569", "2016-06-30": "$24,075", "2016-03-31": "$22,211", "2015-12-31": "$19,900", "2015-09-30": "$22,774", "2015-06-30": "$20,947", "2015-03-31": "$20,049", "2014-12-31": "$21,675", "2014-09-30": "$23,714", "2014-06-30": "$21,609", "2014-03-31": "$19,433", "2013-12-31": "$20,268", "2013-09-30": "$20,459", "2013-06-30": "$19,213", "2013-03-31": "$18,428", "2012-12-31": "$16,551", "2012-09-30": "$18,083", "2012-06-30": "$16,966", "2012-03-31": "$15,779", "2011-12-31": "$14,035", "2011-09-30": "$16,497", "2011-06-30": "$14,017", "2011-03-31": "$12,277", "2010-12-31": "$11,337", "2010-09-30": "$13,265", "2010-06-30": "$10,166", "2010-03-31": "$8,794", "2009-12-31": "$9,213", "2009-09-30": "$9,125", "2009-06-30": "$7,945", "2009-03-31": "$7,079", "2008-12-31": "$4,979", "2008-09-30": "$8,084", "2008-06-30": "$6,857", "2008-03-31": "$6,420", "2007-12-31": "$4,308", "2007-09-30": "$4,811", "2007-06-30": "$4,541", "2007-03-31": "$3,783", "2006-12-31": "$2,590", "2006-09-30": "$3,523", "2006-06-30": "$4,130", "2006-03-31": "$4,492", "2005-12-31": "$4,767", "2005-09-30": "$5,062", "2005-06-30": "$5,011", "2005-03-31": "$7,026"}}, "long-term-debt": {"CocaCola Annual Long Term Debt (Millions of US $)": {"2019": "$27,516", "2018": "$25,376", "2017": "$31,182", "2016": "$29,684", "2015": "$28,311", "2014": "$19,063", "2013": "$19,154", "2012": "$14,736", "2011": "$13,656", "2010": "$3", "2009": "$5,059", "2008": "$2,781", "2007": "$3,277", "2006": "$1,314", "2005": "$1,154"}, "CocaCola Quarterly Long Term Debt (Millions of US $)": {"2020-09-30": "$39,502", "2020-06-30": "$37,729", "2020-03-31": "$31,094", "2019-12-31": "$27,516", "2019-09-30": "$31,012", "2019-06-30": "$29,296", "2019-03-31": "$29,400", "2018-12-31": "$25,376", "2018-09-30": "$25,523", "2018-06-30": "$28,063", "2018-03-31": "$29,792", "2017-12-31": "$31,182", "2017-09-30": "$32,471", "2017-06-30": "$31,805", "2017-03-31": "$31,538", "2016-12-31": "$29,684", "2016-09-30": "$31,663", "2016-06-30": "$29,252", "2016-03-31": "$26,990", "2015-12-31": "$28,311", "2015-09-30": "$25,949", "2015-06-30": "$25,977", "2015-03-31": "$26,087", "2014-12-31": "$19,063", "2014-09-30": "$20,111", "2014-06-30": "$18,643", "2014-03-31": "$18,640", "2013-12-31": "$19,154", "2013-09-30": "$14,173", "2013-06-30": "$14,179", "2013-03-31": "$14,291", "2012-12-31": "$14,736", "2012-09-30": "$16,181", "2012-06-30": "$16,390", "2012-03-31": "$16,351", "2011-12-31": "$13,656", "2011-09-30": "$13,708", "2011-06-30": "$11,373", "2011-03-31": "$12,681", "2010-12-31": "$3", "2010-09-30": "$4,456", "2010-06-30": "$4,427", "2010-03-31": "$4,419", "2009-12-31": "$5,059", "2009-09-30": "$5,028", "2009-06-30": "$5,017", "2009-03-31": "$5,017", "2008-12-31": "$2,781", "2008-09-30": "$2,877", "2008-06-30": "$2,874", "2008-03-31": "$3,259", "2007-12-31": "$3,277", "2007-09-30": "$1,594", "2007-06-30": "$1,599", "2007-03-31": "$1,454", "2006-12-31": "$1,314", "2006-09-30": "$1,242", "2006-06-30": "$1,140", "2006-03-31": "$1,152", "2005-12-31": "$1,154", "2005-09-30": "$1,121", "2005-06-30": "$1,110", "2005-03-31": "$1,141"}}, "total-liabilities": {"CocaCola Annual Total Liabilities (Millions of US $)": {"2019": "$65,283", "2018": "$64,158", "2017": "$68,919", "2016": "$64,050", "2015": "$64,232", "2014": "$61,462", "2013": "$56,615", "2012": "$53,006", "2011": "$48,053", "2010": "$41,604", "2009": "$23,325", "2008": "$19,657", "2007": "$21,525", "2006": "$13,043", "2005": "$13,072"}, "CocaCola Quarterly Total Liabilities (Millions of US $)": {"2020-09-30": "$76,868", "2020-06-30": "$75,500", "2020-03-31": "$74,179", "2019-12-31": "$65,283", "2019-09-30": "$66,750", "2019-06-30": "$69,701", "2019-03-31": "$68,543", "2018-12-31": "$64,158", "2018-09-30": "$66,699", "2018-06-30": "$69,417", "2018-03-31": "$71,665", "2017-12-31": "$68,919", "2017-09-30": "$68,363", "2017-06-30": "$69,057", "2017-03-31": "$68,134", "2016-12-31": "$64,050", "2016-09-30": "$67,682", "2016-06-30": "$67,256", "2016-03-31": "$66,134", "2015-12-31": "$64,232", "2015-09-30": "$66,741", "2015-06-30": "$64,897", "2015-03-31": "$61,938", "2014-12-31": "$61,462", "2014-09-30": "$62,645", "2014-06-30": "$61,188", "2014-03-31": "$58,367", "2013-12-31": "$56,615", "2013-09-30": "$56,967", "2013-06-30": "$56,880", "2013-03-31": "$55,556", "2012-12-31": "$53,006", "2012-09-30": "$53,064", "2012-06-30": "$52,520", "2012-03-31": "$50,679", "2011-12-31": "$48,053", "2011-09-30": "$48,254", "2011-06-30": "$44,666", "2011-03-31": "$43,462", "2010-12-31": "$41,604", "2010-09-30": "$25,888", "2010-06-30": "$22,636", "2010-03-31": "$22,246", "2009-12-31": "$23,325", "2009-09-30": "$22,685", "2009-06-30": "$22,537", "2009-03-31": "$21,995", "2008-12-31": "$19,657", "2008-09-30": "$24,435", "2008-06-30": "$24,549", "2008-03-31": "$23,972", "2007-12-31": "$21,525", "2007-09-30": "$22,001", "2007-06-30": "$21,017", "2007-03-31": "$15,909", "2006-12-31": "$13,043", "2006-09-30": "$13,303", "2006-06-30": "$13,228", "2006-03-31": "$13,405", "2005-12-31": "$13,072", "2005-09-30": "$13,357", "2005-06-30": "$13,335", "2005-03-31": "$15,103"}}, "total-share-holder-equity": {"CocaCola Annual Share Holder Equity (Millions of US $)": {"2019": "$21,098", "2018": "$19,058", "2017": "$18,977", "2016": "$23,220", "2015": "$25,764", "2014": "$30,561", "2013": "$33,440", "2012": "$33,168", "2011": "$31,921", "2010": "$31,317", "2009": "$25,346", "2008": "$20,862", "2007": "$21,744", "2006": "$16,920", "2005": "$16,355"}, "CocaCola Quarterly Share Holder Equity (Millions of US $)": {"2020-09-30": "$20,316", "2020-06-30": "$19,189", "2020-03-31": "$19,834", "2019-12-31": "$21,098", "2019-09-30": "$20,683", "2019-06-30": "$20,295", "2019-03-31": "$19,804", "2018-12-31": "$19,058", "2018-09-30": "$20,178", "2018-06-30": "$20,176", "2018-03-31": "$21,617", "2017-12-31": "$18,977", "2017-09-30": "$22,152", "2017-06-30": "$22,089", "2017-03-31": "$23,067", "2016-12-31": "$23,220", "2016-09-30": "$26,245", "2016-06-30": "$26,838", "2016-03-31": "$25,129", "2015-12-31": "$25,764", "2015-09-30": "$26,267", "2015-06-30": "$28,641", "2015-03-31": "$29,078", "2014-12-31": "$30,561", "2014-09-30": "$33,669", "2014-06-30": "$34,301", "2014-03-31": "$32,922", "2013-12-31": "$33,440", "2013-09-30": "$32,465", "2013-06-30": "$32,631", "2013-03-31": "$32,894", "2012-12-31": "$33,168", "2012-09-30": "$33,590", "2012-06-30": "$32,629", "2012-03-31": "$33,218", "2011-12-31": "$31,921", "2011-09-30": "$33,499", "2011-06-30": "$35,424", "2011-03-31": "$32,596", "2010-12-31": "$31,317", "2010-09-30": "$28,201", "2010-06-30": "$25,808", "2010-03-31": "$25,157", "2009-12-31": "$25,346", "2009-09-30": "$24,422", "2009-06-30": "$23,517", "2009-03-31": "$21,108", "2008-12-31": "$20,862", "2008-09-30": "$23,745", "2008-06-30": "$23,182", "2008-03-31": "$23,032", "2007-12-31": "$21,744", "2007-09-30": "$19,669", "2007-06-30": "$18,972", "2007-03-31": "$17,211", "2006-12-31": "$16,920", "2006-09-30": "$18,000", "2006-06-30": "$17,122", "2006-03-31": "$16,406", "2005-12-31": "$16,355", "2005-09-30": "$16,526", "2005-06-30": "$16,343", "2005-03-31": "$16,511"}}, "profit-margins": {"current": "24.9%"}, "gross margin": {"2020-09-30": "59.90%", "2020-06-30": "60.04%", "2020-03-31": "60.66%", "2019-12-31": "60.77%", "2019-09-30": "60.48%", "2019-06-30": "60.85%", "2019-03-31": "61.28%", "2018-12-31": "61.90%", "2018-09-30": "62.56%", "2018-06-30": "62.75%", "2018-03-31": "62.71%", "2017-12-31": "62.11%", "2017-09-30": "61.51%", "2017-06-30": "61.15%", "2017-03-31": "60.91%", "2016-12-31": "60.67%", "2016-09-30": "60.60%", "2016-06-30": "60.30%", "2016-03-31": "60.22%", "2015-12-31": "60.53%", "2015-09-30": "60.62%", "2015-06-30": "60.98%", "2015-03-31": "61.18%", "2014-12-31": "61.11%", "2014-09-30": "61.34%", "2014-06-30": "61.03%", "2014-03-31": "60.81%", "2013-12-31": "60.68%", "2013-09-30": "60.37%", "2013-06-30": "60.50%", "2013-03-31": "60.29%", "2012-12-31": "60.32%", "2012-09-30": "60.45%", "2012-06-30": "60.32%", "2012-03-31": "60.53%", "2011-12-31": "60.86%", "2011-09-30": "60.67%", "2011-06-30": "61.74%", "2011-03-31": "63.00%", "2010-12-31": "63.86%", "2010-09-30": "65.57%", "2010-06-30": "65.10%", "2010-03-31": "64.78%", "2009-12-31": "64.22%", "2009-09-30": "64.04%", "2009-06-30": "64.17%", "2009-03-31": "64.27%", "2008-12-31": "64.39%", "2008-09-30": "64.39%", "2008-06-30": "64.03%", "2008-03-31": "63.88%", "2007-12-31": "63.94%", "2007-09-30": "64.21%", "2007-06-30": "64.88%", "2007-03-31": "65.62%", "2006-12-31": "66.11%", "2006-09-30": "65.85%", "2006-06-30": "65.36%", "2006-03-31": "64.96%", "2005-12-31": "64.53%"}, "operating margin": {"2020-09-30": "26.36%", "2020-06-30": "26.29%", "2020-03-31": "26.98%", "2019-12-31": "27.06%", "2019-09-30": "26.95%", "2019-06-30": "27.82%", "2019-03-31": "27.64%", "2018-12-31": "26.68%", "2018-09-30": "25.49%", "2018-06-30": "24.19%", "2018-03-31": "21.90%", "2017-12-31": "21.42%", "2017-09-30": "20.45%", "2017-06-30": "19.70%", "2017-03-31": "20.83%", "2016-12-31": "20.68%", "2016-09-30": "20.70%", "2016-06-30": "20.57%", "2016-03-31": "19.54%", "2015-12-31": "19.70%", "2015-09-30": "19.18%", "2015-06-30": "19.67%", "2015-03-31": "20.87%", "2014-12-31": "21.11%", "2014-09-30": "22.45%", "2014-06-30": "21.90%", "2014-03-31": "21.98%", "2013-12-31": "21.83%", "2013-09-30": "21.80%", "2013-06-30": "22.34%", "2013-03-31": "22.29%", "2012-12-31": "22.45%", "2012-09-30": "22.17%", "2012-06-30": "22.13%", "2012-03-31": "22.05%", "2011-12-31": "21.86%", "2011-09-30": "20.31%", "2011-06-30": "21.17%", "2011-03-31": "22.34%", "2010-12-31": "23.96%", "2010-09-30": "28.22%", "2010-06-30": "27.95%", "2010-03-31": "27.28%", "2009-12-31": "26.56%", "2009-09-30": "26.65%", "2009-06-30": "26.47%", "2009-03-31": "26.58%", "2008-12-31": "26.44%", "2008-09-30": "25.71%", "2008-06-30": "25.15%", "2008-03-31": "24.89%", "2007-12-31": "25.13%", "2007-09-30": "25.27%", "2007-06-30": "25.82%", "2007-03-31": "26.20%", "2006-12-31": "26.19%", "2006-09-30": "26.82%", "2006-06-30": "26.57%", "2006-03-31": "26.47%", "2005-12-31": "26.34%"}, "ebitda margin": {"2020-09-30": "30.86%", "2020-06-30": "30.69%", "2020-03-31": "30.90%", "2019-12-31": "30.73%", "2019-09-30": "30.34%", "2019-06-30": "30.97%", "2019-03-31": "30.73%", "2018-12-31": "29.85%", "2018-09-30": "28.83%", "2018-06-30": "27.63%", "2018-03-31": "25.36%", "2017-12-31": "24.90%", "2017-09-30": "24.18%", "2017-06-30": "23.60%", "2017-03-31": "24.90%", "2016-12-31": "24.95%", "2016-09-30": "25.06%", "2016-06-30": "24.99%", "2016-03-31": "24.00%", "2015-12-31": "24.15%", "2015-09-30": "23.48%", "2015-06-30": "23.98%", "2015-03-31": "25.15%", "2014-12-31": "25.40%", "2014-09-30": "26.80%", "2014-06-30": "26.22%", "2014-03-31": "26.24%", "2013-12-31": "26.05%", "2013-09-30": "25.94%", "2013-06-30": "26.48%", "2013-03-31": "26.48%", "2012-12-31": "26.58%", "2012-09-30": "26.37%", "2012-06-30": "26.24%", "2012-03-31": "26.11%", "2011-12-31": "26.06%", "2011-09-30": "24.51%", "2011-06-30": "25.42%", "2011-03-31": "26.63%", "2010-12-31": "28.06%", "2010-09-30": "32.16%", "2010-06-30": "31.93%", "2010-03-31": "31.26%", "2009-12-31": "30.55%", "2009-09-30": "30.54%", "2009-06-30": "30.27%", "2009-03-31": "30.37%", "2008-12-31": "30.28%", "2008-09-30": "29.79%", "2008-06-30": "29.23%", "2008-03-31": "28.96%", "2007-12-31": "29.16%", "2007-09-30": "29.15%", "2007-06-30": "29.71%", "2007-03-31": "30.08%", "2006-12-31": "30.08%", "2006-09-30": "30.71%", "2006-06-30": "30.50%", "2006-03-31": "30.43%", "2005-12-31": "30.37%"}, "pre tax profit margin": {"2020-09-30": "29.30%", "2020-06-30": "31.23%", "2020-03-31": "31.13%", "2019-12-31": "28.94%", "2019-09-30": "25.75%", "2019-06-30": "24.27%", "2019-03-31": "24.36%", "2018-12-31": "23.98%", "2018-09-30": "24.12%", "2018-06-30": "21.88%", "2018-03-31": "20.78%", "2017-12-31": "19.03%", "2017-09-30": "16.94%", "2017-06-30": "15.63%", "2017-03-31": "19.04%", "2016-12-31": "19.43%", "2016-09-30": "21.57%", "2016-06-30": "21.86%", "2016-03-31": "21.70%", "2015-12-31": "21.68%", "2015-09-30": "20.24%", "2015-06-30": "22.05%", "2015-03-31": "19.73%", "2014-12-31": "20.27%", "2014-09-30": "22.69%", "2014-06-30": "24.23%", "2014-03-31": "24.44%", "2013-12-31": "24.50%", "2013-09-30": "24.60%", "2013-06-30": "23.81%", "2013-03-31": "23.85%", "2012-12-31": "24.59%", "2012-09-30": "24.47%", "2012-06-30": "24.19%", "2012-03-31": "24.74%", "2011-12-31": "24.62%", "2011-09-30": "33.58%", "2011-06-30": "36.09%", "2011-03-31": "38.16%", "2010-12-31": "40.45%", "2010-09-30": "31.00%", "2010-06-30": "30.56%", "2010-03-31": "29.70%", "2009-12-31": "28.87%", "2009-09-30": "26.62%", "2009-06-30": "26.40%", "2009-03-31": "23.20%", "2008-12-31": "23.50%", "2008-09-30": "24.93%", "2008-06-30": "24.35%", "2008-03-31": "27.04%", "2007-12-31": "27.44%", "2007-09-30": "25.99%", "2007-06-30": "26.12%", "2007-03-31": "27.37%", "2006-12-31": "27.31%", "2006-09-30": "29.80%", "2006-06-30": "29.59%", "2006-03-31": "29.05%", "2005-12-31": "28.96%"}, "net profit margin": {"2020-09-30": "24.90%", "2020-06-30": "26.77%", "2020-03-31": "26.95%", "2019-12-31": "23.94%", "2019-09-30": "21.13%", "2019-06-30": "19.57%", "2019-03-31": "19.07%", "2018-12-31": "18.76%", "2018-09-30": "8.24%", "2018-06-30": "6.91%", "2018-03-31": "4.13%", "2017-12-31": "3.45%", "2017-09-30": "12.20%", "2017-06-30": "10.68%", "2017-03-31": "15.30%", "2016-12-31": "15.59%", "2016-09-30": "16.99%", "2016-06-30": "17.61%", "2016-03-31": "16.59%", "2015-12-31": "16.60%", "2015-09-30": "15.24%", "2015-06-30": "16.51%", "2015-03-31": "15.25%", "2014-12-31": "15.43%", "2014-09-30": "17.41%", "2014-06-30": "18.11%", "2014-03-31": "18.22%", "2013-12-31": "18.32%", "2013-09-30": "18.49%", "2013-06-30": "18.08%", "2013-03-31": "18.19%", "2012-12-31": "18.78%", "2012-09-30": "18.51%", "2012-06-30": "18.36%", "2012-03-31": "18.52%", "2011-12-31": "18.44%", "2011-09-30": "27.56%", "2011-06-30": "29.66%", "2011-03-31": "31.69%", "2010-12-31": "33.56%", "2010-09-30": "23.59%", "2010-06-30": "23.37%", "2010-03-31": "22.62%", "2009-12-31": "22.02%", "2009-09-30": "20.51%", "2009-06-30": "20.26%", "2009-03-31": "17.82%", "2008-12-31": "18.18%", "2008-09-30": "18.74%", "2008-06-30": "18.41%", "2008-03-31": "20.64%", "2007-12-31": "20.73%", "2007-09-30": "19.83%", "2007-06-30": "20.03%", "2007-03-31": "20.97%", "2006-12-31": "21.09%", "2006-09-30": "22.21%", "2006-06-30": "21.85%", "2006-03-31": "21.52%", "2005-12-31": "21.09%"}, "pe ratio": {"current": "25.86", "2021-02-05": "25.86", "2020-09-30": "25.51", "2020-06-30": "20.74", "2020-03-31": "18.60", "2019-12-31": "25.86", "2019-09-30": "29.04", "2019-06-30": "29.59", "2019-03-31": "28.22", "2018-12-31": "29.59", "2018-09-30": "66.09", "2018-06-30": "74.90", "2018-03-31": "124.04", "2017-12-31": "153.93", "2017-09-30": "38.52", "2017-06-30": "41.65", "2017-03-31": "26.24", "2016-12-31": "24.23", "2016-09-30": "22.29", "2016-06-30": "22.46", "2016-03-31": "23.90", "2015-12-31": "21.83", "2015-09-30": "21.66", "2015-06-30": "19.16", "2015-03-31": "21.26", "2014-12-31": "21.82", "2014-09-30": "19.34", "2014-06-30": "18.45", "2014-03-31": "16.62", "2013-12-31": "17.34", "2013-09-30": "15.55", "2013-06-30": "16.69", "2013-03-31": "16.58", "2012-12-31": "14.34", "2012-09-30": "15.29", "2012-06-30": "15.87", "2012-03-31": "14.96", "2011-12-31": "14.30", "2011-09-30": "9.32", "2011-06-30": "9.34", "2011-03-31": "9.46", "2010-12-31": "9.55", "2010-09-30": "13.11", "2010-06-30": "11.39", "2010-03-31": "12.97", "2009-12-31": "13.83", "2009-09-30": "14.04", "2009-06-30": "12.44", "2009-03-31": "12.56", "2008-12-31": "12.49", "2008-09-30": "13.97", "2008-06-30": "14.18", "2008-03-31": "15.33", "2007-12-31": "15.95", "2007-09-30": "16.32", "2007-06-30": "15.35", "2007-03-31": "14.12", "2006-12-31": "14.55"}, "price sales": {"2021-02-05": "6.41", "2020-09-30": "6.32", "2020-06-30": "5.53", "2020-03-31": "5.01", "2019-12-31": "6.19", "2019-09-30": "6.14", "2019-06-30": "5.81", "2019-03-31": "5.38", "2018-12-31": "5.56", "2018-09-30": "5.41", "2018-06-30": "5.06", "2018-03-31": "4.94", "2017-12-31": "4.97", "2017-09-30": "4.70", "2017-06-30": "4.47", "2017-03-31": "4.02", "2016-12-31": "3.80", "2016-09-30": "3.80", "2016-06-30": "3.97", "2016-03-31": "3.98", "2015-12-31": "3.63", "2015-09-30": "3.31", "2015-06-30": "3.18", "2015-03-31": "3.23", "2014-12-31": "3.36", "2014-09-30": "3.37", "2014-06-30": "3.33", "2014-03-31": "3.02", "2013-12-31": "3.18", "2013-09-30": "2.88", "2013-06-30": "3.02", "2013-03-31": "3.02", "2012-12-31": "2.69", "2012-09-30": "2.83", "2012-06-30": "2.91", "2012-03-31": "2.77", "2011-12-31": "2.64", "2011-09-30": "2.56", "2011-06-30": "2.77", "2011-03-31": "3.00", "2010-12-31": "3.20", "2010-09-30": "3.09", "2010-06-30": "2.66", "2010-03-31": "2.93", "2009-12-31": "3.04", "2009-09-30": "2.88", "2009-06-30": "2.53", "2009-03-31": "2.24", "2008-12-31": "2.28", "2008-09-30": "2.62", "2008-06-30": "2.62", "2008-03-31": "3.17", "2007-12-31": "3.31", "2007-09-30": "3.24", "2007-06-30": "3.08", "2007-03-31": "2.95", "2006-12-31": "3.07"}, "price book": {"current": "10.50", "2021-02-05": "10.50", "2020-09-30": "10.36", "2020-06-30": "9.84", "2020-03-31": "9.34", "2019-12-31": "10.86", "2019-09-30": "10.83", "2019-06-30": "10.22", "2019-03-31": "9.55", "2018-12-31": "9.94", "2018-09-30": "9.06", "2018-06-30": "8.53", "2018-03-31": "7.82", "2017-12-31": "9.33", "2017-09-30": "7.78", "2017-06-30": "7.73", "2017-03-31": "6.95", "2016-12-31": "6.71", "2016-09-30": "6.04", "2016-06-30": "6.28", "2016-03-31": "6.84", "2015-12-31": "6.12", "2015-09-30": "5.59", "2015-06-30": "4.97", "2015-03-31": "5.04", "2014-12-31": "4.96", "2014-09-30": "4.52", "2014-06-30": "4.39", "2014-03-31": "4.15", "2013-12-31": "4.34", "2013-09-30": "4.08", "2013-06-30": "4.29", "2013-03-31": "4.27", "2012-12-31": "3.79", "2012-09-30": "3.90", "2012-06-30": "4.13", "2012-03-31": "3.82", "2011-12-31": "3.74", "2011-09-30": "3.43", "2011-06-30": "3.24", "2011-03-31": "3.44", "2010-12-31": "3.53", "2010-09-30": "3.50", "2010-06-30": "3.24", "2010-03-31": "3.61", "2009-12-31": "3.68", "2009-09-30": "3.59", "2009-06-30": "3.31", "2009-03-31": "3.34", "2008-12-31": "3.45", "2008-09-30": "3.51", "2008-06-30": "3.51", "2008-03-31": "4.12", "2007-12-31": "4.37", "2007-09-30": "4.48", "2007-06-30": "4.21", "2007-03-31": "4.22", "2006-12-31": "4.31", "2006-09-30": "3.76", "2006-06-30": "3.78", "2006-03-31": "3.84"}, "price fcf": {"2021-02-05": "", "2020-09-30": "$1.74", "2020-06-30": "$1.85", "2020-03-31": "$2.15", "2019-12-31": "$2.18", "2019-09-30": "$2.11", "2019-06-30": "$1.87", "2019-03-31": "$1.48", "2018-12-31": "$1.47", "2018-09-30": "$1.25", "2018-06-30": "$1.14", "2018-03-31": "$1.26", "2017-12-31": "$1.25", "2017-09-30": "$1.42", "2017-06-30": "$1.49", "2017-03-31": "$1.59", "2016-12-31": "$1.53", "2016-09-30": "$1.49", "2016-06-30": "$1.55", "2016-03-31": "$1.61", "2015-12-31": "$1.83", "2015-09-30": "$1.97", "2015-06-30": "$2.01", "2015-03-31": "$1.99", "2014-12-31": "$1.89", "2014-09-30": "$1.89", "2014-06-30": "$1.95", "2014-03-31": "$1.95", "2013-12-31": "$1.80", "2013-09-30": "$1.82", "2013-06-30": "$1.76", "2013-03-31": "$1.77", "2012-12-31": "$1.75", "2012-09-30": "$1.66", "2012-06-30": "$1.53", "2012-03-31": "$1.44", "2011-12-31": "$1.43", "2011-09-30": "$1.38", "2011-06-30": "$1.38", "2011-03-31": "$1.37", "2010-12-31": "$1.60", "2010-09-30": "$1.58", "2010-06-30": "$1.52", "2010-03-31": "$1.47", "2009-12-31": "$1.35", "2009-09-30": "$1.35", "2009-06-30": "$1.31", "2009-03-31": "$1.16", "2008-12-31": "$1.23", "2008-09-30": "$1.19", "2008-06-30": "$1.16", "2008-03-31": "$1.24", "2007-12-31": "$1.23", "2007-09-30": "$1.28", "2007-06-30": "$1.21", "2007-03-31": "$1.15", "2006-12-31": "$1.10"}, "net worth": {"value": "$213.37B"}, "current ratio": {"current": "1.13", "2020-09-30": "1.13", "2020-06-30": "1.09", "2020-03-31": "0.87", "2019-12-31": "0.76", "2019-09-30": "0.92", "2019-06-30": "0.83", "2019-03-31": "1.02", "2018-12-31": "0.87", "2018-09-30": "1.06", "2018-06-30": "1.15", "2018-03-31": "1.21", "2017-12-31": "1.34", "2017-09-30": "1.39", "2017-06-30": "1.35", "2017-03-31": "1.41", "2016-12-31": "1.28", "2016-09-30": "1.37", "2016-06-30": "1.21", "2016-03-31": "1.18", "2015-12-31": "1.24", "2015-09-30": "1.16", "2015-06-30": "1.14", "2015-03-31": "1.23", "2014-12-31": "1.02", "2014-09-30": "1.08", "2014-06-30": "1.04", "2014-03-31": "1.03", "2013-12-31": "1.13", "2013-09-30": "0.96", "2013-06-30": "1.00", "2013-03-31": "1.01", "2012-12-31": "1.09", "2012-09-30": "1.10", "2012-06-30": "1.11", "2012-03-31": "1.13", "2011-12-31": "1.05", "2011-09-30": "1.10", "2011-06-30": "1.10", "2011-03-31": "1.07", "2010-12-31": "1.17", "2010-09-30": "1.34", "2010-06-30": "1.33", "2010-03-31": "1.27", "2009-12-31": "1.28", "2009-09-30": "1.27", "2009-06-30": "1.21", "2009-03-31": "1.12", "2008-12-31": "0.94", "2008-09-30": "1.01", "2008-06-30": "0.97", "2008-03-31": "0.96", "2007-12-31": "0.92", "2007-09-30": "0.78", "2007-06-30": "0.78", "2007-03-31": "0.93", "2006-12-31": "0.95", "2006-09-30": "1.01", "2006-06-30": "1.03", "2006-03-31": "1.00", "2005-12-31": "1.04", "2005-09-30": "1.18", "2005-06-30": "1.20", "2005-03-31": "1.16"}, "quick ratio": {"2020-09-30": "1.01", "2020-06-30": "0.96", "2020-03-31": "0.76", "2019-12-31": "0.63", "2019-09-30": "0.79", "2019-06-30": "0.71", "2019-03-31": "0.91", "2018-12-31": "0.76", "2018-09-30": "0.98", "2018-06-30": "1.06", "2018-03-31": "1.12", "2017-12-31": "1.25", "2017-09-30": "1.30", "2017-06-30": "1.26", "2017-03-31": "1.30", "2016-12-31": "1.18", "2016-09-30": "1.27", "2016-06-30": "1.11", "2016-03-31": "1.08", "2015-12-31": "1.13", "2015-09-30": "1.07", "2015-06-30": "1.03", "2015-03-31": "1.11", "2014-12-31": "0.92", "2014-09-30": "0.98", "2014-06-30": "0.93", "2014-03-31": "0.92", "2013-12-31": "1.01", "2013-09-30": "0.86", "2013-06-30": "0.89", "2013-03-31": "0.90", "2012-12-31": "0.97", "2012-09-30": "0.97", "2012-06-30": "0.97", "2012-03-31": "0.99", "2011-12-31": "0.92", "2011-09-30": "0.98", "2011-06-30": "0.96", "2011-03-31": "0.94", "2010-12-31": "1.02", "2010-09-30": "1.21", "2010-06-30": "1.16", "2010-03-31": "1.10", "2009-12-31": "1.11", "2009-09-30": "1.09", "2009-06-30": "1.02", "2009-03-31": "0.94", "2008-12-31": "0.77", "2008-09-30": "0.87", "2008-06-30": "0.82", "2008-03-31": "0.80", "2007-12-31": "0.75", "2007-09-30": "0.65", "2007-06-30": "0.64", "2007-03-31": "0.76", "2006-12-31": "0.77", "2006-09-30": "0.84", "2006-06-30": "0.86", "2006-03-31": "0.85", "2005-12-31": "0.90", "2005-09-30": "1.02", "2005-06-30": "1.03", "2005-03-31": "1.01"}, "debt equity ratio": {"current": "1.94", "2020-09-30": "3.78", "2020-06-30": "3.94", "2020-03-31": "3.74", "2019-12-31": "3.09", "2019-09-30": "3.23", "2019-06-30": "3.43", "2019-03-31": "3.46", "2018-12-31": "3.37", "2018-09-30": "3.31", "2018-06-30": "3.44", "2018-03-31": "3.32", "2017-12-31": "3.63", "2017-09-30": "3.09", "2017-06-30": "3.13", "2017-03-31": "2.95", "2016-12-31": "2.76", "2016-09-30": "2.58", "2016-06-30": "2.51", "2016-03-31": "2.63", "2015-12-31": "2.49", "2015-09-30": "2.54", "2015-06-30": "2.27", "2015-03-31": "2.13", "2014-12-31": "2.01", "2014-09-30": "1.86", "2014-06-30": "1.78", "2014-03-31": "1.77", "2013-12-31": "1.69", "2013-09-30": "1.76", "2013-06-30": "1.74", "2013-03-31": "1.69", "2012-12-31": "1.60", "2012-09-30": "1.58", "2012-06-30": "1.61", "2012-03-31": "1.53", "2011-12-31": "1.51", "2011-09-30": "1.44", "2011-06-30": "1.26", "2011-03-31": "1.33", "2010-12-31": "1.33", "2010-09-30": "0.92", "2010-06-30": "0.88", "2010-03-31": "0.88", "2009-12-31": "0.92", "2009-09-30": "0.93", "2009-06-30": "0.96", "2009-03-31": "1.04", "2008-12-31": "0.94", "2008-09-30": "1.03", "2008-06-30": "1.06", "2008-03-31": "1.04", "2007-12-31": "0.99", "2007-09-30": "1.12", "2007-06-30": "1.11", "2007-03-31": "0.92", "2006-12-31": "0.77", "2006-09-30": "0.74", "2006-06-30": "0.77", "2006-03-31": "0.82", "2005-12-31": "0.80", "2005-09-30": "0.81", "2005-06-30": "0.82", "2005-03-31": "0.92"}, "return on equity": {"2020-09-30": "41.44%", "2020-06-30": "45.49%", "2020-03-31": "48.92%", "2019-12-31": "43.58%", "2019-09-30": "38.82%", "2019-06-30": "35.47%", "2019-03-31": "34.05%", "2018-12-31": "31.76%", "2018-09-30": "13.90%", "2018-06-30": "11.48%", "2018-03-31": "6.76%", "2017-12-31": "5.79%", "2017-09-30": "20.10%", "2017-06-30": "17.54%", "2017-03-31": "25.06%", "2016-12-31": "25.74%", "2016-09-30": "27.75%", "2016-06-30": "29.30%", "2016-03-31": "27.51%", "2015-12-31": "26.79%", "2015-09-30": "24.04%", "2015-06-30": "24.76%", "2015-03-31": "22.05%", "2014-12-31": "21.60%", "2014-09-30": "23.93%", "2014-06-30": "25.15%", "2014-03-31": "25.72%", "2013-12-31": "26.12%", "2013-09-30": "26.65%", "2013-06-30": "26.02%", "2013-03-31": "26.36%", "2012-12-31": "27.21%", "2012-09-30": "26.83%", "2012-06-30": "26.58%", "2012-03-31": "26.06%", "2011-12-31": "25.73%", "2011-09-30": "38.17%", "2011-06-30": "39.23%", "2011-03-31": "40.96%", "2010-12-31": "42.67%", "2010-09-30": "29.01%", "2010-06-30": "29.47%", "2010-03-31": "28.81%", "2009-12-31": "28.92%", "2009-09-30": "27.92%", "2009-06-30": "28.11%", "2009-03-31": "25.45%", "2008-12-31": "25.58%", "2008-09-30": "26.28%", "2008-06-30": "26.43%", "2008-03-31": "29.82%", "2007-12-31": "30.83%", "2007-09-30": "29.93%", "2007-06-30": "29.54%", "2007-03-31": "30.24%", "2006-12-31": "29.69%", "2006-09-30": "31.03%", "2006-06-30": "30.65%", "2006-03-31": "30.33%", "2005-12-31": "29.65%"}, "return on assets": {"2020-09-30": "8.95%", "2020-06-30": "10.14%", "2020-03-31": "11.20%", "2019-12-31": "10.13%", "2019-09-30": "8.88%", "2019-06-30": "8.08%", "2019-03-31": "7.75%", "2018-12-31": "7.29%", "2018-09-30": "3.14%", "2018-06-30": "2.63%", "2018-03-31": "1.58%", "2017-12-31": "1.38%", "2017-09-30": "5.05%", "2017-06-30": "4.57%", "2017-03-31": "6.80%", "2016-12-31": "7.12%", "2016-09-30": "7.81%", "2016-06-30": "8.27%", "2016-03-31": "7.91%", "2015-12-31": "8.00%", "2015-09-30": "7.45%", "2015-06-30": "8.10%", "2015-03-31": "7.51%", "2014-12-31": "7.57%", "2014-09-30": "8.62%", "2014-06-30": "9.14%", "2014-03-31": "9.38%", "2013-12-31": "9.61%", "2013-09-30": "9.89%", "2013-06-30": "9.81%", "2013-03-31": "10.06%", "2012-12-31": "10.55%", "2012-09-30": "10.50%", "2012-06-30": "10.55%", "2012-03-31": "10.73%", "2011-12-31": "10.80%", "2011-09-30": "16.31%", "2011-06-30": "17.67%", "2011-03-31": "19.21%", "2010-12-31": "21.16%", "2010-09-30": "15.27%", "2010-06-30": "15.49%", "2010-03-31": "14.99%", "2009-12-31": "14.76%", "2009-09-30": "14.20%", "2009-06-30": "14.10%", "2009-03-31": "12.60%", "2008-12-31": "12.66%", "2008-09-30": "12.95%", "2008-06-30": "12.89%", "2008-03-31": "14.47%", "2007-12-31": "15.14%", "2007-09-30": "15.05%", "2007-06-30": "15.63%", "2007-03-31": "16.79%", "2006-12-31": "16.73%", "2006-09-30": "17.42%", "2006-06-30": "17.04%", "2006-03-31": "16.75%", "2005-12-31": "16.16%"}, "return on investments": {"2020-09-30": "16.32%", "2020-06-30": "17.34%", "2020-03-31": "19.98%", "2019-12-31": "20.26%", "2019-09-30": "20.28%", "2019-06-30": "21.17%", "2019-03-31": "20.85%", "2018-12-31": "19.29%", "2018-09-30": "17.80%", "2018-06-30": "16.30%", "2018-03-31": "14.48%", "2017-12-31": "14.54%", "2017-09-30": "14.13%", "2017-06-30": "13.97%", "2017-03-31": "15.31%", "2016-12-31": "15.81%", "2016-09-30": "15.97%", "2016-06-30": "16.59%", "2016-03-31": "16.10%", "2015-12-31": "16.16%", "2015-09-30": "16.37%", "2015-06-30": "16.87%", "2015-03-31": "18.21%", "2014-12-31": "18.68%", "2014-09-30": "19.65%", "2014-06-30": "19.87%", "2014-03-31": "20.64%", "2013-12-31": "21.17%", "2013-09-30": "21.87%", "2013-06-30": "22.18%", "2013-03-31": "22.03%", "2012-12-31": "21.97%", "2012-09-30": "21.76%", "2012-06-30": "21.97%", "2012-03-31": "21.99%", "2011-12-31": "22.01%", "2011-09-30": "21.90%", "2011-06-30": "22.89%", "2011-03-31": "24.41%", "2010-12-31": "27.19%", "2010-09-30": "29.53%", "2010-06-30": "29.67%", "2010-03-31": "29.00%", "2009-12-31": "28.75%", "2009-09-30": "30.28%", "2009-06-30": "31.24%", "2009-03-31": "32.93%", "2008-12-31": "32.92%", "2008-09-30": "31.80%", "2008-06-30": "32.07%", "2008-03-31": "32.20%", "2007-12-31": "33.92%", "2007-09-30": "35.25%", "2007-06-30": "35.31%", "2007-03-31": "35.16%", "2006-12-31": "34.42%", "2006-09-30": "35.04%", "2006-06-30": "34.87%", "2006-03-31": "34.89%", "2005-12-31": "34.64%"}, "return on tangible equity": {"2020-09-30": "-112.86%", "2020-06-30": "-133.28%", "2020-03-31": "-154.47%", "2019-12-31": "-170.92%", "2019-09-30": "-174.74%", "2019-06-30": "-321.01%", "2019-03-31": "2309.59%", "2018-12-31": "295.65%", "2018-09-30": "82.86%", "2018-06-30": "60.08%", "2018-03-31": "32.92%", "2017-12-31": "29.15%", "2017-09-30": "107.84%", "2017-06-30": "108.56%", "2017-03-31": "183.93%", "2016-12-31": "252.52%", "2016-09-30": "292.09%", "2016-06-30": "394.25%", "2016-03-31": "407.68%", "2015-12-31": "324.37%", "2015-09-30": "236.93%", "2015-06-30": "183.14%", "2015-03-31": "135.37%", "2014-12-31": "122.94%", "2014-09-30": "129.99%", "2014-06-30": "145.70%", "2014-03-31": "160.66%", "2013-12-31": "161.80%", "2013-09-30": "164.73%", "2013-06-30": "155.90%", "2013-03-31": "117.12%", "2012-12-31": "121.93%", "2012-09-30": "125.82%", "2012-06-30": "123.70%", "2012-03-31": "112.15%", "2011-12-31": "88.88%", "2011-09-30": "77.18%", "2011-06-30": "66.16%", "2011-03-31": "65.49%", "2010-12-31": "63.89%", "2010-09-30": "53.24%", "2010-06-30": "56.22%", "2010-03-31": "56.72%", "2009-12-31": "59.53%", "2009-09-30": "63.17%", "2009-06-30": "64.47%", "2009-03-31": "59.12%", "2008-12-31": "58.09%", "2008-09-30": "58.57%", "2008-06-30": "60.90%", "2008-03-31": "69.60%", "2007-12-31": "65.48%", "2007-09-30": "56.14%", "2007-06-30": "47.89%", "2007-03-31": "42.90%", "2006-12-31": "40.72%", "2006-09-30": "41.59%", "2006-06-30": "40.40%", "2006-03-31": "39.78%", "2005-12-31": "38.66%"}, "dividend yield history": {"last payout": "$1.64", "last yield": "3.30%"}}