{"ticker": "CGNX", "price": {"title": "Cognex Historical Annual Stock Price Data", "value": 87.02, "historical": {"2021": {"Average Stock Price": "84.2183", "Year Open": "80.2200", "Year High": "87.0200", "Year Low": "80.2200", "Year Close": "87.0200", "Annual % Change": "8.39%"}, "2020": {"Average Stock Price": "60.5322", "Year Open": "56.6100", "Year High": "82.4100", "Year Low": "38.2200", "Year Close": "80.2850", "Annual % Change": "43.26%"}, "2019": {"Average Stock Price": "48.2037", "Year Open": "38.5900", "Year High": "56.8400", "Year Low": "36.1500", "Year Close": "56.0400", "Annual % Change": "44.92%"}, "2018": {"Average Stock Price": "50.1880", "Year Open": "61.3800", "Year High": "69.6200", "Year Low": "34.9400", "Year Close": "38.6700", "Annual % Change": "-36.77%"}, "2017": {"Average Stock Price": "48.9113", "Year Open": "31.6350", "Year High": "72.4300", "Year Low": "31.6300", "Year Close": "61.1600", "Annual % Change": "92.27%"}, "2016": {"Average Stock Price": "22.5932", "Year Open": "16.6400", "Year High": "32.3950", "Year Low": "14.2250", "Year Close": "31.8100", "Annual % Change": "88.39%"}, "2015": {"Average Stock Price": "20.8628", "Year Open": "20.4200", "Year High": "25.8050", "Year Low": "16.7050", "Year Close": "16.8850", "Annual % Change": "-18.29%"}, "2014": {"Average Stock Price": "19.2370", "Year Open": "18.9200", "Year High": "21.8950", "Year Low": "15.9600", "Year Close": "20.6650", "Annual % Change": "8.25%"}, "2013": {"Average Stock Price": "12.7864", "Year Open": "9.6050", "Year High": "19.0900", "Year Low": "9.2750", "Year Close": "19.0900", "Annual % Change": "107.56%"}, "2012": {"Average Stock Price": "9.2848", "Year Open": "9.1800", "Year High": "11.1875", "Year Low": "7.4825", "Year Close": "9.1975", "Annual % Change": "2.79%"}, "2011": {"Average Stock Price": "7.9573", "Year Open": "7.5700", "Year High": "9.2075", "Year Low": "6.1900", "Year Close": "8.9475", "Annual % Change": "21.65%"}, "2010": {"Average Stock Price": "5.4209", "Year Open": "4.5350", "Year High": "7.8600", "Year Low": "4.0925", "Year Close": "7.3550", "Annual % Change": "66.12%"}, "2009": {"Average Stock Price": "3.7255", "Year Open": "3.8000", "Year High": "4.5075", "Year Low": "2.3875", "Year Close": "4.4275", "Annual % Change": "19.66%"}, "2008": {"Average Stock Price": "4.9510", "Year Open": "4.9675", "Year High": "7.0000", "Year Low": "2.7550", "Year Close": "3.7000", "Annual % Change": "-26.55%"}, "2007": {"Average Stock Price": "5.3129", "Year Open": "6.0475", "Year High": "6.1225", "Year Low": "4.2075", "Year Close": "5.0375", "Annual % Change": "-15.41%"}, "2006": {"Average Stock Price": "6.4888", "Year Open": "7.4400", "Year High": "8.0550", "Year Low": "5.2900", "Year Close": "5.9550", "Annual % Change": "-20.84%"}, "2005": {"Average Stock Price": "6.9840", "Year Open": "6.7450", "Year High": "8.4100", "Year Low": "5.4250", "Year Close": "7.5225", "Annual % Change": "7.85%"}, "2004": {"Average Stock Price": "7.5489", "Year Open": "7.0975", "Year High": "9.6200", "Year Low": "6.0250", "Year Close": "6.9750", "Annual % Change": "-1.38%"}, "2003": {"Average Stock Price": "6.1918", "Year Open": "4.8000", "Year High": "7.9425", "Year Low": "3.9750", "Year Close": "7.0725", "Annual % Change": "53.50%"}, "2002": {"Average Stock Price": "5.2450", "Year Open": "6.3600", "Year High": "7.3775", "Year Low": "3.4050", "Year Close": "4.6075", "Annual % Change": "-28.04%"}, "2001": {"Average Stock Price": "6.3178", "Year Open": "4.7825", "Year High": "8.5725", "Year Low": "4.4175", "Year Close": "6.4025", "Annual % Change": "15.73%"}, "2000": {"Average Stock Price": "10.7262", "Year Open": "9.2575", "Year High": "16.1250", "Year Low": "4.3900", "Year Close": "5.5325", "Annual % Change": "-43.26%"}, "1999": {"Average Stock Price": "7.3244", "Year Open": "5.1250", "Year High": "9.7500", "Year Low": "5.1250", "Year Close": "9.7500", "Annual % Change": "95.00%"}, "1998": {"Average Stock Price": "4.6861", "Year Open": "6.4850", "Year High": "6.7500", "Year Low": "2.5325", "Year Close": "5.0000", "Annual % Change": "-26.61%"}, "1997": {"Average Stock Price": "6.6116", "Year Open": "4.3750", "Year High": "9.6250", "Year Low": "4.3750", "Year Close": "6.8125", "Annual % Change": "47.30%"}, "1996": {"Average Stock Price": "4.9395", "Year Open": "8.5625", "Year High": "8.5625", "Year Low": "3.0000", "Year Close": "4.6250", "Annual % Change": "-46.76%"}, "1995": {"Average Stock Price": "5.1343", "Year Open": "3.0788", "Year High": "8.6875", "Year Low": "2.6875", "Year Close": "8.6875", "Annual % Change": "162.26%"}, "1994": {"Average Stock Price": "2.4525", "Year Open": "1.7188", "Year High": "3.3750", "Year Low": "1.5000", "Year Close": "3.3125", "Annual % Change": "79.66%"}, "1993": {"Average Stock Price": "1.6564", "Year Open": "1.2188", "Year High": "2.1719", "Year Low": "1.1875", "Year Close": "1.8438", "Annual % Change": "49.37%"}, "1992": {"Average Stock Price": "1.0730", "Year Open": "1.5234", "Year High": "1.8047", "Year Low": "0.6406", "Year Close": "1.2344", "Annual % Change": "-19.80%"}, "1991": {"Average Stock Price": "1.4612", "Year Open": "0.9063", "Year High": "2.0391", "Year Low": "0.8319", "Year Close": "1.5391", "Annual % Change": "69.82%"}, "1990": {"Average Stock Price": "0.7529", "Year Open": "0.6563", "Year High": "1.0469", "Year Low": "0.4609", "Year Close": "0.9063", "Annual % Change": "43.22%"}}}, "market cap": {"value": "$15.2B"}, "income statement": {"Revenue": {"2019-12-31": "725.62500", "2018-12-31": "806.33800", "2017-12-31": "766.08300", "2016-12-31": "529.51500", "2015-12-31": "450.55700", "2014-12-31": "426.44900", "2013-12-31": "307.65100", "2012-12-31": "324.27900", "2011-12-31": "321.91400", "2010-12-31": "290.69100", "2009-12-31": "175.72700", "2008-12-31": "242.68000", "2007-12-31": "225.68300", "2006-12-31": "238.31800", "2005-12-31": "216.87500"}, "Cost Of Goods Sold": {"2019-12-31": "189.75400", "2018-12-31": "206.05200", "2017-12-31": "187.28900", "2016-12-31": "131.07000", "2015-12-31": "102.57100", "2014-12-31": "94.06700", "2013-12-31": "62.88900", "2012-12-31": "79.49500", "2011-12-31": "77.91900", "2010-12-31": "77.58800", "2009-12-31": "56.38700", "2008-12-31": "68.42700", "2007-12-31": "64.35000", "2006-12-31": "64.83800", "2005-12-31": "62.89900"}, "Gross Profit": {"2019-12-31": "535.87100", "2018-12-31": "600.28600", "2017-12-31": "578.79400", "2016-12-31": "398.44500", "2015-12-31": "347.98600", "2014-12-31": "332.38200", "2013-12-31": "244.76200", "2012-12-31": "244.78400", "2011-12-31": "243.99500", "2010-12-31": "213.10300", "2009-12-31": "119.34000", "2008-12-31": "174.25300", "2007-12-31": "161.33300", "2006-12-31": "173.48000", "2005-12-31": "153.97600"}, "Research And Development Expenses": {"2019-12-31": "119.42700", "2018-12-31": "116.44500", "2017-12-31": "99.20500", "2016-12-31": "78.26900", "2015-12-31": "69.79100", "2014-12-31": "55.83100", "2013-12-31": "44.31500", "2012-12-31": "41.54900", "2011-12-31": "40.94600", "2010-12-31": "33.08000", "2009-12-31": "31.13200", "2008-12-31": "36.26200", "2007-12-31": "33.38400", "2006-12-31": "32.33200", "2005-12-31": "27.64000"}, "SG&A Expenses": {"2019-12-31": "273.84200", "2018-12-31": "262.69900", "2017-12-31": "220.72800", "2016-12-31": "166.11000", "2015-12-31": "156.67400", "2014-12-31": "148.69900", "2013-12-31": "123.50900", "2012-12-31": "119.82800", "2011-12-31": "117.69400", "2010-12-31": "104.23500", "2009-12-31": "96.35000", "2008-12-31": "112.62900", "2007-12-31": "99.81300", "2006-12-31": "96.67500", "2005-12-31": "82.33200"}, "Other Operating Income Or Expenses": {"2019-12-31": "", "2018-12-31": "", "2017-12-31": "", "2016-12-31": "", "2015-12-31": "", "2014-12-31": "", "2013-12-31": "", "2012-12-31": "", "2011-12-31": "", "2010-12-31": "", "2009-12-31": "", "2008-12-31": "", "2007-12-31": "", "2006-12-31": "", "2005-12-31": ""}, "Operating Expenses": {"2019-12-31": "583.02300", "2018-12-31": "585.19600", "2017-12-31": "507.22200", "2016-12-31": "375.44900", "2015-12-31": "329.03600", "2014-12-31": "298.59700", "2013-12-31": "230.71300", "2012-12-31": "240.87200", "2011-12-31": "236.55900", "2010-12-31": "214.97800", "2009-12-31": "188.39500", "2008-12-31": "217.57600", "2007-12-31": "197.54700", "2006-12-31": "193.84500", "2005-12-31": "172.87100"}, "Operating Income": {"2019-12-31": "142.60200", "2018-12-31": "221.14200", "2017-12-31": "258.86100", "2016-12-31": "154.06600", "2015-12-31": "121.52100", "2014-12-31": "127.85200", "2013-12-31": "76.93800", "2012-12-31": "83.40700", "2011-12-31": "85.35500", "2010-12-31": "75.71300", "2009-12-31": "-12.66800", "2008-12-31": "25.10400", "2007-12-31": "28.13600", "2006-12-31": "44.47300", "2005-12-31": "44.00400"}, "Total Non-Operating Income/Expense": {"2019-12-31": "20.39200", "2018-12-31": "13.43200", "2017-12-31": "7.60300", "2016-12-31": "8.01100", "2015-12-31": "5.44100", "2014-12-31": "3.90400", "2013-12-31": "1.51800", "2012-12-31": "3.22300", "2011-12-31": "1.76200", "2010-12-31": "0.39000", "2009-12-31": "2.29200", "2008-12-31": "10.26400", "2007-12-31": "7.98600", "2006-12-31": "6.10400", "2005-12-31": "4.24200"}, "Pre-Tax Income": {"2019-12-31": "162.99400", "2018-12-31": "234.57400", "2017-12-31": "266.46400", "2016-12-31": "162.07700", "2015-12-31": "126.96200", "2014-12-31": "131.75600", "2013-12-31": "78.45600", "2012-12-31": "86.63000", "2011-12-31": "87.11700", "2010-12-31": "76.10300", "2009-12-31": "-10.37600", "2008-12-31": "35.36800", "2007-12-31": "36.12200", "2006-12-31": "50.57700", "2005-12-31": "48.24600"}, "Income Taxes": {"2019-12-31": "-40.87100", "2018-12-31": "15.30700", "2017-12-31": "89.75200", "2016-12-31": "18.12800", "2015-12-31": "19.29800", "2014-12-31": "20.91500", "2013-12-31": "11.27300", "2012-12-31": "18.53200", "2011-12-31": "17.24800", "2010-12-31": "14.72200", "2009-12-31": "-5.50700", "2008-12-31": "4.86900", "2007-12-31": "8.57500", "2006-12-31": "10.54900", "2005-12-31": "12.54400"}, "Income After Taxes": {"2019-12-31": "203.86500", "2018-12-31": "219.26700", "2017-12-31": "176.71200", "2016-12-31": "143.94900", "2015-12-31": "107.66400", "2014-12-31": "110.84100", "2013-12-31": "67.18300", "2012-12-31": "68.09800", "2011-12-31": "69.86900", "2010-12-31": "61.38100", "2009-12-31": "-4.86900", "2008-12-31": "30.49900", "2007-12-31": "27.54700", "2006-12-31": "40.02800", "2005-12-31": "35.70200"}, "Other Income": {"2019-12-31": "", "2018-12-31": "", "2017-12-31": "", "2016-12-31": "", "2015-12-31": "", "2014-12-31": "", "2013-12-31": "", "2012-12-31": "", "2011-12-31": "", "2010-12-31": "", "2009-12-31": "", "2008-12-31": "", "2007-12-31": "", "2006-12-31": "", "2005-12-31": ""}, "Income From Continuous Operations": {"2019-12-31": "203.86500", "2018-12-31": "219.26700", "2017-12-31": "176.71200", "2016-12-31": "143.94900", "2015-12-31": "107.66400", "2014-12-31": "110.84100", "2013-12-31": "67.18300", "2012-12-31": "68.09800", "2011-12-31": "69.86900", "2010-12-31": "61.38100", "2009-12-31": "-4.86900", "2008-12-31": "30.49900", "2007-12-31": "27.54700", "2006-12-31": "40.02800", "2005-12-31": "35.70200"}, "Income From Discontinued Operations": {"2019-12-31": "", "2018-12-31": "", "2017-12-31": "", "2016-12-31": "-0.25500", "2015-12-31": "79.41000", "2014-12-31": "10.64400", "2013-12-31": "6.39000", "2012-12-31": "", "2011-12-31": "", "2010-12-31": "", "2009-12-31": "", "2008-12-31": "-3.22400", "2007-12-31": "-0.64800", "2006-12-31": "-0.17300", "2005-12-31": ""}, "Net Income": {"2019-12-31": "203.86500", "2018-12-31": "219.26700", "2017-12-31": "176.71200", "2016-12-31": "143.69400", "2015-12-31": "187.07400", "2014-12-31": "121.48500", "2013-12-31": "73.57300", "2012-12-31": "68.09800", "2011-12-31": "69.86900", "2010-12-31": "61.38100", "2009-12-31": "-4.86900", "2008-12-31": "27.27500", "2007-12-31": "26.89900", "2006-12-31": "39.85500", "2005-12-31": "35.70200"}, "EBITDA": {"2019-12-31": "166.88400", "2018-12-31": "242.79900", "2017-12-31": "276.05700", "2016-12-31": "169.51800", "2015-12-31": "136.32900", "2014-12-31": "142.14200", "2013-12-31": "90.55900", "2012-12-31": "100.00000", "2011-12-31": "101.49400", "2010-12-31": "88.71700", "2009-12-31": "-1.57600", "2008-12-31": "37.79900", "2007-12-31": "39.49400", "2006-12-31": "56.14000", "2005-12-31": "55.42900"}, "EBIT": {"2019-12-31": "142.60200", "2018-12-31": "221.14200", "2017-12-31": "258.86100", "2016-12-31": "154.06600", "2015-12-31": "121.52100", "2014-12-31": "127.85200", "2013-12-31": "76.93800", "2012-12-31": "83.40700", "2011-12-31": "85.35500", "2010-12-31": "75.71300", "2009-12-31": "-12.66800", "2008-12-31": "25.10400", "2007-12-31": "28.13600", "2006-12-31": "44.47300", "2005-12-31": "44.00400"}, "Basic Shares Outstanding": {"2019-12-31": "171.19400", "2018-12-31": "172.33300", "2017-12-31": "173.28700", "2016-12-31": "170.67600", "2015-12-31": "172.59200", "2014-12-31": "173.71600", "2013-12-31": "173.89200", "2012-12-31": "171.33200", "2011-12-31": "167.43600", "2010-12-31": "159.69600", "2009-12-31": "158.63600", "2008-12-31": "165.74800", "2007-12-31": "174.90000", "2006-12-31": "182.23600", "2005-12-31": "186.83600"}, "Shares Outstanding": {"2019-12-31": "175.26900", "2018-12-31": "177.40600", "2017-12-31": "179.55100", "2016-12-31": "174.14400", "2015-12-31": "175.98200", "2014-12-31": "178.14200", "2013-12-31": "177.80200", "2012-12-31": "174.56000", "2011-12-31": "171.04800", "2010-12-31": "161.18800", "2009-12-31": "158.63600", "2008-12-31": "166.21600", "2007-12-31": "176.25200", "2006-12-31": "186.59200", "2005-12-31": "191.74000"}, "Basic EPS": {"2019-12-31": "1.19000", "2018-12-31": "1.27000", "2017-12-31": "1.02000", "2016-12-31": "0.84000", "2015-12-31": "1.08000", "2014-12-31": "0.70000", "2013-12-31": "0.42500", "2012-12-31": "0.39500", "2011-12-31": "0.41500", "2010-12-31": "0.38500", "2009-12-31": "-0.03000", "2008-12-31": "0.16500", "2007-12-31": "0.15500", "2006-12-31": "0.21750", "2005-12-31": "0.19000"}, "EPS - Earnings Per Share": {"2019-12-31": "1.16000", "2018-12-31": "1.24000", "2017-12-31": "0.98000", "2016-12-31": "0.83000", "2015-12-31": "1.06000", "2014-12-31": "0.68000", "2013-12-31": "0.41500", "2012-12-31": "0.39000", "2011-12-31": "0.41000", "2010-12-31": "0.38000", "2009-12-31": "-0.03000", "2008-12-31": "0.16500", "2007-12-31": "0.15250", "2006-12-31": "0.21250", "2005-12-31": "0.18500"}}, "income statement, quarterly": {"Revenue": {"2020-09-30": "251.07300", "2020-06-30": "169.09700", "2020-03-31": "167.23500", "2019-12-31": "169.76900", "2019-09-30": "183.32500", "2019-06-30": "199.04700", "2019-03-31": "173.48400", "2018-12-31": "193.28600", "2018-09-30": "232.22100", "2018-06-30": "211.26400", "2018-03-31": "169.56700", "2017-12-31": "182.92200", "2017-09-30": "266.04200", "2017-06-30": "178.08000", "2017-03-31": "139.03900", "2016-12-31": "138.08400", "2016-09-30": "147.95200", "2016-06-30": "147.27400", "2016-03-31": "96.20500", "2015-12-31": "97.76800", "2015-09-30": "107.58700", "2015-06-30": "143.82900", "2015-03-31": "101.37300", "2014-12-31": "88.88800", "2014-09-30": "154.35600", "2014-06-30": "92.27600", "2014-03-31": "90.92900", "2013-12-31": "95.69600", "2013-09-30": "90.78800", "2013-06-30": "86.51000", "2013-03-31": "80.89200", "2012-12-31": "82.16800", "2012-09-30": "80.07600", "2012-06-30": "84.32600", "2012-03-31": "77.70900", "2011-12-31": "84.04200", "2011-09-30": "80.08500", "2011-06-30": "83.39300", "2011-03-31": "74.39400", "2010-12-31": "84.92000", "2010-09-30": "74.99300", "2010-06-30": "71.81100", "2010-03-31": "58.96700", "2009-12-31": "51.29400", "2009-09-30": "41.17800", "2009-06-30": "40.96800", "2009-03-31": "42.28700", "2008-12-31": "51.82200", "2008-09-30": "63.25600", "2008-06-30": "67.08900", "2008-03-31": "60.51300", "2007-12-31": "65.26900", "2007-09-30": "54.74300", "2007-06-30": "54.74200", "2007-03-31": "50.92900", "2006-12-31": "58.19900", "2006-09-30": "58.00500", "2006-06-30": "63.07400", "2006-03-31": "59.04000", "2005-12-31": "60.81800", "2005-09-30": "58.25600", "2005-06-30": "54.60300", "2005-03-31": "43.19800"}, "Cost Of Goods Sold": {"2020-09-30": "59.74100", "2020-06-30": "50.32000", "2020-03-31": "41.20000", "2019-12-31": "44.87100", "2019-09-30": "47.63200", "2019-06-30": "50.96700", "2019-03-31": "46.28400", "2018-12-31": "52.82500", "2018-09-30": "58.86000", "2018-06-30": "54.16900", "2018-03-31": "40.19800", "2017-12-31": "44.53200", "2017-09-30": "68.06100", "2017-06-30": "42.16400", "2017-03-31": "32.53200", "2016-12-31": "42.14000", "2016-09-30": "32.74900", "2016-06-30": "35.21300", "2016-03-31": "20.96800", "2015-12-31": "23.40000", "2015-09-30": "26.31900", "2015-06-30": "30.50800", "2015-03-31": "22.34400", "2014-12-31": "17.08100", "2014-09-30": "37.71200", "2014-06-30": "18.19000", "2014-03-31": "21.08400", "2013-12-31": "22.15900", "2013-09-30": "21.34800", "2013-06-30": "21.15000", "2013-03-31": "19.42300", "2012-12-31": "20.38200", "2012-09-30": "19.50600", "2012-06-30": "20.54900", "2012-03-31": "19.05800", "2011-12-31": "21.20400", "2011-09-30": "18.95300", "2011-06-30": "19.37900", "2011-03-31": "18.38300", "2010-12-31": "24.01700", "2010-09-30": "18.91300", "2010-06-30": "18.71700", "2010-03-31": "15.94100", "2009-12-31": "15.90900", "2009-09-30": "12.03800", "2009-06-30": "14.97600", "2009-03-31": "13.46400", "2008-12-31": "14.93900", "2008-09-30": "17.40800", "2008-06-30": "19.02500", "2008-03-31": "17.05500", "2007-12-31": "17.39400", "2007-09-30": "14.58500", "2007-06-30": "17.95000", "2007-03-31": "14.42100", "2006-12-31": "16.08800", "2006-09-30": "15.44700", "2006-06-30": "16.59300", "2006-03-31": "16.71000", "2005-12-31": "17.28900", "2005-09-30": "15.75500", "2005-06-30": "16.06500", "2005-03-31": "13.79000"}, "Gross Profit": {"2020-09-30": "191.33200", "2020-06-30": "118.77700", "2020-03-31": "126.03500", "2019-12-31": "124.89800", "2019-09-30": "135.69300", "2019-06-30": "148.08000", "2019-03-31": "127.20000", "2018-12-31": "140.46100", "2018-09-30": "173.36100", "2018-06-30": "157.09500", "2018-03-31": "129.36900", "2017-12-31": "138.39000", "2017-09-30": "197.98100", "2017-06-30": "135.91600", "2017-03-31": "106.50700", "2016-12-31": "95.94400", "2016-09-30": "115.20300", "2016-06-30": "112.06100", "2016-03-31": "75.23700", "2015-12-31": "74.36800", "2015-09-30": "81.26800", "2015-06-30": "113.32100", "2015-03-31": "79.02900", "2014-12-31": "71.80700", "2014-09-30": "116.64400", "2014-06-30": "74.08600", "2014-03-31": "69.84500", "2013-12-31": "73.53700", "2013-09-30": "69.44000", "2013-06-30": "65.36000", "2013-03-31": "61.46900", "2012-12-31": "61.78600", "2012-09-30": "60.57000", "2012-06-30": "63.77700", "2012-03-31": "58.65100", "2011-12-31": "62.83800", "2011-09-30": "61.13200", "2011-06-30": "64.01400", "2011-03-31": "56.01100", "2010-12-31": "60.90300", "2010-09-30": "56.08000", "2010-06-30": "53.09400", "2010-03-31": "43.02600", "2009-12-31": "35.38500", "2009-09-30": "29.14000", "2009-06-30": "25.99200", "2009-03-31": "28.82300", "2008-12-31": "36.88300", "2008-09-30": "45.84800", "2008-06-30": "48.06400", "2008-03-31": "43.45800", "2007-12-31": "47.87500", "2007-09-30": "40.15800", "2007-06-30": "36.79200", "2007-03-31": "36.50800", "2006-12-31": "42.11100", "2006-09-30": "42.55800", "2006-06-30": "46.48100", "2006-03-31": "42.33000", "2005-12-31": "43.52900", "2005-09-30": "42.50100", "2005-06-30": "38.53800", "2005-03-31": "29.40800"}, "Research And Development Expenses": {"2020-09-30": "30.24000", "2020-06-30": "30.39700", "2020-03-31": "35.94600", "2019-12-31": "32.99100", "2019-09-30": "28.11500", "2019-06-30": "28.07900", "2019-03-31": "30.24200", "2018-12-31": "28.78100", "2018-09-30": "29.70000", "2018-06-30": "26.88800", "2018-03-31": "31.07600", "2017-12-31": "26.98000", "2017-09-30": "26.07800", "2017-06-30": "23.37700", "2017-03-31": "22.77000", "2016-12-31": "19.44000", "2016-09-30": "18.60300", "2016-06-30": "19.67100", "2016-03-31": "20.55500", "2015-12-31": "17.52600", "2015-09-30": "16.97700", "2015-06-30": "18.30200", "2015-03-31": "16.98600", "2014-12-31": "13.27300", "2014-09-30": "17.53200", "2014-06-30": "12.52400", "2014-03-31": "12.50200", "2013-12-31": "12.69500", "2013-09-30": "12.18400", "2013-06-30": "11.88700", "2013-03-31": "11.32100", "2012-12-31": "10.88600", "2012-09-30": "10.00200", "2012-06-30": "10.30000", "2012-03-31": "10.36100", "2011-12-31": "10.35000", "2011-09-30": "10.60800", "2011-06-30": "10.50600", "2011-03-31": "9.48200", "2010-12-31": "8.94000", "2010-09-30": "7.96100", "2010-06-30": "8.07600", "2010-03-31": "8.10300", "2009-12-31": "7.83700", "2009-09-30": "6.75600", "2009-06-30": "7.70400", "2009-03-31": "8.83500", "2008-12-31": "8.97000", "2008-09-30": "9.07300", "2008-06-30": "9.29000", "2008-03-31": "8.92900", "2007-12-31": "9.21200", "2007-09-30": "8.37100", "2007-06-30": "7.87000", "2007-03-31": "7.93100", "2006-12-31": "7.83600", "2006-09-30": "7.99700", "2006-06-30": "8.58200", "2006-03-31": "7.91700", "2005-12-31": "6.91600", "2005-09-30": "7.22400", "2005-06-30": "7.18500", "2005-03-31": "6.31500"}, "SG&A Expenses": {"2020-09-30": "64.20600", "2020-06-30": "60.15300", "2020-03-31": "69.13800", "2019-12-31": "74.30000", "2019-09-30": "64.48600", "2019-06-30": "68.24500", "2019-03-31": "66.81100", "2018-12-31": "66.43300", "2018-09-30": "65.81700", "2018-06-30": "66.75200", "2018-03-31": "63.69700", "2017-12-31": "60.63500", "2017-09-30": "61.05400", "2017-06-30": "52.51800", "2017-03-31": "46.52100", "2016-12-31": "42.98500", "2016-09-30": "42.07200", "2016-06-30": "42.71500", "2016-03-31": "38.33800", "2015-12-31": "37.69400", "2015-09-30": "35.80600", "2015-06-30": "43.24100", "2015-03-31": "39.93300", "2014-12-31": "34.48800", "2014-09-30": "43.77300", "2014-06-30": "35.53800", "2014-03-31": "34.90000", "2013-12-31": "36.00700", "2013-09-30": "33.87700", "2013-06-30": "33.30000", "2013-03-31": "32.16700", "2012-12-31": "30.38700", "2012-09-30": "28.76500", "2012-06-30": "30.12700", "2012-03-31": "30.54900", "2011-12-31": "30.93200", "2011-09-30": "28.13500", "2011-06-30": "29.46600", "2011-03-31": "29.16100", "2010-12-31": "29.01800", "2010-09-30": "25.85700", "2010-06-30": "25.73800", "2010-03-31": "23.62200", "2009-12-31": "26.52400", "2009-09-30": "21.28100", "2009-06-30": "22.40400", "2009-03-31": "26.14100", "2008-12-31": "29.26700", "2008-09-30": "28.78800", "2008-06-30": "28.04800", "2008-03-31": "26.52600", "2007-12-31": "26.94500", "2007-09-30": "24.30200", "2007-06-30": "24.59300", "2007-03-31": "23.97300", "2006-12-31": "24.20500", "2006-09-30": "23.41400", "2006-06-30": "25.27700", "2006-03-31": "23.77900", "2005-12-31": "21.97900", "2005-09-30": "21.35100", "2005-06-30": "21.49400", "2005-03-31": "17.50800"}, "Other Operating Income Or Expenses": {"2020-09-30": "", "2020-06-30": "-19.57100", "2020-03-31": "", "2019-12-31": "", "2019-09-30": "", "2019-06-30": "", "2019-03-31": "", "2018-12-31": "", "2018-09-30": "", "2018-06-30": "", "2018-03-31": "", "2017-12-31": "", "2017-09-30": "", "2017-06-30": "", "2017-03-31": "", "2016-12-31": "", "2016-09-30": "", "2016-06-30": "", "2016-03-31": "", "2015-12-31": "", "2015-09-30": "", "2015-06-30": "", "2015-03-31": "", "2014-12-31": "", "2014-09-30": "", "2014-06-30": "", "2014-03-31": "", "2013-12-31": "", "2013-09-30": "", "2013-06-30": "", "2013-03-31": "", "2012-12-31": "", "2012-09-30": "", "2012-06-30": "", "2012-03-31": "", "2011-12-31": "", "2011-09-30": "", "2011-06-30": "", "2011-03-31": "", "2010-12-31": "", "2010-09-30": "", "2010-06-30": "", "2010-03-31": "", "2009-12-31": "", "2009-09-30": "", "2009-06-30": "", "2009-03-31": "", "2008-12-31": "", "2008-09-30": "", "2008-06-30": "", "2008-03-31": "", "2007-12-31": "", "2007-09-30": "", "2007-06-30": "", "2007-03-31": "", "2006-12-31": "", "2006-09-30": "", "2006-06-30": "", "2006-03-31": "", "2005-12-31": "", "2005-09-30": "", "2005-06-30": "", "2005-03-31": ""}, "Operating Expenses": {"2020-09-30": "154.43800", "2020-06-30": "175.23900", "2020-03-31": "146.28400", "2019-12-31": "152.16200", "2019-09-30": "140.23300", "2019-06-30": "147.29100", "2019-03-31": "143.33700", "2018-12-31": "148.03900", "2018-09-30": "154.37700", "2018-06-30": "147.80900", "2018-03-31": "134.97100", "2017-12-31": "132.14700", "2017-09-30": "155.19300", "2017-06-30": "118.05900", "2017-03-31": "101.82300", "2016-12-31": "104.56500", "2016-09-30": "93.42400", "2016-06-30": "97.59900", "2016-03-31": "79.86100", "2015-12-31": "78.62000", "2015-09-30": "79.10200", "2015-06-30": "92.05100", "2015-03-31": "79.26300", "2014-12-31": "64.84200", "2014-09-30": "99.01700", "2014-06-30": "66.25200", "2014-03-31": "68.48600", "2013-12-31": "70.86100", "2013-09-30": "67.40900", "2013-06-30": "66.33700", "2013-03-31": "62.91100", "2012-12-31": "61.65500", "2012-09-30": "58.27300", "2012-06-30": "60.97600", "2012-03-31": "59.96800", "2011-12-31": "62.48600", "2011-09-30": "57.69600", "2011-06-30": "59.35100", "2011-03-31": "57.02600", "2010-12-31": "61.97500", "2010-09-30": "52.71800", "2010-06-30": "52.57000", "2010-03-31": "47.71500", "2009-12-31": "50.53800", "2009-09-30": "40.29800", "2009-06-30": "48.82200", "2009-03-31": "48.73700", "2008-12-31": "53.43400", "2008-09-30": "55.26900", "2008-06-30": "56.36300", "2008-03-31": "52.51000", "2007-12-31": "53.55100", "2007-09-30": "47.25800", "2007-06-30": "50.41300", "2007-03-31": "46.32500", "2006-12-31": "48.12900", "2006-09-30": "46.85800", "2006-06-30": "50.45200", "2006-03-31": "48.40600", "2005-12-31": "46.18400", "2005-09-30": "44.33000", "2005-06-30": "44.74400", "2005-03-31": "37.61300"}, "Operating Income": {"2020-09-30": "96.63500", "2020-06-30": "-6.14200", "2020-03-31": "20.95100", "2019-12-31": "17.60700", "2019-09-30": "43.09200", "2019-06-30": "51.75600", "2019-03-31": "30.14700", "2018-12-31": "45.24700", "2018-09-30": "77.84400", "2018-06-30": "63.45500", "2018-03-31": "34.59600", "2017-12-31": "50.77500", "2017-09-30": "110.84900", "2017-06-30": "60.02100", "2017-03-31": "37.21600", "2016-12-31": "33.51900", "2016-09-30": "54.52800", "2016-06-30": "49.67500", "2016-03-31": "16.34400", "2015-12-31": "19.14800", "2015-09-30": "28.48500", "2015-06-30": "51.77800", "2015-03-31": "22.11000", "2014-12-31": "24.04600", "2014-09-30": "55.33900", "2014-06-30": "26.02400", "2014-03-31": "22.44300", "2013-12-31": "24.83500", "2013-09-30": "23.37900", "2013-06-30": "20.17300", "2013-03-31": "17.98100", "2012-12-31": "20.51300", "2012-09-30": "21.80300", "2012-06-30": "23.35000", "2012-03-31": "17.74100", "2011-12-31": "21.55600", "2011-09-30": "22.38900", "2011-06-30": "24.04200", "2011-03-31": "17.36800", "2010-12-31": "22.94500", "2010-09-30": "22.27500", "2010-06-30": "19.24100", "2010-03-31": "11.25200", "2009-12-31": "0.75600", "2009-09-30": "0.88000", "2009-06-30": "-7.85400", "2009-03-31": "-6.45000", "2008-12-31": "-1.61200", "2008-09-30": "7.98700", "2008-06-30": "10.72600", "2008-03-31": "8.00300", "2007-12-31": "11.71800", "2007-09-30": "7.48500", "2007-06-30": "4.32900", "2007-03-31": "4.60400", "2006-12-31": "10.07000", "2006-09-30": "11.14700", "2006-06-30": "12.62200", "2006-03-31": "10.63400", "2005-12-31": "14.63400", "2005-09-30": "13.92600", "2005-06-30": "9.85900", "2005-03-31": "5.58500"}, "Total Non-Operating Income/Expense": {"2020-09-30": "4.67400", "2020-06-30": "3.83000", "2020-03-31": "2.04300", "2019-12-31": "5.31400", "2019-09-30": "4.27500", "2019-06-30": "5.21900", "2019-03-31": "5.58400", "2018-12-31": "3.50200", "2018-09-30": "3.42900", "2018-06-30": "3.11800", "2018-03-31": "3.38300", "2017-12-31": "1.89600", "2017-09-30": "1.90300", "2017-06-30": "1.78500", "2017-03-31": "2.01900", "2016-12-31": "2.95400", "2016-09-30": "1.81400", "2016-06-30": "1.99900", "2016-03-31": "1.24400", "2015-12-31": "2.60100", "2015-09-30": "0.77800", "2015-06-30": "0.86300", "2015-03-31": "1.19900", "2014-12-31": "1.07600", "2014-09-30": "1.77200", "2014-06-30": "0.65200", "2014-03-31": "0.40400", "2013-12-31": "0.02400", "2013-09-30": "0.32900", "2013-06-30": "0.59300", "2013-03-31": "0.57200", "2012-12-31": "0.93100", "2012-09-30": "0.28300", "2012-06-30": "1.67200", "2012-03-31": "0.33700", "2011-12-31": "0.13200", "2011-09-30": "0.53000", "2011-06-30": "0.75900", "2011-03-31": "0.34100", "2010-12-31": "0.04300", "2010-09-30": "0.35700", "2010-06-30": "0.14400", "2010-03-31": "-0.15400", "2009-12-31": "-0.28700", "2009-09-30": "0.26200", "2009-06-30": "0.02500", "2009-03-31": "2.29200", "2008-12-31": "3.51800", "2008-09-30": "2.15700", "2008-06-30": "1.13900", "2008-03-31": "3.45000", "2007-12-31": "2.47700", "2007-09-30": "2.23400", "2007-06-30": "1.61500", "2007-03-31": "1.66000", "2006-12-31": "1.95500", "2006-09-30": "1.23600", "2006-06-30": "1.49200", "2006-03-31": "1.42100", "2005-12-31": "1.24500", "2005-09-30": "0.74600", "2005-06-30": "0.68200", "2005-03-31": "1.56900"}, "Pre-Tax Income": {"2020-09-30": "101.30900", "2020-06-30": "-2.31200", "2020-03-31": "22.99400", "2019-12-31": "22.92100", "2019-09-30": "47.36700", "2019-06-30": "56.97500", "2019-03-31": "35.73100", "2018-12-31": "48.74900", "2018-09-30": "81.27300", "2018-06-30": "66.57300", "2018-03-31": "37.97900", "2017-12-31": "52.67100", "2017-09-30": "112.75200", "2017-06-30": "61.80600", "2017-03-31": "39.23500", "2016-12-31": "36.47300", "2016-09-30": "56.34200", "2016-06-30": "51.67400", "2016-03-31": "17.58800", "2015-12-31": "21.74900", "2015-09-30": "29.26300", "2015-06-30": "52.64100", "2015-03-31": "23.30900", "2014-12-31": "25.12200", "2014-09-30": "57.11100", "2014-06-30": "26.67600", "2014-03-31": "22.84700", "2013-12-31": "24.85900", "2013-09-30": "23.70800", "2013-06-30": "20.76600", "2013-03-31": "18.55300", "2012-12-31": "21.44400", "2012-09-30": "22.08600", "2012-06-30": "25.02200", "2012-03-31": "18.07800", "2011-12-31": "21.68800", "2011-09-30": "22.91900", "2011-06-30": "24.80100", "2011-03-31": "17.70900", "2010-12-31": "22.98800", "2010-09-30": "22.63200", "2010-06-30": "19.38500", "2010-03-31": "11.09800", "2009-12-31": "0.46900", "2009-09-30": "1.14200", "2009-06-30": "-7.82900", "2009-03-31": "-4.15800", "2008-12-31": "1.90600", "2008-09-30": "10.14400", "2008-06-30": "11.86500", "2008-03-31": "11.45300", "2007-12-31": "14.19500", "2007-09-30": "9.71900", "2007-06-30": "5.94400", "2007-03-31": "6.26400", "2006-12-31": "12.02500", "2006-09-30": "12.38300", "2006-06-30": "14.11400", "2006-03-31": "12.05500", "2005-12-31": "15.87900", "2005-09-30": "14.67200", "2005-06-30": "10.54100", "2005-03-31": "7.15400"}, "Income Taxes": {"2020-09-30": "13.80300", "2020-06-30": "-1.17000", "2020-03-31": "2.51700", "2019-12-31": "-57.40600", "2019-09-30": "5.68200", "2019-06-30": "8.22600", "2019-03-31": "2.62700", "2018-12-31": "3.33100", "2018-09-30": "0.83700", "2018-06-30": "10.37700", "2018-03-31": "0.76200", "2017-12-31": "80.41800", "2017-09-30": "10.25900", "2017-06-30": "5.31100", "2017-03-31": "-6.23600", "2016-12-31": "4.09800", "2016-09-30": "2.66700", "2016-06-30": "8.66000", "2016-03-31": "2.70300", "2015-12-31": "2.89500", "2015-09-30": "3.44100", "2015-06-30": "9.12500", "2015-03-31": "3.83700", "2014-12-31": "3.14300", "2014-09-30": "9.43000", "2014-06-30": "4.00100", "2014-03-31": "4.34100", "2013-12-31": "4.41600", "2013-09-30": "2.98100", "2013-06-30": "3.94600", "2013-03-31": "2.97000", "2012-12-31": "5.20000", "2012-09-30": "4.28100", "2012-06-30": "5.25500", "2012-03-31": "3.79600", "2011-12-31": "2.58900", "2011-09-30": "4.88200", "2011-06-30": "5.70400", "2011-03-31": "4.07300", "2010-12-31": "3.22400", "2010-09-30": "4.48700", "2010-06-30": "4.45800", "2010-03-31": "2.55300", "2009-12-31": "0.01000", "2009-09-30": "-3.35900", "2009-06-30": "-1.41000", "2009-03-31": "-0.74800", "2008-12-31": "0.09200", "2008-09-30": "-1.18900", "2008-06-30": "3.10300", "2008-03-31": "2.86300", "2007-12-31": "2.79400", "2007-09-30": "2.14800", "2007-06-30": "2.00400", "2007-03-31": "1.62900", "2006-12-31": "2.34700", "2006-09-30": "2.26700", "2006-06-30": "2.68000", "2006-03-31": "3.25500", "2005-12-31": "4.12900", "2005-09-30": "3.81400", "2005-06-30": "2.74100", "2005-03-31": "1.86000"}, "Income After Taxes": {"2020-09-30": "87.50600", "2020-06-30": "-1.14200", "2020-03-31": "20.47700", "2019-12-31": "80.32700", "2019-09-30": "41.68500", "2019-06-30": "48.74900", "2019-03-31": "33.10400", "2018-12-31": "45.41800", "2018-09-30": "80.43600", "2018-06-30": "56.19600", "2018-03-31": "37.21700", "2017-12-31": "-27.74700", "2017-09-30": "102.49300", "2017-06-30": "56.49500", "2017-03-31": "45.47100", "2016-12-31": "32.37500", "2016-09-30": "53.67500", "2016-06-30": "43.01400", "2016-03-31": "14.88500", "2015-12-31": "18.85400", "2015-09-30": "25.82200", "2015-06-30": "43.51600", "2015-03-31": "19.47200", "2014-12-31": "21.97900", "2014-09-30": "47.68100", "2014-06-30": "22.67500", "2014-03-31": "18.50600", "2013-12-31": "20.44300", "2013-09-30": "20.72700", "2013-06-30": "16.82000", "2013-03-31": "15.58300", "2012-12-31": "16.24400", "2012-09-30": "17.80500", "2012-06-30": "19.76700", "2012-03-31": "14.28200", "2011-12-31": "19.09900", "2011-09-30": "18.03700", "2011-06-30": "19.09700", "2011-03-31": "13.63600", "2010-12-31": "19.76400", "2010-09-30": "18.14500", "2010-06-30": "14.92700", "2010-03-31": "8.54500", "2009-12-31": "0.45900", "2009-09-30": "4.50100", "2009-06-30": "-6.41900", "2009-03-31": "-3.41000", "2008-12-31": "1.81400", "2008-09-30": "11.33300", "2008-06-30": "8.76200", "2008-03-31": "8.59000", "2007-12-31": "11.40100", "2007-09-30": "7.57100", "2007-06-30": "3.94000", "2007-03-31": "4.63500", "2006-12-31": "9.67800", "2006-09-30": "10.11600", "2006-06-30": "11.43400", "2006-03-31": "8.80000", "2005-12-31": "11.75000", "2005-09-30": "10.85800", "2005-06-30": "7.80000", "2005-03-31": "5.29400"}, "Other Income": {"2020-09-30": "", "2020-06-30": "", "2020-03-31": "", "2019-12-31": "", "2019-09-30": "", "2019-06-30": "", "2019-03-31": "", "2018-12-31": "", "2018-09-30": "", "2018-06-30": "", "2018-03-31": "", "2017-12-31": "", "2017-09-30": "", "2017-06-30": "", "2017-03-31": "", "2016-12-31": "", "2016-09-30": "", "2016-06-30": "", "2016-03-31": "", "2015-12-31": "", "2015-09-30": "", "2015-06-30": "", "2015-03-31": "", "2014-12-31": "", "2014-09-30": "", "2014-06-30": "", "2014-03-31": "", "2013-12-31": "", "2013-09-30": "", "2013-06-30": "", "2013-03-31": "", "2012-12-31": "", "2012-09-30": "", "2012-06-30": "", "2012-03-31": "", "2011-12-31": "", "2011-09-30": "", "2011-06-30": "", "2011-03-31": "", "2010-12-31": "", "2010-09-30": "", "2010-06-30": "", "2010-03-31": "", "2009-12-31": "", "2009-09-30": "", "2009-06-30": "", "2009-03-31": "", "2008-12-31": "", "2008-09-30": "", "2008-06-30": "", "2008-03-31": "", "2007-12-31": "", "2007-09-30": "", "2007-06-30": "", "2007-03-31": "", "2006-12-31": "", "2006-09-30": "", "2006-06-30": "", "2006-03-31": "", "2005-12-31": "", "2005-09-30": "", "2005-06-30": "", "2005-03-31": ""}, "Income From Continuous Operations": {"2020-09-30": "87.50600", "2020-06-30": "-1.14200", "2020-03-31": "20.47700", "2019-12-31": "80.32700", "2019-09-30": "41.68500", "2019-06-30": "48.74900", "2019-03-31": "33.10400", "2018-12-31": "45.41800", "2018-09-30": "80.43600", "2018-06-30": "56.19600", "2018-03-31": "37.21700", "2017-12-31": "-27.74700", "2017-09-30": "102.49300", "2017-06-30": "56.49500", "2017-03-31": "45.47100", "2016-12-31": "32.37500", "2016-09-30": "53.67500", "2016-06-30": "43.01400", "2016-03-31": "14.88500", "2015-12-31": "18.85400", "2015-09-30": "25.82200", "2015-06-30": "43.51600", "2015-03-31": "19.47200", "2014-12-31": "21.97900", "2014-09-30": "47.68100", "2014-06-30": "22.67500", "2014-03-31": "18.50600", "2013-12-31": "20.44300", "2013-09-30": "20.72700", "2013-06-30": "16.82000", "2013-03-31": "15.58300", "2012-12-31": "16.24400", "2012-09-30": "17.80500", "2012-06-30": "19.76700", "2012-03-31": "14.28200", "2011-12-31": "19.09900", "2011-09-30": "18.03700", "2011-06-30": "19.09700", "2011-03-31": "13.63600", "2010-12-31": "19.76400", "2010-09-30": "18.14500", "2010-06-30": "14.92700", "2010-03-31": "8.54500", "2009-12-31": "0.45900", "2009-09-30": "4.50100", "2009-06-30": "-6.41900", "2009-03-31": "-3.41000", "2008-12-31": "1.81400", "2008-09-30": "11.33300", "2008-06-30": "8.76200", "2008-03-31": "8.59000", "2007-12-31": "11.40100", "2007-09-30": "7.57100", "2007-06-30": "3.94000", "2007-03-31": "4.63500", "2006-12-31": "9.67800", "2006-09-30": "10.11600", "2006-06-30": "11.43400", "2006-03-31": "8.80000", "2005-12-31": "11.75000", "2005-09-30": "10.85800", "2005-06-30": "7.80000", "2005-03-31": "5.29400"}, "Income From Discontinued Operations": {"2020-09-30": "", "2020-06-30": "", "2020-03-31": "", "2019-12-31": "", "2019-09-30": "", "2019-06-30": "", "2019-03-31": "", "2018-12-31": "", "2018-09-30": "", "2018-06-30": "", "2018-03-31": "", "2017-12-31": "", "2017-09-30": "", "2017-06-30": "", "2017-03-31": "", "2016-12-31": "", "2016-09-30": "", "2016-06-30": "-0.25500", "2016-03-31": "", "2015-12-31": "-0.10800", "2015-09-30": "78.29000", "2015-06-30": "0.19800", "2015-03-31": "1.03000", "2014-12-31": "4.65200", "2014-09-30": "2.71900", "2014-06-30": "3.27300", "2014-03-31": "", "2013-12-31": "", "2013-09-30": "", "2013-06-30": "", "2013-03-31": "", "2012-12-31": "", "2012-09-30": "", "2012-06-30": "", "2012-03-31": "", "2011-12-31": "", "2011-09-30": "", "2011-06-30": "", "2011-03-31": "", "2010-12-31": "", "2010-09-30": "", "2010-06-30": "", "2010-03-31": "", "2009-12-31": "", "2009-09-30": "", "2009-06-30": "", "2009-03-31": "", "2008-12-31": "0.00000", "2008-09-30": "", "2008-06-30": "-3.10900", "2008-03-31": "-0.11500", "2007-12-31": "-0.30700", "2007-09-30": "-0.22800", "2007-06-30": "-0.11300", "2007-03-31": "", "2006-12-31": "", "2006-09-30": "", "2006-06-30": "", "2006-03-31": "", "2005-12-31": "", "2005-09-30": "", "2005-06-30": "", "2005-03-31": ""}, "Net Income": {"2020-09-30": "87.50600", "2020-06-30": "-1.14200", "2020-03-31": "20.47700", "2019-12-31": "80.32700", "2019-09-30": "41.68500", "2019-06-30": "48.74900", "2019-03-31": "33.10400", "2018-12-31": "45.41800", "2018-09-30": "80.43600", "2018-06-30": "56.19600", "2018-03-31": "37.21700", "2017-12-31": "-27.74700", "2017-09-30": "102.49300", "2017-06-30": "56.49500", "2017-03-31": "45.47100", "2016-12-31": "32.37500", "2016-09-30": "53.67500", "2016-06-30": "42.75900", "2016-03-31": "14.88500", "2015-12-31": "18.74600", "2015-09-30": "104.11200", "2015-06-30": "43.71400", "2015-03-31": "20.50200", "2014-12-31": "26.63100", "2014-09-30": "50.40000", "2014-06-30": "25.94800", "2014-03-31": "18.50600", "2013-12-31": "20.44300", "2013-09-30": "20.72700", "2013-06-30": "16.82000", "2013-03-31": "15.58300", "2012-12-31": "16.24400", "2012-09-30": "17.80500", "2012-06-30": "19.76700", "2012-03-31": "14.28200", "2011-12-31": "19.09900", "2011-09-30": "18.03700", "2011-06-30": "19.09700", "2011-03-31": "13.63600", "2010-12-31": "19.76400", "2010-09-30": "18.14500", "2010-06-30": "14.92700", "2010-03-31": "8.54500", "2009-12-31": "0.45900", "2009-09-30": "4.50100", "2009-06-30": "-6.41900", "2009-03-31": "-3.41000", "2008-12-31": "1.81400", "2008-09-30": "11.33300", "2008-06-30": "5.65300", "2008-03-31": "8.47500", "2007-12-31": "11.09400", "2007-09-30": "7.34300", "2007-06-30": "3.82700", "2007-03-31": "4.63500", "2006-12-31": "9.50500", "2006-09-30": "10.11600", "2006-06-30": "11.43400", "2006-03-31": "8.80000", "2005-12-31": "11.75000", "2005-09-30": "10.85800", "2005-06-30": "7.80000", "2005-03-31": "5.29400"}, "EBITDA": {"2020-09-30": "103.23200", "2020-06-30": "0.80500", "2020-03-31": "28.07600", "2019-12-31": "24.53300", "2019-09-30": "48.71500", "2019-06-30": "59.00600", "2019-03-31": "34.63000", "2018-12-31": "51.00000", "2018-09-30": "83.24200", "2018-06-30": "68.70600", "2018-03-31": "39.85100", "2017-12-31": "55.43300", "2017-09-30": "115.18800", "2017-06-30": "64.17900", "2017-03-31": "41.25700", "2016-12-31": "37.55100", "2016-09-30": "58.30500", "2016-06-30": "53.39100", "2016-03-31": "20.27100", "2015-12-31": "22.99400", "2015-09-30": "32.07100", "2015-06-30": "55.51200", "2015-03-31": "25.75200", "2014-12-31": "27.61200", "2014-09-30": "58.89800", "2014-06-30": "29.38700", "2014-03-31": "26.24500", "2013-12-31": "28.19100", "2013-09-30": "26.68400", "2013-06-30": "23.58600", "2013-03-31": "21.52800", "2012-12-31": "24.28600", "2012-09-30": "25.77500", "2012-06-30": "27.76900", "2012-03-31": "22.17000", "2011-12-31": "25.75700", "2011-09-30": "26.53200", "2011-06-30": "28.00000", "2011-03-31": "21.20500", "2010-12-31": "26.74800", "2010-09-30": "25.64100", "2010-06-30": "22.27600", "2010-03-31": "14.05200", "2009-12-31": "3.57900", "2009-09-30": "3.52700", "2009-06-30": "-5.16300", "2009-03-31": "-3.51900", "2008-12-31": "2.29900", "2008-09-30": "10.94600", "2008-06-30": "13.67500", "2008-03-31": "10.87900", "2007-12-31": "14.58200", "2007-09-30": "10.32900", "2007-06-30": "7.16700", "2007-03-31": "7.41600", "2006-12-31": "13.03500", "2006-09-30": "14.11300", "2006-06-30": "15.54800", "2006-03-31": "13.44400", "2005-12-31": "17.32000", "2005-09-30": "17.25800", "2005-06-30": "12.73000", "2005-03-31": "8.12100"}, "EBIT": {"2020-09-30": "96.63500", "2020-06-30": "-6.14200", "2020-03-31": "20.95100", "2019-12-31": "17.60700", "2019-09-30": "43.09200", "2019-06-30": "51.75600", "2019-03-31": "30.14700", "2018-12-31": "45.24700", "2018-09-30": "77.84400", "2018-06-30": "63.45500", "2018-03-31": "34.59600", "2017-12-31": "50.77500", "2017-09-30": "110.84900", "2017-06-30": "60.02100", "2017-03-31": "37.21600", "2016-12-31": "33.51900", "2016-09-30": "54.52800", "2016-06-30": "49.67500", "2016-03-31": "16.34400", "2015-12-31": "19.14800", "2015-09-30": "28.48500", "2015-06-30": "51.77800", "2015-03-31": "22.11000", "2014-12-31": "24.04600", "2014-09-30": "55.33900", "2014-06-30": "26.02400", "2014-03-31": "22.44300", "2013-12-31": "24.83500", "2013-09-30": "23.37900", "2013-06-30": "20.17300", "2013-03-31": "17.98100", "2012-12-31": "20.51300", "2012-09-30": "21.80300", "2012-06-30": "23.35000", "2012-03-31": "17.74100", "2011-12-31": "21.55600", "2011-09-30": "22.38900", "2011-06-30": "24.04200", "2011-03-31": "17.36800", "2010-12-31": "22.94500", "2010-09-30": "22.27500", "2010-06-30": "19.24100", "2010-03-31": "11.25200", "2009-12-31": "0.75600", "2009-09-30": "0.88000", "2009-06-30": "-7.85400", "2009-03-31": "-6.45000", "2008-12-31": "-1.61200", "2008-09-30": "7.98700", "2008-06-30": "10.72600", "2008-03-31": "8.00300", "2007-12-31": "11.71800", "2007-09-30": "7.48500", "2007-06-30": "4.32900", "2007-03-31": "4.60400", "2006-12-31": "10.07000", "2006-09-30": "11.14700", "2006-06-30": "12.62200", "2006-03-31": "10.63400", "2005-12-31": "14.63400", "2005-09-30": "13.92600", "2005-06-30": "9.85900", "2005-03-31": "5.58500"}, "Basic Shares Outstanding": {"2020-09-30": "173.94300", "2020-06-30": "172.28300", "2020-03-31": "172.40800", "2019-12-31": "171.19400", "2019-09-30": "170.74400", "2019-06-30": "171.31800", "2019-03-31": "171.09800", "2018-12-31": "172.33300", "2018-09-30": "172.18900", "2018-06-30": "172.37000", "2018-03-31": "173.28000", "2017-12-31": "173.28700", "2017-09-30": "173.23400", "2017-06-30": "173.27800", "2017-03-31": "172.64600", "2016-12-31": "170.67600", "2016-09-30": "170.92000", "2016-06-30": "170.21400", "2016-03-31": "169.88600", "2015-12-31": "172.59200", "2015-09-30": "172.60600", "2015-06-30": "174.39800", "2015-03-31": "173.52800", "2014-12-31": "173.71600", "2014-09-30": "173.92600", "2014-06-30": "173.56400", "2014-03-31": "173.75800", "2013-12-31": "174.19200", "2013-09-30": "174.67800", "2013-06-30": "174.08800", "2013-03-31": "173.04400", "2012-12-31": "171.33200", "2012-09-30": "171.64800", "2012-06-30": "171.40400", "2012-03-31": "170.28000", "2011-12-31": "167.43600", "2011-09-30": "168.51200", "2011-06-30": "167.36800", "2011-03-31": "165.34400", "2010-12-31": "159.69600", "2010-09-30": "158.91600", "2010-06-30": "158.73200", "2010-03-31": "158.66800", "2009-12-31": "158.63600", "2009-09-30": "158.64800", "2009-06-30": "158.62400", "2009-03-31": "158.62000", "2008-12-31": "165.74800", "2008-09-30": "165.38800", "2008-06-30": "167.76800", "2008-03-31": "171.91200", "2007-12-31": "174.90000", "2007-09-30": "173.14400", "2007-06-30": "175.42800", "2007-03-31": "177.73600", "2006-12-31": "182.23600", "2006-09-30": "179.30000", "2006-06-30": "185.32400", "2006-03-31": "187.68800", "2005-12-31": "186.83600", "2005-09-30": "187.72400", "2005-06-30": "185.14400", "2005-03-31": "184.94000"}, "Shares Outstanding": {"2020-09-30": "177.13800", "2020-06-30": "172.28300", "2020-03-31": "175.60200", "2019-12-31": "175.26900", "2019-09-30": "174.44900", "2019-06-30": "175.44800", "2019-03-31": "175.60700", "2018-12-31": "177.40600", "2018-09-30": "177.24500", "2018-06-30": "177.14900", "2018-03-31": "179.64100", "2017-12-31": "179.55100", "2017-09-30": "179.35400", "2017-06-30": "179.22800", "2017-03-31": "178.35400", "2016-12-31": "174.14400", "2016-09-30": "174.69200", "2016-06-30": "173.61200", "2016-03-31": "173.08200", "2015-12-31": "175.98200", "2015-09-30": "175.55200", "2015-06-30": "178.37000", "2015-03-31": "177.49800", "2014-12-31": "178.14200", "2014-09-30": "178.33400", "2014-06-30": "177.93000", "2014-03-31": "178.51800", "2013-12-31": "178.53000", "2013-09-30": "178.71800", "2013-06-30": "177.42800", "2013-03-31": "176.52000", "2012-12-31": "174.56000", "2012-09-30": "174.51600", "2012-06-30": "174.40400", "2012-03-31": "174.36000", "2011-12-31": "171.04800", "2011-09-30": "171.90400", "2011-06-30": "171.24000", "2011-03-31": "169.14400", "2010-12-31": "161.18800", "2010-09-30": "159.66800", "2010-06-30": "159.17200", "2010-03-31": "158.73200", "2009-12-31": "158.63600", "2009-09-30": "158.66400", "2009-06-30": "158.62400", "2009-03-31": "158.62000", "2008-12-31": "166.21600", "2008-09-30": "165.84800", "2008-06-30": "170.35200", "2008-03-31": "172.46400", "2007-12-31": "176.25200", "2007-09-30": "174.02400", "2007-06-30": "177.12400", "2007-03-31": "179.62000", "2006-12-31": "186.59200", "2006-09-30": "182.72800", "2006-06-30": "190.06800", "2006-03-31": "193.67600", "2005-12-31": "191.74000", "2005-09-30": "193.87600", "2005-06-30": "188.56400", "2005-03-31": "188.72400"}, "Basic EPS": {"2020-09-30": "0.50000", "2020-06-30": "-0.01000", "2020-03-31": "0.12000", "2019-12-31": "0.48000", "2019-09-30": "0.24000", "2019-06-30": "0.28000", "2019-03-31": "0.19000", "2018-12-31": "0.26000", "2018-09-30": "0.47000", "2018-06-30": "0.33000", "2018-03-31": "0.21000", "2017-12-31": "-0.16000", "2017-09-30": "0.59000", "2017-06-30": "0.33000", "2017-03-31": "0.26000", "2016-12-31": "0.18500", "2016-09-30": "0.31500", "2016-06-30": "0.25000", "2016-03-31": "0.09000", "2015-12-31": "0.10500", "2015-09-30": "0.60500", "2015-06-30": "0.25000", "2015-03-31": "0.12000", "2014-12-31": "0.15500", "2014-09-30": "0.29000", "2014-06-30": "0.15000", "2014-03-31": "0.10500", "2013-12-31": "0.11500", "2013-09-30": "0.12000", "2013-06-30": "0.09500", "2013-03-31": "0.09000", "2012-12-31": "0.09000", "2012-09-30": "0.10500", "2012-06-30": "0.11500", "2012-03-31": "0.08500", "2011-12-31": "0.11000", "2011-09-30": "0.10750", "2011-06-30": "0.11500", "2011-03-31": "0.08250", "2010-12-31": "0.12000", "2010-09-30": "0.11500", "2010-06-30": "0.09500", "2010-03-31": "0.05500", "2009-12-31": "0.00500", "2009-09-30": "0.02750", "2009-06-30": "-0.04000", "2009-03-31": "-0.02250", "2008-12-31": "0.01500", "2008-09-30": "0.06750", "2008-06-30": "0.03250", "2008-03-31": "0.05000", "2007-12-31": "0.06500", "2007-09-30": "0.04250", "2007-06-30": "0.02250", "2007-03-31": "0.02500", "2006-12-31": "0.05000", "2006-09-30": "0.05750", "2006-06-30": "0.06250", "2006-03-31": "0.04750", "2005-12-31": "0.06250", "2005-09-30": "0.05750", "2005-06-30": "0.04250", "2005-03-31": "0.02750"}, "EPS - Earnings Per Share": {"2020-09-30": "0.49000", "2020-06-30": "-0.01000", "2020-03-31": "0.12000", "2019-12-31": "0.45000", "2019-09-30": "0.24000", "2019-06-30": "0.28000", "2019-03-31": "0.19000", "2018-12-31": "0.26000", "2018-09-30": "0.45000", "2018-06-30": "0.32000", "2018-03-31": "0.21000", "2017-12-31": "-0.16000", "2017-09-30": "0.57000", "2017-06-30": "0.32000", "2017-03-31": "0.25000", "2016-12-31": "0.19500", "2016-09-30": "0.30500", "2016-06-30": "0.24500", "2016-03-31": "0.08500", "2015-12-31": "0.10500", "2015-09-30": "0.59500", "2015-06-30": "0.24500", "2015-03-31": "0.11500", "2014-12-31": "0.14500", "2014-09-30": "0.28500", "2014-06-30": "0.14500", "2014-03-31": "0.10500", "2013-12-31": "0.11500", "2013-09-30": "0.11500", "2013-06-30": "0.09500", "2013-03-31": "0.09000", "2012-12-31": "0.09500", "2012-09-30": "0.10000", "2012-06-30": "0.11250", "2012-03-31": "0.08250", "2011-12-31": "0.11250", "2011-09-30": "0.10500", "2011-06-30": "0.11250", "2011-03-31": "0.08000", "2010-12-31": "0.11750", "2010-09-30": "0.11250", "2010-06-30": "0.09500", "2010-03-31": "0.05500", "2009-12-31": "0.00500", "2009-09-30": "0.02750", "2009-06-30": "-0.04000", "2009-03-31": "-0.02250", "2008-12-31": "0.01500", "2008-09-30": "0.06750", "2008-06-30": "0.03250", "2008-03-31": "0.05000", "2007-12-31": "0.06250", "2007-09-30": "0.04250", "2007-06-30": "0.02250", "2007-03-31": "0.02500", "2006-12-31": "0.05000", "2006-09-30": "0.05500", "2006-06-30": "0.06250", "2006-03-31": "0.04500", "2005-12-31": "0.06000", "2005-09-30": "0.05500", "2005-06-30": "0.04250", "2005-03-31": "0.02750"}}, "balance sheet": {"Cash On Hand": {"2019-12-31": "411.90100", "2018-12-31": "535.56000", "2017-12-31": "404.54300", "2016-12-31": "420.83500", "2015-12-31": "348.44300", "2014-12-31": "146.15000", "2013-12-31": "225.46600", "2012-12-31": "150.26500", "2011-12-31": "182.53400", "2010-12-31": "181.02600", "2009-12-31": "175.39400", "2008-12-31": "179.69700", "2007-12-31": "217.32300", "2006-12-31": "215.68000", "2005-12-31": "242.01200"}, "Receivables": {"2019-12-31": "103.44700", "2018-12-31": "119.17200", "2017-12-31": "119.38800", "2016-12-31": "55.43800", "2015-12-31": "42.84600", "2014-12-31": "40.05300", "2013-12-31": "53.01500", "2012-12-31": "42.38700", "2011-12-31": "48.20600", "2010-12-31": "45.90100", "2009-12-31": "30.96400", "2008-12-31": "30.51000", "2007-12-31": "38.90000", "2006-12-31": "40.05500", "2005-12-31": "42.05100"}, "Inventory": {"2019-12-31": "60.26100", "2018-12-31": "83.28200", "2017-12-31": "67.92300", "2016-12-31": "26.98400", "2015-12-31": "37.33400", "2014-12-31": "29.22300", "2013-12-31": "25.69400", "2012-12-31": "26.18200", "2011-12-31": "28.09800", "2010-12-31": "22.71700", "2009-12-31": "16.83200", "2008-12-31": "25.06300", "2007-12-31": "27.39400", "2006-12-31": "30.58300", "2005-12-31": "18.81900"}, "Pre-Paid Expenses": {"2019-12-31": "26.84000", "2018-12-31": "34.00000", "2017-12-31": "30.68300", "2016-12-31": "20.87000", "2015-12-31": "15.84700", "2014-12-31": "17.68600", "2013-12-31": "20.26500", "2012-12-31": "14.39400", "2011-12-31": "19.62800", "2010-12-31": "23.05900", "2009-12-31": "18.47100", "2008-12-31": "18.92300", "2007-12-31": "16.36100", "2006-12-31": "18.12700", "2005-12-31": "16.10400"}, "Other Current Assets": {"2019-12-31": "4.78200", "2018-12-31": "8.31200", "2017-12-31": "7.45400", "2016-12-31": "2.21700", "2015-12-31": "0.02400", "2014-12-31": "29.81400", "2013-12-31": "", "2012-12-31": "", "2011-12-31": "", "2010-12-31": "", "2009-12-31": "", "2008-12-31": "", "2007-12-31": "5.91900", "2006-12-31": "", "2005-12-31": ""}, "Total Current Assets": {"2019-12-31": "607.23100", "2018-12-31": "780.32600", "2017-12-31": "629.99100", "2016-12-31": "526.34400", "2015-12-31": "444.49400", "2014-12-31": "271.91100", "2013-12-31": "332.05100", "2012-12-31": "239.59700", "2011-12-31": "285.34600", "2010-12-31": "279.00500", "2009-12-31": "249.35400", "2008-12-31": "264.42400", "2007-12-31": "313.40100", "2006-12-31": "313.08100", "2005-12-31": "326.65300"}, "Property, Plant, And Equipment": {"2019-12-31": "89.44300", "2018-12-31": "91.39600", "2017-12-31": "78.04800", "2016-12-31": "53.99200", "2015-12-31": "53.28500", "2014-12-31": "45.96300", "2013-12-31": "37.13600", "2012-12-31": "34.82000", "2011-12-31": "31.74400", "2010-12-31": "29.59600", "2009-12-31": "28.57600", "2008-12-31": "27.76400", "2007-12-31": "26.63600", "2006-12-31": "26.02800", "2005-12-31": "24.17500"}, "Long-Term Investments": {"2019-12-31": "433.45200", "2018-12-31": "262.03900", "2017-12-31": "423.44100", "2016-12-31": "324.33500", "2015-12-31": "273.08800", "2014-12-31": "400.84500", "2013-12-31": "229.65500", "2012-12-31": "238.25500", "2011-12-31": "174.90600", "2010-12-31": "102.05500", "2009-12-31": "26.63300", "2008-12-31": "41.38900", "2007-12-31": "50.56500", "2006-12-31": "50.54000", "2005-12-31": "70.24600"}, "Goodwill And Intangible Assets": {"2019-12-31": "282.93500", "2018-12-31": "123.32100", "2017-12-31": "126.39700", "2016-12-31": "103.59200", "2015-12-31": "87.76300", "2014-12-31": "87.05800", "2013-12-31": "96.41200", "2012-12-31": "96.45900", "2011-12-31": "100.93900", "2010-12-31": "105.33400", "2009-12-31": "110.94100", "2008-12-31": "112.04300", "2007-12-31": "120.50700", "2006-12-31": "128.30600", "2005-12-31": "129.85600"}, "Other Long-Term Assets": {"2019-12-31": "5.83300", "2018-12-31": "3.92500", "2017-12-31": "2.49100", "2016-12-31": "2.31900", "2015-12-31": "2.60900", "2014-12-31": "1.50500", "2013-12-31": "2.13800", "2012-12-31": "2.82700", "2011-12-31": "3.02700", "2010-12-31": "1.55900", "2009-12-31": "9.72200", "2008-12-31": "10.75400", "2007-12-31": "8.68700", "2006-12-31": "1.69400", "2005-12-31": "3.40500"}, "Total Long-Term Assets": {"2019-12-31": "1278.70400", "2018-12-31": "509.34100", "2017-12-31": "657.76200", "2016-12-31": "512.26000", "2015-12-31": "443.26200", "2014-12-31": "549.82310", "2013-12-31": "377.64800", "2012-12-31": "388.00800", "2011-12-31": "326.53500", "2010-12-31": "254.09900", "2009-12-31": "190.51500", "2008-12-31": "209.62300", "2007-12-31": "226.14500", "2006-12-31": "215.57000", "2005-12-31": "237.90900"}, "Total Assets": {"2019-12-31": "1885.93500", "2018-12-31": "1289.66700", "2017-12-31": "1287.75300", "2016-12-31": "1038.60400", "2015-12-31": "887.75600", "2014-12-31": "821.73400", "2013-12-31": "709.69900", "2012-12-31": "627.60500", "2011-12-31": "611.88100", "2010-12-31": "533.10400", "2009-12-31": "439.86900", "2008-12-31": "474.04700", "2007-12-31": "539.54600", "2006-12-31": "528.65100", "2005-12-31": "564.56200"}, "Total Current Liabilities": {"2019-12-31": "120.47700", "2018-12-31": "91.35700", "2017-12-31": "112.63500", "2016-12-31": "65.77300", "2015-12-31": "53.68800", "2014-12-31": "80.67400", "2013-12-31": "61.02200", "2012-12-31": "50.10400", "2011-12-31": "54.10500", "2010-12-31": "54.43200", "2009-12-31": "38.68000", "2008-12-31": "51.05000", "2007-12-31": "43.87300", "2006-12-31": "46.43400", "2005-12-31": "58.04100"}, "Long Term Debt": {"2019-12-31": "", "2018-12-31": "", "2017-12-31": "", "2016-12-31": "", "2015-12-31": "", "2014-12-31": "", "2013-12-31": "", "2012-12-31": "", "2011-12-31": "", "2010-12-31": "", "2009-12-31": "", "2008-12-31": "", "2007-12-31": "", "2006-12-31": "", "2005-12-31": ""}, "Other Non-Current Liabilities": {"2019-12-31": "65.07800", "2018-12-31": "62.08500", "2017-12-31": "79.13300", "2016-12-31": "10.23200", "2015-12-31": "8.08200", "2014-12-31": "4.62300", "2013-12-31": "4.76500", "2012-12-31": "5.21600", "2011-12-31": "4.79600", "2010-12-31": "5.36100", "2009-12-31": "6.74100", "2008-12-31": "9.92200", "2007-12-31": "19.30800", "2006-12-31": "8.36700", "2005-12-31": ""}, "Total Long Term Liabilities": {"2019-12-31": "409.74800", "2018-12-31": "63.04700", "2017-12-31": "79.44500", "2016-12-31": "10.23200", "2015-12-31": "8.40100", "2014-12-31": "4.62300", "2013-12-31": "4.76500", "2012-12-31": "5.21600", "2011-12-31": "4.79600", "2010-12-31": "5.36100", "2009-12-31": "6.74100", "2008-12-31": "9.92200", "2007-12-31": "19.30800", "2006-12-31": "8.36700", "2005-12-31": ""}, "Total Liabilities": {"2019-12-31": "530.22500", "2018-12-31": "154.40400", "2017-12-31": "192.08000", "2016-12-31": "76.00500", "2015-12-31": "62.08900", "2014-12-31": "85.29700", "2013-12-31": "65.78700", "2012-12-31": "55.32000", "2011-12-31": "58.90100", "2010-12-31": "59.79300", "2009-12-31": "45.42100", "2008-12-31": "60.97200", "2007-12-31": "63.18100", "2006-12-31": "54.80100", "2005-12-31": "58.04100"}, "Common Stock Net": {"2019-12-31": "0.34500", "2018-12-31": "0.34200", "2017-12-31": "0.34700", "2016-12-31": "0.34400", "2015-12-31": "0.17000", "2014-12-31": "0.17300", "2013-12-31": "0.17400", "2012-12-31": "0.17200", "2011-12-31": "0.08400", "2010-12-31": "0.08200", "2009-12-31": "0.07900", "2008-12-31": "0.07900", "2007-12-31": "0.08700", "2006-12-31": "0.08900", "2005-12-31": "0.09400"}, "Retained Earnings (Accumulated Deficit)": {"2019-12-31": "753.26800", "2018-12-31": "646.21400", "2017-12-31": "668.58700", "2016-12-31": "643.83600", "2015-12-31": "566.61300", "2014-12-31": "523.94600", "2013-12-31": "462.13100", "2012-12-31": "436.46600", "2011-12-31": "434.58100", "2010-12-31": "379.82600", "2009-12-31": "328.45900", "2008-12-31": "345.22500", "2007-12-31": "337.23100", "2006-12-31": "329.25100", "2005-12-31": "304.45400"}, "Comprehensive Income": {"2019-12-31": "-37.27500", "2018-12-31": "-40.50100", "2017-12-31": "-34.59900", "2016-12-31": "-56.42800", "2015-12-31": "-52.12400", "2014-12-31": "-39.39900", "2013-12-31": "-29.83300", "2012-12-31": "-29.51500", "2011-12-31": "-17.35300", "2010-12-31": "-9.21700", "2009-12-31": "-3.36100", "2008-12-31": "-5.50900", "2007-12-31": "-1.89600", "2006-12-31": "-10.62600", "2005-12-31": "-14.05800"}, "Other Share Holders Equity": {"2019-12-31": "", "2018-12-31": "", "2017-12-31": "", "2016-12-31": "", "2015-12-31": "", "2014-12-31": "", "2013-12-31": "", "2012-12-31": "", "2011-12-31": "", "2010-12-31": "", "2009-12-31": "", "2008-12-31": "", "2007-12-31": "", "2006-12-31": "", "2005-12-31": ""}, "Share Holder Equity": {"2019-12-31": "1355.71000", "2018-12-31": "1135.26300", "2017-12-31": "1095.67300", "2016-12-31": "962.59900", "2015-12-31": "825.66700", "2014-12-31": "736.43700", "2013-12-31": "643.91200", "2012-12-31": "572.28500", "2011-12-31": "552.98000", "2010-12-31": "473.31100", "2009-12-31": "394.44800", "2008-12-31": "413.07500", "2007-12-31": "476.36500", "2006-12-31": "473.85000", "2005-12-31": "506.52100"}, "Total Liabilities And Share Holders Equity": {"2019-12-31": "1885.93500", "2018-12-31": "1289.66700", "2017-12-31": "1287.75300", "2016-12-31": "1038.60400", "2015-12-31": "887.75600", "2014-12-31": "821.73400", "2013-12-31": "709.69900", "2012-12-31": "627.60500", "2011-12-31": "611.88100", "2010-12-31": "533.10400", "2009-12-31": "439.86900", "2008-12-31": "474.04700", "2007-12-31": "539.54600", "2006-12-31": "528.65100", "2005-12-31": "564.56200"}}, "balance sheet, quarterly": {"Cash On Hand": {"2020-09-30": "393.72100", "2020-06-30": "429.10500", "2020-03-31": "398.44100", "2019-12-31": "411.90100", "2019-09-30": "413.77300", "2019-06-30": "453.59100", "2019-03-31": "546.63300", "2018-12-31": "535.56000", "2018-09-30": "527.38700", "2018-06-30": "482.94200", "2018-03-31": "447.20100", "2017-12-31": "404.54300", "2017-09-30": "384.61000", "2017-06-30": "410.66800", "2017-03-31": "468.45500", "2016-12-31": "420.83500", "2016-09-30": "389.52300", "2016-06-30": "349.52200", "2016-03-31": "399.70300", "2015-12-31": "348.44300", "2015-09-30": "352.14700", "2015-06-30": "285.15500", "2015-03-31": "178.39000", "2014-12-31": "146.15000", "2014-09-30": "87.93700", "2014-06-30": "123.84900", "2014-03-31": "84.24000", "2013-12-31": "225.46600", "2013-09-30": "217.01800", "2013-06-30": "183.16300", "2013-03-31": "168.16800", "2012-12-31": "150.26500", "2012-09-30": "156.02800", "2012-06-30": "265.93500", "2012-03-31": "200.76800", "2011-12-31": "182.53400", "2011-09-30": "172.58400", "2011-06-30": "244.68800", "2011-03-31": "207.35600", "2010-12-31": "181.02600", "2010-09-30": "151.72900", "2010-06-30": "135.29200", "2010-03-31": "169.99400", "2009-12-31": "175.39400", "2009-09-30": "182.68900", "2009-06-30": "180.04800", "2009-03-31": "175.51400", "2008-12-31": "179.69700", "2008-09-30": "189.18500", "2008-06-30": "208.41500", "2008-03-31": "212.93300", "2007-12-31": "217.32300", "2007-09-30": "195.16700", "2007-06-30": "160.62200", "2007-03-31": "207.12900", "2006-12-31": "215.68000", "2006-09-30": "210.18800", "2006-06-30": "213.83100", "2006-03-31": "251.04200", "2005-12-31": "242.01200", "2005-09-30": "232.98400", "2005-06-30": "198.43600", "2005-03-31": "272.30600"}, "Receivables": {"2020-09-30": "127.75500", "2020-06-30": "111.67100", "2020-03-31": "100.46300", "2019-12-31": "103.44700", "2019-09-30": "107.40700", "2019-06-30": "107.64300", "2019-03-31": "106.42400", "2018-12-31": "119.17200", "2018-09-30": "135.44100", "2018-06-30": "136.08400", "2018-03-31": "96.64900", "2017-12-31": "119.38800", "2017-09-30": "121.97600", "2017-06-30": "78.59300", "2017-03-31": "58.23600", "2016-12-31": "55.43800", "2016-09-30": "82.06800", "2016-06-30": "61.21900", "2016-03-31": "45.09500", "2015-12-31": "42.84600", "2015-09-30": "71.01200", "2015-06-30": "44.72800", "2015-03-31": "56.26400", "2014-12-31": "40.05300", "2014-09-30": "99.94900", "2014-06-30": "69.78000", "2014-03-31": "51.94700", "2013-12-31": "53.01500", "2013-09-30": "48.83200", "2013-06-30": "45.21500", "2013-03-31": "42.78000", "2012-12-31": "42.38700", "2012-09-30": "44.76100", "2012-06-30": "48.38500", "2012-03-31": "45.59500", "2011-12-31": "48.20600", "2011-09-30": "45.82700", "2011-06-30": "42.48000", "2011-03-31": "42.12400", "2010-12-31": "45.90100", "2010-09-30": "47.20200", "2010-06-30": "41.19700", "2010-03-31": "33.72200", "2009-12-31": "30.96400", "2009-09-30": "25.24600", "2009-06-30": "23.69900", "2009-03-31": "21.89500", "2008-12-31": "30.51000", "2008-09-30": "44.20100", "2008-06-30": "40.12500", "2008-03-31": "44.00900", "2007-12-31": "38.90000", "2007-09-30": "39.68700", "2007-06-30": "35.52000", "2007-03-31": "38.04200", "2006-12-31": "40.05500", "2006-09-30": "39.89300", "2006-06-30": "44.63900", "2006-03-31": "42.20000", "2005-12-31": "42.05100", "2005-09-30": "38.06300", "2005-06-30": "36.28300", "2005-03-31": "29.30300"}, "Inventory": {"2020-09-30": "53.86000", "2020-06-30": "52.95300", "2020-03-31": "54.98500", "2019-12-31": "60.26100", "2019-09-30": "65.26400", "2019-06-30": "72.88900", "2019-03-31": "79.20800", "2018-12-31": "83.28200", "2018-09-30": "94.03500", "2018-06-30": "89.55600", "2018-03-31": "96.39900", "2017-12-31": "67.92300", "2017-09-30": "48.06100", "2017-06-30": "36.49100", "2017-03-31": "32.61500", "2016-12-31": "26.98400", "2016-09-30": "27.22600", "2016-06-30": "25.88200", "2016-03-31": "35.62000", "2015-12-31": "37.33400", "2015-09-30": "39.84100", "2015-06-30": "39.40000", "2015-03-31": "48.45800", "2014-12-31": "29.22300", "2014-09-30": "31.21000", "2014-06-30": "30.73700", "2014-03-31": "28.43400", "2013-12-31": "25.69400", "2013-09-30": "27.62500", "2013-06-30": "26.65300", "2013-03-31": "26.05700", "2012-12-31": "26.18200", "2012-09-30": "24.99500", "2012-06-30": "25.11300", "2012-03-31": "27.80700", "2011-12-31": "28.09800", "2011-09-30": "28.59500", "2011-06-30": "27.00400", "2011-03-31": "27.26200", "2010-12-31": "22.71700", "2010-09-30": "23.86700", "2010-06-30": "20.10000", "2010-03-31": "17.87700", "2009-12-31": "16.83200", "2009-09-30": "20.92500", "2009-06-30": "22.37800", "2009-03-31": "24.39500", "2008-12-31": "25.06300", "2008-09-30": "26.56300", "2008-06-30": "28.81500", "2008-03-31": "28.12800", "2007-12-31": "27.39400", "2007-09-30": "30.04800", "2007-06-30": "32.65800", "2007-03-31": "32.72400", "2006-12-31": "30.58300", "2006-09-30": "28.19500", "2006-06-30": "26.03900", "2006-03-31": "22.02100", "2005-12-31": "18.81900", "2005-09-30": "18.57900", "2005-06-30": "18.05700", "2005-03-31": "17.79900"}, "Pre-Paid Expenses": {"2020-09-30": "37.41100", "2020-06-30": "51.76800", "2020-03-31": "35.91300", "2019-12-31": "26.84000", "2019-09-30": "28.12700", "2019-06-30": "34.45100", "2019-03-31": "30.77800", "2018-12-31": "34.00000", "2018-09-30": "27.68700", "2018-06-30": "47.36200", "2018-03-31": "26.06800", "2017-12-31": "30.68300", "2017-09-30": "38.82400", "2017-06-30": "50.15700", "2017-03-31": "33.34900", "2016-12-31": "20.87000", "2016-09-30": "21.92100", "2016-06-30": "23.60100", "2016-03-31": "12.51200", "2015-12-31": "15.84700", "2015-09-30": "14.46900", "2015-06-30": "20.99700", "2015-03-31": "17.85700", "2014-12-31": "17.68600", "2014-09-30": "17.03200", "2014-06-30": "15.18400", "2014-03-31": "17.79700", "2013-12-31": "20.26500", "2013-09-30": "19.30000", "2013-06-30": "15.77700", "2013-03-31": "13.76900", "2012-12-31": "14.39400", "2012-09-30": "17.65700", "2012-06-30": "23.69800", "2012-03-31": "22.03300", "2011-12-31": "19.62800", "2011-09-30": "20.83500", "2011-06-30": "21.81000", "2011-03-31": "20.56900", "2010-12-31": "23.05900", "2010-09-30": "26.64000", "2010-06-30": "23.82800", "2010-03-31": "18.39900", "2009-12-31": "18.47100", "2009-09-30": "13.01300", "2009-06-30": "13.37900", "2009-03-31": "15.22000", "2008-12-31": "18.92300", "2008-09-30": "17.29300", "2008-06-30": "16.38400", "2008-03-31": "15.14700", "2007-12-31": "16.36100", "2007-09-30": "16.06900", "2007-06-30": "15.40700", "2007-03-31": "16.27800", "2006-12-31": "18.12700", "2006-09-30": "13.96900", "2006-06-30": "12.97300", "2006-03-31": "12.22200", "2005-12-31": "16.10400", "2005-09-30": "15.62700", "2005-06-30": "16.33800", "2005-03-31": "11.69500"}, "Other Current Assets": {"2020-09-30": "15.38900", "2020-06-30": "0.97800", "2020-03-31": "5.48500", "2019-12-31": "4.78200", "2019-09-30": "11.21000", "2019-06-30": "10.30000", "2019-03-31": "10.20200", "2018-12-31": "8.31200", "2018-09-30": "13.94800", "2018-06-30": "3.60300", "2018-03-31": "4.23200", "2017-12-31": "7.45400", "2017-09-30": "51.61200", "2017-06-30": "5.93900", "2017-03-31": "1.28900", "2016-12-31": "2.21700", "2016-09-30": "10.09000", "2016-06-30": "25.50000", "2016-03-31": "", "2015-12-31": "0.02400", "2015-09-30": "", "2015-06-30": "90.57500", "2015-03-31": "", "2014-12-31": "29.81400", "2014-09-30": "13.29200", "2014-06-30": "", "2014-03-31": "", "2013-12-31": "", "2013-09-30": "", "2013-06-30": "", "2013-03-31": "", "2012-12-31": "", "2012-09-30": "", "2012-06-30": "", "2012-03-31": "", "2011-12-31": "", "2011-09-30": "", "2011-06-30": "", "2011-03-31": "", "2010-12-31": "", "2010-09-30": "", "2010-06-30": "", "2010-03-31": "", "2009-12-31": "", "2009-09-30": "", "2009-06-30": "", "2009-03-31": "", "2008-12-31": "", "2008-09-30": "", "2008-06-30": "3.17000", "2008-03-31": "", "2007-12-31": "5.91900", "2007-09-30": "", "2007-06-30": "", "2007-03-31": "", "2006-12-31": "", "2006-09-30": "", "2006-06-30": "", "2006-03-31": "", "2005-12-31": "", "2005-09-30": "", "2005-06-30": "", "2005-03-31": ""}, "Total Current Assets": {"2020-09-30": "628.13600", "2020-06-30": "646.47500", "2020-03-31": "595.28700", "2019-12-31": "607.23100", "2019-09-30": "625.78100", "2019-06-30": "678.87400", "2019-03-31": "773.24500", "2018-12-31": "780.32600", "2018-09-30": "798.49800", "2018-06-30": "759.54700", "2018-03-31": "670.54900", "2017-12-31": "629.99100", "2017-09-30": "645.08300", "2017-06-30": "581.84800", "2017-03-31": "593.94400", "2016-12-31": "526.34400", "2016-09-30": "530.82800", "2016-06-30": "485.72400", "2016-03-31": "492.93000", "2015-12-31": "444.49400", "2015-09-30": "486.13500", "2015-06-30": "490.10300", "2015-03-31": "309.95900", "2014-12-31": "271.91100", "2014-09-30": "257.74900", "2014-06-30": "268.25600", "2014-03-31": "189.88100", "2013-12-31": "332.05100", "2013-09-30": "319.06700", "2013-06-30": "277.17900", "2013-03-31": "257.09900", "2012-12-31": "239.59700", "2012-09-30": "250.22600", "2012-06-30": "369.87500", "2012-03-31": "302.91000", "2011-12-31": "285.34600", "2011-09-30": "274.33900", "2011-06-30": "342.30100", "2011-03-31": "303.62300", "2010-12-31": "279.00500", "2010-09-30": "257.38900", "2010-06-30": "228.16500", "2010-03-31": "247.72000", "2009-12-31": "249.35400", "2009-09-30": "254.12600", "2009-06-30": "251.77000", "2009-03-31": "248.28000", "2008-12-31": "264.42400", "2008-09-30": "284.66600", "2008-06-30": "304.23900", "2008-03-31": "307.54200", "2007-12-31": "313.40100", "2007-09-30": "289.41700", "2007-06-30": "252.81400", "2007-03-31": "302.79000", "2006-12-31": "313.08100", "2006-09-30": "299.89100", "2006-06-30": "305.22300", "2006-03-31": "335.23100", "2005-12-31": "326.65300", "2005-09-30": "313.40300", "2005-06-30": "277.66600", "2005-03-31": "340.72000"}, "Property, Plant, And Equipment": {"2020-09-30": "81.22500", "2020-06-30": "83.93600", "2020-03-31": "86.70200", "2019-12-31": "89.44300", "2019-09-30": "88.42900", "2019-06-30": "89.34200", "2019-03-31": "91.27300", "2018-12-31": "91.39600", "2018-09-30": "88.93000", "2018-06-30": "87.89300", "2018-03-31": "85.20500", "2017-12-31": "78.04800", "2017-09-30": "65.95700", "2017-06-30": "61.19600", "2017-03-31": "57.25500", "2016-12-31": "53.99200", "2016-09-30": "55.73000", "2016-06-30": "53.40600", "2016-03-31": "53.41300", "2015-12-31": "53.28500", "2015-09-30": "51.10500", "2015-06-30": "49.90500", "2015-03-31": "48.69200", "2014-12-31": "45.96300", "2014-09-30": "39.31800", "2014-06-30": "38.32100", "2014-03-31": "37.82600", "2013-12-31": "37.13600", "2013-09-30": "35.56500", "2013-06-30": "35.34300", "2013-03-31": "34.64700", "2012-12-31": "34.82000", "2012-09-30": "34.34400", "2012-06-30": "33.66300", "2012-03-31": "32.72000", "2011-12-31": "31.74400", "2011-09-30": "30.86900", "2011-06-30": "30.59000", "2011-03-31": "30.06300", "2010-12-31": "29.59600", "2010-09-30": "28.31600", "2010-06-30": "27.98100", "2010-03-31": "28.29000", "2009-12-31": "28.57600", "2009-09-30": "28.95900", "2009-06-30": "28.19700", "2009-03-31": "28.01100", "2008-12-31": "27.76400", "2008-09-30": "27.33400", "2008-06-30": "28.02400", "2008-03-31": "27.52500", "2007-12-31": "26.63600", "2007-09-30": "26.32700", "2007-06-30": "26.52500", "2007-03-31": "26.50900", "2006-12-31": "26.02800", "2006-09-30": "24.33500", "2006-06-30": "24.22000", "2006-03-31": "24.24000", "2005-12-31": "24.17500", "2005-09-30": "24.10000", "2005-06-30": "24.21600", "2005-03-31": "23.57300"}, "Long-Term Investments": {"2020-09-30": "619.34300", "2020-06-30": "467.08700", "2020-03-31": "446.95500", "2019-12-31": "433.45200", "2019-09-30": "504.64100", "2019-06-30": "408.03200", "2019-03-31": "317.05400", "2018-12-31": "262.03900", "2018-09-30": "281.92900", "2018-06-30": "271.94100", "2018-03-31": "356.18100", "2017-12-31": "423.44100", "2017-09-30": "386.50100", "2017-06-30": "354.65800", "2017-03-31": "312.85000", "2016-12-31": "324.33500", "2016-09-30": "315.92700", "2016-06-30": "307.70300", "2016-03-31": "249.76000", "2015-12-31": "273.08800", "2015-09-30": "240.50400", "2015-06-30": "233.75200", "2015-03-31": "370.43300", "2014-12-31": "400.84500", "2014-09-30": "409.28300", "2014-06-30": "343.72500", "2014-03-31": "379.91600", "2013-12-31": "229.65500", "2013-09-30": "226.72000", "2013-06-30": "243.10800", "2013-03-31": "245.48400", "2012-12-31": "238.25500", "2012-09-30": "259.91000", "2012-06-30": "124.74800", "2012-03-31": "183.96500", "2011-12-31": "174.90600", "2011-09-30": "173.52100", "2011-06-30": "108.70000", "2011-03-31": "109.06900", "2010-12-31": "102.05500", "2010-09-30": "88.59000", "2010-06-30": "64.54900", "2010-03-31": "33.10700", "2009-12-31": "26.63300", "2009-09-30": "23.22600", "2009-06-30": "26.37700", "2009-03-31": "31.33400", "2008-12-31": "41.38900", "2008-09-30": "47.08000", "2008-06-30": "54.03800", "2008-03-31": "41.93100", "2007-12-31": "50.56500", "2007-09-30": "70.20000", "2007-06-30": "85.44400", "2007-03-31": "59.42200", "2006-12-31": "50.54000", "2006-09-30": "56.77300", "2006-06-30": "60.27600", "2006-03-31": "52.40800", "2005-12-31": "70.24600", "2005-09-30": "79.73200", "2005-06-30": "87.05400", "2005-03-31": "122.14900"}, "Goodwill And Intangible Assets": {"2020-09-30": "259.61100", "2020-06-30": "259.77300", "2020-03-31": "280.31600", "2019-12-31": "282.93500", "2019-09-30": "121.20200", "2019-06-30": "121.78300", "2019-03-31": "122.55200", "2018-12-31": "123.32100", "2018-09-30": "124.09000", "2018-06-30": "124.85900", "2018-03-31": "125.62800", "2017-12-31": "126.39700", "2017-09-30": "127.63500", "2017-06-30": "130.31500", "2017-03-31": "102.72000", "2016-12-31": "103.59200", "2016-09-30": "87.54700", "2016-06-30": "85.90100", "2016-03-31": "86.71800", "2015-12-31": "87.76300", "2015-09-30": "88.80900", "2015-06-30": "85.04100", "2015-03-31": "91.29500", "2014-12-31": "87.05800", "2014-09-30": "93.47800", "2014-06-30": "94.58100", "2014-03-31": "95.49600", "2013-12-31": "96.41200", "2013-09-30": "93.57900", "2013-06-30": "94.53800", "2013-03-31": "95.49800", "2012-12-31": "96.45900", "2012-09-30": "97.47200", "2012-06-30": "98.64000", "2012-03-31": "100.05400", "2011-12-31": "100.93900", "2011-09-30": "102.24600", "2011-06-30": "103.70100", "2011-03-31": "104.60800", "2010-12-31": "105.33400", "2010-09-30": "106.79300", "2010-06-30": "107.44100", "2010-03-31": "109.29900", "2009-12-31": "110.94100", "2009-09-30": "112.34300", "2009-06-30": "108.55000", "2009-03-31": "109.23200", "2008-12-31": "112.04300", "2008-09-30": "114.79300", "2008-06-30": "118.37600", "2008-03-31": "125.95100", "2007-12-31": "120.50700", "2007-09-30": "125.64400", "2007-06-30": "126.22400", "2007-03-31": "127.00800", "2006-12-31": "128.30600", "2006-09-30": "129.27600", "2006-06-30": "130.88200", "2006-03-31": "128.62600", "2005-12-31": "129.85600", "2005-09-30": "132.27000", "2005-06-30": "133.62600", "2005-03-31": "13.56400"}, "Other Long-Term Assets": {"2020-09-30": "7.68400", "2020-06-30": "8.04200", "2020-03-31": "8.19100", "2019-12-31": "5.83300", "2019-09-30": "5.32000", "2019-06-30": "5.42400", "2019-03-31": "3.69800", "2018-12-31": "3.92500", "2018-09-30": "3.87300", "2018-06-30": "2.17800", "2018-03-31": "2.21700", "2017-12-31": "2.49100", "2017-09-30": "2.81700", "2017-06-30": "3.30000", "2017-03-31": "2.37900", "2016-12-31": "2.31900", "2016-09-30": "2.52600", "2016-06-30": "2.62300", "2016-03-31": "2.61500", "2015-12-31": "2.60900", "2015-09-30": "2.77800", "2015-06-30": "2.75600", "2015-03-31": "1.61700", "2014-12-31": "1.50500", "2014-09-30": "1.72800", "2014-06-30": "2.03800", "2014-03-31": "2.11000", "2013-12-31": "2.13800", "2013-09-30": "2.31600", "2013-06-30": "2.38800", "2013-03-31": "2.53200", "2012-12-31": "2.82700", "2012-09-30": "2.78500", "2012-06-30": "2.77100", "2012-03-31": "2.70000", "2011-12-31": "3.02700", "2011-09-30": "1.71800", "2011-06-30": "1.65800", "2011-03-31": "1.56700", "2010-12-31": "1.55900", "2010-09-30": "1.50100", "2010-06-30": "10.12900", "2010-03-31": "9.60800", "2009-12-31": "9.72200", "2009-09-30": "10.08000", "2009-06-30": "10.10800", "2009-03-31": "9.93200", "2008-12-31": "10.75400", "2008-09-30": "9.53300", "2008-06-30": "9.04700", "2008-03-31": "9.73300", "2007-12-31": "8.68700", "2007-09-30": "8.38400", "2007-06-30": "7.92200", "2007-03-31": "7.89900", "2006-12-31": "1.69400", "2006-09-30": "3.39900", "2006-06-30": "3.44300", "2006-03-31": "3.39400", "2005-12-31": "3.40500", "2005-09-30": "4.67600", "2005-06-30": "4.73100", "2005-03-31": "3.63200"}, "Total Long-Term Assets": {"2020-09-30": "1432.37900", "2020-06-30": "1288.38900", "2020-03-31": "1289.79000", "2019-12-31": "1278.70400", "2019-09-30": "764.67110", "2019-06-30": "671.04600", "2019-03-31": "580.52700", "2018-12-31": "509.34100", "2018-09-30": "526.19790", "2018-06-30": "516.76300", "2018-03-31": "598.36600", "2017-12-31": "657.76200", "2017-09-30": "613.43400", "2017-06-30": "579.15000", "2017-03-31": "502.30000", "2016-12-31": "512.26000", "2016-09-30": "489.25900", "2016-06-30": "478.71600", "2016-03-31": "420.70700", "2015-12-31": "443.26200", "2015-09-30": "401.26500", "2015-06-30": "388.10300", "2015-03-31": "528.38600", "2014-12-31": "549.82310", "2014-09-30": "558.65300", "2014-06-30": "492.20000", "2014-03-31": "527.63600", "2013-12-31": "377.64800", "2013-09-30": "373.68300", "2013-06-30": "393.19700", "2013-03-31": "395.42900", "2012-12-31": "388.00800", "2012-09-30": "411.88900", "2012-06-30": "276.87100", "2012-03-31": "335.07100", "2011-12-31": "326.53500", "2011-09-30": "324.16800", "2011-06-30": "260.35600", "2011-03-31": "261.02700", "2010-12-31": "254.09900", "2010-09-30": "242.34900", "2010-06-30": "226.30400", "2010-03-31": "195.47300", "2009-12-31": "190.51500", "2009-09-30": "192.77100", "2009-06-30": "192.58200", "2009-03-31": "197.41500", "2008-12-31": "209.62300", "2008-09-30": "216.86300", "2008-06-30": "230.07100", "2008-03-31": "224.62100", "2007-12-31": "226.14500", "2007-09-30": "249.51400", "2007-06-30": "259.48800", "2007-03-31": "231.28700", "2006-12-31": "215.57000", "2006-09-30": "229.59200", "2006-06-30": "233.12600", "2006-03-31": "220.26700", "2005-12-31": "237.90900", "2005-09-30": "246.77800", "2005-06-30": "254.44400", "2005-03-31": "183.99200"}, "Total Assets": {"2020-09-30": "2060.51500", "2020-06-30": "1934.86400", "2020-03-31": "1885.07700", "2019-12-31": "1885.93500", "2019-09-30": "1390.45200", "2019-06-30": "1349.92000", "2019-03-31": "1353.77200", "2018-12-31": "1289.66700", "2018-09-30": "1324.69600", "2018-06-30": "1276.31000", "2018-03-31": "1268.91500", "2017-12-31": "1287.75300", "2017-09-30": "1258.51700", "2017-06-30": "1160.99800", "2017-03-31": "1096.24400", "2016-12-31": "1038.60400", "2016-09-30": "1020.08700", "2016-06-30": "964.44000", "2016-03-31": "913.63700", "2015-12-31": "887.75600", "2015-09-30": "887.40000", "2015-06-30": "878.20600", "2015-03-31": "838.34500", "2014-12-31": "821.73400", "2014-09-30": "816.40200", "2014-06-30": "760.45600", "2014-03-31": "717.51700", "2013-12-31": "709.69900", "2013-09-30": "692.75000", "2013-06-30": "670.37600", "2013-03-31": "652.52800", "2012-12-31": "627.60500", "2012-09-30": "662.11500", "2012-06-30": "646.74600", "2012-03-31": "637.98100", "2011-12-31": "611.88100", "2011-09-30": "598.50700", "2011-06-30": "602.65700", "2011-03-31": "564.65000", "2010-12-31": "533.10400", "2010-09-30": "499.73800", "2010-06-30": "454.46900", "2010-03-31": "443.19300", "2009-12-31": "439.86900", "2009-09-30": "446.89700", "2009-06-30": "444.35200", "2009-03-31": "445.69500", "2008-12-31": "474.04700", "2008-09-30": "501.52900", "2008-06-30": "534.31000", "2008-03-31": "532.16300", "2007-12-31": "539.54600", "2007-09-30": "538.93100", "2007-06-30": "512.30200", "2007-03-31": "534.07700", "2006-12-31": "528.65100", "2006-09-30": "529.48300", "2006-06-30": "538.34900", "2006-03-31": "555.49800", "2005-12-31": "564.56200", "2005-09-30": "560.18100", "2005-06-30": "532.11000", "2005-03-31": "524.71200"}, "Total Current Liabilities": {"2020-09-30": "139.39800", "2020-06-30": "144.58100", "2020-03-31": "150.64400", "2019-12-31": "120.47700", "2019-09-30": "81.21500", "2019-06-30": "85.68300", "2019-03-31": "93.04500", "2018-12-31": "91.35700", "2018-09-30": "111.15300", "2018-06-30": "124.60000", "2018-03-31": "113.01800", "2017-12-31": "112.63500", "2017-09-30": "109.52600", "2017-06-30": "88.40400", "2017-03-31": "75.51600", "2016-12-31": "65.77300", "2016-09-30": "69.07400", "2016-06-30": "69.18900", "2016-03-31": "54.30500", "2015-12-31": "53.68800", "2015-09-30": "67.82200", "2015-06-30": "80.46700", "2015-03-31": "66.91000", "2014-12-31": "80.67400", "2014-09-30": "78.50800", "2014-06-30": "74.14600", "2014-03-31": "52.53000", "2013-12-31": "61.02200", "2013-09-30": "50.63600", "2013-06-30": "49.12300", "2013-03-31": "47.11200", "2012-12-31": "50.10400", "2012-09-30": "51.82300", "2012-06-30": "50.08700", "2012-03-31": "44.25700", "2011-12-31": "54.10500", "2011-09-30": "52.85500", "2011-06-30": "56.67800", "2011-03-31": "53.69600", "2010-12-31": "54.43200", "2010-09-30": "59.36100", "2010-06-30": "54.67400", "2010-03-31": "42.19700", "2009-12-31": "38.68000", "2009-09-30": "32.25000", "2009-06-30": "35.68700", "2009-03-31": "39.31800", "2008-12-31": "51.05000", "2008-09-30": "51.44600", "2008-06-30": "48.82800", "2008-03-31": "47.00900", "2007-12-31": "43.87300", "2007-09-30": "59.31300", "2007-06-30": "50.23900", "2007-03-31": "48.28900", "2006-12-31": "46.43400", "2006-09-30": "63.29900", "2006-06-30": "64.45500", "2006-03-31": "59.43400", "2005-12-31": "58.04100", "2005-09-30": "59.13400", "2005-06-30": "58.96700", "2005-03-31": "58.28500"}, "Long Term Debt": {"2020-09-30": "", "2020-06-30": "", "2020-03-31": "", "2019-12-31": "", "2019-09-30": "", "2019-06-30": "", "2019-03-31": "", "2018-12-31": "", "2018-09-30": "", "2018-06-30": "", "2018-03-31": "", "2017-12-31": "", "2017-09-30": "", "2017-06-30": "", "2017-03-31": "", "2016-12-31": "", "2016-09-30": "", "2016-06-30": "", "2016-03-31": "", "2015-12-31": "", "2015-09-30": "", "2015-06-30": "", "2015-03-31": "", "2014-12-31": "", "2014-09-30": "", "2014-06-30": "", "2014-03-31": "", "2013-12-31": "", "2013-09-30": "", "2013-06-30": "", "2013-03-31": "", "2012-12-31": "", "2012-09-30": "", "2012-06-30": "", "2012-03-31": "", "2011-12-31": "", "2011-09-30": "", "2011-06-30": "", "2011-03-31": "", "2010-12-31": "", "2010-09-30": "", "2010-06-30": "", "2010-03-31": "", "2009-12-31": "", "2009-09-30": "", "2009-06-30": "", "2009-03-31": "", "2008-12-31": "", "2008-09-30": "", "2008-06-30": "", "2008-03-31": "", "2007-12-31": "", "2007-09-30": "", "2007-06-30": "", "2007-03-31": "", "2006-12-31": "", "2006-09-30": "", "2006-06-30": "", "2006-03-31": "", "2005-12-31": "", "2005-09-30": "", "2005-06-30": "", "2005-03-31": ""}, "Other Non-Current Liabilities": {"2020-09-30": "68.53200", "2020-06-30": "66.30200", "2020-03-31": "63.99200", "2019-12-31": "65.07800", "2019-09-30": "59.00800", "2019-06-30": "60.44800", "2019-03-31": "59.91500", "2018-12-31": "62.08500", "2018-09-30": "63.72700", "2018-06-30": "72.27400", "2018-03-31": "78.47900", "2017-12-31": "79.13300", "2017-09-30": "15.46800", "2017-06-30": "15.40300", "2017-03-31": "9.51600", "2016-12-31": "10.23200", "2016-09-30": "6.71900", "2016-06-30": "8.28100", "2016-03-31": "8.27900", "2015-12-31": "8.08200", "2015-09-30": "6.78500", "2015-06-30": "4.60300", "2015-03-31": "4.37200", "2014-12-31": "4.62300", "2014-09-30": "3.94200", "2014-06-30": "3.80300", "2014-03-31": "3.93900", "2013-12-31": "4.76500", "2013-09-30": "4.39000", "2013-06-30": "6.25500", "2013-03-31": "5.95500", "2012-12-31": "5.21600", "2012-09-30": "4.89000", "2012-06-30": "5.06600", "2012-03-31": "4.93100", "2011-12-31": "4.79600", "2011-09-30": "4.29100", "2011-06-30": "5.69400", "2011-03-31": "5.52800", "2010-12-31": "5.36100", "2010-09-30": "4.95400", "2010-06-30": "4.90800", "2010-03-31": "6.84000", "2009-12-31": "6.74100", "2009-09-30": "6.32700", "2009-06-30": "10.21900", "2009-03-31": "10.06300", "2008-12-31": "9.92200", "2008-09-30": "9.65600", "2008-06-30": "19.47000", "2008-03-31": "19.51200", "2007-12-31": "19.30800", "2007-09-30": "17.91300", "2007-06-30": "13.09800", "2007-03-31": "12.74300", "2006-12-31": "8.36700", "2006-09-30": "", "2006-06-30": "", "2006-03-31": "", "2005-12-31": "", "2005-09-30": "", "2005-06-30": "", "2005-03-31": ""}, "Total Long Term Liabilities": {"2020-09-30": "415.28800", "2020-06-30": "413.80500", "2020-03-31": "406.94000", "2019-12-31": "409.74800", "2019-09-30": "70.01900", "2019-06-30": "72.59700", "2019-03-31": "71.86800", "2018-12-31": "63.04700", "2018-09-30": "64.09900", "2018-06-30": "72.57800", "2018-03-31": "78.79800", "2017-12-31": "79.44500", "2017-09-30": "15.46800", "2017-06-30": "20.61800", "2017-03-31": "9.51600", "2016-12-31": "10.23200", "2016-09-30": "7.06500", "2016-06-30": "8.60700", "2016-03-31": "8.61300", "2015-12-31": "8.40100", "2015-09-30": "6.78500", "2015-06-30": "4.60300", "2015-03-31": "4.37200", "2014-12-31": "4.62300", "2014-09-30": "3.94200", "2014-06-30": "3.80300", "2014-03-31": "3.93900", "2013-12-31": "4.76500", "2013-09-30": "4.39000", "2013-06-30": "6.25500", "2013-03-31": "5.95500", "2012-12-31": "5.21600", "2012-09-30": "4.89000", "2012-06-30": "5.06600", "2012-03-31": "4.93100", "2011-12-31": "4.79600", "2011-09-30": "4.29100", "2011-06-30": "5.69400", "2011-03-31": "5.52800", "2010-12-31": "5.36100", "2010-09-30": "4.95400", "2010-06-30": "4.90800", "2010-03-31": "6.84000", "2009-12-31": "6.74100", "2009-09-30": "6.32700", "2009-06-30": "10.21900", "2009-03-31": "10.06300", "2008-12-31": "9.92200", "2008-09-30": "9.65600", "2008-06-30": "19.47000", "2008-03-31": "19.51200", "2007-12-31": "19.30800", "2007-09-30": "17.91300", "2007-06-30": "13.09800", "2007-03-31": "12.74300", "2006-12-31": "8.36700", "2006-09-30": "", "2006-06-30": "", "2006-03-31": "", "2005-12-31": "", "2005-09-30": "", "2005-06-30": "", "2005-03-31": ""}, "Total Liabilities": {"2020-09-30": "554.68600", "2020-06-30": "558.38600", "2020-03-31": "557.58400", "2019-12-31": "530.22500", "2019-09-30": "151.23400", "2019-06-30": "158.28000", "2019-03-31": "164.91300", "2018-12-31": "154.40400", "2018-09-30": "175.25200", "2018-06-30": "197.17800", "2018-03-31": "191.81600", "2017-12-31": "192.08000", "2017-09-30": "124.99400", "2017-06-30": "109.02200", "2017-03-31": "85.03200", "2016-12-31": "76.00500", "2016-09-30": "76.13900", "2016-06-30": "77.79600", "2016-03-31": "62.91800", "2015-12-31": "62.08900", "2015-09-30": "74.60700", "2015-06-30": "85.07000", "2015-03-31": "71.28200", "2014-12-31": "85.29700", "2014-09-30": "82.45000", "2014-06-30": "77.94900", "2014-03-31": "56.46900", "2013-12-31": "65.78700", "2013-09-30": "55.02600", "2013-06-30": "55.37800", "2013-03-31": "53.06700", "2012-12-31": "55.32000", "2012-09-30": "56.71300", "2012-06-30": "55.15300", "2012-03-31": "49.18800", "2011-12-31": "58.90100", "2011-09-30": "57.14600", "2011-06-30": "62.37200", "2011-03-31": "59.22400", "2010-12-31": "59.79300", "2010-09-30": "64.31500", "2010-06-30": "59.58200", "2010-03-31": "49.03700", "2009-12-31": "45.42100", "2009-09-30": "38.57700", "2009-06-30": "45.90600", "2009-03-31": "49.38100", "2008-12-31": "60.97200", "2008-09-30": "61.10200", "2008-06-30": "68.29800", "2008-03-31": "66.52100", "2007-12-31": "63.18100", "2007-09-30": "77.22600", "2007-06-30": "63.33700", "2007-03-31": "61.03200", "2006-12-31": "54.80100", "2006-09-30": "63.29900", "2006-06-30": "64.45500", "2006-03-31": "59.43400", "2005-12-31": "58.04100", "2005-09-30": "59.13400", "2005-06-30": "58.96700", "2005-03-31": "58.28500"}, "Common Stock Net": {"2020-09-30": "0.34900", "2020-06-30": "0.34600", "2020-03-31": "0.34400", "2019-12-31": "0.34500", "2019-09-30": "0.34200", "2019-06-30": "0.34100", "2019-03-31": "0.34300", "2018-12-31": "0.34200", "2018-09-30": "0.34500", "2018-06-30": "0.34400", "2018-03-31": "0.34600", "2017-12-31": "0.34700", "2017-09-30": "0.17300", "2017-06-30": "0.17300", "2017-03-31": "0.17300", "2016-12-31": "0.34400", "2016-09-30": "0.17100", "2016-06-30": "0.17000", "2016-03-31": "0.17000", "2015-12-31": "0.17000", "2015-09-30": "0.17000", "2015-06-30": "0.17400", "2015-03-31": "0.17400", "2014-12-31": "0.17300", "2014-09-30": "0.17400", "2014-06-30": "0.17400", "2014-03-31": "0.17400", "2013-12-31": "0.17400", "2013-09-30": "0.17500", "2013-06-30": "0.08700", "2013-03-31": "0.08700", "2012-12-31": "0.17200", "2012-09-30": "0.08600", "2012-06-30": "0.08600", "2012-03-31": "0.08600", "2011-12-31": "0.08400", "2011-09-30": "0.08400", "2011-06-30": "0.08400", "2011-03-31": "0.08300", "2010-12-31": "0.08200", "2010-09-30": "0.08000", "2010-06-30": "0.07900", "2010-03-31": "0.07900", "2009-12-31": "0.07900", "2009-09-30": "0.07900", "2009-06-30": "0.07900", "2009-03-31": "0.07900", "2008-12-31": "0.07900", "2008-09-30": "0.08200", "2008-06-30": "0.08400", "2008-03-31": "0.08400", "2007-12-31": "0.08700", "2007-09-30": "0.08700", "2007-06-30": "0.08600", "2007-03-31": "0.08900", "2006-12-31": "0.08900", "2006-09-30": "0.08900", "2006-06-30": "0.09100", "2006-03-31": "0.09300", "2005-12-31": "0.09400", "2005-09-30": "0.09400", "2005-06-30": "0.09300", "2005-03-31": "0.09300"}, "Retained Earnings (Accumulated Deficit)": {"2020-09-30": "780.52100", "2020-06-30": "702.59700", "2020-03-31": "713.20800", "2019-12-31": "753.26800", "2019-09-30": "682.38300", "2019-06-30": "649.23400", "2019-03-31": "670.75400", "2018-12-31": "646.21400", "2018-09-30": "670.93500", "2018-06-30": "619.21200", "2018-03-31": "622.85600", "2017-12-31": "668.58700", "2017-09-30": "727.31900", "2017-06-30": "669.34700", "2017-03-31": "652.91700", "2016-12-31": "643.83600", "2016-09-30": "640.23000", "2016-06-30": "603.20400", "2016-03-31": "575.54800", "2015-12-31": "566.61300", "2015-09-30": "553.79200", "2015-06-30": "546.20500", "2015-03-31": "544.44800", "2014-12-31": "523.94600", "2014-09-30": "521.84500", "2014-06-30": "479.58100", "2014-03-31": "466.35000", "2013-12-31": "462.13100", "2013-09-30": "461.53800", "2013-06-30": "456.97800", "2013-03-31": "452.04900", "2012-12-31": "436.46600", "2012-09-30": "472.72900", "2012-06-30": "459.64500", "2012-03-31": "444.59200", "2011-12-31": "434.58100", "2011-09-30": "419.69900", "2011-06-30": "405.46300", "2011-03-31": "390.14600", "2010-12-31": "379.82600", "2010-09-30": "363.32900", "2010-06-30": "347.56600", "2010-03-31": "335.02100", "2009-12-31": "328.45900", "2009-09-30": "329.98300", "2009-06-30": "327.46500", "2009-03-31": "335.86700", "2008-12-31": "345.22500", "2008-09-30": "349.35000", "2008-06-30": "344.14600", "2008-03-31": "342.04800", "2007-12-31": "337.23100", "2007-09-30": "329.82000", "2007-06-30": "326.15800", "2007-03-31": "326.08700", "2006-12-31": "329.25100", "2006-09-30": "323.53700", "2006-06-30": "317.22700", "2006-03-31": "309.46900", "2005-12-31": "304.45400", "2005-09-30": "296.49100", "2005-06-30": "289.40100", "2005-03-31": "285.30800"}, "Comprehensive Income": {"2020-09-30": "-37.87300", "2020-06-30": "-36.87700", "2020-03-31": "-50.19100", "2019-12-31": "-37.27500", "2019-09-30": "-37.93400", "2019-06-30": "-36.80600", "2019-03-31": "-38.07200", "2018-12-31": "-40.50100", "2018-09-30": "-40.39200", "2018-06-30": "-38.76700", "2018-03-31": "-31.75700", "2017-12-31": "-34.59900", "2017-09-30": "-37.10100", "2017-06-30": "-42.95000", "2017-03-31": "-53.52800", "2016-12-31": "-56.42800", "2016-09-30": "-46.43400", "2016-06-30": "-47.69900", "2016-03-31": "-46.25100", "2015-12-31": "-52.12400", "2015-09-30": "-47.51300", "2015-06-30": "-47.39800", "2015-03-31": "-49.62900", "2014-12-31": "-39.39900", "2014-09-30": "-33.75400", "2014-06-30": "-29.15500", "2014-03-31": "-29.03600", "2013-12-31": "-29.83300", "2013-09-30": "-30.14100", "2013-06-30": "-32.51100", "2013-03-31": "-31.86700", "2012-12-31": "-29.51500", "2012-09-30": "-28.70900", "2012-06-30": "-26.00500", "2012-03-31": "-10.80700", "2011-12-31": "-17.35300", "2011-09-30": "-8.26700", "2011-06-30": "4.56700", "2011-03-31": "-0.17100", "2010-12-31": "-9.21700", "2010-09-30": "-6.33300", "2010-06-30": "-22.74200", "2010-03-31": "-10.26500", "2009-12-31": "-3.36100", "2009-09-30": "0.27700", "2009-06-30": "-5.84300", "2009-03-31": "-14.68000", "2008-12-31": "-5.50900", "2008-09-30": "-2.91000", "2008-06-30": "6.59400", "2008-03-31": "10.01600", "2007-12-31": "-1.89600", "2007-09-30": "-5.57900", "2007-06-30": "-10.09700", "2007-03-31": "-9.81500", "2006-12-31": "-10.62600", "2006-09-30": "-12.51700", "2006-06-30": "-12.39600", "2006-03-31": "-13.69300", "2005-12-31": "-14.05800", "2005-09-30": "-13.88000", "2005-06-30": "-13.93200", "2005-03-31": "-14.70800"}, "Other Share Holders Equity": {"2020-09-30": "", "2020-06-30": "", "2020-03-31": "", "2019-12-31": "", "2019-09-30": "", "2019-06-30": "", "2019-03-31": "", "2018-12-31": "", "2018-09-30": "", "2018-06-30": "", "2018-03-31": "", "2017-12-31": "", "2017-09-30": "", "2017-06-30": "", "2017-03-31": "", "2016-12-31": "", "2016-09-30": "", "2016-06-30": "", "2016-03-31": "", "2015-12-31": "", "2015-09-30": "", "2015-06-30": "", "2015-03-31": "", "2014-12-31": "", "2014-09-30": "", "2014-06-30": "", "2014-03-31": "", "2013-12-31": "", "2013-09-30": "", "2013-06-30": "", "2013-03-31": "", "2012-12-31": "", "2012-09-30": "", "2012-06-30": "", "2012-03-31": "", "2011-12-31": "", "2011-09-30": "", "2011-06-30": "", "2011-03-31": "", "2010-12-31": "", "2010-09-30": "", "2010-06-30": "", "2010-03-31": "", "2009-12-31": "", "2009-09-30": "", "2009-06-30": "", "2009-03-31": "", "2008-12-31": "", "2008-09-30": "", "2008-06-30": "", "2008-03-31": "", "2007-12-31": "", "2007-09-30": "", "2007-06-30": "", "2007-03-31": "", "2006-12-31": "", "2006-09-30": "", "2006-06-30": "", "2006-03-31": "", "2005-12-31": "", "2005-09-30": "", "2005-06-30": "", "2005-03-31": ""}, "Share Holder Equity": {"2020-09-30": "1505.82900", "2020-06-30": "1376.47800", "2020-03-31": "1327.49300", "2019-12-31": "1355.71000", "2019-09-30": "1239.21800", "2019-06-30": "1191.64000", "2019-03-31": "1188.85900", "2018-12-31": "1135.26300", "2018-09-30": "1149.44400", "2018-06-30": "1079.13200", "2018-03-31": "1077.09900", "2017-12-31": "1095.67300", "2017-09-30": "1133.52300", "2017-06-30": "1051.97600", "2017-03-31": "1011.21200", "2016-12-31": "962.59900", "2016-09-30": "943.94800", "2016-06-30": "886.64400", "2016-03-31": "850.71900", "2015-12-31": "825.66700", "2015-09-30": "812.79300", "2015-06-30": "793.13600", "2015-03-31": "767.06300", "2014-12-31": "736.43700", "2014-09-30": "733.95200", "2014-06-30": "682.50700", "2014-03-31": "661.04800", "2013-12-31": "643.91200", "2013-09-30": "637.72400", "2013-06-30": "614.99800", "2013-03-31": "599.46100", "2012-12-31": "572.28500", "2012-09-30": "605.40200", "2012-06-30": "591.59300", "2012-03-31": "588.79300", "2011-12-31": "552.98000", "2011-09-30": "541.36100", "2011-06-30": "540.28500", "2011-03-31": "505.42600", "2010-12-31": "473.31100", "2010-09-30": "435.42300", "2010-06-30": "394.88700", "2010-03-31": "394.15600", "2009-12-31": "394.44800", "2009-09-30": "408.32000", "2009-06-30": "398.44600", "2009-03-31": "396.31400", "2008-12-31": "413.07500", "2008-09-30": "440.42700", "2008-06-30": "466.01200", "2008-03-31": "465.64200", "2007-12-31": "476.36500", "2007-09-30": "461.70500", "2007-06-30": "448.96500", "2007-03-31": "473.04500", "2006-12-31": "473.85000", "2006-09-30": "466.18400", "2006-06-30": "473.89400", "2006-03-31": "496.06400", "2005-12-31": "506.52100", "2005-09-30": "501.04700", "2005-06-30": "473.14300", "2005-03-31": "466.42700"}, "Total Liabilities And Share Holders Equity": {"2020-09-30": "2060.51500", "2020-06-30": "1934.86400", "2020-03-31": "1885.07700", "2019-12-31": "1885.93500", "2019-09-30": "1390.45200", "2019-06-30": "1349.92000", "2019-03-31": "1353.77200", "2018-12-31": "1289.66700", "2018-09-30": "1324.69600", "2018-06-30": "1276.31000", "2018-03-31": "1268.91500", "2017-12-31": "1287.75300", "2017-09-30": "1258.51700", "2017-06-30": "1160.99800", "2017-03-31": "1096.24400", "2016-12-31": "1038.60400", "2016-09-30": "1020.08700", "2016-06-30": "964.44000", "2016-03-31": "913.63700", "2015-12-31": "887.75600", "2015-09-30": "887.40000", "2015-06-30": "878.20600", "2015-03-31": "838.34500", "2014-12-31": "821.73400", "2014-09-30": "816.40200", "2014-06-30": "760.45600", "2014-03-31": "717.51700", "2013-12-31": "709.69900", "2013-09-30": "692.75000", "2013-06-30": "670.37600", "2013-03-31": "652.52800", "2012-12-31": "627.60500", "2012-09-30": "662.11500", "2012-06-30": "646.74600", "2012-03-31": "637.98100", "2011-12-31": "611.88100", "2011-09-30": "598.50700", "2011-06-30": "602.65700", "2011-03-31": "564.65000", "2010-12-31": "533.10400", "2010-09-30": "499.73800", "2010-06-30": "454.46900", "2010-03-31": "443.19300", "2009-12-31": "439.86900", "2009-09-30": "446.89700", "2009-06-30": "444.35200", "2009-03-31": "445.69500", "2008-12-31": "474.04700", "2008-09-30": "501.52900", "2008-06-30": "534.31000", "2008-03-31": "532.16300", "2007-12-31": "539.54600", "2007-09-30": "538.93100", "2007-06-30": "512.30200", "2007-03-31": "534.07700", "2006-12-31": "528.65100", "2006-09-30": "529.48300", "2006-06-30": "538.34900", "2006-03-31": "555.49800", "2005-12-31": "564.56200", "2005-09-30": "560.18100", "2005-06-30": "532.11000", "2005-03-31": "524.71200"}}, "cash flow statement": {"Net Income/Loss": {"2019-12-31": "203.86500", "2018-12-31": "219.26700", "2017-12-31": "176.71200", "2016-12-31": "143.69400", "2015-12-31": "187.07400", "2014-12-31": "121.48500", "2013-12-31": "73.57300", "2012-12-31": "68.09800", "2011-12-31": "69.86900", "2010-12-31": "61.38100", "2009-12-31": "-4.86900", "2008-12-31": "27.27500", "2007-12-31": "26.89900", "2006-12-31": "39.85500", "2005-12-31": "35.70200"}, "Total Depreciation And Amortization - Cash Flow": {"2019-12-31": "24.28200", "2018-12-31": "21.65700", "2017-12-31": "17.19600", "2016-12-31": "15.45200", "2015-12-31": "14.80800", "2014-12-31": "14.29000", "2013-12-31": "13.62100", "2012-12-31": "16.59300", "2011-12-31": "16.13900", "2010-12-31": "13.00400", "2009-12-31": "11.09200", "2008-12-31": "12.69500", "2007-12-31": "11.35800", "2006-12-31": "11.66700", "2005-12-31": "11.42500"}, "Other Non-Cash Items": {"2019-12-31": "-47.63700", "2018-12-31": "39.33500", "2017-12-31": "34.55600", "2016-12-31": "18.75600", "2015-12-31": "-59.68700", "2014-12-31": "12.12100", "2013-12-31": "2.70100", "2012-12-31": "3.73000", "2011-12-31": "3.77900", "2010-12-31": "2.11000", "2009-12-31": "12.68000", "2008-12-31": "15.38500", "2007-12-31": "9.28600", "2006-12-31": "13.24200", "2005-12-31": "6.18300"}, "Total Non-Cash Items": {"2019-12-31": "-23.35500", "2018-12-31": "60.99200", "2017-12-31": "51.75200", "2016-12-31": "34.20800", "2015-12-31": "-44.87900", "2014-12-31": "26.41100", "2013-12-31": "16.32200", "2012-12-31": "20.32300", "2011-12-31": "19.91800", "2010-12-31": "15.11400", "2009-12-31": "23.77200", "2008-12-31": "28.08000", "2007-12-31": "20.64400", "2006-12-31": "24.90900", "2005-12-31": "17.60800"}, "Change In Accounts Receivable": {"2019-12-31": "16.80700", "2018-12-31": "-1.86700", "2017-12-31": "-55.18500", "2016-12-31": "-13.25100", "2015-12-31": "-3.95000", "2014-12-31": "-0.91500", "2013-12-31": "-11.31100", "2012-12-31": "5.03500", "2011-12-31": "-2.03100", "2010-12-31": "-14.53500", "2009-12-31": "-0.28700", "2008-12-31": "8.55100", "2007-12-31": "3.19800", "2006-12-31": "4.21600", "2005-12-31": "-5.77000"}, "Change In Inventories": {"2019-12-31": "23.13700", "2018-12-31": "-16.94600", "2017-12-31": "-37.08800", "2016-12-31": "10.40900", "2015-12-31": "-9.45700", "2014-12-31": "-11.75000", "2013-12-31": "0.66600", "2012-12-31": "1.87200", "2011-12-31": "-5.74300", "2010-12-31": "-6.19000", "2009-12-31": "8.61800", "2008-12-31": "-0.95900", "2007-12-31": "0.12400", "2006-12-31": "-11.25400", "2005-12-31": "-0.48300"}, "Change In Accounts Payable": {"2019-12-31": "1.63300", "2018-12-31": "-7.24700", "2017-12-31": "12.32200", "2016-12-31": "2.08700", "2015-12-31": "-8.87200", "2014-12-31": "10.89600", "2013-12-31": "2.64400", "2012-12-31": "-0.24600", "2011-12-31": "", "2010-12-31": "", "2009-12-31": "", "2008-12-31": "", "2007-12-31": "", "2006-12-31": "", "2005-12-31": ""}, "Change In Assets/Liabilities": {"2019-12-31": "14.81000", "2018-12-31": "-9.22200", "2017-12-31": "-10.00100", "2016-12-31": "-4.10700", "2015-12-31": "1.28500", "2014-12-31": "2.20200", "2013-12-31": "", "2012-12-31": "4.66000", "2011-12-31": "4.38000", "2010-12-31": "-8.47400", "2009-12-31": "-5.13200", "2008-12-31": "4.06100", "2007-12-31": "1.61200", "2006-12-31": "-2.33600", "2005-12-31": "2.79300"}, "Total Change In Assets/Liabilities": {"2019-12-31": "72.71500", "2018-12-31": "-56.80500", "2017-12-31": "-4.14100", "2016-12-31": "4.17900", "2015-12-31": "-13.86800", "2014-12-31": "15.94500", "2013-12-31": "5.56000", "2012-12-31": "12.71000", "2011-12-31": "-3.51200", "2010-12-31": "-0.16200", "2009-12-31": "-6.62000", "2008-12-31": "3.58200", "2007-12-31": "0.93000", "2006-12-31": "-16.28500", "2005-12-31": "-10.54900"}, "Cash Flow From Operating Activities": {"2019-12-31": "253.22500", "2018-12-31": "223.45400", "2017-12-31": "224.32300", "2016-12-31": "182.08100", "2015-12-31": "128.32700", "2014-12-31": "163.84100", "2013-12-31": "95.45500", "2012-12-31": "101.13100", "2011-12-31": "86.27500", "2010-12-31": "76.33300", "2009-12-31": "12.28300", "2008-12-31": "58.93700", "2007-12-31": "48.47300", "2006-12-31": "48.47900", "2005-12-31": "42.76100"}, "Net Change In Property, Plant, And Equipment": {"2019-12-31": "-21.74500", "2018-12-31": "-37.09500", "2017-12-31": "-28.75400", "2016-12-31": "-12.81600", "2015-12-31": "-18.22800", "2014-12-31": "-20.93400", "2013-12-31": "-9.63000", "2012-12-31": "-9.87800", "2011-12-31": "-7.82000", "2010-12-31": "-5.85200", "2009-12-31": "-5.46600", "2008-12-31": "-6.01200", "2007-12-31": "-4.63500", "2006-12-31": "-4.22400", "2005-12-31": "-3.81900"}, "Net Change In Intangible Assets": {"2019-12-31": "", "2018-12-31": "", "2017-12-31": "", "2016-12-31": "", "2015-12-31": "-10.47500", "2014-12-31": "", "2013-12-31": "-3.75000", "2012-12-31": "0.00000", "2011-12-31": "", "2010-12-31": "", "2009-12-31": "", "2008-12-31": "", "2007-12-31": "", "2006-12-31": "", "2005-12-31": ""}, "Net Acquisitions/Divestitures": {"2019-12-31": "-166.91100", "2018-12-31": "-4.26500", "2017-12-31": "-24.40900", "2016-12-31": "-14.39800", "2015-12-31": "103.36500", "2014-12-31": "", "2013-12-31": "", "2012-12-31": "", "2011-12-31": "", "2010-12-31": "", "2009-12-31": "-4.94100", "2008-12-31": "-1.00000", "2007-12-31": "-1.00200", "2006-12-31": "-3.18800", "2005-12-31": "-111.84200"}, "Net Change In Short-term Investments": {"2019-12-31": "", "2018-12-31": "", "2017-12-31": "", "2016-12-31": "", "2015-12-31": "", "2014-12-31": "", "2013-12-31": "", "2012-12-31": "", "2011-12-31": "", "2010-12-31": "", "2009-12-31": "", "2008-12-31": "", "2007-12-31": "", "2006-12-31": "", "2005-12-31": ""}, "Net Change In Long-Term Investments": {"2019-12-31": "31.32010", "2018-12-31": "30.53300", "2017-12-31": "-52.39200", "2016-12-31": "-94.61800", "2015-12-31": "-85.20910", "2014-12-31": "-83.16300", "2013-12-31": "-74.69000", "2012-12-31": "-28.97600", "2011-12-31": "-82.38900", "2010-12-31": "-170.93900", "2009-12-31": "9.94100", "2008-12-31": "68.75300", "2007-12-31": "14.33700", "2006-12-31": "59.93700", "2005-12-31": "94.56590"}, "Net Change In Investments - Total": {"2019-12-31": "31.32010", "2018-12-31": "30.53300", "2017-12-31": "-52.39200", "2016-12-31": "-94.61800", "2015-12-31": "-85.20910", "2014-12-31": "-83.16300", "2013-12-31": "-74.69000", "2012-12-31": "-28.97600", "2011-12-31": "-82.38900", "2010-12-31": "-170.93900", "2009-12-31": "9.94100", "2008-12-31": "68.75300", "2007-12-31": "14.33700", "2006-12-31": "59.93700", "2005-12-31": "94.56590"}, "Investing Activities - Other": {"2019-12-31": "", "2018-12-31": "", "2017-12-31": "", "2016-12-31": "", "2015-12-31": "", "2014-12-31": "", "2013-12-31": "", "2012-12-31": "", "2011-12-31": "", "2010-12-31": "0.31500", "2009-12-31": "", "2008-12-31": "2.79700", "2007-12-31": "", "2006-12-31": "", "2005-12-31": ""}, "Cash Flow From Investing Activities": {"2019-12-31": "-157.33600", "2018-12-31": "-10.82700", "2017-12-31": "-105.55500", "2016-12-31": "-121.83200", "2015-12-31": "-10.54700", "2014-12-31": "-104.09700", "2013-12-31": "-88.07000", "2012-12-31": "-38.85400", "2011-12-31": "-90.20900", "2010-12-31": "-176.47600", "2009-12-31": "-0.46600", "2008-12-31": "64.53800", "2007-12-31": "8.70000", "2006-12-31": "52.52500", "2005-12-31": "-21.09500"}, "Net Long-Term Debt": {"2019-12-31": "", "2018-12-31": "", "2017-12-31": "", "2016-12-31": "", "2015-12-31": "", "2014-12-31": "", "2013-12-31": "", "2012-12-31": "", "2011-12-31": "", "2010-12-31": "", "2009-12-31": "", "2008-12-31": "", "2007-12-31": "", "2006-12-31": "", "2005-12-31": ""}, "Net Current Debt": {"2019-12-31": "", "2018-12-31": "", "2017-12-31": "", "2016-12-31": "", "2015-12-31": "", "2014-12-31": "", "2013-12-31": "", "2012-12-31": "", "2011-12-31": "", "2010-12-31": "", "2009-12-31": "", "2008-12-31": "", "2007-12-31": "", "2006-12-31": "", "2005-12-31": ""}, "Debt Issuance/Retirement Net - Total": {"2019-12-31": "", "2018-12-31": "", "2017-12-31": "", "2016-12-31": "", "2015-12-31": "", "2014-12-31": "", "2013-12-31": "", "2012-12-31": "", "2011-12-31": "", "2010-12-31": "", "2009-12-31": "", "2008-12-31": "", "2007-12-31": "", "2006-12-31": "", "2005-12-31": ""}, "Net Common Equity Issued/Repurchased": {"2019-12-31": "2.89100", "2018-12-31": "-177.03900", "2017-12-31": "-69.15800", "2016-12-31": "-3.68100", "2015-12-31": "-98.76900", "2014-12-31": "-42.74300", "2013-12-31": "-20.11600", "2012-12-31": "17.46800", "2011-12-31": "20.86300", "2010-12-31": "28.30100", "2009-12-31": "-8.92900", "2008-12-31": "-77.91700", "2007-12-31": "-25.84400", "2006-12-31": "-75.93700", "2005-12-31": "15.52500"}, "Net Total Equity Issued/Repurchased": {"2019-12-31": "2.89100", "2018-12-31": "-177.03900", "2017-12-31": "-69.15800", "2016-12-31": "-3.68100", "2015-12-31": "-98.76900", "2014-12-31": "-42.74300", "2013-12-31": "-20.11600", "2012-12-31": "17.46800", "2011-12-31": "20.86300", "2010-12-31": "28.30100", "2009-12-31": "-8.92900", "2008-12-31": "-77.91700", "2007-12-31": "-25.84400", "2006-12-31": "-75.93700", "2005-12-31": "15.52500"}, "Total Common And Preferred Stock Dividends Paid": {"2019-12-31": "-35.12400", "2018-12-31": "-31.86500", "2017-12-31": "-29.03700", "2016-12-31": "-25.21300", "2015-12-31": "-18.06200", "2014-12-31": "", "2013-12-31": "", "2012-12-31": "-66.21300", "2011-12-31": "-15.11400", "2010-12-31": "-10.01400", "2009-12-31": "-11.89700", "2008-12-31": "-19.28100", "2007-12-31": "-14.89800", "2006-12-31": "-15.05800", "2005-12-31": "-14.96000"}, "Financial Activities - Other": {"2019-12-31": "", "2018-12-31": "-1.00000", "2017-12-31": "-1.92600", "2016-12-31": "-0.33700", "2015-12-31": "", "2014-12-31": "", "2013-12-31": "7.65800", "2012-12-31": "3.59400", "2011-12-31": "4.04500", "2010-12-31": "1.94100", "2009-12-31": "-0.47200", "2008-12-31": "1.67100", "2007-12-31": "0.24100", "2006-12-31": "1.41300", "2005-12-31": ""}, "Cash Flow From Financial Activities": {"2019-12-31": "-32.23300", "2018-12-31": "-209.90400", "2017-12-31": "-100.12100", "2016-12-31": "-29.23100", "2015-12-31": "-116.83100", "2014-12-31": "-42.74300", "2013-12-31": "-12.45800", "2012-12-31": "-45.15100", "2011-12-31": "9.79400", "2010-12-31": "20.22800", "2009-12-31": "-21.29800", "2008-12-31": "-95.52700", "2007-12-31": "-40.50100", "2006-12-31": "-89.58200", "2005-12-31": "0.56500"}, "Net Cash Flow": {"2019-12-31": "63.21900", "2018-12-31": "1.63000", "2017-12-31": "26.94100", "2016-12-31": "27.66600", "2015-12-31": "-3.71900", "2014-12-31": "15.05000", "2013-12-31": "-4.51600", "2012-12-31": "7.05700", "2011-12-31": "4.90000", "2010-12-31": "-86.62800", "2009-12-31": "-7.30700", "2008-12-31": "22.99400", "2007-12-31": "16.78300", "2006-12-31": "14.50500", "2005-12-31": "18.58600"}, "Stock-Based Compensation": {"2019-12-31": "45.58900", "2018-12-31": "41.09000", "2017-12-31": "31.94200", "2016-12-31": "20.55800", "2015-12-31": "20.16800", "2014-12-31": "15.15800", "2013-12-31": "10.62000", "2012-12-31": "8.52000", "2011-12-31": "8.06800", "2010-12-31": "3.02700", "2009-12-31": "9.22300", "2008-12-31": "10.23100", "2007-12-31": "11.71500", "2006-12-31": "13.62400", "2005-12-31": ""}, "Common Stock Dividends Paid": {"2019-12-31": "-35.12400", "2018-12-31": "-31.86500", "2017-12-31": "-29.03700", "2016-12-31": "-25.21300", "2015-12-31": "-18.06200", "2014-12-31": "", "2013-12-31": "0.00000", "2012-12-31": "-66.21300", "2011-12-31": "-15.11400", "2010-12-31": "-10.01400", "2009-12-31": "-11.89700", "2008-12-31": "-19.28100", "2007-12-31": "-14.89800", "2006-12-31": "-15.05800", "2005-12-31": "-14.96000"}}, "cash flow statement, quarterly": {"Net Income/Loss": {"2020-09-30": 87.506, "2020-06-30": -1.142, "2020-03-31": "20.47700", "2019-12-31": 80.327, "2019-09-30": 41.685, "2019-06-30": 48.749, "2019-03-31": "33.10400", "2018-12-31": 45.418, "2018-09-30": 80.436, "2018-06-30": 56.196, "2018-03-31": "37.21700", "2017-12-31": -27.747, "2017-09-30": 102.493, "2017-06-30": 56.495, "2017-03-31": "45.47100", "2016-12-31": 32.375, "2016-09-30": 53.675, "2016-06-30": 42.759, "2016-03-31": "14.88500", "2015-12-31": 18.746, "2015-09-30": 104.112, "2015-06-30": 43.714, "2015-03-31": "20.50200", "2014-12-31": 26.631, "2014-09-30": 50.4, "2014-06-30": 25.948, "2014-03-31": "18.50600", "2013-12-31": 20.443, "2013-09-30": 20.727, "2013-06-30": 16.82, "2013-03-31": "15.58300", "2012-12-31": 16.244, "2012-09-30": 17.805, "2012-06-30": 19.767, "2012-03-31": "14.28200", "2011-12-31": 19.099, "2011-09-30": 18.037, "2011-06-30": 19.097, "2011-03-31": "13.63600", "2010-12-31": 19.764, "2010-09-30": 18.145, "2010-06-30": 14.927, "2010-03-31": "8.54500", "2009-12-31": 0.459, "2009-09-30": 4.501, "2009-06-30": -6.419, "2009-03-31": "-3.41000", "2008-12-31": 1.814, "2008-09-30": 11.333, "2008-06-30": 5.653, "2008-03-31": "8.47500", "2007-12-31": 11.094, "2007-09-30": 7.343, "2007-06-30": 3.827, "2007-03-31": "4.63500", "2006-12-31": 9.505, "2006-09-30": 10.116, "2006-06-30": 11.434, "2006-03-31": "8.80000", "2005-12-31": 11.75, "2005-09-30": 10.858, "2005-06-30": 7.8, "2005-03-31": "5.29400"}, "Total Depreciation And Amortization - Cash Flow": {"2020-09-30": 6.597, "2020-06-30": 6.947, "2020-03-31": "7.12500", "2019-12-31": 6.926, "2019-09-30": 5.623, "2019-06-30": 7.25, "2019-03-31": "4.48300", "2018-12-31": 5.753, "2018-09-30": 5.398, "2018-06-30": 5.251, "2018-03-31": "5.25500", "2017-12-31": 4.658, "2017-09-30": 4.339, "2017-06-30": 4.158, "2017-03-31": "4.04100", "2016-12-31": 4.032, "2016-09-30": 3.777, "2016-06-30": 3.716, "2016-03-31": "3.92700", "2015-12-31": 3.846, "2015-09-30": 3.586, "2015-06-30": 3.734, "2015-03-31": "3.64200", "2014-12-31": 3.566, "2014-09-30": 3.559, "2014-06-30": 3.363, "2014-03-31": "3.80200", "2013-12-31": 3.356, "2013-09-30": 3.305, "2013-06-30": 3.413, "2013-03-31": "3.54700", "2012-12-31": 3.773, "2012-09-30": 3.972, "2012-06-30": 4.419, "2012-03-31": "4.42900", "2011-12-31": 4.201, "2011-09-30": 4.143, "2011-06-30": 3.958, "2011-03-31": "3.83700", "2010-12-31": 3.803, "2010-09-30": 3.366, "2010-06-30": 3.035, "2010-03-31": "2.80000", "2009-12-31": 2.823, "2009-09-30": 2.647, "2009-06-30": 2.691, "2009-03-31": "2.93100", "2008-12-31": 3.911, "2008-09-30": 2.959, "2008-06-30": 2.949, "2008-03-31": "2.87600", "2007-12-31": 2.864, "2007-09-30": 2.844, "2007-06-30": 2.838, "2007-03-31": "2.81200", "2006-12-31": 2.965, "2006-09-30": 2.966, "2006-06-30": 2.926, "2006-03-31": "2.81000", "2005-12-31": 2.686, "2005-09-30": 3.332, "2005-06-30": 2.871, "2005-03-31": "2.53600"}, "Other Non-Cash Items": {"2020-09-30": 9.386, "2020-06-30": 43.493, "2020-03-31": "11.27400", "2019-12-31": -79.662, "2019-09-30": 10.85, "2019-06-30": 11.059, "2019-03-31": "10.11600", "2018-12-31": 10.01, "2018-09-30": 10.037, "2018-06-30": 8.451, "2018-03-31": "10.83700", "2017-12-31": 11.452, "2017-09-30": 9.005, "2017-06-30": 6.769, "2017-03-31": "7.33000", "2016-12-31": 5.229, "2016-09-30": 5.003, "2016-06-30": 4.034, "2016-03-31": "4.49000", "2015-12-31": 5.013, "2015-09-30": -74.046, "2015-06-30": 3.68, "2015-03-31": "5.66600", "2014-12-31": 23.334, "2014-09-30": -18.424, "2014-06-30": 5.746, "2014-03-31": "1.46500", "2013-12-31": 0.606, "2013-09-30": 0.158, "2013-06-30": 1.417, "2013-03-31": "0.52000", "2012-12-31": 3.111, "2012-09-30": 0.432, "2012-06-30": -0.016, "2012-03-31": "0.20300", "2011-12-31": 1.966, "2011-09-30": 0.585, "2011-06-30": 0.223, "2011-03-31": "1.00500", "2010-12-31": 2.916, "2010-09-30": -0.487, "2010-06-30": 0.063, "2010-03-31": "-0.38200", "2009-12-31": 5.743, "2009-09-30": 3.322, "2009-06-30": 1.662, "2009-03-31": "1.95300", "2008-12-31": 2.651, "2008-09-30": 7.688, "2008-06-30": 4.317, "2008-03-31": "0.72900", "2007-12-31": 10.519, "2007-09-30": 1.017, "2007-06-30": -4.253, "2007-03-31": "2.00300", "2006-12-31": 10.028, "2006-09-30": 1.904, "2006-06-30": 0.621, "2006-03-31": "0.68900", "2005-12-31": 2.107, "2005-09-30": 2.95, "2005-06-30": 0.08, "2005-03-31": "1.04600"}, "Total Non-Cash Items": {"2020-09-30": 15.983, "2020-06-30": 50.44, "2020-03-31": "18.39900", "2019-12-31": -72.736, "2019-09-30": 16.473, "2019-06-30": 18.309, "2019-03-31": "14.59900", "2018-12-31": 15.763, "2018-09-30": 15.435, "2018-06-30": 13.702, "2018-03-31": "16.09200", "2017-12-31": 16.11, "2017-09-30": 13.344, "2017-06-30": 10.927, "2017-03-31": "11.37100", "2016-12-31": 9.261, "2016-09-30": 8.78, "2016-06-30": 7.75, "2016-03-31": "8.41700", "2015-12-31": 8.859, "2015-09-30": -70.46, "2015-06-30": 7.414, "2015-03-31": "9.30800", "2014-12-31": 26.9, "2014-09-30": -14.865, "2014-06-30": 9.109, "2014-03-31": "5.26700", "2013-12-31": 3.962, "2013-09-30": 3.463, "2013-06-30": 4.83, "2013-03-31": "4.06700", "2012-12-31": 6.884, "2012-09-30": 4.404, "2012-06-30": 4.403, "2012-03-31": "4.63200", "2011-12-31": 6.167, "2011-09-30": 4.728, "2011-06-30": 4.181, "2011-03-31": "4.84200", "2010-12-31": 6.719, "2010-09-30": 2.879, "2010-06-30": 3.098, "2010-03-31": "2.41800", "2009-12-31": 8.566, "2009-09-30": 5.969, "2009-06-30": 4.353, "2009-03-31": "4.88400", "2008-12-31": 6.562, "2008-09-30": 10.647, "2008-06-30": 7.266, "2008-03-31": "3.60500", "2007-12-31": 13.383, "2007-09-30": 3.861, "2007-06-30": -1.415, "2007-03-31": "4.81500", "2006-12-31": 12.993, "2006-09-30": 4.87, "2006-06-30": 3.547, "2006-03-31": "3.49900", "2005-12-31": 4.793, "2005-09-30": 6.282, "2005-06-30": 2.951, "2005-03-31": "3.58200"}, "Change In Accounts Receivable": {"2020-09-30": -14.921, "2020-06-30": -11.139, "2020-03-31": "2.18200", "2019-12-31": 5.42, "2019-09-30": 0.004, "2019-06-30": -1.444, "2019-03-31": "12.82700", "2018-12-31": 16.269, "2018-09-30": 0.643, "2018-06-30": -43.609, "2018-03-31": "24.83000", "2017-12-31": 3.194, "2017-09-30": -39.538, "2017-06-30": -16.603, "2017-03-31": "-2.23800", "2016-12-31": 24.551, "2016-09-30": -20.065, "2016-06-30": -16.712, "2016-03-31": "-1.02500", "2015-12-31": 27.43, "2015-09-30": -25.993, "2015-06-30": 2.618, "2015-03-31": "-8.00500", "2014-12-31": 51.046, "2014-09-30": -35.009, "2014-06-30": -16.952, "2014-03-31": "", "2013-12-31": -4.301, "2013-09-30": -3.113, "2013-06-30": -3.897, "2013-03-31": "", "2012-12-31": 5.035, "2012-09-30": 0, "2012-06-30": 0, "2012-03-31": "", "2011-12-31": -2.031, "2011-09-30": 0, "2011-06-30": 0, "2011-03-31": "", "2010-12-31": -14.535, "2010-09-30": 0, "2010-06-30": 0, "2010-03-31": "", "2009-12-31": -0.287, "2009-09-30": 0, "2009-06-30": 0, "2009-03-31": "", "2008-12-31": 8.551, "2008-09-30": 0, "2008-06-30": 0, "2008-03-31": "", "2007-12-31": 3.198, "2007-09-30": 0, "2007-06-30": 0, "2007-03-31": "", "2006-12-31": 4.216, "2006-09-30": 0, "2006-06-30": 0, "2006-03-31": "", "2005-12-31": -5.77, "2005-09-30": 0, "2005-06-30": 0, "2005-03-31": ""}, "Change In Inventories": {"2020-09-30": -1.401, "2020-06-30": -6.618, "2020-03-31": "4.95400", "2019-12-31": 9.239, "2019-09-30": 5.217, "2019-06-30": 4.608, "2019-03-31": "4.07300", "2018-12-31": 10.753, "2018-09-30": -4.479, "2018-06-30": 4.101, "2018-03-31": "-27.32100", "2017-12-31": -18.538, "2017-09-30": -10.839, "2017-06-30": -2.325, "2017-03-31": "-5.38600", "2016-12-31": -0.371, "2016-09-30": -1.184, "2016-06-30": 9.318, "2016-03-31": "2.64600", "2015-12-31": 1.906, "2015-09-30": -0.163, "2015-06-30": 3.846, "2015-03-31": "-15.04600", "2014-12-31": -5.195, "2014-09-30": -1.405, "2014-06-30": -5.15, "2014-03-31": "", "2013-12-31": 2.008, "2013-09-30": -0.521, "2013-06-30": -0.821, "2013-03-31": "", "2012-12-31": 1.872, "2012-09-30": 0, "2012-06-30": 0, "2012-03-31": "", "2011-12-31": -5.743, "2011-09-30": 0, "2011-06-30": 0, "2011-03-31": "", "2010-12-31": -6.19, "2010-09-30": 0, "2010-06-30": 0, "2010-03-31": "", "2009-12-31": 8.618, "2009-09-30": 0, "2009-06-30": 0, "2009-03-31": "", "2008-12-31": -0.959, "2008-09-30": 0, "2008-06-30": 0, "2008-03-31": "", "2007-12-31": 0.124, "2007-09-30": 0, "2007-06-30": 0, "2007-03-31": "", "2006-12-31": -11.254, "2006-09-30": 0, "2006-06-30": 0, "2006-03-31": "", "2005-12-31": -0.483, "2005-09-30": 0, "2005-06-30": 0, "2005-03-31": ""}, "Change In Accounts Payable": {"2020-09-30": 3.444, "2020-06-30": 1.756, "2020-03-31": "-1.61300", "2019-12-31": 5.031, "2019-09-30": 1.13, "2019-06-30": -8.773, "2019-03-31": "4.24500", "2018-12-31": -6.065, "2018-09-30": 9.707, "2018-06-30": -16.198, "2018-03-31": "5.30900", "2017-12-31": -6.81, "2017-09-30": 7.318, "2017-06-30": 4.647, "2017-03-31": "7.16700", "2016-12-31": -0.002, "2016-09-30": -4.135, "2016-06-30": 4.008, "2016-03-31": "2.21600", "2015-12-31": -2.049, "2015-09-30": -5.178, "2015-06-30": 3.368, "2015-03-31": "-5.01300", "2014-12-31": 6.763, "2014-09-30": 4.133, "2014-06-30": 0, "2014-03-31": "", "2013-12-31": 2.644, "2013-09-30": 0, "2013-06-30": 0, "2013-03-31": "", "2012-12-31": -0.246, "2012-09-30": 0, "2012-06-30": 0, "2012-03-31": "", "2011-12-31": 0, "2011-09-30": 0, "2011-06-30": 0, "2011-03-31": "", "2010-12-31": 0, "2010-09-30": 0, "2010-06-30": 0, "2010-03-31": "", "2009-12-31": 0, "2009-09-30": 0, "2009-06-30": 0, "2009-03-31": "", "2008-12-31": 0, "2008-09-30": 0, "2008-06-30": 0, "2008-03-31": "", "2007-12-31": 0, "2007-09-30": 0, "2007-06-30": 0, "2007-03-31": "", "2006-12-31": 0, "2006-09-30": 0, "2006-06-30": 0, "2006-03-31": "", "2005-12-31": 0, "2005-09-30": 0, "2005-06-30": 0, "2005-03-31": ""}, "Change In Assets/Liabilities": {"2020-09-30": -13.187, "2020-06-30": 10.556, "2020-03-31": "0.37300", "2019-12-31": 11.185, "2019-09-30": -2.498, "2019-06-30": -1.499, "2019-03-31": "7.62200", "2018-12-31": -4.084, "2018-09-30": -18.461, "2018-06-30": 4.923, "2018-03-31": "8.40000", "2017-12-31": 44.792, "2017-09-30": -36.576, "2017-06-30": -12.548, "2017-03-31": "-5.66900", "2016-12-31": 7.597, "2016-09-30": 17.254, "2016-06-30": -32.285, "2016-03-31": "3.32700", "2015-12-31": -3.664, "2015-09-30": 54.484, "2015-06-30": -54.849, "2015-03-31": "5.31400", "2014-12-31": -7.251, "2014-09-30": 15.713, "2014-06-30": 0.052, "2014-03-31": "-6.31200", "2013-12-31": 6.04, "2013-09-30": -8.433, "2013-06-30": 3.253, "2013-03-31": "-0.86000", "2012-12-31": -4.856, "2012-09-30": 12.428, "2012-06-30": 3.148, "2012-03-31": "-6.06000", "2011-12-31": 6.564, "2011-09-30": -8.493, "2011-06-30": 3.999, "2011-03-31": "2.31000", "2010-12-31": -5.21, "2010-09-30": 4.447, "2010-06-30": -6.459, "2010-03-31": "-1.25200", "2009-12-31": 4.324, "2009-09-30": -6.702, "2009-06-30": -1.798, "2009-03-31": "-0.95600", "2008-12-31": 12.297, "2008-09-30": -11.232, "2008-06-30": 1.386, "2008-03-31": "1.61000", "2007-12-31": -11.319, "2007-09-30": 6.804, "2007-06-30": 9.089, "2007-03-31": "-2.96200", "2006-12-31": -1.505, "2006-09-30": 0.781, "2006-06-30": -3.673, "2006-03-31": "2.06100", "2005-12-31": 8.892, "2005-09-30": -1.472, "2005-06-30": -3.57, "2005-03-31": "-1.05700"}, "Total Change In Assets/Liabilities": {"2020-09-30": -23.059, "2020-06-30": -35.42, "2020-03-31": "26.26600", "2019-12-31": 60.073, "2019-09-30": 7.253, "2019-06-30": -8.169, "2019-03-31": "13.55800", "2018-12-31": 10.581, "2018-09-30": -16.795, "2018-06-30": -52.068, "2018-03-31": "1.47700", "2017-12-31": 95.906, "2017-09-30": -66.403, "2017-06-30": -24.517, "2017-03-31": "-9.12700", "2016-12-31": 33.787, "2016-09-30": -5.108, "2016-06-30": -28.778, "2016-03-31": "4.27800", "2015-12-31": 16.727, "2015-09-30": 32.34, "2015-06-30": -36.555, "2015-03-31": "-26.38000", "2014-12-31": 47.323, "2014-09-30": -4.256, "2014-06-30": -20.81, "2014-03-31": "-6.31200", "2013-12-31": 11.815, "2013-09-30": -3.93, "2013-06-30": -1.465, "2013-03-31": "-0.86000", "2012-12-31": 3.194, "2012-09-30": 12.428, "2012-06-30": 3.148, "2012-03-31": "-6.06000", "2011-12-31": -1.328, "2011-09-30": -8.493, "2011-06-30": 3.999, "2011-03-31": "2.31000", "2010-12-31": 3.102, "2010-09-30": 4.447, "2010-06-30": -6.459, "2010-03-31": "-1.25200", "2009-12-31": 2.836, "2009-09-30": -6.702, "2009-06-30": -1.798, "2009-03-31": "-0.95600", "2008-12-31": 11.818, "2008-09-30": -11.232, "2008-06-30": 1.386, "2008-03-31": "1.61000", "2007-12-31": -12.001, "2007-09-30": 6.804, "2007-06-30": 9.089, "2007-03-31": "-2.96200", "2006-12-31": -15.454, "2006-09-30": 0.781, "2006-06-30": -3.673, "2006-03-31": "2.06100", "2005-12-31": -4.45, "2005-09-30": -1.472, "2005-06-30": -3.57, "2005-03-31": "-1.05700"}, "Cash Flow From Operating Activities": {"2020-09-30": 80.43, "2020-06-30": 13.878, "2020-03-31": "65.14200", "2019-12-31": 67.664, "2019-09-30": 65.411, "2019-06-30": 58.889, "2019-03-31": "61.26100", "2018-12-31": 71.762, "2018-09-30": 79.076, "2018-06-30": 17.83, "2018-03-31": "54.78600", "2017-12-31": 84.269, "2017-09-30": 49.434, "2017-06-30": 42.905, "2017-03-31": "47.71500", "2016-12-31": 75.423, "2016-09-30": 57.347, "2016-06-30": 21.731, "2016-03-31": "27.58000", "2015-12-31": 44.332, "2015-09-30": 65.992, "2015-06-30": 14.573, "2015-03-31": "3.43000", "2014-12-31": 100.854, "2014-09-30": 31.279, "2014-06-30": 14.247, "2014-03-31": "17.46100", "2013-12-31": 36.22, "2013-09-30": 20.26, "2013-06-30": 20.185, "2013-03-31": "18.79000", "2012-12-31": 26.322, "2012-09-30": 34.637, "2012-06-30": 27.318, "2012-03-31": "12.85400", "2011-12-31": 23.938, "2011-09-30": 14.272, "2011-06-30": 27.277, "2011-03-31": "20.78800", "2010-12-31": 29.585, "2010-09-30": 25.471, "2010-06-30": 11.566, "2010-03-31": "9.71100", "2009-12-31": 11.861, "2009-09-30": 3.768, "2009-06-30": -3.864, "2009-03-31": "0.51800", "2008-12-31": 20.194, "2008-09-30": 10.748, "2008-06-30": 14.305, "2008-03-31": "13.69000", "2007-12-31": 12.476, "2007-09-30": 18.008, "2007-06-30": 11.501, "2007-03-31": "6.48800", "2006-12-31": 7.044, "2006-09-30": 15.767, "2006-06-30": 11.308, "2006-03-31": "14.36000", "2005-12-31": 12.093, "2005-09-30": 15.668, "2005-06-30": 7.181, "2005-03-31": "7.81900"}, "Net Change In Property, Plant, And Equipment": {"2020-09-30": -2.844, "2020-06-30": -3.911, "2020-03-31": "-3.07400", "2019-12-31": -8.227, "2019-09-30": -4.549, "2019-06-30": -3.891, "2019-03-31": "-5.07800", "2018-12-31": -9.739, "2018-09-30": -5.681, "2018-06-30": -8.405, "2018-03-31": "-13.27000", "2017-12-31": -8.71, "2017-09-30": -7.872, "2017-06-30": -6.077, "2017-03-31": "-6.09500", "2016-12-31": -2.325, "2016-09-30": -5.144, "2016-06-30": -3.11, "2016-03-31": "-2.23700", "2015-12-31": -5.211, "2015-09-30": -3.492, "2015-06-30": -5.261, "2015-03-31": "-4.26400", "2014-12-31": -11.856, "2014-09-30": -3.737, "2014-06-30": -2.656, "2014-03-31": "-2.68500", "2013-12-31": -3.478, "2013-09-30": -1.842, "2013-06-30": -2.402, "2013-03-31": "-1.90800", "2012-12-31": -2.257, "2012-09-30": -2.317, "2012-06-30": -2.817, "2012-03-31": "-2.48700", "2011-12-31": -2.275, "2011-09-30": -1.92, "2011-06-30": -2.048, "2011-03-31": "-1.57700", "2010-12-31": -2.545, "2010-09-30": -1.076, "2010-06-30": -1.15, "2010-03-31": "-1.08100", "2009-12-31": -0.954, "2009-09-30": -1.674, "2009-06-30": -1.097, "2009-03-31": "-1.74100", "2008-12-31": -1.768, "2008-09-30": -0.737, "2008-06-30": -1.798, "2008-03-31": "-1.70900", "2007-12-31": -1.328, "2007-09-30": -0.746, "2007-06-30": -1.074, "2007-03-31": "-1.48700", "2006-12-31": -0.993, "2006-09-30": -1.208, "2006-06-30": -0.992, "2006-03-31": "-1.03100", "2005-12-31": -0.91, "2005-09-30": -1.095, "2005-06-30": -1.047, "2005-03-31": "-0.76700"}, "Net Change In Intangible Assets": {"2020-09-30": 0, "2020-06-30": 0, "2020-03-31": "", "2019-12-31": 0, "2019-09-30": 0, "2019-06-30": 0, "2019-03-31": "", "2018-12-31": 0, "2018-09-30": 0, "2018-06-30": 0, "2018-03-31": "", "2017-12-31": 0, "2017-09-30": 0, "2017-06-30": 0, "2017-03-31": "", "2016-12-31": 0, "2016-09-30": 0, "2016-06-30": 0, "2016-03-31": "", "2015-12-31": 0, "2015-09-30": 0, "2015-06-30": -10.475, "2015-03-31": "", "2014-12-31": 0, "2014-09-30": 0, "2014-06-30": 0, "2014-03-31": "", "2013-12-31": -3.75, "2013-09-30": 0, "2013-06-30": 0, "2013-03-31": "", "2012-12-31": 0, "2012-09-30": 0, "2012-06-30": 0, "2012-03-31": "", "2011-12-31": 0, "2011-09-30": 0, "2011-06-30": 0, "2011-03-31": "", "2010-12-31": 0, "2010-09-30": 0, "2010-06-30": 0, "2010-03-31": "", "2009-12-31": 0, "2009-09-30": 0, "2009-06-30": 0, "2009-03-31": "", "2008-12-31": 0, "2008-09-30": 0, "2008-06-30": 0, "2008-03-31": "", "2007-12-31": 0, "2007-09-30": 0, "2007-06-30": 0, "2007-03-31": "", "2006-12-31": 0, "2006-09-30": 0, "2006-06-30": 0, "2006-03-31": "", "2005-12-31": 0, "2005-09-30": 0, "2005-06-30": 0, "2005-03-31": ""}, "Net Acquisitions/Divestitures": {"2020-09-30": 0, "2020-06-30": 0, "2020-03-31": "", "2019-12-31": -166.911, "2019-09-30": 0, "2019-06-30": 0, "2019-03-31": "", "2018-12-31": -4.265, "2018-09-30": 0, "2018-06-30": 0, "2018-03-31": "", "2017-12-31": -0.291, "2017-09-30": 1.692, "2017-06-30": -25.634, "2017-03-31": "-0.17600", "2016-12-31": -11.915, "2016-09-30": -2.37, "2016-06-30": -0.113, "2016-03-31": "", "2015-12-31": 104.388, "2015-09-30": -1.023, "2015-06-30": 0, "2015-03-31": "", "2014-12-31": 0, "2014-09-30": 0, "2014-06-30": 0, "2014-03-31": "", "2013-12-31": 0, "2013-09-30": 0, "2013-06-30": 0, "2013-03-31": "", "2012-12-31": 0, "2012-09-30": 0, "2012-06-30": 0, "2012-03-31": "", "2011-12-31": 0, "2011-09-30": 0, "2011-06-30": 0, "2011-03-31": "", "2010-12-31": 0, "2010-09-30": 0, "2010-06-30": 0, "2010-03-31": "", "2009-12-31": -0.441, "2009-09-30": -4.5, "2009-06-30": 0, "2009-03-31": "", "2008-12-31": 0, "2008-09-30": 0, "2008-06-30": -1, "2008-03-31": "", "2007-12-31": -0.5, "2007-09-30": 0, "2007-06-30": -0.502, "2007-03-31": "", "2006-12-31": 0, "2006-09-30": -0.19, "2006-06-30": -2.998, "2006-03-31": "", "2005-12-31": -0.251, "2005-09-30": -0.164, "2005-06-30": -111.427, "2005-03-31": ""}, "Net Change In Short-term Investments": {"2020-09-30": 0, "2020-06-30": 0, "2020-03-31": "", "2019-12-31": 0, "2019-09-30": 0, "2019-06-30": 0, "2019-03-31": "", "2018-12-31": 0, "2018-09-30": 0, "2018-06-30": 0, "2018-03-31": "", "2017-12-31": 0, "2017-09-30": 0, "2017-06-30": 0, "2017-03-31": "", "2016-12-31": 0, "2016-09-30": 0, "2016-06-30": 0, "2016-03-31": "", "2015-12-31": 0, "2015-09-30": 0, "2015-06-30": 0, "2015-03-31": "", "2014-12-31": 0, "2014-09-30": 0, "2014-06-30": 0, "2014-03-31": "", "2013-12-31": 0, "2013-09-30": 0, "2013-06-30": 0, "2013-03-31": "", "2012-12-31": 0, "2012-09-30": 0, "2012-06-30": 0, "2012-03-31": "", "2011-12-31": 0, "2011-09-30": 0, "2011-06-30": 0, "2011-03-31": "", "2010-12-31": 0, "2010-09-30": 0, "2010-06-30": 0, "2010-03-31": "", "2009-12-31": 0, "2009-09-30": 0, "2009-06-30": 0, "2009-03-31": "", "2008-12-31": 0, "2008-09-30": 0, "2008-06-30": 0, "2008-03-31": "", "2007-12-31": 0, "2007-09-30": 0, "2007-06-30": 0, "2007-03-31": "", "2006-12-31": 0, "2006-09-30": 0, "2006-06-30": 0, "2006-03-31": "", "2005-12-31": 0, "2005-09-30": 0, "2005-06-30": 0, "2005-03-31": ""}, "Net Change In Long-Term Investments": {"2020-09-30": -104.427, "2020-06-30": 7.629, "2020-03-31": "62.59600", "2019-12-31": 132.7541, "2019-09-30": -23.713, "2019-06-30": -12.697, "2019-03-31": "-65.02400", "2018-12-31": 11.461, "2018-09-30": -75.747, "2018-06-30": 68.59, "2018-03-31": "26.22900", "2017-12-31": -64.96, "2017-09-30": 37.525, "2017-06-30": -3.012, "2017-03-31": "-21.94500", "2016-12-31": -24.8699, "2016-09-30": -41.0291, "2016-06-30": -32.437, "2016-03-31": "3.71800", "2015-12-31": -59.1201, "2015-09-30": -56.023, "2015-06-30": 56.541, "2015-03-31": "-26.60700", "2014-12-31": -38.577, "2014-09-30": -32.12, "2014-06-30": -5.485, "2014-03-31": "-6.98100", "2013-12-31": -2.029, "2013-09-30": -34.338, "2013-06-30": -9.877, "2013-03-31": "-28.44600", "2012-12-31": 17.294, "2012-09-30": -180.118, "2012-06-30": 153.381, "2012-03-31": "-19.53300", "2011-12-31": -11.872, "2011-09-30": -17.169, "2011-06-30": -29.169, "2011-03-31": "-24.17900", "2010-12-31": -51.535, "2010-09-30": -38.29, "2010-06-30": -74.31, "2010-03-31": "-6.80400", "2009-12-31": -3.984, "2009-09-30": 1.747, "2009-06-30": 2.685, "2009-03-31": "9.49300", "2008-12-31": 17.359, "2008-09-30": 16.466, "2008-06-30": -13.504, "2008-03-31": "48.43200", "2007-12-31": -5.767, "2007-09-30": 9.256, "2007-06-30": 7.125, "2007-03-31": "3.72300", "2006-12-31": -1.745, "2006-09-30": 17.855, "2006-06-30": 26.217, "2006-03-31": "17.61000", "2005-12-31": -19.1301, "2005-09-30": -0.522, "2005-06-30": 118.674, "2005-03-31": "-4.45600"}, "Net Change In Investments - Total": {"2020-09-30": -104.427, "2020-06-30": 7.629, "2020-03-31": "62.59600", "2019-12-31": 132.7541, "2019-09-30": -23.713, "2019-06-30": -12.697, "2019-03-31": "-65.02400", "2018-12-31": 11.461, "2018-09-30": -75.747, "2018-06-30": 68.59, "2018-03-31": "26.22900", "2017-12-31": -64.96, "2017-09-30": 37.525, "2017-06-30": -3.012, "2017-03-31": "-21.94500", "2016-12-31": -24.8699, "2016-09-30": -41.0291, "2016-06-30": -32.437, "2016-03-31": "3.71800", "2015-12-31": -59.1201, "2015-09-30": -56.023, "2015-06-30": 56.541, "2015-03-31": "-26.60700", "2014-12-31": -38.577, "2014-09-30": -32.12, "2014-06-30": -5.485, "2014-03-31": "-6.98100", "2013-12-31": -2.029, "2013-09-30": -34.338, "2013-06-30": -9.877, "2013-03-31": "-28.44600", "2012-12-31": 17.294, "2012-09-30": -180.118, "2012-06-30": 153.381, "2012-03-31": "-19.53300", "2011-12-31": -11.872, "2011-09-30": -17.169, "2011-06-30": -29.169, "2011-03-31": "-24.17900", "2010-12-31": -51.535, "2010-09-30": -38.29, "2010-06-30": -74.31, "2010-03-31": "-6.80400", "2009-12-31": -3.984, "2009-09-30": 1.747, "2009-06-30": 2.685, "2009-03-31": "9.49300", "2008-12-31": 17.359, "2008-09-30": 16.466, "2008-06-30": -13.504, "2008-03-31": "48.43200", "2007-12-31": -5.767, "2007-09-30": 9.256, "2007-06-30": 7.125, "2007-03-31": "3.72300", "2006-12-31": -1.745, "2006-09-30": 17.855, "2006-06-30": 26.217, "2006-03-31": "17.61000", "2005-12-31": -19.1301, "2005-09-30": -0.522, "2005-06-30": 118.674, "2005-03-31": "-4.45600"}, "Investing Activities - Other": {"2020-09-30": 0, "2020-06-30": 0, "2020-03-31": "", "2019-12-31": 0, "2019-09-30": 0, "2019-06-30": 0, "2019-03-31": "", "2018-12-31": 0, "2018-09-30": 0, "2018-06-30": 0, "2018-03-31": "", "2017-12-31": 0.291, "2017-09-30": -0.291, "2017-06-30": 0.291, "2017-03-31": "-0.29100", "2016-12-31": 0.113, "2016-09-30": -0.113, "2016-06-30": 0, "2016-03-31": "", "2015-12-31": -104.496, "2015-09-30": 104.496, "2015-06-30": 0, "2015-03-31": "", "2014-12-31": 0, "2014-09-30": 0, "2014-06-30": 0, "2014-03-31": "", "2013-12-31": 0, "2013-09-30": 0, "2013-06-30": 0, "2013-03-31": "", "2012-12-31": 0, "2012-09-30": 0, "2012-06-30": 0, "2012-03-31": "", "2011-12-31": 0, "2011-09-30": 0, "2011-06-30": 0, "2011-03-31": "", "2010-12-31": 0, "2010-09-30": 0, "2010-06-30": 0, "2010-03-31": "0.31500", "2009-12-31": 0, "2009-09-30": 0, "2009-06-30": 0, "2009-03-31": "", "2008-12-31": 0, "2008-09-30": 2.547, "2008-06-30": 0.25, "2008-03-31": "", "2007-12-31": 0, "2007-09-30": 0, "2007-06-30": 0, "2007-03-31": "", "2006-12-31": 0, "2006-09-30": 0, "2006-06-30": 0, "2006-03-31": "", "2005-12-31": 0, "2005-09-30": 0, "2005-06-30": 0, "2005-03-31": ""}, "Cash Flow From Investing Activities": {"2020-09-30": -107.271, "2020-06-30": 3.718, "2020-03-31": "59.52200", "2019-12-31": -42.384, "2019-09-30": -28.262, "2019-06-30": -16.588, "2019-03-31": "-70.10200", "2018-12-31": -2.543, "2018-09-30": -81.428, "2018-06-30": 60.185, "2018-03-31": "12.95900", "2017-12-31": -73.67, "2017-09-30": 31.054, "2017-06-30": -34.432, "2017-03-31": "-28.50700", "2016-12-31": -38.997, "2016-09-30": -48.656, "2016-06-30": -35.66, "2016-03-31": "1.48100", "2015-12-31": -64.439, "2015-09-30": 43.958, "2015-06-30": 40.805, "2015-03-31": "-30.87100", "2014-12-31": -50.433, "2014-09-30": -35.857, "2014-06-30": -8.141, "2014-03-31": "-9.66600", "2013-12-31": -9.257, "2013-09-30": -36.18, "2013-06-30": -12.279, "2013-03-31": "-30.35400", "2012-12-31": 15.037, "2012-09-30": -182.435, "2012-06-30": 150.564, "2012-03-31": "-22.02000", "2011-12-31": -14.147, "2011-09-30": -19.089, "2011-06-30": -31.217, "2011-03-31": "-25.75600", "2010-12-31": -54.08, "2010-09-30": -39.366, "2010-06-30": -75.46, "2010-03-31": "-7.57000", "2009-12-31": -5.379, "2009-09-30": -4.427, "2009-06-30": 1.588, "2009-03-31": "7.75200", "2008-12-31": 15.591, "2008-09-30": 18.276, "2008-06-30": -16.052, "2008-03-31": "46.72300", "2007-12-31": -7.595, "2007-09-30": 8.51, "2007-06-30": 5.549, "2007-03-31": "2.23600", "2006-12-31": -2.738, "2006-09-30": 16.457, "2006-06-30": 22.227, "2006-03-31": "16.57900", "2005-12-31": -20.291, "2005-09-30": -1.781, "2005-06-30": 6.2, "2005-03-31": "-5.22300"}, "Net Long-Term Debt": {"2020-09-30": 0, "2020-06-30": 0, "2020-03-31": "", "2019-12-31": 0, "2019-09-30": 0, "2019-06-30": 0, "2019-03-31": "", "2018-12-31": 0, "2018-09-30": 0, "2018-06-30": 0, "2018-03-31": "", "2017-12-31": 0, "2017-09-30": 0, "2017-06-30": 0, "2017-03-31": "", "2016-12-31": 0, "2016-09-30": 0, "2016-06-30": 0, "2016-03-31": "", "2015-12-31": 0, "2015-09-30": 0, "2015-06-30": 0, "2015-03-31": "", "2014-12-31": 0, "2014-09-30": 0, "2014-06-30": 0, "2014-03-31": "", "2013-12-31": 0, "2013-09-30": 0, "2013-06-30": 0, "2013-03-31": "", "2012-12-31": 0, "2012-09-30": 0, "2012-06-30": 0, "2012-03-31": "", "2011-12-31": 0, "2011-09-30": 0, "2011-06-30": 0, "2011-03-31": "", "2010-12-31": 0, "2010-09-30": 0, "2010-06-30": 0, "2010-03-31": "", "2009-12-31": 0, "2009-09-30": 0, "2009-06-30": 0, "2009-03-31": "", "2008-12-31": 0, "2008-09-30": 0, "2008-06-30": 0, "2008-03-31": "", "2007-12-31": 0, "2007-09-30": 0, "2007-06-30": 0, "2007-03-31": "", "2006-12-31": 0, "2006-09-30": 0, "2006-06-30": 0, "2006-03-31": "", "2005-12-31": 0, "2005-09-30": 0, "2005-06-30": 0, "2005-03-31": ""}, "Net Current Debt": {"2020-09-30": 0, "2020-06-30": 0, "2020-03-31": "", "2019-12-31": 0, "2019-09-30": 0, "2019-06-30": 0, "2019-03-31": "", "2018-12-31": 0, "2018-09-30": 0, "2018-06-30": 0, "2018-03-31": "", "2017-12-31": 0, "2017-09-30": 0, "2017-06-30": 0, "2017-03-31": "", "2016-12-31": 0, "2016-09-30": 0, "2016-06-30": 0, "2016-03-31": "", "2015-12-31": 0, "2015-09-30": 0, "2015-06-30": 0, "2015-03-31": "", "2014-12-31": 0, "2014-09-30": 0, "2014-06-30": 0, "2014-03-31": "", "2013-12-31": 0, "2013-09-30": 0, "2013-06-30": 0, "2013-03-31": "", "2012-12-31": 0, "2012-09-30": 0, "2012-06-30": 0, "2012-03-31": "", "2011-12-31": 0, "2011-09-30": 0, "2011-06-30": 0, "2011-03-31": "", "2010-12-31": 0, "2010-09-30": 0, "2010-06-30": 0, "2010-03-31": "", "2009-12-31": 0, "2009-09-30": 0, "2009-06-30": 0, "2009-03-31": "", "2008-12-31": 0, "2008-09-30": 0, "2008-06-30": 0, "2008-03-31": "", "2007-12-31": 0, "2007-09-30": 0, "2007-06-30": 0, "2007-03-31": "", "2006-12-31": 0, "2006-09-30": 0, "2006-06-30": 0, "2006-03-31": "", "2005-12-31": 0, "2005-09-30": 0, "2005-06-30": 0, "2005-03-31": ""}, "Debt Issuance/Retirement Net - Total": {"2020-09-30": 0, "2020-06-30": 0, "2020-03-31": "", "2019-12-31": 0, "2019-09-30": 0, "2019-06-30": 0, "2019-03-31": "", "2018-12-31": 0, "2018-09-30": 0, "2018-06-30": 0, "2018-03-31": "", "2017-12-31": 0, "2017-09-30": 0, "2017-06-30": 0, "2017-03-31": "", "2016-12-31": 0, "2016-09-30": 0, "2016-06-30": 0, "2016-03-31": "", "2015-12-31": 0, "2015-09-30": 0, "2015-06-30": 0, "2015-03-31": "", "2014-12-31": 0, "2014-09-30": 0, "2014-06-30": 0, "2014-03-31": "", "2013-12-31": 0, "2013-09-30": 0, "2013-06-30": 0, "2013-03-31": "", "2012-12-31": 0, "2012-09-30": 0, "2012-06-30": 0, "2012-03-31": "", "2011-12-31": 0, "2011-09-30": 0, "2011-06-30": 0, "2011-03-31": "", "2010-12-31": 0, "2010-09-30": 0, "2010-06-30": 0, "2010-03-31": "", "2009-12-31": 0, "2009-09-30": 0, "2009-06-30": 0, "2009-03-31": "", "2008-12-31": 0, "2008-09-30": 0, "2008-06-30": 0, "2008-03-31": "", "2007-12-31": 0, "2007-09-30": 0, "2007-06-30": 0, "2007-03-31": "", "2006-12-31": 0, "2006-09-30": 0, "2006-06-30": 0, "2006-03-31": "", "2005-12-31": 0, "2005-09-30": 0, "2005-06-30": 0, "2005-03-31": ""}, "Net Common Equity Issued/Repurchased": {"2020-09-30": 43.155, "2020-06-30": 38.264, "2020-03-31": "-41.06500", "2019-12-31": 32.801, "2019-09-30": 5.363, "2019-06-30": -49.619, "2019-03-31": "14.34600", "2018-12-31": -60.659, "2018-09-30": -9.883, "2018-06-30": -48.418, "2018-03-31": "-58.07900", "2017-12-31": -14.561, "2017-09-30": -27.304, "2017-06-30": -26.365, "2017-03-31": "-0.92800", "2016-12-31": -7.831, "2016-09-30": 4.168, "2016-06-30": -3.458, "2016-03-31": "3.44000", "2015-12-31": 0.142, "2015-09-30": -84.52, "2015-06-30": -24.057, "2015-03-31": "9.66600", "2014-12-31": -23.254, "2014-09-30": -1.511, "2014-06-30": -9.642, "2014-03-31": "-8.33600", "2013-12-31": -18.047, "2013-09-30": -6.42, "2013-06-30": -4.817, "2013-03-31": "9.16800", "2012-12-31": 1.889, "2012-09-30": 1.65, "2012-06-30": 0.825, "2012-03-31": "13.10400", "2011-12-31": 3.026, "2011-09-30": -2.982, "2011-06-30": 11.302, "2011-03-31": "9.51700", "2010-12-31": 21.06, "2010-09-30": 6.929, "2010-06-30": 0.275, "2010-03-31": "0.03700", "2009-12-31": -9.009, "2009-09-30": 0, "2009-06-30": 0.08, "2009-03-31": "", "2008-12-31": -23.743, "2008-09-30": -22.073, "2008-06-30": -2.314, "2008-03-31": "-29.78700", "2007-12-31": 0.365, "2007-09-30": 1.814, "2007-06-30": -26.454, "2007-03-31": "-1.56900", "2006-12-31": -3.839, "2006-09-30": -17.56, "2006-06-30": -34.947, "2006-03-31": "-19.59100", "2005-12-31": -5.723, "2005-09-30": 17.029, "2005-06-30": 1.677, "2005-03-31": "2.54200"}, "Net Total Equity Issued/Repurchased": {"2020-09-30": 43.155, "2020-06-30": 38.264, "2020-03-31": "-41.06500", "2019-12-31": 32.801, "2019-09-30": 5.363, "2019-06-30": -49.619, "2019-03-31": "14.34600", "2018-12-31": -60.659, "2018-09-30": -9.883, "2018-06-30": -48.418, "2018-03-31": "-58.07900", "2017-12-31": -14.561, "2017-09-30": -27.304, "2017-06-30": -26.365, "2017-03-31": "-0.92800", "2016-12-31": -7.831, "2016-09-30": 4.168, "2016-06-30": -3.458, "2016-03-31": "3.44000", "2015-12-31": 0.142, "2015-09-30": -84.52, "2015-06-30": -24.057, "2015-03-31": "9.66600", "2014-12-31": -23.254, "2014-09-30": -1.511, "2014-06-30": -9.642, "2014-03-31": "-8.33600", "2013-12-31": -18.047, "2013-09-30": -6.42, "2013-06-30": -4.817, "2013-03-31": "9.16800", "2012-12-31": 1.889, "2012-09-30": 1.65, "2012-06-30": 0.825, "2012-03-31": "13.10400", "2011-12-31": 3.026, "2011-09-30": -2.982, "2011-06-30": 11.302, "2011-03-31": "9.51700", "2010-12-31": 21.06, "2010-09-30": 6.929, "2010-06-30": 0.275, "2010-03-31": "0.03700", "2009-12-31": -9.009, "2009-09-30": 0, "2009-06-30": 0.08, "2009-03-31": "", "2008-12-31": -23.743, "2008-09-30": -22.073, "2008-06-30": -2.314, "2008-03-31": "-29.78700", "2007-12-31": 0.365, "2007-09-30": 1.814, "2007-06-30": -26.454, "2007-03-31": "-1.56900", "2006-12-31": -3.839, "2006-09-30": -17.56, "2006-06-30": -34.947, "2006-03-31": "-19.59100", "2005-12-31": -5.723, "2005-09-30": 17.029, "2005-06-30": 1.677, "2005-03-31": "2.54200"}, "Total Common And Preferred Stock Dividends Paid": {"2020-09-30": -9.582, "2020-06-30": -9.469, "2020-03-31": "-9.50300", "2019-12-31": -9.442, "2019-09-30": -8.536, "2019-06-30": -8.582, "2019-03-31": "-8.56400", "2018-12-31": -8.582, "2018-09-30": -7.759, "2018-06-30": -7.737, "2018-03-31": "-7.78700", "2017-12-31": -7.801, "2017-09-30": -7.372, "2017-06-30": -7.367, "2017-03-31": "-6.49700", "2016-12-31": -6.452, "2016-09-30": -6.426, "2016-06-30": -6.385, "2016-03-31": "-5.95000", "2015-12-31": -5.925, "2015-09-30": -6.027, "2015-06-30": -6.11, "2015-03-31": "", "2014-12-31": 0, "2014-09-30": 0, "2014-06-30": 0, "2014-03-31": "", "2013-12-31": 0, "2013-09-30": 0, "2013-06-30": 0, "2013-03-31": "", "2012-12-31": -52.507, "2012-09-30": -4.721, "2012-06-30": -4.714, "2012-03-31": "-4.27100", "2011-12-31": -4.217, "2011-09-30": -3.801, "2011-06-30": -3.78, "2011-03-31": "-3.31600", "2010-12-31": -3.267, "2010-09-30": -2.382, "2010-06-30": -2.382, "2010-03-31": "-1.98300", "2009-12-31": -1.983, "2009-09-30": -1.983, "2009-06-30": -1.983, "2009-03-31": "-5.94800", "2008-12-31": -5.939, "2008-09-30": -6.129, "2008-06-30": -3.555, "2008-03-31": "-3.65800", "2007-12-31": -3.683, "2007-09-30": -3.681, "2007-06-30": -3.756, "2007-03-31": "-3.77800", "2006-12-31": -3.791, "2006-09-30": -3.806, "2006-06-30": -3.676, "2006-03-31": "-3.78500", "2005-12-31": -3.787, "2005-09-30": -3.768, "2005-06-30": -3.707, "2005-03-31": "-3.69800"}, "Financial Activities - Other": {"2020-09-30": 0, "2020-06-30": -1.039, "2020-03-31": "", "2019-12-31": 0, "2019-09-30": 0, "2019-06-30": 0, "2019-03-31": "", "2018-12-31": 0, "2018-09-30": 0, "2018-06-30": -1, "2018-03-31": "", "2017-12-31": 0, "2017-09-30": -1.926, "2017-06-30": 0, "2017-03-31": "", "2016-12-31": 0, "2016-09-30": 0, "2016-06-30": -0.337, "2016-03-31": "", "2015-12-31": 0, "2015-09-30": 0, "2015-06-30": 0, "2015-03-31": "", "2014-12-31": -7.178, "2014-09-30": 3.697, "2014-06-30": 1.316, "2014-03-31": "2.16500", "2013-12-31": 1.074, "2013-09-30": 3.811, "2013-06-30": 1.397, "2013-03-31": "1.37600", "2012-12-31": 0.338, "2012-09-30": 0.287, "2012-06-30": 0.131, "2012-03-31": "2.83800", "2011-12-31": 0.421, "2011-09-30": 1.199, "2011-06-30": 1.545, "2011-03-31": "0.88000", "2010-12-31": 1.86, "2010-09-30": 0.157, "2010-06-30": -0.113, "2010-03-31": "0.03700", "2009-12-31": -0.005, "2009-09-30": -0.208, "2009-06-30": -0.172, "2009-03-31": "-0.08700", "2008-12-31": -0.01, "2008-09-30": 0.041, "2008-06-30": 1.178, "2008-03-31": "0.46200", "2007-12-31": 0.038, "2007-09-30": 0.022, "2007-06-30": 0.056, "2007-03-31": "0.12500", "2006-12-31": 0.212, "2006-09-30": 0.186, "2006-06-30": 0.217, "2006-03-31": "0.79800", "2005-12-31": 0, "2005-09-30": 0, "2005-06-30": 0, "2005-03-31": ""}, "Cash Flow From Financial Activities": {"2020-09-30": 33.573, "2020-06-30": 27.756, "2020-03-31": "-50.56800", "2019-12-31": 23.359, "2019-09-30": -3.173, "2019-06-30": -58.201, "2019-03-31": "5.78200", "2018-12-31": -69.241, "2018-09-30": -17.642, "2018-06-30": -57.155, "2018-03-31": "-65.86600", "2017-12-31": -22.362, "2017-09-30": -36.602, "2017-06-30": -33.732, "2017-03-31": "-7.42500", "2016-12-31": -14.283, "2016-09-30": -2.258, "2016-06-30": -10.18, "2016-03-31": "-2.51000", "2015-12-31": -5.783, "2015-09-30": -90.547, "2015-06-30": -30.167, "2015-03-31": "9.66600", "2014-12-31": -30.432, "2014-09-30": 2.186, "2014-06-30": -8.326, "2014-03-31": "-6.17100", "2013-12-31": -16.973, "2013-09-30": -2.609, "2013-06-30": -3.42, "2013-03-31": "10.54400", "2012-12-31": -50.28, "2012-09-30": -2.784, "2012-06-30": -3.758, "2012-03-31": "11.67100", "2011-12-31": -0.77, "2011-09-30": -5.584, "2011-06-30": 9.067, "2011-03-31": "7.08100", "2010-12-31": 19.653, "2010-09-30": 4.704, "2010-06-30": -2.22, "2010-03-31": "-1.90900", "2009-12-31": -10.997, "2009-09-30": -2.191, "2009-06-30": -2.075, "2009-03-31": "-6.03500", "2008-12-31": -29.692, "2008-09-30": -28.161, "2008-06-30": -4.691, "2008-03-31": "-32.98300", "2007-12-31": -3.28, "2007-09-30": -1.845, "2007-06-30": -30.154, "2007-03-31": "-5.22200", "2006-12-31": -7.418, "2006-09-30": -21.18, "2006-06-30": -38.406, "2006-03-31": "-22.57800", "2005-12-31": -9.51, "2005-09-30": 13.261, "2005-06-30": -2.03, "2005-03-31": "-1.15600"}, "Net Cash Flow": {"2020-09-30": 12.335, "2020-06-30": 46.824, "2020-03-31": "67.76600", "2019-12-31": 49.73, "2019-09-30": 32.597, "2019-06-30": -16.192, "2019-03-31": "-2.91600", "2018-12-31": 0.841, "2018-09-30": -21.831, "2018-06-30": 19.63, "2018-03-31": "2.99000", "2017-12-31": -4.767, "2017-09-30": 43.083, "2017-06-30": -24.162, "2017-03-31": "12.78700", "2016-12-31": 18.496, "2016-09-30": 6.216, "2016-06-30": -24.985, "2016-03-31": "27.93900", "2015-12-31": -27.588, "2015-09-30": 17.872, "2015-06-30": 25.644, "2015-03-31": "-19.64700", "2014-12-31": 17.515, "2014-09-30": -1.993, "2014-06-30": -2.291, "2014-03-31": "1.81900", "2013-12-31": 10.198, "2013-09-30": -17.428, "2013-06-30": 5.117, "2013-03-31": "-2.40300", "2012-12-31": -8.998, "2012-09-30": -151.834, "2012-06-30": 164.433, "2012-03-31": "3.45600", "2011-12-31": 7.928, "2011-09-30": -12.501, "2011-06-30": 5.662, "2011-03-31": "3.81100", "2010-12-31": -5.01, "2010-09-30": 0.271, "2010-06-30": -76.722, "2010-03-31": "-5.16700", "2009-12-31": -7.331, "2009-09-30": 1.708, "2009-06-30": 2.434, "2009-03-31": "-4.11800", "2008-12-31": 2.044, "2008-09-30": -6.269, "2008-06-30": -8.101, "2008-03-31": "35.32000", "2007-12-31": -3.199, "2007-09-30": 28.578, "2007-06-30": -12.901, "2007-03-31": "4.30500", "2006-12-31": -2.189, "2006-09-30": 10.5, "2006-06-30": -2.83, "2006-03-31": "9.02400", "2005-12-31": -19.169, "2005-09-30": 27.266, "2005-06-30": 9.697, "2005-03-31": "0.79200"}, "Stock-Based Compensation": {"2020-09-30": 9.268, "2020-06-30": 8.018, "2020-03-31": "14.79000", "2019-12-31": 12.147, "2019-09-30": 10.194, "2019-06-30": 10.967, "2019-03-31": "12.28100", "2018-12-31": 9.751, "2018-09-30": 9.143, "2018-06-30": 9.002, "2018-03-31": "13.19400", "2017-12-31": 8.587, "2017-09-30": 8.026, "2017-06-30": 7.846, "2017-03-31": "7.48300", "2016-12-31": 4.675, "2016-09-30": 4.622, "2016-06-30": 4.457, "2016-03-31": "6.80400", "2015-12-31": 4.204, "2015-09-30": 4.387, "2015-06-30": 4.631, "2015-03-31": "6.94600", "2014-12-31": 3.9, "2014-09-30": 3.298, "2014-06-30": 3.956, "2014-03-31": "4.00400", "2013-12-31": 2.321, "2013-09-30": 2.22, "2013-06-30": 2.781, "2013-03-31": "3.29800", "2012-12-31": 1.725, "2012-09-30": 1.492, "2012-06-30": 1.989, "2012-03-31": "3.31400", "2011-12-31": 2.239, "2011-09-30": 1.52, "2011-06-30": 1.957, "2011-03-31": "2.35200", "2010-12-31": 1.355, "2010-09-30": 1.278, "2010-06-30": 0.427, "2010-03-31": "-0.03300", "2009-12-31": 4.135, "2009-09-30": 1.444, "2009-06-30": 1.789, "2009-03-31": "1.85500", "2008-12-31": 2.919, "2008-09-30": 2.916, "2008-06-30": 2.523, "2008-03-31": "1.87300", "2007-12-31": 3.47, "2007-09-30": 2.724, "2007-06-30": 2.529, "2007-03-31": "2.99200", "2006-12-31": 3.688, "2006-09-30": 3.475, "2006-06-30": 3.505, "2006-03-31": "2.95600", "2005-12-31": 0, "2005-09-30": 0, "2005-06-30": 0, "2005-03-31": ""}, "Common Stock Dividends Paid": {"2020-09-30": -9.582, "2020-06-30": -9.469, "2020-03-31": "-9.50300", "2019-12-31": -9.442, "2019-09-30": -8.536, "2019-06-30": -8.582, "2019-03-31": "-8.56400", "2018-12-31": -8.582, "2018-09-30": -7.759, "2018-06-30": -7.737, "2018-03-31": "-7.78700", "2017-12-31": -7.801, "2017-09-30": -7.372, "2017-06-30": -7.367, "2017-03-31": "-6.49700", "2016-12-31": -6.452, "2016-09-30": -6.426, "2016-06-30": -6.385, "2016-03-31": "-5.95000", "2015-12-31": -5.925, "2015-09-30": -6.027, "2015-06-30": -6.11, "2015-03-31": "", "2014-12-31": 0, "2014-09-30": 0, "2014-06-30": 0, "2014-03-31": "", "2013-12-31": 0, "2013-09-30": 0, "2013-06-30": 0, "2013-03-31": "", "2012-12-31": -52.507, "2012-09-30": -4.721, "2012-06-30": -4.714, "2012-03-31": "-4.27100", "2011-12-31": -4.217, "2011-09-30": -3.801, "2011-06-30": -3.78, "2011-03-31": "-3.31600", "2010-12-31": -3.267, "2010-09-30": -2.382, "2010-06-30": -2.382, "2010-03-31": "-1.98300", "2009-12-31": -1.983, "2009-09-30": -1.983, "2009-06-30": -1.983, "2009-03-31": "-5.94800", "2008-12-31": -5.939, "2008-09-30": -6.129, "2008-06-30": -3.555, "2008-03-31": "-3.65800", "2007-12-31": -3.683, "2007-09-30": -3.681, "2007-06-30": -3.756, "2007-03-31": "-3.77800", "2006-12-31": -3.791, "2006-09-30": -3.806, "2006-06-30": -3.676, "2006-03-31": "-3.78500", "2005-12-31": -3.787, "2005-09-30": -3.768, "2005-06-30": -3.707, "2005-03-31": "-3.69800"}}, "financial ratios": {"Current Ratio": {"2019-12-31": "5.04020", "2018-12-31": "8.54150", "2017-12-31": "5.59320", "2016-12-31": "8.00240", "2015-12-31": "8.27920", "2014-12-31": "3.37050", "2013-12-31": "5.44150", "2012-12-31": "4.78200", "2011-12-31": "5.27390", "2010-12-31": "5.12580", "2009-12-31": "6.44660", "2008-12-31": "5.17970", "2007-12-31": "7.14340", "2006-12-31": "6.74250", "2005-12-31": "5.62800"}, "Long-term Debt / Capital": {"2019-12-31": "", "2018-12-31": "", "2017-12-31": "", "2016-12-31": "", "2015-12-31": "", "2014-12-31": "", "2013-12-31": "", "2012-12-31": "", "2011-12-31": "", "2010-12-31": "", "2009-12-31": "", "2008-12-31": "", "2007-12-31": "", "2006-12-31": "", "2005-12-31": ""}, "Debt/Equity Ratio": {"2019-12-31": "", "2018-12-31": "", "2017-12-31": "", "2016-12-31": "", "2015-12-31": "", "2014-12-31": "", "2013-12-31": "", "2012-12-31": "", "2011-12-31": "", "2010-12-31": "", "2009-12-31": "", "2008-12-31": "", "2007-12-31": "", "2006-12-31": "", "2005-12-31": ""}, "Gross Margin": {"2019-12-31": "73.84960", "2018-12-31": "74.44600", "2017-12-31": "75.55240", "2016-12-31": "75.24720", "2015-12-31": "77.23460", "2014-12-31": "77.94180", "2013-12-31": "79.55830", "2012-12-31": "75.48560", "2011-12-31": "75.79510", "2010-12-31": "73.30910", "2009-12-31": "67.91220", "2008-12-31": "71.80360", "2007-12-31": "71.48660", "2006-12-31": "72.79350", "2005-12-31": "70.99760"}, "Operating Margin": {"2019-12-31": "19.65230", "2018-12-31": "27.42550", "2017-12-31": "33.79020", "2016-12-31": "29.09570", "2015-12-31": "26.97130", "2014-12-31": "29.98060", "2013-12-31": "25.00820", "2012-12-31": "25.72080", "2011-12-31": "26.51490", "2010-12-31": "26.04590", "2009-12-31": "-7.20890", "2008-12-31": "10.34450", "2007-12-31": "12.46710", "2006-12-31": "18.66120", "2005-12-31": "20.29000"}, "EBIT Margin": {"2019-12-31": "19.65230", "2018-12-31": "27.42550", "2017-12-31": "33.79020", "2016-12-31": "29.09570", "2015-12-31": "26.97130", "2014-12-31": "29.98060", "2013-12-31": "25.00820", "2012-12-31": "25.72080", "2011-12-31": "26.51490", "2010-12-31": "26.04590", "2009-12-31": "-7.20890", "2008-12-31": "10.34450", "2007-12-31": "12.46710", "2006-12-31": "18.66120", "2005-12-31": "20.29000"}, "EBITDA Margin": {"2019-12-31": "22.99870", "2018-12-31": "30.11130", "2017-12-31": "36.03490", "2016-12-31": "32.01380", "2015-12-31": "30.25790", "2014-12-31": "33.33150", "2013-12-31": "29.43560", "2012-12-31": "30.83760", "2011-12-31": "31.52830", "2010-12-31": "30.51940", "2009-12-31": "-0.89680", "2008-12-31": "15.57570", "2007-12-31": "17.49980", "2006-12-31": "23.55680", "2005-12-31": "25.55800"}, "Pre-Tax Profit Margin": {"2019-12-31": "22.46260", "2018-12-31": "29.09130", "2017-12-31": "34.78270", "2016-12-31": "30.60860", "2015-12-31": "28.17890", "2014-12-31": "30.89610", "2013-12-31": "25.50160", "2012-12-31": "26.71470", "2011-12-31": "27.06220", "2010-12-31": "26.18000", "2009-12-31": "-5.90460", "2008-12-31": "14.57390", "2007-12-31": "16.00560", "2006-12-31": "21.22250", "2005-12-31": "22.24600"}, "Net Profit Margin": {"2019-12-31": "28.09510", "2018-12-31": "27.19290", "2017-12-31": "23.06700", "2016-12-31": "27.13690", "2015-12-31": "41.52060", "2014-12-31": "28.48760", "2013-12-31": "23.91440", "2012-12-31": "20.99980", "2011-12-31": "21.70420", "2010-12-31": "21.11560", "2009-12-31": "-2.77080", "2008-12-31": "11.23910", "2007-12-31": "11.91890", "2006-12-31": "16.72350", "2005-12-31": "16.46200"}, "Asset Turnover": {"2019-12-31": "0.38480", "2018-12-31": "0.62520", "2017-12-31": "0.59490", "2016-12-31": "0.50980", "2015-12-31": "0.50750", "2014-12-31": "0.51900", "2013-12-31": "0.43350", "2012-12-31": "0.51670", "2011-12-31": "0.52610", "2010-12-31": "0.54530", "2009-12-31": "0.39950", "2008-12-31": "0.51190", "2007-12-31": "0.41830", "2006-12-31": "0.45080", "2005-12-31": "0.38410"}, "Inventory Turnover Ratio": {"2019-12-31": "3.14890", "2018-12-31": "2.47410", "2017-12-31": "2.75740", "2016-12-31": "4.85730", "2015-12-31": "2.74740", "2014-12-31": "3.21890", "2013-12-31": "2.44760", "2012-12-31": "3.03620", "2011-12-31": "2.77310", "2010-12-31": "3.41540", "2009-12-31": "3.35000", "2008-12-31": "2.73020", "2007-12-31": "2.34910", "2006-12-31": "2.12010", "2005-12-31": "3.34230"}, "Receiveable Turnover": {"2019-12-31": "7.01450", "2018-12-31": "6.76620", "2017-12-31": "6.41680", "2016-12-31": "9.55150", "2015-12-31": "10.51570", "2014-12-31": "10.64710", "2013-12-31": "5.80310", "2012-12-31": "7.65040", "2011-12-31": "6.67790", "2010-12-31": "6.33300", "2009-12-31": "5.67520", "2008-12-31": "7.95410", "2007-12-31": "5.80160", "2006-12-31": "5.94980", "2005-12-31": "5.15740"}, "Days Sales In Receivables": {"2019-12-31": "52.03540", "2018-12-31": "53.94490", "2017-12-31": "56.88240", "2016-12-31": "38.21400", "2015-12-31": "34.70990", "2014-12-31": "34.28160", "2013-12-31": "62.89750", "2012-12-31": "47.70970", "2011-12-31": "54.65810", "2010-12-31": "57.63460", "2009-12-31": "64.31490", "2008-12-31": "45.88820", "2007-12-31": "62.91350", "2006-12-31": "61.34690", "2005-12-31": "70.77170"}, "ROE - Return On Equity": {"2019-12-31": "15.03750", "2018-12-31": "19.31420", "2017-12-31": "16.12820", "2016-12-31": "14.95420", "2015-12-31": "13.03960", "2014-12-31": "15.05100", "2013-12-31": "10.43360", "2012-12-31": "11.89930", "2011-12-31": "12.63500", "2010-12-31": "12.96840", "2009-12-31": "-1.23440", "2008-12-31": "7.38340", "2007-12-31": "5.78280", "2006-12-31": "8.44740", "2005-12-31": "7.04850"}, "Return On Tangible Equity": {"2019-12-31": "19.00350", "2018-12-31": "21.66790", "2017-12-31": "18.23130", "2016-12-31": "16.75760", "2015-12-31": "14.59050", "2014-12-31": "17.06880", "2013-12-31": "12.27090", "2012-12-31": "14.31150", "2011-12-31": "15.45630", "2010-12-31": "16.68070", "2009-12-31": "-1.71740", "2008-12-31": "10.13150", "2007-12-31": "7.74100", "2006-12-31": "11.58410", "2005-12-31": "9.47850"}, "ROA - Return On Assets": {"2019-12-31": "10.80980", "2018-12-31": "17.00180", "2017-12-31": "13.72250", "2016-12-31": "13.85990", "2015-12-31": "12.12770", "2014-12-31": "13.48870", "2013-12-31": "9.46640", "2012-12-31": "10.85050", "2011-12-31": "11.41870", "2010-12-31": "11.51390", "2009-12-31": "-1.10690", "2008-12-31": "6.43380", "2007-12-31": "5.10560", "2006-12-31": "7.57170", "2005-12-31": "6.32380"}, "ROI - Return On Investment": {"2019-12-31": "15.03750", "2018-12-31": "19.31420", "2017-12-31": "16.12820", "2016-12-31": "14.95420", "2015-12-31": "13.03960", "2014-12-31": "15.05100", "2013-12-31": "10.43360", "2012-12-31": "11.89930", "2011-12-31": "12.63500", "2010-12-31": "12.96840", "2009-12-31": "-1.23440", "2008-12-31": "7.38340", "2007-12-31": "5.78280", "2006-12-31": "8.44740", "2005-12-31": "7.04850"}, "Book Value Per Share": {"2019-12-31": "7.86190", "2018-12-31": "6.64600", "2017-12-31": "6.31490", "2016-12-31": "5.60050", "2015-12-31": "4.86510", "2014-12-31": "4.25480", "2013-12-31": "3.70780", "2012-12-31": "3.32300", "2011-12-31": "3.27420", "2010-12-31": "2.88150", "2009-12-31": "2.48610", "2008-12-31": "2.60420", "2007-12-31": "2.74740", "2006-12-31": "2.66790", "2005-12-31": "2.68450"}, "Operating Cash Flow Per Share": {"2019-12-31": 0.1852, "2018-12-31": 0.0102, "2017-12-31": 0.2038, "2016-12-31": 0.3164, "2015-12-31": -0.1905, "2014-12-31": 0.3828, "2013-12-31": -0.0424, "2012-12-31": 0.0749, "2011-12-31": 0.0308, "2010-12-31": 0.3962, "2009-12-31": -0.2772, "2008-12-31": 0.0796, "2007-12-31": 0.0152, "2006-12-31": 0.0368, "2005-12-31": 0.223}, "Free Cash Flow Per Share": {"2019-12-31": 0.2702, "2018-12-31": -0.0387, "2017-12-31": 0.1172, "2016-12-31": 0.3464, "2015-12-31": -0.1766, "2014-12-31": 0.3195, "2013-12-31": -0.0401, "2012-12-31": 0.0641, "2011-12-31": 0.0214, "2010-12-31": 0.3943, "2009-12-31": -0.2754, "2008-12-31": 0.0697, "2007-12-31": 0.0115, "2006-12-31": 0.0341, "2005-12-31": 0.2031}}, "financial ratios, quarterly": {"Current Ratio": {"2020-09-30": "4.50610", "2020-06-30": "4.47140", "2020-03-31": "3.95160", "2019-12-31": "5.04020", "2019-09-30": "7.70520", "2019-06-30": "7.92310", "2019-03-31": "8.31040", "2018-12-31": "8.54150", "2018-09-30": "7.18380", "2018-06-30": "6.09590", "2018-03-31": "5.93310", "2017-12-31": "5.59320", "2017-09-30": "5.88980", "2017-06-30": "6.58170", "2017-03-31": "7.86510", "2016-12-31": "8.00240", "2016-09-30": "7.68490", "2016-06-30": "7.02020", "2016-03-31": "9.07710", "2015-12-31": "8.27920", "2015-09-30": "7.16780", "2015-06-30": "6.09070", "2015-03-31": "4.63250", "2014-12-31": "3.37050", "2014-09-30": "3.28310", "2014-06-30": "3.61790", "2014-03-31": "3.61470", "2013-12-31": "5.44150", "2013-09-30": "6.30120", "2013-06-30": "5.64260", "2013-03-31": "5.45720", "2012-12-31": "4.78200", "2012-09-30": "4.82850", "2012-06-30": "7.38470", "2012-03-31": "6.84430", "2011-12-31": "5.27390", "2011-09-30": "5.19040", "2011-06-30": "6.03940", "2011-03-31": "5.65450", "2010-12-31": "5.12580", "2010-09-30": "4.33600", "2010-06-30": "4.17320", "2010-03-31": "5.87060", "2009-12-31": "6.44660", "2009-09-30": "7.87990", "2009-06-30": "7.05500", "2009-03-31": "6.31470", "2008-12-31": "5.17970", "2008-09-30": "5.53330", "2008-06-30": "6.23080", "2008-03-31": "6.54220", "2007-12-31": "7.14340", "2007-09-30": "4.87950", "2007-06-30": "5.03220", "2007-03-31": "6.27040", "2006-12-31": "6.74250", "2006-09-30": "4.73770", "2006-06-30": "4.73540", "2006-03-31": "5.64040", "2005-12-31": "5.62800", "2005-09-30": "5.29990", "2005-06-30": "4.70880", "2005-03-31": "5.84580"}, "Long-term Debt / Capital": {"2020-09-30": "", "2020-06-30": "", "2020-03-31": "", "2019-12-31": "", "2019-09-30": "", "2019-06-30": "", "2019-03-31": "", "2018-12-31": "", "2018-09-30": "", "2018-06-30": "", "2018-03-31": "", "2017-12-31": "", "2017-09-30": "", "2017-06-30": "", "2017-03-31": "", "2016-12-31": "", "2016-09-30": "", "2016-06-30": "", "2016-03-31": "", "2015-12-31": "", "2015-09-30": "", "2015-06-30": "", "2015-03-31": "", "2014-12-31": "", "2014-09-30": "", "2014-06-30": "", "2014-03-31": "", "2013-12-31": "", "2013-09-30": "", "2013-06-30": "", "2013-03-31": "", "2012-12-31": "", "2012-09-30": "", "2012-06-30": "", "2012-03-31": "", "2011-12-31": "", "2011-09-30": "", "2011-06-30": "", "2011-03-31": "", "2010-12-31": "", "2010-09-30": "", "2010-06-30": "", "2010-03-31": "", "2009-12-31": "", "2009-09-30": "", "2009-06-30": "", "2009-03-31": "", "2008-12-31": "", "2008-09-30": "", "2008-06-30": "", "2008-03-31": "", "2007-12-31": "", "2007-09-30": "", "2007-06-30": "", "2007-03-31": "", "2006-12-31": "", "2006-09-30": "", "2006-06-30": "", "2006-03-31": "", "2005-12-31": "", "2005-09-30": "", "2005-06-30": "", "2005-03-31": ""}, "Debt/Equity Ratio": {"2020-09-30": "", "2020-06-30": "", "2020-03-31": "", "2019-12-31": "", "2019-09-30": "", "2019-06-30": "", "2019-03-31": "", "2018-12-31": "", "2018-09-30": "", "2018-06-30": "", "2018-03-31": "", "2017-12-31": "", "2017-09-30": "", "2017-06-30": "", "2017-03-31": "", "2016-12-31": "", "2016-09-30": "", "2016-06-30": "", "2016-03-31": "", "2015-12-31": "", "2015-09-30": "", "2015-06-30": "", "2015-03-31": "", "2014-12-31": "", "2014-09-30": "", "2014-06-30": "", "2014-03-31": "", "2013-12-31": "", "2013-09-30": "", "2013-06-30": "", "2013-03-31": "", "2012-12-31": "", "2012-09-30": "", "2012-06-30": "", "2012-03-31": "", "2011-12-31": "", "2011-09-30": "", "2011-06-30": "", "2011-03-31": "", "2010-12-31": "", "2010-09-30": "", "2010-06-30": "", "2010-03-31": "", "2009-12-31": "", "2009-09-30": "", "2009-06-30": "", "2009-03-31": "", "2008-12-31": "", "2008-09-30": "", "2008-06-30": "", "2008-03-31": "", "2007-12-31": "", "2007-09-30": "", "2007-06-30": "", "2007-03-31": "", "2006-12-31": "", "2006-09-30": "", "2006-06-30": "", "2006-03-31": "", "2005-12-31": "", "2005-09-30": "", "2005-06-30": "", "2005-03-31": ""}, "Gross Margin": {"2020-09-30": "76.20570", "2020-06-30": "70.24190", "2020-03-31": "75.36400", "2019-12-31": "73.56940", "2019-09-30": "74.01770", "2019-06-30": "74.39450", "2019-03-31": "73.32090", "2018-12-31": "72.67000", "2018-09-30": "74.65350", "2018-06-30": "74.35960", "2018-03-31": "76.29370", "2017-12-31": "75.65520", "2017-09-30": "74.41720", "2017-06-30": "76.32300", "2017-03-31": "76.60230", "2016-12-31": "69.48230", "2016-09-30": "77.86510", "2016-06-30": "76.09010", "2016-03-31": "78.20490", "2015-12-31": "76.06580", "2015-09-30": "75.53700", "2015-06-30": "78.78870", "2015-03-31": "77.95860", "2014-12-31": "80.78370", "2014-09-30": "75.56820", "2014-06-30": "80.28740", "2014-03-31": "76.81270", "2013-12-31": "76.84440", "2013-09-30": "76.48590", "2013-06-30": "75.55200", "2013-03-31": "75.98900", "2012-12-31": "75.19470", "2012-09-30": "75.64060", "2012-06-30": "75.63150", "2012-03-31": "75.47520", "2011-12-31": "74.76970", "2011-09-30": "76.33390", "2011-06-30": "76.76180", "2011-03-31": "75.28970", "2010-12-31": "71.71810", "2010-09-30": "74.78030", "2010-06-30": "73.93580", "2010-03-31": "72.96620", "2009-12-31": "68.98470", "2009-09-30": "70.76590", "2009-06-30": "63.44460", "2009-03-31": "68.16040", "2008-12-31": "71.17250", "2008-09-30": "72.48010", "2008-06-30": "71.64220", "2008-03-31": "71.81600", "2007-12-31": "73.35030", "2007-09-30": "73.35730", "2007-06-30": "67.20980", "2007-03-31": "71.68410", "2006-12-31": "72.35690", "2006-09-30": "73.36950", "2006-06-30": "73.69280", "2006-03-31": "71.69720", "2005-12-31": "71.57260", "2005-09-30": "72.95560", "2005-06-30": "70.57850", "2005-03-31": "68.07720"}, "Operating Margin": {"2020-09-30": "38.48880", "2020-06-30": "-3.63220", "2020-03-31": "12.52790", "2019-12-31": "10.37110", "2019-09-30": "23.50580", "2019-06-30": "26.00190", "2019-03-31": "17.37740", "2018-12-31": "23.40930", "2018-09-30": "33.52150", "2018-06-30": "30.03590", "2018-03-31": "20.40260", "2017-12-31": "27.75770", "2017-09-30": "41.66600", "2017-06-30": "33.70450", "2017-03-31": "26.76660", "2016-12-31": "24.27440", "2016-09-30": "36.85520", "2016-06-30": "33.72970", "2016-03-31": "16.98870", "2015-12-31": "19.58510", "2015-09-30": "26.47630", "2015-06-30": "35.99970", "2015-03-31": "21.81050", "2014-12-31": "27.05200", "2014-09-30": "35.85150", "2014-06-30": "28.20240", "2014-03-31": "24.68190", "2013-12-31": "25.95200", "2013-09-30": "25.75120", "2013-06-30": "23.31870", "2013-03-31": "22.22840", "2012-12-31": "24.96470", "2012-09-30": "27.22790", "2012-06-30": "27.69020", "2012-03-31": "22.83000", "2011-12-31": "25.64910", "2011-09-30": "27.95650", "2011-06-30": "28.82980", "2011-03-31": "23.34600", "2010-12-31": "27.01960", "2010-09-30": "29.70280", "2010-06-30": "26.79390", "2010-03-31": "19.08190", "2009-12-31": "1.47390", "2009-09-30": "2.13710", "2009-06-30": "-19.17110", "2009-03-31": "-15.25290", "2008-12-31": "-3.11060", "2008-09-30": "12.62650", "2008-06-30": "15.98770", "2008-03-31": "13.22530", "2007-12-31": "17.95340", "2007-09-30": "13.67300", "2007-06-30": "7.90800", "2007-03-31": "9.04000", "2006-12-31": "17.30270", "2006-09-30": "19.21730", "2006-06-30": "20.01140", "2006-03-31": "18.01150", "2005-12-31": "24.06200", "2005-09-30": "23.90480", "2005-06-30": "18.05580", "2005-03-31": "12.92890"}, "EBIT Margin": {"2020-09-30": "38.48880", "2020-06-30": "-3.63220", "2020-03-31": "12.52790", "2019-12-31": "10.37120", "2019-09-30": "23.50580", "2019-06-30": "26.00190", "2019-03-31": "17.37740", "2018-12-31": "23.40930", "2018-09-30": "33.52150", "2018-06-30": "30.03590", "2018-03-31": "20.40260", "2017-12-31": "27.75770", "2017-09-30": "41.66600", "2017-06-30": "33.70450", "2017-03-31": "26.76660", "2016-12-31": "24.27440", "2016-09-30": "36.85520", "2016-06-30": "33.72970", "2016-03-31": "16.98870", "2015-12-31": "19.58510", "2015-09-30": "26.47630", "2015-06-30": "35.99970", "2015-03-31": "21.81050", "2014-12-31": "27.05200", "2014-09-30": "35.85150", "2014-06-30": "28.20240", "2014-03-31": "24.68190", "2013-12-31": "25.95200", "2013-09-30": "25.75120", "2013-06-30": "23.31870", "2013-03-31": "22.22840", "2012-12-31": "24.96470", "2012-09-30": "27.22790", "2012-06-30": "27.69020", "2012-03-31": "22.83000", "2011-12-31": "25.64910", "2011-09-30": "27.95650", "2011-06-30": "28.82980", "2011-03-31": "23.34600", "2010-12-31": "27.01960", "2010-09-30": "29.70280", "2010-06-30": "26.79390", "2010-03-31": "19.08190", "2009-12-31": "1.47390", "2009-09-30": "2.13710", "2009-06-30": "-19.17110", "2009-03-31": "-15.25290", "2008-12-31": "-3.11060", "2008-09-30": "12.62650", "2008-06-30": "15.98770", "2008-03-31": "13.22530", "2007-12-31": "17.95340", "2007-09-30": "13.67300", "2007-06-30": "7.90800", "2007-03-31": "9.04000", "2006-12-31": "17.30270", "2006-09-30": "19.21730", "2006-06-30": "20.01140", "2006-03-31": "18.01150", "2005-12-31": "24.06190", "2005-09-30": "23.90480", "2005-06-30": "18.05580", "2005-03-31": "12.92890"}, "EBITDA Margin": {"2020-09-30": "", "2020-06-30": "", "2020-03-31": "", "2019-12-31": "", "2019-09-30": "", "2019-06-30": "", "2019-03-31": "", "2018-12-31": "", "2018-09-30": "", "2018-06-30": "", "2018-03-31": "", "2017-12-31": "", "2017-09-30": "", "2017-06-30": "", "2017-03-31": "", "2016-12-31": "", "2016-09-30": "", "2016-06-30": "", "2016-03-31": "", "2015-12-31": "", "2015-09-30": "", "2015-06-30": "", "2015-03-31": "", "2014-12-31": "", "2014-09-30": "", "2014-06-30": "", "2014-03-31": "", "2013-12-31": "", "2013-09-30": "", "2013-06-30": "", "2013-03-31": "", "2012-12-31": "", "2012-09-30": "", "2012-06-30": "", "2012-03-31": "", "2011-12-31": "", "2011-09-30": "", "2011-06-30": "", "2011-03-31": "", "2010-12-31": "", "2010-09-30": "", "2010-06-30": "", "2010-03-31": "", "2009-12-31": "", "2009-09-30": "", "2009-06-30": "", "2009-03-31": "", "2008-12-31": "", "2008-09-30": "", "2008-06-30": "", "2008-03-31": "", "2007-12-31": "", "2007-09-30": "", "2007-06-30": "", "2007-03-31": "", "2006-12-31": "", "2006-09-30": "", "2006-06-30": "", "2006-03-31": "", "2005-12-31": "", "2005-09-30": "", "2005-06-30": "", "2005-03-31": ""}, "Pre-Tax Profit Margin": {"2020-09-30": "40.35040", "2020-06-30": "-1.36730", "2020-03-31": "13.74950", "2019-12-31": "13.50130", "2019-09-30": "25.83770", "2019-06-30": "28.62390", "2019-03-31": "20.59610", "2018-12-31": "25.22120", "2018-09-30": "34.99810", "2018-06-30": "31.51180", "2018-03-31": "22.39760", "2017-12-31": "28.79420", "2017-09-30": "42.38130", "2017-06-30": "34.70690", "2017-03-31": "28.21870", "2016-12-31": "26.41360", "2016-09-30": "38.08130", "2016-06-30": "35.08700", "2016-03-31": "18.28180", "2015-12-31": "22.24550", "2015-09-30": "27.19940", "2015-06-30": "36.59970", "2015-03-31": "22.99330", "2014-12-31": "28.26250", "2014-09-30": "36.99950", "2014-06-30": "28.90890", "2014-03-31": "25.12620", "2013-12-31": "25.97710", "2013-09-30": "26.11360", "2013-06-30": "24.00420", "2013-03-31": "22.93550", "2012-12-31": "26.09780", "2012-09-30": "27.58130", "2012-06-30": "29.67290", "2012-03-31": "23.26370", "2011-12-31": "25.80610", "2011-09-30": "28.61840", "2011-06-30": "29.73990", "2011-03-31": "23.80430", "2010-12-31": "27.07020", "2010-09-30": "30.17880", "2010-06-30": "26.99450", "2010-03-31": "18.82070", "2009-12-31": "0.91430", "2009-09-30": "2.77330", "2009-06-30": "-19.11000", "2009-03-31": "-9.83280", "2008-12-31": "3.67800", "2008-09-30": "16.03640", "2008-06-30": "17.68550", "2008-03-31": "18.92650", "2007-12-31": "21.74850", "2007-09-30": "17.75390", "2007-06-30": "10.85820", "2007-03-31": "12.29950", "2006-12-31": "20.66190", "2006-09-30": "21.34820", "2006-06-30": "22.37690", "2006-03-31": "20.41840", "2005-12-31": "26.10900", "2005-09-30": "25.18540", "2005-06-30": "19.30480", "2005-03-31": "16.56100"}, "Net Profit Margin": {"2020-09-30": "34.85280", "2020-06-30": "-0.67540", "2020-03-31": "12.24450", "2019-12-31": "47.31550", "2019-09-30": "22.73830", "2019-06-30": "24.49120", "2019-03-31": "19.08190", "2018-12-31": "23.49780", "2018-09-30": "34.63770", "2018-06-30": "26.59990", "2018-03-31": "21.94830", "2017-12-31": "-15.16880", "2017-09-30": "38.52510", "2017-06-30": "31.72450", "2017-03-31": "32.70380", "2016-12-31": "23.44590", "2016-09-30": "36.27870", "2016-06-30": "29.03360", "2016-03-31": "15.47220", "2015-12-31": "19.17400", "2015-09-30": "96.77010", "2015-06-30": "30.39300", "2015-03-31": "20.22430", "2014-12-31": "29.96020", "2014-09-30": "32.65180", "2014-06-30": "28.12000", "2014-03-31": "20.35210", "2013-12-31": "21.36240", "2013-09-30": "22.83010", "2013-06-30": "19.44280", "2013-03-31": "19.26400", "2012-12-31": "19.76930", "2012-09-30": "22.23510", "2012-06-30": "23.44120", "2012-03-31": "18.37880", "2011-12-31": "22.72550", "2011-09-30": "22.52230", "2011-06-30": "22.90000", "2011-03-31": "18.32940", "2010-12-31": "23.27370", "2010-09-30": "24.19560", "2010-06-30": "20.78650", "2010-03-31": "14.49120", "2009-12-31": "0.89480", "2009-09-30": "10.93060", "2009-06-30": "-15.66830", "2009-03-31": "-8.06390", "2008-12-31": "3.50040", "2008-09-30": "17.91610", "2008-06-30": "8.42610", "2008-03-31": "14.00530", "2007-12-31": "16.99740", "2007-09-30": "13.41360", "2007-06-30": "6.99100", "2007-03-31": "9.10090", "2006-12-31": "16.33190", "2006-09-30": "17.43990", "2006-06-30": "18.12790", "2006-03-31": "14.90520", "2005-12-31": "19.31990", "2005-09-30": "18.63840", "2005-06-30": "14.28490", "2005-03-31": "12.25520"}, "Asset Turnover": {"2020-09-30": "0.12180", "2020-06-30": "0.08740", "2020-03-31": "0.08870", "2019-12-31": "0.09000", "2019-09-30": "0.13180", "2019-06-30": "0.14750", "2019-03-31": "0.12810", "2018-12-31": "0.14990", "2018-09-30": "0.17530", "2018-06-30": "0.16550", "2018-03-31": "0.13360", "2017-12-31": "0.14200", "2017-09-30": "0.21140", "2017-06-30": "0.15340", "2017-03-31": "0.12680", "2016-12-31": "0.13300", "2016-09-30": "0.14500", "2016-06-30": "0.15270", "2016-03-31": "0.10530", "2015-12-31": "0.11010", "2015-09-30": "0.12120", "2015-06-30": "0.16380", "2015-03-31": "0.12090", "2014-12-31": "0.10820", "2014-09-30": "0.18910", "2014-06-30": "0.12130", "2014-03-31": "0.12670", "2013-12-31": "0.13480", "2013-09-30": "0.13110", "2013-06-30": "0.12900", "2013-03-31": "0.12400", "2012-12-31": "0.13090", "2012-09-30": "0.12090", "2012-06-30": "0.13040", "2012-03-31": "0.12180", "2011-12-31": "0.13740", "2011-09-30": "0.13380", "2011-06-30": "0.13840", "2011-03-31": "0.13180", "2010-12-31": "0.15930", "2010-09-30": "0.15010", "2010-06-30": "0.15800", "2010-03-31": "0.13310", "2009-12-31": "0.11660", "2009-09-30": "0.09210", "2009-06-30": "0.09220", "2009-03-31": "0.09490", "2008-12-31": "0.10930", "2008-09-30": "0.12610", "2008-06-30": "0.12560", "2008-03-31": "0.11370", "2007-12-31": "0.12100", "2007-09-30": "0.10160", "2007-06-30": "0.10690", "2007-03-31": "0.09540", "2006-12-31": "0.11010", "2006-09-30": "0.10960", "2006-06-30": "0.11720", "2006-03-31": "0.10630", "2005-12-31": "0.10770", "2005-09-30": "0.10400", "2005-06-30": "0.10260", "2005-03-31": "0.08230"}, "Inventory Turnover Ratio": {"2020-09-30": "1.10920", "2020-06-30": "0.95030", "2020-03-31": "0.74930", "2019-12-31": "0.74460", "2019-09-30": "0.72980", "2019-06-30": "0.69920", "2019-03-31": "0.58430", "2018-12-31": "0.63430", "2018-09-30": "0.62590", "2018-06-30": "0.60490", "2018-03-31": "0.41700", "2017-12-31": "0.65560", "2017-09-30": "1.41610", "2017-06-30": "1.15550", "2017-03-31": "0.99750", "2016-12-31": "1.56170", "2016-09-30": "1.20290", "2016-06-30": "1.36050", "2016-03-31": "0.58870", "2015-12-31": "0.62680", "2015-09-30": "0.66060", "2015-06-30": "0.77430", "2015-03-31": "0.46110", "2014-12-31": "0.58450", "2014-09-30": "1.20830", "2014-06-30": "0.59180", "2014-03-31": "0.74150", "2013-12-31": "0.86240", "2013-09-30": "0.77280", "2013-06-30": "0.79350", "2013-03-31": "0.74540", "2012-12-31": "0.77850", "2012-09-30": "0.78040", "2012-06-30": "0.81830", "2012-03-31": "0.68540", "2011-12-31": "0.75460", "2011-09-30": "0.66280", "2011-06-30": "0.71760", "2011-03-31": "0.67430", "2010-12-31": "1.05720", "2010-09-30": "0.79240", "2010-06-30": "0.93120", "2010-03-31": "0.89170", "2009-12-31": "0.94520", "2009-09-30": "0.57530", "2009-06-30": "0.66920", "2009-03-31": "0.55190", "2008-12-31": "0.59610", "2008-09-30": "0.65530", "2008-06-30": "0.66020", "2008-03-31": "0.60630", "2007-12-31": "0.63500", "2007-09-30": "0.48540", "2007-06-30": "0.54960", "2007-03-31": "0.44070", "2006-12-31": "0.52600", "2006-09-30": "0.54790", "2006-06-30": "0.63720", "2006-03-31": "0.75880", "2005-12-31": "0.91870", "2005-09-30": "0.84800", "2005-06-30": "0.88970", "2005-03-31": "0.77480"}, "Receiveable Turnover": {"2020-09-30": "1.96530", "2020-06-30": "1.51420", "2020-03-31": "1.66460", "2019-12-31": "1.64110", "2019-09-30": "1.70680", "2019-06-30": "1.84910", "2019-03-31": "1.63010", "2018-12-31": "1.62190", "2018-09-30": "1.71460", "2018-06-30": "1.55250", "2018-03-31": "1.75450", "2017-12-31": "1.53220", "2017-09-30": "2.18110", "2017-06-30": "2.26590", "2017-03-31": "2.38750", "2016-12-31": "2.49080", "2016-09-30": "1.80280", "2016-06-30": "2.40570", "2016-03-31": "2.13340", "2015-12-31": "2.28180", "2015-09-30": "1.51510", "2015-06-30": "3.21560", "2015-03-31": "1.80170", "2014-12-31": "2.21930", "2014-09-30": "1.54430", "2014-06-30": "1.32240", "2014-03-31": "1.75040", "2013-12-31": "1.80510", "2013-09-30": "1.85920", "2013-06-30": "1.91330", "2013-03-31": "1.89090", "2012-12-31": "1.93850", "2012-09-30": "1.78900", "2012-06-30": "1.74280", "2012-03-31": "1.70430", "2011-12-31": "1.74340", "2011-09-30": "1.74760", "2011-06-30": "1.96310", "2011-03-31": "1.76610", "2010-12-31": "1.85010", "2010-09-30": "1.58880", "2010-06-30": "1.74310", "2010-03-31": "1.74860", "2009-12-31": "1.65660", "2009-09-30": "1.63110", "2009-06-30": "1.72870", "2009-03-31": "1.93140", "2008-12-31": "1.69850", "2008-09-30": "1.43110", "2008-06-30": "1.67200", "2008-03-31": "1.37500", "2007-12-31": "1.67790", "2007-09-30": "1.37940", "2007-06-30": "1.54120", "2007-03-31": "1.33880", "2006-12-31": "1.45300", "2006-09-30": "1.45400", "2006-06-30": "1.41300", "2006-03-31": "1.39910", "2005-12-31": "1.44630", "2005-09-30": "1.53050", "2005-06-30": "1.50490", "2005-03-31": "1.47420"}, "Days Sales In Receivables": {"2020-09-30": "45.79530", "2020-06-30": "59.43570", "2020-03-31": "54.06570", "2019-12-31": "54.84060", "2019-09-30": "52.72950", "2019-06-30": "48.67130", "2019-03-31": "55.21060", "2018-12-31": "55.49020", "2018-09-30": "52.49180", "2018-06-30": "57.97280", "2018-03-31": "51.29780", "2017-12-31": "58.74050", "2017-09-30": "41.26360", "2017-06-30": "39.72020", "2017-03-31": "37.69620", "2016-12-31": "36.13320", "2016-09-30": "49.92240", "2016-06-30": "37.41130", "2016-03-31": "42.18650", "2015-12-31": "39.44170", "2015-09-30": "59.40380", "2015-06-30": "27.98820", "2015-03-31": "49.95180", "2014-12-31": "40.55410", "2014-09-30": "58.27700", "2014-06-30": "68.05890", "2014-03-31": "51.41630", "2013-12-31": "49.85950", "2013-09-30": "48.40820", "2013-06-30": "47.03910", "2013-03-31": "47.59680", "2012-12-31": "46.42720", "2012-09-30": "50.30830", "2012-06-30": "51.64070", "2012-03-31": "52.80660", "2011-12-31": "51.62350", "2011-09-30": "51.50070", "2011-06-30": "45.84560", "2011-03-31": "50.96060", "2010-12-31": "48.64680", "2010-09-30": "56.64770", "2010-06-30": "51.63180", "2010-03-31": "51.46910", "2009-12-31": "54.32920", "2009-09-30": "55.17850", "2009-06-30": "52.06280", "2009-03-31": "46.59940", "2008-12-31": "52.98720", "2008-09-30": "62.88870", "2008-06-30": "53.82780", "2008-03-31": "65.45390", "2007-12-31": "53.63960", "2007-09-30": "65.24730", "2007-06-30": "58.39760", "2007-03-31": "67.22650", "2006-12-31": "61.94180", "2006-09-30": "61.89760", "2006-06-30": "63.69520", "2006-03-31": "64.32930", "2005-12-31": "62.22810", "2005-09-30": "58.80370", "2005-06-30": "59.80390", "2005-03-31": "61.05070"}, "ROE - Return On Equity": {"2020-09-30": "5.81120", "2020-06-30": "-0.08300", "2020-03-31": "1.54250", "2019-12-31": "5.92510", "2019-09-30": "3.36380", "2019-06-30": "4.09090", "2019-03-31": "2.78450", "2018-12-31": "4.00070", "2018-09-30": "6.99780", "2018-06-30": "5.20750", "2018-03-31": "3.45530", "2017-12-31": "-2.53240", "2017-09-30": "9.04200", "2017-06-30": "5.37040", "2017-03-31": "4.49670", "2016-12-31": "3.36330", "2016-09-30": "5.68620", "2016-06-30": "4.85130", "2016-03-31": "1.74970", "2015-12-31": "2.28350", "2015-09-30": "3.17690", "2015-06-30": "5.48660", "2015-03-31": "2.53850", "2014-12-31": "2.98450", "2014-09-30": "6.49650", "2014-06-30": "3.32230", "2014-03-31": "2.79950", "2013-12-31": "3.17480", "2013-09-30": "3.25020", "2013-06-30": "2.73500", "2013-03-31": "2.59950", "2012-12-31": "2.83840", "2012-09-30": "2.94100", "2012-06-30": "3.34130", "2012-03-31": "2.42560", "2011-12-31": "3.45380", "2011-09-30": "3.33180", "2011-06-30": "3.53460", "2011-03-31": "2.69790", "2010-12-31": "4.17570", "2010-09-30": "4.16720", "2010-06-30": "3.78010", "2010-03-31": "2.16790", "2009-12-31": "0.11640", "2009-09-30": "1.10230", "2009-06-30": "-1.61100", "2009-03-31": "-0.86040", "2008-12-31": "0.43910", "2008-09-30": "2.57320", "2008-06-30": "1.88020", "2008-03-31": "1.84480", "2007-12-31": "2.39330", "2007-09-30": "1.63980", "2007-06-30": "0.87760", "2007-03-31": "0.97980", "2006-12-31": "2.04240", "2006-09-30": "2.17000", "2006-06-30": "2.41280", "2006-03-31": "1.77400", "2005-12-31": "2.31970", "2005-09-30": "2.16710", "2005-06-30": "1.64860", "2005-03-31": "1.13500"}, "Return On Tangible Equity": {"2020-09-30": "7.02170", "2020-06-30": "-0.10230", "2020-03-31": "1.95540", "2019-12-31": "7.48780", "2019-09-30": "3.72850", "2019-06-30": "4.55660", "2019-03-31": "3.10450", "2018-12-31": "4.48820", "2018-09-30": "7.84470", "2018-06-30": "5.88890", "2018-03-31": "3.91150", "2017-12-31": "-2.86270", "2017-09-30": "10.18930", "2017-06-30": "6.12970", "2017-03-31": "5.00510", "2016-12-31": "3.76890", "2016-09-30": "6.26750", "2016-06-30": "5.37180", "2016-03-31": "1.94830", "2015-12-31": "2.55510", "2015-09-30": "3.56670", "2015-06-30": "6.14550", "2015-03-31": "2.88150", "2014-12-31": "3.38460", "2014-09-30": "7.44460", "2014-06-30": "3.85680", "2014-03-31": "3.27220", "2013-12-31": "3.73390", "2013-09-30": "3.80910", "2013-06-30": "3.23180", "2013-03-31": "3.09210", "2012-12-31": "3.41390", "2012-09-30": "3.50540", "2012-06-30": "4.00990", "2012-03-31": "2.92220", "2011-12-31": "4.22510", "2011-09-30": "4.10760", "2011-06-30": "4.37420", "2011-03-31": "3.40200", "2010-12-31": "5.37100", "2010-09-30": "5.52140", "2010-06-30": "5.19300", "2010-03-31": "2.99980", "2009-12-31": "0.16190", "2009-09-30": "1.52070", "2009-06-30": "-2.21420", "2009-03-31": "-1.18780", "2008-12-31": "0.60260", "2008-09-30": "3.48030", "2008-06-30": "2.52050", "2008-03-31": "2.52880", "2007-12-31": "3.20380", "2007-09-30": "2.25290", "2007-06-30": "1.22080", "2007-03-31": "1.33950", "2006-12-31": "2.80080", "2006-09-30": "3.00260", "2006-06-30": "3.33340", "2006-03-31": "2.39500", "2005-12-31": "3.11950", "2005-09-30": "2.94430", "2005-06-30": "2.29740", "2005-03-31": "1.16900"}, "ROA - Return On Assets": {"2020-09-30": "4.24680", "2020-06-30": "-0.05900", "2020-03-31": "1.08630", "2019-12-31": "4.25930", "2019-09-30": "2.99790", "2019-06-30": "3.61130", "2019-03-31": "2.44530", "2018-12-31": "3.52170", "2018-09-30": "6.07200", "2018-06-30": "4.40300", "2018-03-31": "2.93300", "2017-12-31": "-2.15470", "2017-09-30": "8.14400", "2017-06-30": "4.86610", "2017-03-31": "4.14790", "2016-12-31": "3.11720", "2016-09-30": "5.26180", "2016-06-30": "4.46000", "2016-03-31": "1.62920", "2015-12-31": "2.12380", "2015-09-30": "2.90980", "2015-06-30": "4.95510", "2015-03-31": "2.32270", "2014-12-31": "2.67470", "2014-09-30": "5.84040", "2014-06-30": "2.98180", "2014-03-31": "2.57920", "2013-12-31": "2.88050", "2013-09-30": "2.99200", "2013-06-30": "2.50900", "2013-03-31": "2.38810", "2012-12-31": "2.58830", "2012-09-30": "2.68910", "2012-06-30": "3.05640", "2012-03-31": "2.23860", "2011-12-31": "3.12140", "2011-09-30": "3.01370", "2011-06-30": "3.16880", "2011-03-31": "2.41490", "2010-12-31": "3.70730", "2010-09-30": "3.63090", "2010-06-30": "3.28450", "2010-03-31": "1.92810", "2009-12-31": "0.10430", "2009-09-30": "1.00720", "2009-06-30": "-1.44460", "2009-03-31": "-0.76510", "2008-12-31": "0.38270", "2008-09-30": "2.25970", "2008-06-30": "1.63990", "2008-03-31": "1.61420", "2007-12-31": "2.11310", "2007-09-30": "1.40480", "2007-06-30": "0.76910", "2007-03-31": "0.86790", "2006-12-31": "1.83070", "2006-09-30": "1.91050", "2006-06-30": "2.12390", "2006-03-31": "1.58420", "2005-12-31": "2.08130", "2005-09-30": "1.93830", "2005-06-30": "1.46590", "2005-03-31": "1.00890"}, "ROI - Return On Investment": {"2020-09-30": "5.81120", "2020-06-30": "-0.08300", "2020-03-31": "1.54250", "2019-12-31": "5.92510", "2019-09-30": "3.36380", "2019-06-30": "4.09090", "2019-03-31": "2.78450", "2018-12-31": "4.00070", "2018-09-30": "6.99780", "2018-06-30": "5.20750", "2018-03-31": "3.45530", "2017-12-31": "-2.53240", "2017-09-30": "9.04200", "2017-06-30": "5.37040", "2017-03-31": "4.49670", "2016-12-31": "3.36330", "2016-09-30": "5.68620", "2016-06-30": "4.85130", "2016-03-31": "1.74970", "2015-12-31": "2.28350", "2015-09-30": "3.17690", "2015-06-30": "5.48660", "2015-03-31": "2.53850", "2014-12-31": "2.98450", "2014-09-30": "6.49650", "2014-06-30": "3.32230", "2014-03-31": "2.79950", "2013-12-31": "3.17480", "2013-09-30": "3.25020", "2013-06-30": "2.73500", "2013-03-31": "2.59950", "2012-12-31": "2.83840", "2012-09-30": "2.94100", "2012-06-30": "3.34130", "2012-03-31": "2.42560", "2011-12-31": "3.45380", "2011-09-30": "3.33180", "2011-06-30": "3.53460", "2011-03-31": "2.69790", "2010-12-31": "4.17570", "2010-09-30": "4.16720", "2010-06-30": "3.78010", "2010-03-31": "2.16790", "2009-12-31": "0.11640", "2009-09-30": "1.10230", "2009-06-30": "-1.61100", "2009-03-31": "-0.86040", "2008-12-31": "0.43910", "2008-09-30": "2.57320", "2008-06-30": "1.88020", "2008-03-31": "1.84480", "2007-12-31": "2.39330", "2007-09-30": "1.63980", "2007-06-30": "0.87760", "2007-03-31": "0.97980", "2006-12-31": "2.04240", "2006-09-30": "2.17000", "2006-06-30": "2.41280", "2006-03-31": "1.77400", "2005-12-31": "2.31970", "2005-09-30": "2.16710", "2005-06-30": "1.64860", "2005-03-31": "1.13500"}, "Book Value Per Share": {"2020-09-30": "8.62280", "2020-06-30": "7.95440", "2020-03-31": "7.73200", "2019-12-31": "7.86190", "2019-09-30": "7.25130", "2019-06-30": "6.98250", "2019-03-31": "6.93060", "2018-12-31": "6.64600", "2018-09-30": "6.67540", "2018-06-30": "6.27290", "2018-03-31": "6.22790", "2017-12-31": "6.31490", "2017-09-30": "6.54560", "2017-06-30": "6.07570", "2017-03-31": "5.83530", "2016-12-31": "5.60050", "2016-09-30": "5.50950", "2016-06-30": "5.20890", "2016-03-31": "5.00120", "2015-12-31": "4.86510", "2015-09-30": "4.78990", "2015-06-30": "4.55290", "2015-03-31": "4.40190", "2014-12-31": "4.25480", "2014-09-30": "4.21590", "2014-06-30": "3.93430", "2014-03-31": "3.80610", "2013-12-31": "3.70780", "2013-09-30": "3.65330", "2013-06-30": "3.53470", "2013-03-31": "3.44900", "2012-12-31": "3.32300", "2012-09-30": "3.52300", "2012-06-30": "3.44940", "2012-03-31": "3.43640", "2011-12-31": "3.27420", "2011-09-30": "3.21660", "2011-06-30": "3.21100", "2011-03-31": "3.04380", "2010-12-31": "2.88150", "2010-09-30": "2.71900", "2010-06-30": "2.48750", "2010-03-31": "2.48380", "2009-12-31": "2.48610", "2009-09-30": "2.57370", "2009-06-30": "2.51150", "2009-03-31": "2.49850", "2008-12-31": "2.60420", "2008-09-30": "2.69740", "2008-06-30": "2.77650", "2008-03-31": "2.77850", "2007-12-31": "2.74740", "2007-09-30": "2.66440", "2007-06-30": "2.59670", "2007-03-31": "2.66680", "2006-12-31": "2.66790", "2006-09-30": "2.61700", "2006-06-30": "2.61780", "2006-03-31": "2.66410", "2005-12-31": "2.68450", "2005-09-30": "2.64970", "2005-06-30": "2.54990", "2005-03-31": "2.51880"}, "Operating Cash Flow Per Share": {"2020-09-30": 0.4414, "2020-06-30": 0.0877, "2020-03-31": "0.37100", "2019-12-31": 0.3811, "2019-09-30": 0.3789, "2019-06-30": 0.3359, "2019-03-31": "0.34890", "2018-12-31": 0.4038, "2018-09-30": 0.4459, "2018-06-30": 0.1049, "2018-03-31": "0.30500", "2017-12-31": 0.4685, "2017-09-30": 0.2753, "2017-06-30": 0.2381, "2017-03-31": "0.26750", "2016-12-31": 0.4351, "2016-09-30": 0.3265, "2016-06-30": 0.1247, "2016-03-31": "0.15930", "2015-12-31": 0.2507, "2015-09-30": 0.3776, "2015-06-30": 0.0816, "2015-03-31": "0.01930", "2014-12-31": 0.5665, "2014-09-30": 0.175, "2014-06-30": 0.0804, "2014-03-31": "0.09780", "2013-12-31": 0.2033, "2013-09-30": 0.1117, "2013-06-30": 0.1133, "2013-03-31": "0.10640", "2012-12-31": 0.1506, "2012-09-30": 0.1984, "2012-06-30": 0.1566, "2012-03-31": "0.07370", "2011-12-31": 0.1418, "2011-09-30": 0.0819, "2011-06-30": 0.1578, "2011-03-31": "0.12290", "2010-12-31": 0.1808, "2010-09-30": 0.1591, "2010-06-30": 0.0725, "2010-03-31": "0.06120", "2009-12-31": 0.0747, "2009-09-30": 0.0238, "2009-06-30": -0.0244, "2009-03-31": "0.00330", "2008-12-31": 0.121, "2008-09-30": 0.0693, "2008-06-30": 0.0849, "2008-03-31": "0.07940", "2007-12-31": 0.0681, "2007-09-30": 0.1053, "2007-06-30": 0.0655, "2007-03-31": "0.03610", "2006-12-31": 0.033, "2006-09-30": 0.0918, "2006-06-30": 0.0609, "2006-03-31": "0.07410", "2005-12-31": 0.0648, "2005-09-30": 0.0787, "2005-06-30": 0.0381, "2005-03-31": "0.04140"}, "Free Cash Flow Per Share": {"2020-09-30": 0.4266, "2020-06-30": 0.0646, "2020-03-31": "0.35350", "2019-12-31": 0.3345, "2019-09-30": 0.3525, "2019-06-30": 0.3138, "2019-03-31": "0.31990", "2018-12-31": 0.349, "2018-09-30": 0.4139, "2018-06-30": 0.0565, "2018-03-31": "0.23110", "2017-12-31": 0.4201, "2017-09-30": 0.2314, "2017-06-30": 0.2043, "2017-03-31": "0.23340", "2016-12-31": 0.4215, "2016-09-30": 0.2973, "2016-06-30": 0.1068, "2016-03-31": "0.14640", "2015-12-31": 0.2213, "2015-09-30": 0.3568, "2015-06-30": 0.0522, "2015-03-31": "-0.00470", "2014-12-31": 0.4999, "2014-09-30": 0.1541, "2014-06-30": 0.0654, "2014-03-31": "0.08280", "2013-12-31": 0.1837, "2013-09-30": 0.1016, "2013-06-30": 0.0998, "2013-03-31": "0.09560", "2012-12-31": 0.1378, "2012-09-30": 0.1851, "2012-06-30": 0.1404, "2012-03-31": "0.05950", "2011-12-31": 0.1283, "2011-09-30": 0.0709, "2011-06-30": 0.1459, "2011-03-31": "0.11360", "2010-12-31": 0.1652, "2010-09-30": 0.1524, "2010-06-30": 0.0653, "2010-03-31": "0.05440", "2009-12-31": 0.0688, "2009-09-30": 0.0132, "2009-06-30": -0.0313, "2009-03-31": "-0.00770", "2008-12-31": 0.1104, "2008-09-30": 0.0643, "2008-06-30": 0.0742, "2008-03-31": "0.06950", "2007-12-31": 0.0609, "2007-09-30": 0.1007, "2007-06-30": 0.0593, "2007-03-31": "0.02780", "2006-12-31": 0.0281, "2006-09-30": 0.0847, "2006-06-30": 0.0556, "2006-03-31": "0.06880", "2005-12-31": 0.0599, "2005-09-30": 0.0733, "2005-06-30": 0.0325, "2005-03-31": "0.03740"}}, "revenue": {"Cognex Annual Revenue (Millions of US $)": {"2019": "$726", "2018": "$806", "2017": "$766", "2016": "$530", "2015": "$451", "2014": "$426", "2013": "$308", "2012": "$324", "2011": "$322", "2010": "$291", "2009": "$176", "2008": "$243", "2007": "$226", "2006": "$238", "2005": "$217"}, "Cognex Quarterly Revenue (Millions of US $)": {"2020-09-30": "$251", "2020-06-30": "$169", "2020-03-31": "$167", "2019-12-31": "$170", "2019-09-30": "$183", "2019-06-30": "$199", "2019-03-31": "$173", "2018-12-31": "$193", "2018-09-30": "$232", "2018-06-30": "$211", "2018-03-31": "$170", "2017-12-31": "$183", "2017-09-30": "$266", "2017-06-30": "$178", "2017-03-31": "$139", "2016-12-31": "$138", "2016-09-30": "$148", "2016-06-30": "$147", "2016-03-31": "$96", "2015-12-31": "$98", "2015-09-30": "$108", "2015-06-30": "$144", "2015-03-31": "$101", "2014-12-31": "$89", "2014-09-30": "$154", "2014-06-30": "$92", "2014-03-31": "$91", "2013-12-31": "$96", "2013-09-30": "$91", "2013-06-30": "$87", "2013-03-31": "$81", "2012-12-31": "$82", "2012-09-30": "$80", "2012-06-30": "$84", "2012-03-31": "$78", "2011-12-31": "$84", "2011-09-30": "$80", "2011-06-30": "$83", "2011-03-31": "$74", "2010-12-31": "$85", "2010-09-30": "$75", "2010-06-30": "$72", "2010-03-31": "$59", "2009-12-31": "$51", "2009-09-30": "$41", "2009-06-30": "$41", "2009-03-31": "$42", "2008-12-31": "$52", "2008-09-30": "$63", "2008-06-30": "$67", "2008-03-31": "$61", "2007-12-31": "$65", "2007-09-30": "$55", "2007-06-30": "$55", "2007-03-31": "$51", "2006-12-31": "$58", "2006-09-30": "$58", "2006-06-30": "$63", "2006-03-31": "$59", "2005-12-31": "$61", "2005-09-30": "$58", "2005-06-30": "$55", "2005-03-31": "$43"}}, "gross-profit": {"Cognex Annual Gross Profit (Millions of US $)": {"2019": "$536", "2018": "$600", "2017": "$579", "2016": "$398", "2015": "$348", "2014": "$332", "2013": "$245", "2012": "$245", "2011": "$244", "2010": "$213", "2009": "$119", "2008": "$174", "2007": "$161", "2006": "$173", "2005": "$154"}, "Cognex Quarterly Gross Profit (Millions of US $)": {"2020-09-30": "$191", "2020-06-30": "$119", "2020-03-31": "$126", "2019-12-31": "$125", "2019-09-30": "$136", "2019-06-30": "$148", "2019-03-31": "$127", "2018-12-31": "$140", "2018-09-30": "$173", "2018-06-30": "$157", "2018-03-31": "$129", "2017-12-31": "$138", "2017-09-30": "$198", "2017-06-30": "$136", "2017-03-31": "$107", "2016-12-31": "$96", "2016-09-30": "$115", "2016-06-30": "$112", "2016-03-31": "$75", "2015-12-31": "$74", "2015-09-30": "$81", "2015-06-30": "$113", "2015-03-31": "$79", "2014-12-31": "$72", "2014-09-30": "$117", "2014-06-30": "$74", "2014-03-31": "$70", "2013-12-31": "$74", "2013-09-30": "$69", "2013-06-30": "$65", "2013-03-31": "$61", "2012-12-31": "$62", "2012-09-30": "$61", "2012-06-30": "$64", "2012-03-31": "$59", "2011-12-31": "$63", "2011-09-30": "$61", "2011-06-30": "$64", "2011-03-31": "$56", "2010-12-31": "$61", "2010-09-30": "$56", "2010-06-30": "$53", "2010-03-31": "$43", "2009-12-31": "$35", "2009-09-30": "$29", "2009-06-30": "$26", "2009-03-31": "$29", "2008-12-31": "$37", "2008-09-30": "$46", "2008-06-30": "$48", "2008-03-31": "$43", "2007-12-31": "$48", "2007-09-30": "$40", "2007-06-30": "$37", "2007-03-31": "$37", "2006-12-31": "$42", "2006-09-30": "$43", "2006-06-30": "$46", "2006-03-31": "$42", "2005-12-31": "$44", "2005-09-30": "$43", "2005-06-30": "$39", "2005-03-31": "$29"}}, "operating-income": {"Cognex Annual Operating Income (Millions of US $)": {"2019": "$143", "2018": "$221", "2017": "$259", "2016": "$154", "2015": "$122", "2014": "$128", "2013": "$77", "2012": "$83", "2011": "$85", "2010": "$76", "2009": "$-13", "2008": "$25", "2007": "$28", "2006": "$44", "2005": "$44"}, "Cognex Quarterly Operating Income (Millions of US $)": {"2020-09-30": "$97", "2020-06-30": "$-6", "2020-03-31": "$21", "2019-12-31": "$18", "2019-09-30": "$43", "2019-06-30": "$52", "2019-03-31": "$30", "2018-12-31": "$45", "2018-09-30": "$78", "2018-06-30": "$63", "2018-03-31": "$35", "2017-12-31": "$51", "2017-09-30": "$111", "2017-06-30": "$60", "2017-03-31": "$37", "2016-12-31": "$34", "2016-09-30": "$55", "2016-06-30": "$50", "2016-03-31": "$16", "2015-12-31": "$19", "2015-09-30": "$28", "2015-06-30": "$52", "2015-03-31": "$22", "2014-12-31": "$24", "2014-09-30": "$55", "2014-06-30": "$26", "2014-03-31": "$22", "2013-12-31": "$25", "2013-09-30": "$23", "2013-06-30": "$20", "2013-03-31": "$18", "2012-12-31": "$21", "2012-09-30": "$22", "2012-06-30": "$23", "2012-03-31": "$18", "2011-12-31": "$22", "2011-09-30": "$22", "2011-06-30": "$24", "2011-03-31": "$17", "2010-12-31": "$23", "2010-09-30": "$22", "2010-06-30": "$19", "2010-03-31": "$11", "2009-12-31": "$1", "2009-09-30": "$1", "2009-06-30": "$-8", "2009-03-31": "$-6", "2008-12-31": "$-2", "2008-09-30": "$8", "2008-06-30": "$11", "2008-03-31": "$8", "2007-12-31": "$12", "2007-09-30": "$7", "2007-06-30": "$4", "2007-03-31": "$5", "2006-12-31": "$10", "2006-09-30": "$11", "2006-06-30": "$13", "2006-03-31": "$11", "2005-12-31": "$15", "2005-09-30": "$14", "2005-06-30": "$10", "2005-03-31": "$6"}}, "ebitda": {"Cognex Annual EBITDA (Millions of US $)": {"2019": "$167", "2018": "$243", "2017": "$276", "2016": "$170", "2015": "$136", "2014": "$142", "2013": "$91", "2012": "$100", "2011": "$101", "2010": "$89", "2009": "$-2", "2008": "$38", "2007": "$39", "2006": "$56", "2005": "$55"}, "Cognex Quarterly EBITDA (Millions of US $)": {"2020-09-30": "$103", "2020-06-30": "$1", "2020-03-31": "$28", "2019-12-31": "$25", "2019-09-30": "$49", "2019-06-30": "$59", "2019-03-31": "$35", "2018-12-31": "$51", "2018-09-30": "$83", "2018-06-30": "$69", "2018-03-31": "$40", "2017-12-31": "$55", "2017-09-30": "$115", "2017-06-30": "$64", "2017-03-31": "$41", "2016-12-31": "$38", "2016-09-30": "$58", "2016-06-30": "$53", "2016-03-31": "$20", "2015-12-31": "$23", "2015-09-30": "$32", "2015-06-30": "$56", "2015-03-31": "$26", "2014-12-31": "$28", "2014-09-30": "$59", "2014-06-30": "$29", "2014-03-31": "$26", "2013-12-31": "$28", "2013-09-30": "$27", "2013-06-30": "$24", "2013-03-31": "$22", "2012-12-31": "$24", "2012-09-30": "$26", "2012-06-30": "$28", "2012-03-31": "$22", "2011-12-31": "$26", "2011-09-30": "$27", "2011-06-30": "$28", "2011-03-31": "$21", "2010-12-31": "$27", "2010-09-30": "$26", "2010-06-30": "$22", "2010-03-31": "$14", "2009-12-31": "$4", "2009-09-30": "$4", "2009-06-30": "$-5", "2009-03-31": "$-4", "2008-12-31": "$2", "2008-09-30": "$11", "2008-06-30": "$14", "2008-03-31": "$11", "2007-12-31": "$15", "2007-09-30": "$10", "2007-06-30": "$7", "2007-03-31": "$7", "2006-12-31": "$13", "2006-09-30": "$14", "2006-06-30": "$16", "2006-03-31": "$13", "2005-12-31": "$17", "2005-09-30": "$17", "2005-06-30": "$13", "2005-03-31": "$8"}}, "net-income": {"Cognex Annual Net Income (Millions of US $)": {"2019": "$204", "2018": "$219", "2017": "$177", "2016": "$144", "2015": "$187", "2014": "$121", "2013": "$74", "2012": "$68", "2011": "$70", "2010": "$61", "2009": "$-5", "2008": "$27", "2007": "$27", "2006": "$40", "2005": "$36"}, "Cognex Quarterly Net Income (Millions of US $)": {"2020-09-30": "$88", "2020-06-30": "$-1", "2020-03-31": "$20", "2019-12-31": "$80", "2019-09-30": "$42", "2019-06-30": "$49", "2019-03-31": "$33", "2018-12-31": "$45", "2018-09-30": "$80", "2018-06-30": "$56", "2018-03-31": "$37", "2017-12-31": "$-28", "2017-09-30": "$102", "2017-06-30": "$56", "2017-03-31": "$45", "2016-12-31": "$32", "2016-09-30": "$54", "2016-06-30": "$43", "2016-03-31": "$15", "2015-12-31": "$19", "2015-09-30": "$104", "2015-06-30": "$44", "2015-03-31": "$21", "2014-12-31": "$27", "2014-09-30": "$50", "2014-06-30": "$26", "2014-03-31": "$19", "2013-12-31": "$20", "2013-09-30": "$21", "2013-06-30": "$17", "2013-03-31": "$16", "2012-12-31": "$16", "2012-09-30": "$18", "2012-06-30": "$20", "2012-03-31": "$14", "2011-12-31": "$19", "2011-09-30": "$18", "2011-06-30": "$19", "2011-03-31": "$14", "2010-12-31": "$20", "2010-09-30": "$18", "2010-06-30": "$15", "2010-03-31": "$9", "2009-12-31": "$0", "2009-09-30": "$5", "2009-06-30": "$-6", "2009-03-31": "$-3", "2008-12-31": "$2", "2008-09-30": "$11", "2008-06-30": "$6", "2008-03-31": "$8", "2007-12-31": "$11", "2007-09-30": "$7", "2007-06-30": "$4", "2007-03-31": "$5", "2006-12-31": "$10", "2006-09-30": "$10", "2006-06-30": "$11", "2006-03-31": "$9", "2005-12-31": "$12", "2005-09-30": "$11", "2005-06-30": "$8", "2005-03-31": "$5"}}, "eps-earnings-per-share-diluted": {"Cognex Annual EPS": {"2019": "$1.16", "2018": "$1.24", "2017": "$0.98", "2016": "$0.83", "2015": "$1.06", "2014": "$0.68", "2013": "$0.42", "2012": "$0.39", "2011": "$0.41", "2010": "$0.38", "2009": "$-0.03", "2008": "$0.17", "2007": "$0.15", "2006": "$0.21", "2005": "$0.19"}, "Cognex Quarterly EPS": {"2020-09-30": "$0.49", "2020-06-30": "$-0.01", "2020-03-31": "$0.12", "2019-12-31": "$0.45", "2019-09-30": "$0.24", "2019-06-30": "$0.28", "2019-03-31": "$0.19", "2018-12-31": "$0.26", "2018-09-30": "$0.45", "2018-06-30": "$0.32", "2018-03-31": "$0.21", "2017-12-31": "$-0.16", "2017-09-30": "$0.57", "2017-06-30": "$0.32", "2017-03-31": "$0.25", "2016-12-31": "$0.20", "2016-09-30": "$0.31", "2016-06-30": "$0.25", "2016-03-31": "$0.09", "2015-12-31": "$0.11", "2015-09-30": "$0.60", "2015-06-30": "$0.25", "2015-03-31": "$0.12", "2014-12-31": "$0.15", "2014-09-30": "$0.29", "2014-06-30": "$0.15", "2014-03-31": "$0.11", "2013-12-31": "$0.12", "2013-09-30": "$0.12", "2013-06-30": "$0.10", "2013-03-31": "$0.09", "2012-12-31": "$0.10", "2012-09-30": "$0.10", "2012-06-30": "$0.11", "2012-03-31": "$0.08", "2011-12-31": "$0.11", "2011-09-30": "$0.11", "2011-06-30": "$0.11", "2011-03-31": "$0.08", "2010-12-31": "$0.12", "2010-09-30": "$0.11", "2010-06-30": "$0.10", "2010-03-31": "$0.06", "2009-12-31": "$0.01", "2009-09-30": "$0.03", "2009-06-30": "$-0.04", "2009-03-31": "$-0.02", "2008-12-31": "$0.02", "2008-09-30": "$0.07", "2008-06-30": "$0.03", "2008-03-31": "$0.05", "2007-12-31": "$0.06", "2007-09-30": "$0.04", "2007-06-30": "$0.02", "2007-03-31": "$0.03", "2006-12-31": "$0.05", "2006-09-30": "$0.06", "2006-06-30": "$0.06", "2006-03-31": "$0.05", "2005-12-31": "$0.06", "2005-09-30": "$0.06", "2005-06-30": "$0.04", "2005-03-31": "$0.03"}}, "shares-outstanding": {"Cognex Annual Shares Outstanding (Millions of Shares)": {"2019": "175", "2018": "177", "2017": "180", "2016": "174", "2015": "176", "2014": "178", "2013": "178", "2012": "175", "2011": "171", "2010": "161", "2009": "159", "2008": "166", "2007": "176", "2006": "187", "2005": "192"}, "Cognex Quarterly Shares Outstanding (Millions of Shares)": {"2020-09-30": "177", "2020-06-30": "172", "2020-03-31": "176", "2019-12-31": "175", "2019-09-30": "174", "2019-06-30": "175", "2019-03-31": "176", "2018-12-31": "177", "2018-09-30": "177", "2018-06-30": "177", "2018-03-31": "180", "2017-12-31": "180", "2017-09-30": "179", "2017-06-30": "179", "2017-03-31": "178", "2016-12-31": "174", "2016-09-30": "175", "2016-06-30": "174", "2016-03-31": "173", "2015-12-31": "176", "2015-09-30": "176", "2015-06-30": "178", "2015-03-31": "177", "2014-12-31": "178", "2014-09-30": "178", "2014-06-30": "178", "2014-03-31": "179", "2013-12-31": "179", "2013-09-30": "179", "2013-06-30": "177", "2013-03-31": "177", "2012-12-31": "175", "2012-09-30": "175", "2012-06-30": "174", "2012-03-31": "174", "2011-12-31": "171", "2011-09-30": "172", "2011-06-30": "171", "2011-03-31": "169", "2010-12-31": "161", "2010-09-30": "160", "2010-06-30": "159", "2010-03-31": "159", "2009-12-31": "159", "2009-09-30": "159", "2009-06-30": "159", "2009-03-31": "159", "2008-12-31": "166", "2008-09-30": "166", "2008-06-30": "170", "2008-03-31": "172", "2007-12-31": "176", "2007-09-30": "174", "2007-06-30": "177", "2007-03-31": "180", "2006-12-31": "187", "2006-09-30": "183", "2006-06-30": "190", "2006-03-31": "194", "2005-12-31": "192", "2005-09-30": "194", "2005-06-30": "189", "2005-03-31": "189"}}, "total-assets": {"Cognex Annual Total Assets (Millions of US $)": {"2019": "$1,886", "2018": "$1,290", "2017": "$1,288", "2016": "$1,039", "2015": "$888", "2014": "$822", "2013": "$710", "2012": "$628", "2011": "$612", "2010": "$533", "2009": "$440", "2008": "$474", "2007": "$540", "2006": "$529", "2005": "$565"}, "Cognex Quarterly Total Assets (Millions of US $)": {"2020-09-30": "$2,061", "2020-06-30": "$1,935", "2020-03-31": "$1,885", "2019-12-31": "$1,886", "2019-09-30": "$1,390", "2019-06-30": "$1,350", "2019-03-31": "$1,354", "2018-12-31": "$1,290", "2018-09-30": "$1,325", "2018-06-30": "$1,276", "2018-03-31": "$1,269", "2017-12-31": "$1,288", "2017-09-30": "$1,259", "2017-06-30": "$1,161", "2017-03-31": "$1,096", "2016-12-31": "$1,039", "2016-09-30": "$1,020", "2016-06-30": "$964", "2016-03-31": "$914", "2015-12-31": "$888", "2015-09-30": "$887", "2015-06-30": "$878", "2015-03-31": "$838", "2014-12-31": "$822", "2014-09-30": "$816", "2014-06-30": "$760", "2014-03-31": "$718", "2013-12-31": "$710", "2013-09-30": "$693", "2013-06-30": "$670", "2013-03-31": "$653", "2012-12-31": "$628", "2012-09-30": "$662", "2012-06-30": "$647", "2012-03-31": "$638", "2011-12-31": "$612", "2011-09-30": "$599", "2011-06-30": "$603", "2011-03-31": "$565", "2010-12-31": "$533", "2010-09-30": "$500", "2010-06-30": "$454", "2010-03-31": "$443", "2009-12-31": "$440", "2009-09-30": "$447", "2009-06-30": "$444", "2009-03-31": "$446", "2008-12-31": "$474", "2008-09-30": "$502", "2008-06-30": "$534", "2008-03-31": "$532", "2007-12-31": "$540", "2007-09-30": "$539", "2007-06-30": "$512", "2007-03-31": "$534", "2006-12-31": "$529", "2006-09-30": "$529", "2006-06-30": "$538", "2006-03-31": "$555", "2005-12-31": "$565", "2005-09-30": "$560", "2005-06-30": "$532", "2005-03-31": "$525"}}, "cash-on-hand": {"Cognex Annual Cash on Hand (Millions of US $)": {"2019": "$412", "2018": "$536", "2017": "$405", "2016": "$421", "2015": "$348", "2014": "$146", "2013": "$225", "2012": "$150", "2011": "$183", "2010": "$181", "2009": "$175", "2008": "$180", "2007": "$217", "2006": "$216", "2005": "$242"}, "Cognex Quarterly Cash on Hand (Millions of US $)": {"2020-09-30": "$394", "2020-06-30": "$429", "2020-03-31": "$398", "2019-12-31": "$412", "2019-09-30": "$414", "2019-06-30": "$454", "2019-03-31": "$547", "2018-12-31": "$536", "2018-09-30": "$527", "2018-06-30": "$483", "2018-03-31": "$447", "2017-12-31": "$405", "2017-09-30": "$385", "2017-06-30": "$411", "2017-03-31": "$468", "2016-12-31": "$421", "2016-09-30": "$390", "2016-06-30": "$350", "2016-03-31": "$400", "2015-12-31": "$348", "2015-09-30": "$352", "2015-06-30": "$285", "2015-03-31": "$178", "2014-12-31": "$146", "2014-09-30": "$88", "2014-06-30": "$124", "2014-03-31": "$84", "2013-12-31": "$225", "2013-09-30": "$217", "2013-06-30": "$183", "2013-03-31": "$168", "2012-12-31": "$150", "2012-09-30": "$156", "2012-06-30": "$266", "2012-03-31": "$201", "2011-12-31": "$183", "2011-09-30": "$173", "2011-06-30": "$245", "2011-03-31": "$207", "2010-12-31": "$181", "2010-09-30": "$152", "2010-06-30": "$135", "2010-03-31": "$170", "2009-12-31": "$175", "2009-09-30": "$183", "2009-06-30": "$180", "2009-03-31": "$176", "2008-12-31": "$180", "2008-09-30": "$189", "2008-06-30": "$208", "2008-03-31": "$213", "2007-12-31": "$217", "2007-09-30": "$195", "2007-06-30": "$161", "2007-03-31": "$207", "2006-12-31": "$216", "2006-09-30": "$210", "2006-06-30": "$214", "2006-03-31": "$251", "2005-12-31": "$242", "2005-09-30": "$233", "2005-06-30": "$198", "2005-03-31": "$272"}}, "long-term-debt": {"Cognex Annual Long Term Debt (Millions of US $)": {"2019": "$", "2018": "$", "2017": "$", "2016": "$", "2015": "$", "2014": "$", "2013": "$", "2012": "$", "2011": "$", "2010": "$", "2009": "$", "2008": "$", "2007": "$", "2006": "$", "2005": "$"}, "Cognex Quarterly Long Term Debt (Millions of US $)": {"2020-09-30": "", "2020-06-30": "", "2020-03-31": "", "2019-12-31": "", "2019-09-30": "", "2019-06-30": "", "2019-03-31": "", "2018-12-31": "", "2018-09-30": "", "2018-06-30": "", "2018-03-31": "", "2017-12-31": "", "2017-09-30": "", "2017-06-30": "", "2017-03-31": "", "2016-12-31": "", "2016-09-30": "", "2016-06-30": "", "2016-03-31": "", "2015-12-31": "", "2015-09-30": "", "2015-06-30": "", "2015-03-31": "", "2014-12-31": "", "2014-09-30": "", "2014-06-30": "", "2014-03-31": "", "2013-12-31": "", "2013-09-30": "", "2013-06-30": "", "2013-03-31": "", "2012-12-31": "", "2012-09-30": "", "2012-06-30": "", "2012-03-31": "", "2011-12-31": "", "2011-09-30": "", "2011-06-30": "", "2011-03-31": "", "2010-12-31": "", "2010-09-30": "", "2010-06-30": "", "2010-03-31": "", "2009-12-31": "", "2009-09-30": "", "2009-06-30": "", "2009-03-31": "", "2008-12-31": "", "2008-09-30": "", "2008-06-30": "", "2008-03-31": "", "2007-12-31": "", "2007-09-30": "", "2007-06-30": "", "2007-03-31": "", "2006-12-31": "", "2006-09-30": "", "2006-06-30": "", "2006-03-31": "", "2005-12-31": "", "2005-09-30": "", "2005-06-30": "", "2005-03-31": ""}}, "total-liabilities": {"Cognex Annual Total Liabilities (Millions of US $)": {"2019": "$530", "2018": "$154", "2017": "$192", "2016": "$76", "2015": "$62", "2014": "$85", "2013": "$66", "2012": "$55", "2011": "$59", "2010": "$60", "2009": "$45", "2008": "$61", "2007": "$63", "2006": "$55", "2005": "$58"}, "Cognex Quarterly Total Liabilities (Millions of US $)": {"2020-09-30": "$555", "2020-06-30": "$558", "2020-03-31": "$558", "2019-12-31": "$530", "2019-09-30": "$151", "2019-06-30": "$158", "2019-03-31": "$165", "2018-12-31": "$154", "2018-09-30": "$175", "2018-06-30": "$197", "2018-03-31": "$192", "2017-12-31": "$192", "2017-09-30": "$125", "2017-06-30": "$109", "2017-03-31": "$85", "2016-12-31": "$76", "2016-09-30": "$76", "2016-06-30": "$78", "2016-03-31": "$63", "2015-12-31": "$62", "2015-09-30": "$75", "2015-06-30": "$85", "2015-03-31": "$71", "2014-12-31": "$85", "2014-09-30": "$82", "2014-06-30": "$78", "2014-03-31": "$56", "2013-12-31": "$66", "2013-09-30": "$55", "2013-06-30": "$55", "2013-03-31": "$53", "2012-12-31": "$55", "2012-09-30": "$57", "2012-06-30": "$55", "2012-03-31": "$49", "2011-12-31": "$59", "2011-09-30": "$57", "2011-06-30": "$62", "2011-03-31": "$59", "2010-12-31": "$60", "2010-09-30": "$64", "2010-06-30": "$60", "2010-03-31": "$49", "2009-12-31": "$45", "2009-09-30": "$39", "2009-06-30": "$46", "2009-03-31": "$49", "2008-12-31": "$61", "2008-09-30": "$61", "2008-06-30": "$68", "2008-03-31": "$67", "2007-12-31": "$63", "2007-09-30": "$77", "2007-06-30": "$63", "2007-03-31": "$61", "2006-12-31": "$55", "2006-09-30": "$63", "2006-06-30": "$64", "2006-03-31": "$59", "2005-12-31": "$58", "2005-09-30": "$59", "2005-06-30": "$59", "2005-03-31": "$58"}}, "total-share-holder-equity": {"Cognex Annual Share Holder Equity (Millions of US $)": {"2019": "$1,356", "2018": "$1,135", "2017": "$1,096", "2016": "$963", "2015": "$826", "2014": "$736", "2013": "$644", "2012": "$572", "2011": "$553", "2010": "$473", "2009": "$394", "2008": "$413", "2007": "$476", "2006": "$474", "2005": "$507"}, "Cognex Quarterly Share Holder Equity (Millions of US $)": {"2020-09-30": "$1,506", "2020-06-30": "$1,376", "2020-03-31": "$1,327", "2019-12-31": "$1,356", "2019-09-30": "$1,239", "2019-06-30": "$1,192", "2019-03-31": "$1,189", "2018-12-31": "$1,135", "2018-09-30": "$1,149", "2018-06-30": "$1,079", "2018-03-31": "$1,077", "2017-12-31": "$1,096", "2017-09-30": "$1,134", "2017-06-30": "$1,052", "2017-03-31": "$1,011", "2016-12-31": "$963", "2016-09-30": "$944", "2016-06-30": "$887", "2016-03-31": "$851", "2015-12-31": "$826", "2015-09-30": "$813", "2015-06-30": "$793", "2015-03-31": "$767", "2014-12-31": "$736", "2014-09-30": "$734", "2014-06-30": "$683", "2014-03-31": "$661", "2013-12-31": "$644", "2013-09-30": "$638", "2013-06-30": "$615", "2013-03-31": "$599", "2012-12-31": "$572", "2012-09-30": "$605", "2012-06-30": "$592", "2012-03-31": "$589", "2011-12-31": "$553", "2011-09-30": "$541", "2011-06-30": "$540", "2011-03-31": "$505", "2010-12-31": "$473", "2010-09-30": "$435", "2010-06-30": "$395", "2010-03-31": "$394", "2009-12-31": "$394", "2009-09-30": "$408", "2009-06-30": "$398", "2009-03-31": "$396", "2008-12-31": "$413", "2008-09-30": "$440", "2008-06-30": "$466", "2008-03-31": "$466", "2007-12-31": "$476", "2007-09-30": "$462", "2007-06-30": "$449", "2007-03-31": "$473", "2006-12-31": "$474", "2006-09-30": "$466", "2006-06-30": "$474", "2006-03-31": "$496", "2005-12-31": "$507", "2005-09-30": "$501", "2005-06-30": "$473", "2005-03-31": "$466"}}, "profit-margins": {"current": "24.72%"}, "gross margin": {"2020-09-30": "74.11%", "2020-06-30": "73.44%", "2020-03-31": "74.41%", "2019-12-31": "73.93%", "2019-09-30": "73.66%", "2019-06-30": "73.78%", "2019-03-31": "73.79%", "2018-12-31": "74.32%", "2018-09-30": "75.00%", "2018-06-30": "74.94%", "2018-03-31": "75.41%", "2017-12-31": "75.59%", "2017-09-30": "74.48%", "2017-06-30": "75.29%", "2017-03-31": "75.17%", "2016-12-31": "75.24%", "2016-09-30": "76.89%", "2016-06-30": "76.17%", "2016-03-31": "76.91%", "2015-12-31": "76.94%", "2015-09-30": "78.05%", "2015-06-30": "78.07%", "2015-03-31": "78.44%", "2014-12-31": "78.17%", "2014-09-30": "77.37%", "2014-06-30": "77.57%", "2014-03-31": "76.16%", "2013-12-31": "75.77%", "2013-09-30": "75.37%", "2013-06-30": "75.45%", "2013-03-31": "75.84%", "2012-12-31": "75.93%", "2012-09-30": "75.77%", "2012-06-30": "75.77%", "2012-03-31": "76.00%", "2011-12-31": "76.01%", "2011-09-30": "75.16%", "2011-06-30": "74.76%", "2011-03-31": "73.86%", "2010-12-31": "73.20%", "2010-09-30": "72.76%", "2010-06-30": "71.75%", "2010-03-31": "69.27%", "2009-12-31": "68.00%", "2009-09-30": "68.75%", "2009-06-30": "69.70%", "2009-03-31": "71.43%", "2008-12-31": "71.60%", "2008-09-30": "72.27%", "2008-06-30": "72.18%", "2008-03-31": "71.19%", "2007-12-31": "71.68%", "2007-09-30": "71.23%", "2007-06-30": "71.62%", "2007-03-31": "73.04%", "2006-12-31": "72.69%", "2006-09-30": "72.61%", "2006-06-30": "72.61%", "2006-03-31": "72.10%", "2005-12-31": "71.43%"}, "operating margin": {"2020-09-30": "17.17%", "2020-06-30": "11.03%", "2020-03-31": "18.64%", "2019-12-31": "19.72%", "2019-09-30": "22.73%", "2019-06-30": "25.72%", "2019-03-31": "26.70%", "2018-12-31": "27.42%", "2018-09-30": "28.52%", "2018-06-30": "31.33%", "2018-03-31": "32.25%", "2017-12-31": "33.81%", "2017-09-30": "33.56%", "2017-06-30": "30.85%", "2017-03-31": "30.77%", "2016-12-31": "29.30%", "2016-09-30": "28.63%", "2016-06-30": "25.17%", "2016-03-31": "25.78%", "2015-12-31": "26.83%", "2015-09-30": "28.51%", "2015-06-30": "31.35%", "2015-03-31": "29.13%", "2014-12-31": "29.81%", "2014-09-30": "29.56%", "2014-06-30": "25.95%", "2014-03-31": "24.66%", "2013-12-31": "24.23%", "2013-09-30": "24.05%", "2013-06-30": "24.55%", "2013-03-31": "25.69%", "2012-12-31": "25.93%", "2012-09-30": "26.07%", "2012-06-30": "26.07%", "2012-03-31": "26.46%", "2011-12-31": "26.48%", "2011-09-30": "26.71%", "2011-06-30": "27.13%", "2011-03-31": "26.47%", "2010-12-31": "25.77%", "2010-09-30": "20.62%", "2010-06-30": "14.35%", "2010-03-31": "2.60%", "2009-12-31": "-6.86%", "2009-09-30": "-8.52%", "2009-06-30": "-4.04%", "2009-03-31": "4.91%", "2008-12-31": "10.29%", "2008-09-30": "15.23%", "2008-06-30": "15.32%", "2008-03-31": "13.14%", "2007-12-31": "12.39%", "2007-09-30": "11.87%", "2007-06-30": "13.51%", "2007-03-31": "16.96%", "2006-12-31": "18.91%", "2006-09-30": "20.75%", "2006-06-30": "21.99%", "2006-03-31": "21.46%", "2005-12-31": "20.74%"}, "ebitda margin": {"2020-09-30": "20.74%", "2020-06-30": "14.95%", "2020-03-31": "22.39%", "2019-12-31": "23.17%", "2019-09-30": "25.94%", "2019-06-30": "28.61%", "2019-03-31": "29.42%", "2018-12-31": "30.15%", "2018-09-30": "31.03%", "2018-06-30": "33.61%", "2018-03-31": "34.38%", "2017-12-31": "35.90%", "2017-09-30": "35.78%", "2017-06-30": "33.33%", "2017-03-31": "33.22%", "2016-12-31": "31.95%", "2016-09-30": "31.49%", "2016-06-30": "28.51%", "2016-03-31": "29.37%", "2015-12-31": "30.38%", "2015-09-30": "32.13%", "2015-06-30": "34.63%", "2015-03-31": "32.57%", "2014-12-31": "33.33%", "2014-09-30": "32.79%", "2014-06-30": "29.73%", "2014-03-31": "28.77%", "2013-12-31": "28.45%", "2013-09-30": "28.45%", "2013-06-30": "29.09%", "2013-03-31": "30.58%", "2012-12-31": "30.86%", "2012-09-30": "31.29%", "2012-06-30": "31.60%", "2012-03-31": "31.69%", "2011-12-31": "31.78%", "2011-09-30": "31.99%", "2011-06-30": "32.18%", "2011-03-31": "31.37%", "2010-12-31": "30.58%", "2010-09-30": "25.68%", "2010-06-30": "19.73%", "2010-03-31": "8.85%", "2009-12-31": "-0.57%", "2009-09-30": "-1.70%", "2009-06-30": "2.02%", "2009-03-31": "10.27%", "2008-12-31": "15.64%", "2008-09-30": "19.92%", "2008-06-30": "20.16%", "2008-03-31": "18.22%", "2007-12-31": "17.26%", "2007-09-30": "16.89%", "2007-06-30": "18.47%", "2007-03-31": "21.74%", "2006-12-31": "23.53%", "2006-09-30": "24.90%", "2006-06-30": "26.14%", "2006-03-31": "25.75%", "2005-12-31": "25.35%"}, "pre tax profit margin": {"2020-09-30": "19.15%", "2020-06-30": "13.21%", "2020-03-31": "20.86%", "2019-12-31": "22.48%", "2019-09-30": "25.27%", "2019-06-30": "27.98%", "2019-03-31": "28.80%", "2018-12-31": "29.16%", "2018-09-30": "30.03%", "2018-06-30": "32.65%", "2018-03-31": "33.38%", "2017-12-31": "34.86%", "2017-09-30": "34.67%", "2017-06-30": "32.01%", "2017-03-31": "31.99%", "2016-12-31": "30.62%", "2016-09-30": "30.27%", "2016-06-30": "26.95%", "2016-03-31": "27.35%", "2015-12-31": "28.16%", "2015-09-30": "29.41%", "2015-06-30": "32.38%", "2015-03-31": "30.28%", "2014-12-31": "30.99%", "2014-09-30": "30.48%", "2014-06-30": "26.76%", "2014-03-31": "25.48%", "2013-12-31": "25.07%", "2013-09-30": "24.93%", "2013-06-30": "25.15%", "2013-03-31": "26.61%", "2012-12-31": "26.54%", "2012-09-30": "26.69%", "2012-06-30": "26.99%", "2012-03-31": "27.08%", "2011-12-31": "27.41%", "2011-09-30": "27.64%", "2011-06-30": "28.08%", "2011-03-31": "27.12%", "2010-12-31": "26.12%", "2010-09-30": "20.62%", "2010-06-30": "13.90%", "2010-03-31": "2.08%", "2009-12-31": "-6.29%", "2009-09-30": "-5.11%", "2009-06-30": "0.00%", "2009-03-31": "8.93%", "2008-12-31": "14.40%", "2008-09-30": "18.36%", "2008-06-30": "18.95%", "2008-03-31": "17.37%", "2007-12-31": "15.93%", "2007-09-30": "15.53%", "2007-06-30": "16.22%", "2007-03-31": "19.13%", "2006-12-31": "21.01%", "2006-09-30": "22.41%", "2006-06-30": "23.65%", "2006-03-31": "23.18%", "2005-12-31": "22.58%"}, "net profit margin": {"2020-09-30": "24.70%", "2020-06-30": "20.46%", "2020-03-31": "26.56%", "2019-12-31": "28.14%", "2019-09-30": "22.59%", "2019-06-30": "25.97%", "2019-03-31": "26.45%", "2018-12-31": "27.05%", "2018-09-30": "18.22%", "2018-06-30": "20.12%", "2018-03-31": "20.95%", "2017-12-31": "22.85%", "2017-09-30": "32.59%", "2017-06-30": "31.01%", "2017-03-31": "30.42%", "2016-12-31": "27.22%", "2016-09-30": "26.79%", "2016-06-30": "40.31%", "2016-03-31": "40.81%", "2015-12-31": "41.69%", "2015-09-30": "44.34%", "2015-06-30": "29.10%", "2015-03-31": "28.44%", "2014-12-31": "28.64%", "2014-09-30": "26.56%", "2014-06-30": "23.24%", "2014-03-31": "21.10%", "2013-12-31": "20.85%", "2013-09-30": "20.53%", "2013-06-30": "20.30%", "2013-03-31": "21.41%", "2012-12-31": "20.99%", "2012-09-30": "21.78%", "2012-06-30": "21.78%", "2012-03-31": "21.54%", "2011-12-31": "21.81%", "2011-09-30": "22.05%", "2011-06-30": "22.40%", "2011-03-31": "21.90%", "2010-12-31": "21.31%", "2010-09-30": "16.34%", "2010-06-30": "13.00%", "2010-03-31": "4.17%", "2009-12-31": "-2.29%", "2009-09-30": "-1.14%", "2009-06-30": "2.02%", "2009-03-31": "7.14%", "2008-12-31": "11.11%", "2008-09-30": "14.06%", "2008-06-30": "12.90%", "2008-03-31": "12.71%", "2007-12-31": "11.95%", "2007-09-30": "11.87%", "2007-06-30": "13.06%", "2007-03-31": "15.65%", "2006-12-31": "16.81%", "2006-09-30": "17.43%", "2006-06-30": "17.84%", "2006-03-31": "17.17%", "2005-12-31": "16.59%"}, "pe ratio": {"current": "82.09", "2021-02-05": "82.09", "2020-09-30": "59.80", "2020-06-30": "71.73", "2020-03-31": "37.31", "2019-12-31": "46.50", "2019-09-30": "49.12", "2019-06-30": "39.39", "2019-03-31": "40.34", "2018-12-31": "30.15", "2018-09-30": "65.73", "2018-06-30": "45.78", "2018-03-31": "53.59", "2017-12-31": "60.10", "2017-09-30": "39.17", "2017-06-30": "37.46", "2017-03-31": "39.54", "2016-12-31": "35.93", "2016-09-30": "34.02", "2016-06-30": "19.93", "2016-03-31": "17.98", "2015-12-31": "15.13", "2015-09-30": "14.81", "2015-06-30": "28.75", "2015-03-31": "33.85", "2014-12-31": "28.63", "2014-09-30": "29.40", "2014-06-30": "37.96", "2014-03-31": "37.36", "2013-12-31": "43.65", "2013-09-30": "37.59", "2013-06-30": "28.05", "2013-03-31": "25.00", "2012-12-31": "22.24", "2012-09-30": "19.48", "2012-06-30": "17.67", "2012-03-31": "23.57", "2011-12-31": "19.99", "2011-09-30": "14.82", "2011-06-30": "18.98", "2011-03-31": "15.75", "2010-12-31": "17.43", "2010-09-30": "22.72", "2010-06-30": "21.86", "2010-03-31": "91.67", "2009-12-31": "0.00", "2009-09-30": "0.00", "2009-06-30": "178.58", "2009-03-31": "32.66", "2008-12-31": "19.78", "2008-09-30": "20.36", "2008-06-30": "26.19", "2008-03-31": "26.12", "2007-12-31": "27.94", "2007-09-30": "26.25", "2007-06-30": "30.48", "2007-03-31": "23.54", "2006-12-31": "23.35"}, "price sales": {"2021-02-05": "20.14", "2020-09-30": "14.67", "2020-06-30": "14.70", "2020-03-31": "9.99", "2019-12-31": "13.13", "2019-09-30": "11.18", "2019-06-30": "10.28", "2019-03-31": "10.74", "2018-12-31": "8.24", "2018-09-30": "12.07", "2018-06-30": "9.28", "2018-03-31": "11.29", "2017-12-31": "13.78", "2017-09-30": "13.11", "2017-06-30": "11.96", "2017-03-31": "12.34", "2016-12-31": "10.03", "2016-09-30": "9.03", "2016-06-30": "8.02", "2016-03-31": "7.36", "2015-12-31": "6.33", "2015-09-30": "6.58", "2015-06-30": "8.33", "2015-03-31": "9.59", "2014-12-31": "8.20", "2014-09-30": "7.86", "2014-06-30": "8.79", "2014-03-31": "7.87", "2013-12-31": "9.10", "2013-09-30": "7.71", "2013-06-30": "5.72", "2013-03-31": "5.34", "2012-12-31": "4.70", "2012-09-30": "4.22", "2012-06-30": "3.84", "2012-03-31": "5.11", "2011-12-31": "4.32", "2011-09-30": "3.20", "2011-06-30": "4.17", "2011-03-31": "3.38", "2010-12-31": "3.64", "2010-09-30": "3.73", "2010-06-30": "2.80", "2010-03-31": "3.40", "2009-12-31": "3.56", "2009-09-30": "3.32", "2009-06-30": "2.57", "2009-03-31": "2.17", "2008-12-31": "2.24", "2008-09-30": "2.89", "2008-06-30": "3.43", "2008-03-31": "3.45", "2007-12-31": "3.34", "2007-09-30": "3.07", "2007-06-30": "3.87", "2007-03-31": "3.64", "2006-12-31": "3.92"}, "price book": {"current": "10.09", "2021-02-05": "10.09", "2020-09-30": "7.35", "2020-06-30": "7.30", "2020-03-31": "5.31", "2019-12-31": "6.92", "2019-09-30": "6.57", "2019-06-30": "6.66", "2019-03-31": "7.10", "2018-12-31": "5.62", "2018-09-30": "8.07", "2018-06-30": "6.86", "2018-03-31": "8.05", "2017-12-31": "9.33", "2017-09-30": "8.11", "2017-06-30": "6.72", "2017-03-31": "6.91", "2016-12-31": "5.45", "2016-09-30": "4.60", "2016-06-30": "3.96", "2016-03-31": "3.72", "2015-12-31": "3.31", "2015-09-30": "3.42", "2015-06-30": "5.02", "2015-03-31": "5.35", "2014-12-31": "4.61", "2014-09-30": "4.53", "2014-06-30": "4.63", "2014-03-31": "4.22", "2013-12-31": "4.89", "2013-09-30": "4.06", "2013-06-30": "3.04", "2013-03-31": "2.90", "2012-12-31": "2.63", "2012-09-30": "2.25", "2012-06-30": "2.10", "2012-03-31": "2.81", "2011-12-31": "2.49", "2011-09-30": "1.91", "2011-06-30": "2.50", "2011-03-31": "2.10", "2010-12-31": "2.30", "2010-09-30": "2.21", "2010-06-30": "1.58", "2010-03-31": "1.66", "2009-12-31": "1.59", "2009-09-30": "1.41", "2009-06-30": "1.24", "2009-03-31": "1.18", "2008-12-31": "1.23", "2008-09-30": "1.60", "2008-06-30": "1.77", "2008-03-31": "1.67", "2007-12-31": "1.55", "2007-09-30": "1.40", "2007-06-30": "1.82", "2007-03-31": "1.70", "2006-12-31": "1.86", "2006-09-30": "2.00", "2006-06-30": "2.06", "2006-03-31": "2.29"}, "price fcf": {"2021-02-05": "", "2020-09-30": "$1.18", "2020-06-30": "$1.11", "2020-03-31": "$1.35", "2019-12-31": "$1.32", "2019-09-30": "$1.34", "2019-06-30": "$1.40", "2019-03-31": "$1.14", "2018-12-31": "$1.05", "2018-09-30": "$1.12", "2018-06-30": "$0.94", "2018-03-31": "$1.09", "2017-12-31": "$1.09", "2017-09-30": "$1.09", "2017-06-30": "$1.16", "2017-03-31": "$1.06", "2016-12-31": "$0.97", "2016-09-30": "$0.77", "2016-06-30": "$0.83", "2016-03-31": "$0.78", "2015-12-31": "$0.63", "2015-09-30": "$0.90", "2015-06-30": "$0.70", "2015-03-31": "$0.71", "2014-12-31": "$0.80", "2014-09-30": "$0.49", "2014-06-30": "$0.43", "2014-03-31": "$0.47", "2013-12-31": "$0.48", "2013-09-30": "$0.43", "2013-06-30": "$0.52", "2013-03-31": "$0.56", "2012-12-31": "$0.52", "2012-09-30": "$0.51", "2012-06-30": "$0.40", "2012-03-31": "$0.40", "2011-12-31": "$0.46", "2011-09-30": "$0.50", "2011-06-30": "$0.58", "2011-03-31": "$0.50", "2010-12-31": "$0.44", "2010-09-30": "$0.34", "2010-06-30": "$0.20", "2010-03-31": "$0.11", "2009-12-31": "$0.04", "2009-09-30": "$0.08", "2009-06-30": "$0.14", "2009-03-31": "$0.24", "2008-12-31": "$0.32", "2008-09-30": "$0.27", "2008-06-30": "$0.31", "2008-03-31": "$0.29", "2007-12-31": "$0.25", "2007-09-30": "$0.22", "2007-06-30": "$0.20", "2007-03-31": "$0.20", "2006-12-31": "$0.24"}, "net worth": {"value": "$15.2B"}, "current ratio": {"current": "4.51", "2020-09-30": "4.51", "2020-06-30": "4.47", "2020-03-31": "3.95", "2019-12-31": "5.04", "2019-09-30": "7.71", "2019-06-30": "7.92", "2019-03-31": "8.31", "2018-12-31": "8.54", "2018-09-30": "7.18", "2018-06-30": "6.10", "2018-03-31": "5.93", "2017-12-31": "5.59", "2017-09-30": "5.89", "2017-06-30": "6.58", "2017-03-31": "7.87", "2016-12-31": "8.00", "2016-09-30": "7.69", "2016-06-30": "7.02", "2016-03-31": "9.08", "2015-12-31": "8.28", "2015-09-30": "7.17", "2015-06-30": "6.09", "2015-03-31": "4.63", "2014-12-31": "3.37", "2014-09-30": "3.28", "2014-06-30": "3.62", "2014-03-31": "3.62", "2013-12-31": "5.44", "2013-09-30": "6.30", "2013-06-30": "5.64", "2013-03-31": "5.46", "2012-12-31": "4.78", "2012-09-30": "4.83", "2012-06-30": "7.39", "2012-03-31": "6.84", "2011-12-31": "5.27", "2011-09-30": "5.19", "2011-06-30": "6.04", "2011-03-31": "5.65", "2010-12-31": "5.13", "2010-09-30": "4.34", "2010-06-30": "4.17", "2010-03-31": "5.87", "2009-12-31": "6.45", "2009-09-30": "7.88", "2009-06-30": "7.06", "2009-03-31": "6.32", "2008-12-31": "5.18", "2008-09-30": "5.53", "2008-06-30": "6.23", "2008-03-31": "6.54", "2007-12-31": "7.14", "2007-09-30": "4.88", "2007-06-30": "5.03", "2007-03-31": "6.27", "2006-12-31": "6.74", "2006-09-30": "4.74", "2006-06-30": "4.74", "2006-03-31": "5.64", "2005-12-31": "5.63", "2005-09-30": "5.30", "2005-06-30": "4.71", "2005-03-31": "5.85"}, "quick ratio": {"2020-09-30": "4.12", "2020-06-30": "4.11", "2020-03-31": "3.59", "2019-12-31": "4.54", "2019-09-30": "6.90", "2019-06-30": "7.07", "2019-03-31": "7.46", "2018-12-31": "7.63", "2018-09-30": "6.34", "2018-06-30": "5.38", "2018-03-31": "5.08", "2017-12-31": "4.99", "2017-09-30": "5.45", "2017-06-30": "6.17", "2017-03-31": "7.43", "2016-12-31": "7.59", "2016-09-30": "7.29", "2016-06-30": "6.65", "2016-03-31": "8.42", "2015-12-31": "7.58", "2015-09-30": "6.58", "2015-06-30": "5.60", "2015-03-31": "3.91", "2014-12-31": "3.01", "2014-09-30": "2.89", "2014-06-30": "3.20", "2014-03-31": "3.07", "2013-12-31": "5.02", "2013-09-30": "5.76", "2013-06-30": "5.10", "2013-03-31": "4.90", "2012-12-31": "4.26", "2012-09-30": "4.35", "2012-06-30": "6.88", "2012-03-31": "6.22", "2011-12-31": "4.76", "2011-09-30": "4.65", "2011-06-30": "5.56", "2011-03-31": "5.15", "2010-12-31": "4.71", "2010-09-30": "3.93", "2010-06-30": "3.81", "2010-03-31": "5.45", "2009-12-31": "6.01", "2009-09-30": "7.23", "2009-06-30": "6.43", "2009-03-31": "5.69", "2008-12-31": "4.69", "2008-09-30": "5.02", "2008-06-30": "5.64", "2008-03-31": "5.94", "2007-12-31": "6.52", "2007-09-30": "4.37", "2007-06-30": "4.38", "2007-03-31": "5.59", "2006-12-31": "6.08", "2006-09-30": "4.29", "2006-06-30": "4.33", "2006-03-31": "5.27", "2005-12-31": "5.30", "2005-09-30": "4.99", "2005-06-30": "4.40", "2005-03-31": "5.54"}, "debt equity ratio": {"current": "0.00", "2020-09-30": "0.37", "2020-06-30": "0.41", "2020-03-31": "0.42", "2019-12-31": "0.39", "2019-09-30": "0.12", "2019-06-30": "0.13", "2019-03-31": "0.14", "2018-12-31": "0.14", "2018-09-30": "0.15", "2018-06-30": "0.18", "2018-03-31": "0.18", "2017-12-31": "0.18", "2017-09-30": "0.11", "2017-06-30": "0.10", "2017-03-31": "0.08", "2016-12-31": "0.08", "2016-09-30": "0.08", "2016-06-30": "0.09", "2016-03-31": "0.07", "2015-12-31": "0.08", "2015-09-30": "0.09", "2015-06-30": "0.11", "2015-03-31": "0.09", "2014-12-31": "0.12", "2014-09-30": "0.11", "2014-06-30": "0.11", "2014-03-31": "0.09", "2013-12-31": "0.10", "2013-09-30": "0.09", "2013-06-30": "0.09", "2013-03-31": "0.09", "2012-12-31": "0.10", "2012-09-30": "0.09", "2012-06-30": "0.09", "2012-03-31": "0.08", "2011-12-31": "0.11", "2011-09-30": "0.11", "2011-06-30": "0.12", "2011-03-31": "0.12", "2010-12-31": "0.13", "2010-09-30": "0.15", "2010-06-30": "0.15", "2010-03-31": "0.12", "2009-12-31": "0.12", "2009-09-30": "0.09", "2009-06-30": "0.12", "2009-03-31": "0.13", "2008-12-31": "0.15", "2008-09-30": "0.14", "2008-06-30": "0.15", "2008-03-31": "0.14", "2007-12-31": "0.13", "2007-09-30": "0.17", "2007-06-30": "0.14", "2007-03-31": "0.13", "2006-12-31": "0.12", "2006-09-30": "0.14", "2006-06-30": "0.14", "2006-03-31": "0.12", "2005-12-31": "0.12", "2005-09-30": "0.12", "2005-06-30": "0.13", "2005-03-31": "0.13"}, "return on equity": {"2020-09-30": "13.44%", "2020-06-30": "10.65%", "2020-03-31": "14.94%", "2019-12-31": "16.40%", "2019-09-30": "14.22%", "2019-06-30": "17.75%", "2019-03-31": "18.80%", "2018-12-31": "19.64%", "2018-09-30": "13.18%", "2018-06-30": "15.23%", "2018-03-31": "15.32%", "2017-12-31": "16.31%", "2017-09-30": "22.60%", "2017-06-30": "18.84%", "2017-03-31": "18.29%", "2016-12-31": "15.80%", "2016-09-30": "14.94%", "2016-06-30": "21.44%", "2016-03-31": "22.17%", "2015-12-31": "23.51%", "2015-09-30": "25.22%", "2015-06-30": "18.75%", "2015-03-31": "16.99%", "2014-12-31": "17.34%", "2014-09-30": "16.90%", "2014-06-30": "13.10%", "2014-03-31": "12.04%", "2013-12-31": "11.86%", "2013-09-30": "11.55%", "2013-06-30": "11.21%", "2013-03-31": "11.82%", "2012-12-31": "11.54%", "2012-09-30": "12.14%", "2012-06-30": "12.48%", "2012-03-31": "12.60%", "2011-12-31": "13.09%", "2011-09-30": "13.79%", "2011-06-30": "14.54%", "2011-03-31": "14.82%", "2010-12-31": "14.61%", "2010-09-30": "10.38%", "2010-06-30": "7.29%", "2010-03-31": "2.01%", "2009-12-31": "-1.00%", "2009-09-30": "-0.50%", "2009-06-30": "0.97%", "2009-03-31": "3.73%", "2008-12-31": "6.05%", "2008-09-30": "7.79%", "2008-06-30": "6.84%", "2008-03-31": "6.48%", "2007-12-31": "5.81%", "2007-09-30": "5.60%", "2007-06-30": "6.23%", "2007-03-31": "7.63%", "2006-12-31": "8.38%", "2006-09-30": "8.65%", "2006-06-30": "8.70%", "2006-03-31": "8.09%", "2005-12-31": "7.40%"}, "return on assets": {"2020-09-30": "9.63%", "2020-06-30": "7.95%", "2020-03-31": "11.73%", "2019-12-31": "13.65%", "2019-09-30": "12.56%", "2019-06-30": "15.57%", "2019-03-31": "16.32%", "2018-12-31": "16.90%", "2018-09-30": "11.24%", "2018-06-30": "13.12%", "2018-03-31": "13.42%", "2017-12-31": "14.57%", "2017-09-30": "20.64%", "2017-06-30": "17.33%", "2017-03-31": "16.90%", "2016-12-31": "14.63%", "2016-09-30": "13.84%", "2016-06-30": "19.82%", "2016-03-31": "20.41%", "2015-12-31": "21.54%", "2015-09-30": "22.89%", "2015-06-30": "16.94%", "2015-03-31": "15.33%", "2014-12-31": "15.66%", "2014-09-30": "15.31%", "2014-06-30": "11.94%", "2014-03-31": "11.04%", "2013-12-31": "10.86%", "2013-09-30": "10.59%", "2013-06-30": "10.26%", "2013-03-31": "10.81%", "2012-12-31": "10.56%", "2012-09-30": "11.10%", "2012-06-30": "11.38%", "2012-03-31": "11.42%", "2011-12-31": "11.77%", "2011-09-30": "12.35%", "2011-06-30": "12.90%", "2011-03-31": "13.06%", "2010-12-31": "12.85%", "2010-09-30": "9.15%", "2010-06-30": "6.50%", "2010-03-31": "1.80%", "2009-12-31": "-0.90%", "2009-09-30": "-0.44%", "2009-06-30": "0.86%", "2009-03-31": "3.27%", "2008-12-31": "5.29%", "2008-09-30": "6.83%", "2008-06-30": "5.97%", "2008-03-31": "5.65%", "2007-12-31": "5.08%", "2007-09-30": "4.92%", "2007-06-30": "5.51%", "2007-03-31": "6.76%", "2006-12-31": "7.44%", "2006-09-30": "7.68%", "2006-06-30": "7.75%", "2006-03-31": "7.23%", "2005-12-31": "6.60%"}, "return on investments": {"2020-09-30": "inf%", "2020-06-30": "inf%", "2020-03-31": "inf%", "2019-12-31": "inf%", "2019-09-30": "inf%", "2019-06-30": "inf%", "2019-03-31": "inf%", "2018-12-31": "inf%", "2018-09-30": "inf%", "2018-06-30": "inf%", "2018-03-31": "inf%", "2017-12-31": "inf%", "2017-09-30": "inf%", "2017-06-30": "inf%", "2017-03-31": "inf%", "2016-12-31": "inf%", "2016-09-30": "inf%", "2016-06-30": "inf%", "2016-03-31": "inf%", "2015-12-31": "inf%", "2015-09-30": "inf%", "2015-06-30": "inf%", "2015-03-31": "inf%", "2014-12-31": "inf%", "2014-09-30": "inf%", "2014-06-30": "inf%", "2014-03-31": "inf%", "2013-12-31": "inf%", "2013-09-30": "inf%", "2013-06-30": "inf%", "2013-03-31": "inf%", "2012-12-31": "inf%", "2012-09-30": "inf%", "2012-06-30": "inf%", "2012-03-31": "inf%", "2011-12-31": "inf%", "2011-09-30": "inf%", "2011-06-30": "inf%", "2011-03-31": "inf%", "2010-12-31": "inf%", "2010-09-30": "inf%", "2010-06-30": "inf%", "2010-03-31": "inf%", "2009-12-31": "inf%", "2009-09-30": "inf%", "2009-06-30": "inf%", "2009-03-31": "inf%", "2008-12-31": "inf%", "2008-09-30": "inf%", "2008-06-30": "inf%", "2008-03-31": "inf%", "2007-12-31": "inf%", "2007-09-30": "inf%", "2007-06-30": "inf%", "2007-03-31": "inf%", "2006-12-31": "inf%", "2006-09-30": "inf%", "2006-06-30": "inf%", "2006-03-31": "inf%", "2005-12-31": "inf%"}, "return on tangible equity": {"2020-09-30": "16.69%", "2020-06-30": "12.95%", "2020-03-31": "17.73%", "2019-12-31": "18.86%", "2019-09-30": "15.85%", "2019-06-30": "19.84%", "2019-03-31": "21.10%", "2018-12-31": "22.12%", "2018-09-30": "14.88%", "2018-06-30": "17.22%", "2018-03-31": "17.36%", "2017-12-31": "18.40%", "2017-09-30": "25.44%", "2017-06-30": "21.10%", "2017-03-31": "20.33%", "2016-12-31": "17.56%", "2016-09-30": "16.59%", "2016-06-30": "23.92%", "2016-03-31": "24.81%", "2015-12-31": "26.42%", "2015-09-30": "28.44%", "2015-06-30": "21.25%", "2015-03-31": "19.43%", "2014-12-31": "19.98%", "2014-09-30": "19.64%", "2014-06-30": "15.32%", "2014-03-31": "14.14%", "2013-12-31": "13.99%", "2013-09-30": "13.70%", "2013-06-30": "13.35%", "2013-03-31": "14.13%", "2012-12-31": "13.84%", "2012-09-30": "14.62%", "2012-06-30": "15.16%", "2012-03-31": "15.41%", "2011-12-31": "16.19%", "2011-09-30": "17.26%", "2011-06-30": "18.50%", "2011-03-31": "19.35%", "2010-12-31": "19.54%", "2010-09-30": "14.18%", "2010-06-30": "10.07%", "2010-03-31": "2.77%", "2009-12-31": "-1.38%", "2009-09-30": "-0.68%", "2009-06-30": "1.33%", "2009-03-31": "5.07%", "2008-12-31": "8.21%", "2008-09-30": "10.51%", "2008-06-30": "9.28%", "2008-03-31": "8.86%", "2007-12-31": "7.94%", "2007-09-30": "7.70%", "2007-06-30": "8.58%", "2007-03-31": "10.50%", "2006-12-31": "11.49%", "2006-09-30": "11.80%", "2006-06-30": "11.81%", "2006-03-31": "11.01%", "2005-12-31": "9.36%"}, "dividend yield history": {"last payout": "$0.24", "last yield": "0.28%"}}