{"ticker": "COHR", "price": {"title": "Coherent Historical Annual Stock Price Data", "value": 193.18, "historical": {"2021": {"Average Stock Price": "183.1892", "Year Open": "148.2100", "Year High": "206.0100", "Year Low": "148.2100", "Year Close": "193.1800", "Annual % Change": "28.77%"}, "2020": {"Average Stock Price": "129.8676", "Year Open": "168.9800", "Year High": "176.5000", "Year Low": "82.0900", "Year Close": "150.0200", "Annual % Change": "-9.82%"}, "2019": {"Average Stock Price": "140.4509", "Year Open": "106.7800", "Year High": "169.7400", "Year Low": "97.9000", "Year Close": "166.3500", "Annual % Change": "57.36%"}, "2018": {"Average Stock Price": "178.2103", "Year Open": "291.2900", "Year High": "321.9100", "Year Low": "94.2300", "Year Close": "105.7100", "Annual % Change": "-62.54%"}, "2017": {"Average Stock Price": "231.2790", "Year Open": "136.4200", "Year High": "319.4400", "Year Low": "136.4200", "Year Close": "282.2200", "Annual % Change": "105.42%"}, "2016": {"Average Stock Price": "98.7704", "Year Open": "62.2400", "Year High": "138.3300", "Year Low": "57.9600", "Year Close": "137.3850", "Annual % Change": "111.00%"}, "2015": {"Average Stock Price": "61.6088", "Year Open": "60.0000", "Year High": "68.3300", "Year Low": "52.4600", "Year Close": "65.1100", "Annual % Change": "7.23%"}, "2014": {"Average Stock Price": "63.2172", "Year Open": "72.0100", "Year High": "75.8900", "Year Low": "54.5300", "Year Close": "60.7200", "Annual % Change": "-18.38%"}, "2013": {"Average Stock Price": "59.5009", "Year Open": "52.4900", "Year High": "74.3900", "Year Low": "50.6500", "Year Close": "74.3900", "Annual % Change": "46.92%"}, "2012": {"Average Stock Price": "49.6048", "Year Open": "53.6000", "Year High": "59.7000", "Year Low": "39.7600", "Year Close": "50.6323", "Annual % Change": "-3.13%"}, "2011": {"Average Stock Price": "51.7396", "Year Open": "46.3800", "Year High": "63.7600", "Year Low": "38.9200", "Year Close": "52.2700", "Annual % Change": "15.80%"}, "2010": {"Average Stock Price": "36.5250", "Year Open": "29.9000", "Year High": "46.8500", "Year Low": "26.3500", "Year Close": "45.1400", "Annual % Change": "51.83%"}, "2009": {"Average Stock Price": "21.3481", "Year Open": "21.8600", "Year High": "30.2000", "Year Low": "14.5100", "Year Close": "29.7300", "Annual % Change": "38.54%"}, "2008": {"Average Stock Price": "28.9936", "Year Open": "24.8500", "Year High": "38.1100", "Year Low": "20.3600", "Year Close": "21.4600", "Annual % Change": "-14.40%"}, "2007": {"Average Stock Price": "30.2583", "Year Open": "31.1900", "Year High": "33.0200", "Year Low": "24.9600", "Year Close": "25.0700", "Annual % Change": "-20.59%"}, "2006": {"Average Stock Price": "33.4110", "Year Open": "29.9800", "Year High": "37.9000", "Year Low": "29.4400", "Year Close": "31.5700", "Annual % Change": "6.37%"}, "2005": {"Average Stock Price": "31.7598", "Year Open": "30.2200", "Year High": "38.6800", "Year Low": "27.5100", "Year Close": "29.6800", "Annual % Change": "-2.50%"}, "2004": {"Average Stock Price": "26.8921", "Year Open": "24.2000", "Year High": "32.2700", "Year Low": "22.8600", "Year Close": "30.4400", "Annual % Change": "27.90%"}, "2003": {"Average Stock Price": "22.9754", "Year Open": "20.4800", "Year High": "28.4400", "Year Low": "17.4700", "Year Close": "23.8000", "Annual % Change": "19.30%"}, "2002": {"Average Stock Price": "25.8478", "Year Open": "30.0000", "Year High": "35.4600", "Year Low": "16.1700", "Year Close": "19.9500", "Annual % Change": "-35.48%"}, "2001": {"Average Stock Price": "35.0043", "Year Open": "30.0000", "Year High": "53.0600", "Year Low": "25.7500", "Year Close": "30.9200", "Annual % Change": "-4.86%"}, "2000": {"Average Stock Price": "58.1413", "Year Open": "26.0600", "Year High": "106.0000", "Year Low": "25.6900", "Year Close": "32.5000", "Annual % Change": "21.50%"}, "1999": {"Average Stock Price": "18.2414", "Year Open": "11.9400", "Year High": "29.8800", "Year Low": "11.9400", "Year Close": "26.7500", "Annual % Change": "115.03%"}, "1998": {"Average Stock Price": "16.7377", "Year Open": "17.9050", "Year High": "24.3800", "Year Low": "7.7500", "Year Close": "12.4400", "Annual % Change": "-29.16%"}, "1997": {"Average Stock Price": "22.3161", "Year Open": "21.6250", "Year High": "28.7500", "Year Low": "16.9400", "Year Close": "17.5600", "Annual % Change": "-16.88%"}, "1996": {"Average Stock Price": "21.6706", "Year Open": "19.1250", "Year High": "27.7500", "Year Low": "15.9400", "Year Close": "21.1250", "Annual % Change": "4.32%"}, "1995": {"Average Stock Price": "15.4536", "Year Open": "8.6250", "Year High": "21.7500", "Year Low": "8.2500", "Year Close": "20.2500", "Annual % Change": "136.57%"}, "1994": {"Average Stock Price": "6.7492", "Year Open": "6.5000", "Year High": "8.6250", "Year Low": "5.7500", "Year Close": "8.5600", "Annual % Change": "34.27%"}, "1993": {"Average Stock Price": "6.7602", "Year Open": "5.2500", "Year High": "8.0000", "Year Low": "5.1250", "Year Close": "6.3750", "Annual % Change": "13.33%"}, "1992": {"Average Stock Price": "5.6444", "Year Open": "6.6250", "Year High": "8.0000", "Year Low": "3.8750", "Year Close": "5.6250", "Annual % Change": "-15.09%"}, "1991": {"Average Stock Price": "6.4881", "Year Open": "4.3750", "Year High": "8.5000", "Year Low": "4.3750", "Year Close": "6.6250", "Annual % Change": "47.22%"}}}, "market cap": {"value": "$4.72B"}, "income statement": {"Revenue": {"2020-09-30": "1228.99900", "2019-09-30": "1430.64000", "2018-09-30": "1902.57300", "2017-09-30": "1723.31100", "2016-09-30": "857.38500", "2015-09-30": "802.46000", "2014-09-30": "794.63900", "2013-09-30": "810.12600", "2012-09-30": "769.08800", "2011-09-30": "802.83400", "2010-09-30": "605.06700", "2009-09-30": "435.88200", "2008-09-30": "599.26200", "2007-09-30": "601.15300", "2006-09-30": "584.65200", "2005-09-30": "516.25200"}, "Cost Of Goods Sold": {"2020-09-30": "818.12500", "2019-09-30": "944.17500", "2018-09-30": "1071.88200", "2017-09-30": "973.04200", "2016-09-30": "475.99300", "2015-09-30": "467.06100", "2014-09-30": "481.24900", "2013-09-30": "487.85500", "2012-09-30": "453.10300", "2011-09-30": "452.01200", "2010-09-30": "344.25600", "2009-09-30": "274.77200", "2008-09-30": "347.35600", "2007-09-30": "351.14500", "2006-09-30": "328.53900", "2005-09-30": "298.55900"}, "Gross Profit": {"2020-09-30": "410.87400", "2019-09-30": "486.46500", "2018-09-30": "830.69100", "2017-09-30": "750.26900", "2016-09-30": "381.39200", "2015-09-30": "335.39900", "2014-09-30": "313.39000", "2013-09-30": "322.27100", "2012-09-30": "315.98500", "2011-09-30": "350.82200", "2010-09-30": "260.81100", "2009-09-30": "161.11000", "2008-09-30": "251.90600", "2007-09-30": "250.00800", "2006-09-30": "256.11300", "2005-09-30": "217.69300"}, "Research And Development Expenses": {"2020-09-30": "115.57800", "2019-09-30": "117.35300", "2018-09-30": "132.58600", "2017-09-30": "119.16600", "2016-09-30": "81.80100", "2015-09-30": "81.45500", "2014-09-30": "79.07000", "2013-09-30": "82.78500", "2012-09-30": "78.26000", "2011-09-30": "81.23200", "2010-09-30": "72.35400", "2009-09-30": "61.41700", "2008-09-30": "74.28700", "2007-09-30": "74.59000", "2006-09-30": "73.05100", "2005-09-30": "57.42200"}, "SG&A Expenses": {"2020-09-30": "270.46400", "2019-09-30": "272.25700", "2018-09-30": "293.63200", "2017-09-30": "292.08400", "2016-09-30": "169.13800", "2015-09-30": "149.82900", "2014-09-30": "154.03000", "2013-09-30": "149.51300", "2012-09-30": "138.51900", "2011-09-30": "149.49900", "2010-09-30": "123.57500", "2009-09-30": "108.09800", "2008-09-30": "146.37600", "2007-09-30": "153.94500", "2006-09-30": "132.54500", "2005-09-30": "115.71100"}, "Other Operating Income Or Expenses": {"2020-09-30": "-451.02500", "2019-09-30": "", "2018-09-30": "-0.76600", "2017-09-30": "2.50000", "2016-09-30": "", "2015-09-30": "-0.70100", "2014-09-30": "", "2013-09-30": "", "2012-09-30": "", "2011-09-30": "", "2010-09-30": "", "2009-09-30": "", "2008-09-30": "", "2007-09-30": "", "2006-09-30": "", "2005-09-30": ""}, "Operating Expenses": {"2020-09-30": "1659.17900", "2019-09-30": "1347.54500", "2018-09-30": "1509.55600", "2017-09-30": "1397.81600", "2016-09-30": "729.77100", "2015-09-30": "701.71300", "2014-09-30": "717.77290", "2013-09-30": "725.22700", "2012-09-30": "680.25800", "2011-09-30": "690.82500", "2010-09-30": "548.18700", "2009-09-30": "471.03900", "2008-09-30": "576.67000", "2007-09-30": "590.03200", "2006-09-30": "549.98600", "2005-09-30": "480.78000"}, "Operating Income": {"2020-09-30": "-430.18010", "2019-09-30": "83.09510", "2018-09-30": "393.01710", "2017-09-30": "325.49510", "2016-09-30": "127.61400", "2015-09-30": "100.74710", "2014-09-30": "76.86600", "2013-09-30": "84.89900", "2012-09-30": "88.83000", "2011-09-30": "112.00900", "2010-09-30": "56.88000", "2009-09-30": "-35.15700", "2008-09-30": "22.59200", "2007-09-30": "11.12100", "2006-09-30": "34.66600", "2005-09-30": "35.47210"}, "Total Non-Operating Income/Expense": {"2020-09-30": "-12.54300", "2019-09-30": "-23.04700", "2018-09-30": "-31.46200", "2017-09-30": "-23.44000", "2016-09-30": "-4.71800", "2015-09-30": "-1.17900", "2014-09-30": "2.35300", "2013-09-30": "-1.40300", "2012-09-30": "1.79200", "2011-09-30": "11.82000", "2010-09-30": "1.09900", "2009-09-30": "-0.69800", "2008-09-30": "14.69500", "2007-09-30": "17.80200", "2006-09-30": "11.51500", "2005-09-30": "5.54800"}, "Pre-Tax Income": {"2020-09-30": "-442.72300", "2019-09-30": "60.04800", "2018-09-30": "361.55500", "2017-09-30": "302.05500", "2016-09-30": "122.89600", "2015-09-30": "99.56800", "2014-09-30": "79.21900", "2013-09-30": "83.49600", "2012-09-30": "90.62200", "2011-09-30": "123.82900", "2010-09-30": "57.97900", "2009-09-30": "-35.85500", "2008-09-30": "37.28700", "2007-09-30": "28.92300", "2006-09-30": "46.18100", "2005-09-30": "41.02000"}, "Income Taxes": {"2020-09-30": "-28.58400", "2019-09-30": "6.22300", "2018-09-30": "114.19500", "2017-09-30": "93.41100", "2016-09-30": "35.39400", "2015-09-30": "23.15900", "2014-09-30": "20.11300", "2013-09-30": "17.14100", "2012-09-30": "27.66000", "2011-09-30": "30.59100", "2010-09-30": "21.06300", "2009-09-30": "-0.53600", "2008-09-30": "13.88400", "2007-09-30": "12.97200", "2006-09-30": "0.78700", "2005-09-30": "2.78600"}, "Income After Taxes": {"2020-09-30": "-414.13900", "2019-09-30": "53.82500", "2018-09-30": "247.36000", "2017-09-30": "208.64400", "2016-09-30": "87.50200", "2015-09-30": "76.40900", "2014-09-30": "59.10600", "2013-09-30": "66.35500", "2012-09-30": "62.96200", "2011-09-30": "93.23800", "2010-09-30": "36.91600", "2009-09-30": "-35.31900", "2008-09-30": "23.40300", "2007-09-30": "15.95100", "2006-09-30": "45.39400", "2005-09-30": "38.23400"}, "Other Income": {"2020-09-30": "", "2019-09-30": "", "2018-09-30": "", "2017-09-30": "", "2016-09-30": "", "2015-09-30": "", "2014-09-30": "", "2013-09-30": "", "2012-09-30": "", "2011-09-30": "", "2010-09-30": "", "2009-09-30": "", "2008-09-30": "", "2007-09-30": "", "2006-09-30": "", "2005-09-30": ""}, "Income From Continuous Operations": {"2020-09-30": "-414.13900", "2019-09-30": "53.82500", "2018-09-30": "247.36000", "2017-09-30": "208.64400", "2016-09-30": "87.50200", "2015-09-30": "76.40900", "2014-09-30": "59.10600", "2013-09-30": "66.35500", "2012-09-30": "62.96200", "2011-09-30": "93.23800", "2010-09-30": "36.91600", "2009-09-30": "-35.31900", "2008-09-30": "23.40300", "2007-09-30": "15.95100", "2006-09-30": "45.39400", "2005-09-30": "38.41400"}, "Income From Discontinued Operations": {"2020-09-30": "", "2019-09-30": "", "2018-09-30": "-0.00200", "2017-09-30": "-1.52200", "2016-09-30": "", "2015-09-30": "", "2014-09-30": "", "2013-09-30": "", "2012-09-30": "", "2011-09-30": "", "2010-09-30": "", "2009-09-30": "", "2008-09-30": "", "2007-09-30": "", "2006-09-30": "", "2005-09-30": ""}, "Net Income": {"2020-09-30": "-414.13900", "2019-09-30": "53.82500", "2018-09-30": "247.35800", "2017-09-30": "207.12200", "2016-09-30": "87.50200", "2015-09-30": "76.40900", "2014-09-30": "59.10600", "2013-09-30": "66.35500", "2012-09-30": "62.96200", "2011-09-30": "93.23800", "2010-09-30": "36.91600", "2009-09-30": "-35.31900", "2008-09-30": "23.40300", "2007-09-30": "15.95100", "2006-09-30": "45.39400", "2005-09-30": "38.41400"}, "EBITDA": {"2020-09-30": "-6.79000", "2019-09-30": "204.12710", "2018-09-30": "515.96310", "2017-09-30": "436.94210", "2016-09-30": "161.96900", "2015-09-30": "133.80610", "2014-09-30": "113.06700", "2013-09-30": "121.02200", "2012-09-30": "118.47900", "2011-09-30": "140.63000", "2010-09-30": "86.53900", "2009-09-30": "10.78900", "2008-09-30": "54.56200", "2007-09-30": "50.23400", "2006-09-30": "70.76700", "2005-09-30": "71.47500"}, "EBIT": {"2020-09-30": "-430.18010", "2019-09-30": "83.09510", "2018-09-30": "393.01710", "2017-09-30": "325.49510", "2016-09-30": "127.61400", "2015-09-30": "100.74710", "2014-09-30": "76.86600", "2013-09-30": "84.89900", "2012-09-30": "88.83000", "2011-09-30": "112.00900", "2010-09-30": "56.88000", "2009-09-30": "-35.15700", "2008-09-30": "22.59200", "2007-09-30": "11.12100", "2006-09-30": "34.66600", "2005-09-30": "35.47210"}, "Basic Shares Outstanding": {"2020-09-30": "24.10500", "2019-09-30": "24.11800", "2018-09-30": "24.57200", "2017-09-30": "24.48700", "2016-09-30": "24.14200", "2015-09-30": "24.75400", "2014-09-30": "24.76000", "2013-09-30": "24.13800", "2012-09-30": "23.56100", "2011-09-30": "24.92400", "2010-09-30": "24.71800", "2009-09-30": "24.28100", "2008-09-30": "27.50500", "2007-09-30": "31.39800", "2006-09-30": "30.97300", "2005-09-30": "30.75600"}, "Shares Outstanding": {"2020-09-30": "24.10500", "2019-09-30": "24.27900", "2018-09-30": "24.85100", "2017-09-30": "24.77700", "2016-09-30": "24.41500", "2015-09-30": "24.99200", "2014-09-30": "25.07600", "2013-09-30": "24.55500", "2012-09-30": "24.02600", "2011-09-30": "25.46400", "2010-09-30": "25.09100", "2009-09-30": "24.28100", "2008-09-30": "28.05400", "2007-09-30": "32.02400", "2006-09-30": "31.56700", "2005-09-30": "31.22400"}, "Basic EPS": {"2020-09-30": "-17.18000", "2019-09-30": "2.23000", "2018-09-30": "10.07000", "2017-09-30": "8.46000", "2016-09-30": "3.62000", "2015-09-30": "3.09000", "2014-09-30": "2.39000", "2013-09-30": "2.75000", "2012-09-30": "2.67000", "2011-09-30": "3.74000", "2010-09-30": "1.49000", "2009-09-30": "-1.45000", "2008-09-30": "0.85000", "2007-09-30": "0.51000", "2006-09-30": "1.47000", "2005-09-30": "1.25000"}, "EPS - Earnings Per Share": {"2020-09-30": "-17.18000", "2019-09-30": "2.22000", "2018-09-30": "9.95000", "2017-09-30": "8.36000", "2016-09-30": "3.58000", "2015-09-30": "3.06000", "2014-09-30": "2.36000", "2013-09-30": "2.70000", "2012-09-30": "2.62000", "2011-09-30": "3.66000", "2010-09-30": "1.47000", "2009-09-30": "-1.45000", "2008-09-30": "0.83000", "2007-09-30": "0.50000", "2006-09-30": "1.44000", "2005-09-30": "1.23000"}}, "income statement, quarterly": {"Revenue": {"2020-09-30": "316.75110", "2020-06-30": "298.33000", "2020-03-31": "293.14700", "2019-12-31": "320.77100", "2019-09-30": "335.46400", "2019-06-30": "339.17000", "2019-03-31": "372.86000", "2018-12-31": "383.14600", "2018-09-30": "461.54790", "2018-06-30": "482.34200", "2018-03-31": "481.11800", "2017-12-31": "477.56500", "2017-09-30": "490.29810", "2017-06-30": "464.10700", "2017-03-31": "422.83300", "2016-12-31": "346.07300", "2016-09-30": "248.46100", "2016-06-30": "218.76700", "2016-03-31": "199.88200", "2015-12-31": "190.27500", "2015-09-30": "209.62200", "2015-06-30": "188.50200", "2015-03-31": "203.72100", "2014-12-31": "200.61500", "2014-09-30": "205.34400", "2014-06-30": "196.51700", "2014-03-31": "199.22200", "2013-12-31": "193.55600", "2013-09-30": "213.14100", "2013-06-30": "213.72500", "2013-03-31": "200.05800", "2012-12-31": "183.20200", "2012-09-30": "188.65400", "2012-06-30": "196.38300", "2012-03-31": "193.28400", "2011-12-31": "190.76700", "2011-09-30": "207.96100", "2011-06-30": "210.88200", "2011-03-31": "200.88000", "2010-12-31": "183.11100", "2010-09-30": "166.39800", "2010-06-30": "166.69700", "2010-03-31": "149.15700", "2009-12-31": "122.81500", "2009-09-30": "107.59300", "2009-06-30": "98.47900", "2009-03-31": "105.42200", "2008-12-31": "124.38800", "2008-09-30": "142.00000", "2008-06-30": "157.02400", "2008-03-31": "155.94200", "2007-12-31": "144.29600", "2007-09-30": "158.92000", "2007-06-30": "142.60800", "2007-03-31": "152.11600", "2006-12-31": "147.50900", "2006-09-30": "445.00000", "2006-06-30": "149.52400", "2006-03-31": "145.98800", "2005-12-31": "130.99400", "2005-09-30": "133.78600", "2005-06-30": "125.26900", "2005-03-31": "131.17500"}, "Cost Of Goods Sold": {"2020-09-30": "204.51800", "2020-06-30": "203.05300", "2020-03-31": "199.03600", "2019-12-31": "211.51800", "2019-09-30": "227.06900", "2019-06-30": "241.16700", "2019-03-31": "242.14300", "2018-12-31": "233.79600", "2018-09-30": "271.64600", "2018-06-30": "274.00600", "2018-03-31": "265.68800", "2017-12-31": "260.54200", "2017-09-30": "268.24400", "2017-06-30": "256.92100", "2017-03-31": "243.31800", "2016-12-31": "204.55900", "2016-09-30": "134.12500", "2016-06-30": "124.20800", "2016-03-31": "111.28300", "2015-12-31": "106.37700", "2015-09-30": "118.62800", "2015-06-30": "109.72000", "2015-03-31": "120.41700", "2014-12-31": "118.29600", "2014-09-30": "124.42600", "2014-06-30": "122.25600", "2014-03-31": "118.55700", "2013-12-31": "116.01000", "2013-09-30": "128.10000", "2013-06-30": "130.46100", "2013-03-31": "123.72700", "2012-12-31": "105.56700", "2012-09-30": "110.92100", "2012-06-30": "116.13800", "2012-03-31": "115.63600", "2011-12-31": "110.40800", "2011-09-30": "118.46400", "2011-06-30": "120.72000", "2011-03-31": "112.11100", "2010-12-31": "100.71700", "2010-09-30": "96.57900", "2010-06-30": "92.35000", "2010-03-31": "83.54400", "2009-12-31": "71.78300", "2009-09-30": "70.09300", "2009-06-30": "64.86500", "2009-03-31": "65.81500", "2008-12-31": "73.99900", "2008-09-30": "86.97100", "2008-06-30": "87.76500", "2008-03-31": "88.81800", "2007-12-31": "83.80200", "2007-09-30": "92.49400", "2007-06-30": "85.47000", "2007-03-31": "87.64600", "2006-12-31": "85.53500", "2006-09-30": "88.14800", "2006-06-30": "83.23100", "2006-03-31": "82.16000", "2005-12-31": "75.00000", "2005-09-30": "82.79600", "2005-06-30": "68.58900", "2005-03-31": "72.68800"}, "Gross Profit": {"2020-09-30": "112.23310", "2020-06-30": "95.27700", "2020-03-31": "94.11100", "2019-12-31": "109.25300", "2019-09-30": "108.39500", "2019-06-30": "98.00300", "2019-03-31": "130.71700", "2018-12-31": "149.35000", "2018-09-30": "189.90190", "2018-06-30": "208.33600", "2018-03-31": "215.43000", "2017-12-31": "217.02300", "2017-09-30": "222.05410", "2017-06-30": "207.18600", "2017-03-31": "179.51500", "2016-12-31": "141.51400", "2016-09-30": "114.33600", "2016-06-30": "94.55900", "2016-03-31": "88.59900", "2015-12-31": "83.89800", "2015-09-30": "90.99400", "2015-06-30": "78.78200", "2015-03-31": "83.30400", "2014-12-31": "82.31900", "2014-09-30": "80.91800", "2014-06-30": "74.26100", "2014-03-31": "80.66500", "2013-12-31": "77.54600", "2013-09-30": "85.04100", "2013-06-30": "83.26400", "2013-03-31": "76.33100", "2012-12-31": "77.63500", "2012-09-30": "77.73300", "2012-06-30": "80.24500", "2012-03-31": "77.64800", "2011-12-31": "80.35900", "2011-09-30": "89.49700", "2011-06-30": "90.16200", "2011-03-31": "88.76900", "2010-12-31": "82.39400", "2010-09-30": "69.81900", "2010-06-30": "74.34700", "2010-03-31": "65.61300", "2009-12-31": "51.03200", "2009-09-30": "37.50000", "2009-06-30": "33.61400", "2009-03-31": "39.60700", "2008-12-31": "50.38900", "2008-09-30": "55.02900", "2008-06-30": "69.25900", "2008-03-31": "67.12400", "2007-12-31": "60.49400", "2007-09-30": "66.42600", "2007-06-30": "57.13800", "2007-03-31": "64.47000", "2006-12-31": "61.97400", "2006-09-30": "356.85200", "2006-06-30": "66.29300", "2006-03-31": "63.82800", "2005-12-31": "55.99400", "2005-09-30": "50.99000", "2005-06-30": "56.68000", "2005-03-31": "58.48700"}, "Research And Development Expenses": {"2020-09-30": "28.82100", "2020-06-30": "28.28300", "2020-03-31": "29.79400", "2019-12-31": "28.68000", "2019-09-30": "27.25800", "2019-06-30": "30.69200", "2019-03-31": "30.46100", "2018-12-31": "28.94200", "2018-09-30": "32.10800", "2018-06-30": "34.30300", "2018-03-31": "34.78300", "2017-12-31": "31.39200", "2017-09-30": "31.06300", "2017-06-30": "30.48300", "2017-03-31": "30.53600", "2016-12-31": "27.08400", "2016-09-30": "20.26500", "2016-06-30": "21.44100", "2016-03-31": "20.95500", "2015-12-31": "19.14000", "2015-09-30": "19.98800", "2015-06-30": "21.27000", "2015-03-31": "21.02400", "2014-12-31": "19.17300", "2014-09-30": "18.67400", "2014-06-30": "19.04600", "2014-03-31": "20.41300", "2013-12-31": "20.93700", "2013-09-30": "21.55600", "2013-06-30": "21.78200", "2013-03-31": "20.14600", "2012-12-31": "19.30100", "2012-09-30": "19.85200", "2012-06-30": "19.30600", "2012-03-31": "20.32300", "2011-12-31": "18.77900", "2011-09-30": "19.71800", "2011-06-30": "21.73800", "2011-03-31": "21.24600", "2010-12-31": "18.53000", "2010-09-30": "19.19200", "2010-06-30": "18.26400", "2010-03-31": "19.48800", "2009-12-31": "15.41000", "2009-09-30": "15.50000", "2009-06-30": "15.52900", "2009-03-31": "15.61000", "2008-12-31": "14.77800", "2008-09-30": "17.46400", "2008-06-30": "19.07600", "2008-03-31": "19.42800", "2007-12-31": "18.31900", "2007-09-30": "18.04700", "2007-06-30": "19.33700", "2007-03-31": "18.88400", "2006-12-31": "18.32200", "2006-09-30": "20.26300", "2006-06-30": "18.84400", "2006-03-31": "19.19600", "2005-12-31": "14.74800", "2005-09-30": "15.06400", "2005-06-30": "13.88200", "2005-03-31": "14.17500"}, "SG&A Expenses": {"2020-09-30": "73.08100", "2020-06-30": "67.52500", "2020-03-31": "61.30700", "2019-12-31": "68.55100", "2019-09-30": "70.55100", "2019-06-30": "67.68600", "2019-03-31": "69.46300", "2018-12-31": "64.55700", "2018-09-30": "72.75800", "2018-06-30": "70.29100", "2018-03-31": "77.14600", "2017-12-31": "73.43700", "2017-09-30": "73.48200", "2017-06-30": "72.38300", "2017-03-31": "72.45100", "2016-12-31": "73.76800", "2016-09-30": "45.16800", "2016-06-30": "46.25600", "2016-03-31": "40.94000", "2015-12-31": "36.77400", "2015-09-30": "36.05200", "2015-06-30": "36.15400", "2015-03-31": "39.48200", "2014-12-31": "38.14100", "2014-09-30": "37.61700", "2014-06-30": "37.22600", "2014-03-31": "39.29600", "2013-12-31": "39.89100", "2013-09-30": "36.43700", "2013-06-30": "38.74800", "2013-03-31": "37.34600", "2012-12-31": "36.98200", "2012-09-30": "35.61700", "2012-06-30": "32.89400", "2012-03-31": "35.37700", "2011-12-31": "34.63100", "2011-09-30": "36.45900", "2011-06-30": "37.98300", "2011-03-31": "38.97900", "2010-12-31": "36.07800", "2010-09-30": "32.84800", "2010-06-30": "31.58400", "2010-03-31": "31.16400", "2009-12-31": "27.97900", "2009-09-30": "27.28500", "2009-06-30": "29.22300", "2009-03-31": "27.96200", "2008-12-31": "23.62800", "2008-09-30": "30.69400", "2008-06-30": "39.48000", "2008-03-31": "37.38400", "2007-12-31": "38.81800", "2007-09-30": "44.22700", "2007-06-30": "39.09500", "2007-03-31": "37.13900", "2006-12-31": "33.48400", "2006-09-30": "37.21200", "2006-06-30": "33.32500", "2006-03-31": "32.12000", "2005-12-31": "29.88800", "2005-09-30": "29.72000", "2005-06-30": "28.85500", "2005-03-31": "28.76500"}, "Other Operating Income Or Expenses": {"2020-09-30": "", "2020-06-30": "", "2020-03-31": "", "2019-12-31": "", "2019-09-30": "", "2019-06-30": "", "2019-03-31": "", "2018-12-31": "", "2018-09-30": "", "2018-06-30": "-0.61100", "2018-03-31": "0.11000", "2017-12-31": "-0.26500", "2017-09-30": "-2.91600", "2017-06-30": "", "2017-03-31": "", "2016-12-31": "5.41600", "2016-09-30": "", "2016-06-30": "", "2016-03-31": "", "2015-12-31": "", "2015-09-30": "1.31600", "2015-06-30": "-2.01700", "2015-03-31": "", "2014-12-31": "", "2014-09-30": "", "2014-06-30": "0.00000", "2014-03-31": "", "2013-12-31": "", "2013-09-30": "", "2013-06-30": "", "2013-03-31": "", "2012-12-31": "", "2012-09-30": "", "2012-06-30": "", "2012-03-31": "", "2011-12-31": "", "2011-09-30": "", "2011-06-30": "", "2011-03-31": "", "2010-12-31": "", "2010-09-30": "", "2010-06-30": "", "2010-03-31": "", "2009-12-31": "", "2009-09-30": "", "2009-06-30": "", "2009-03-31": "", "2008-12-31": "", "2008-09-30": "", "2008-06-30": "", "2008-03-31": "", "2007-12-31": "", "2007-09-30": "", "2007-06-30": "", "2007-03-31": "", "2006-12-31": "", "2006-09-30": "", "2006-06-30": "", "2006-03-31": "", "2005-12-31": "", "2005-09-30": "", "2005-06-30": "", "2005-03-31": ""}, "Operating Expenses": {"2020-09-30": "307.03600", "2020-06-30": "299.50400", "2020-03-31": "742.45800", "2019-12-31": "310.18100", "2019-09-30": "326.88990", "2019-06-30": "346.32700", "2019-03-31": "343.99300", "2018-12-31": "330.33500", "2018-09-30": "379.03890", "2018-06-30": "381.81800", "2018-03-31": "380.45700", "2017-12-31": "368.24200", "2017-09-30": "378.66890", "2017-06-30": "363.53000", "2017-03-31": "351.74400", "2016-12-31": "303.87300", "2016-09-30": "200.42200", "2016-06-30": "192.47900", "2016-03-31": "173.87800", "2015-12-31": "162.99200", "2015-09-30": "174.00990", "2015-06-30": "169.80800", "2015-03-31": "181.58900", "2014-12-31": "176.30600", "2014-09-30": "181.44990", "2014-06-30": "179.36900", "2014-03-31": "179.18200", "2013-12-31": "177.77200", "2013-09-30": "187.08100", "2013-06-30": "192.28100", "2013-03-31": "183.16100", "2012-12-31": "162.70400", "2012-09-30": "171.79600", "2012-06-30": "170.06100", "2012-03-31": "172.94700", "2011-12-31": "165.45400", "2011-09-30": "176.51990", "2011-06-30": "182.29200", "2011-03-31": "174.59300", "2010-12-31": "157.42000", "2010-09-30": "150.66300", "2010-06-30": "144.23900", "2010-03-31": "136.15200", "2009-12-31": "117.13300", "2009-09-30": "114.60000", "2009-06-30": "111.52400", "2009-03-31": "111.28100", "2008-12-31": "133.63400", "2008-09-30": "137.18010", "2008-06-30": "148.48600", "2008-03-31": "147.85900", "2007-12-31": "143.14500", "2007-09-30": "156.69400", "2007-06-30": "148.18700", "2007-03-31": "145.73000", "2006-12-31": "139.42100", "2006-09-30": "153.42490", "2006-06-30": "137.93100", "2006-03-31": "135.86000", "2005-12-31": "122.77000", "2005-09-30": "130.49590", "2005-06-30": "114.21700", "2005-03-31": "117.11600"}, "Operating Income": {"2020-09-30": "9.71510", "2020-06-30": "-1.17400", "2020-03-31": "-449.31100", "2019-12-31": "10.59000", "2019-09-30": "8.57410", "2019-06-30": "-7.15700", "2019-03-31": "28.86700", "2018-12-31": "52.81100", "2018-09-30": "82.50900", "2018-06-30": "100.52400", "2018-03-31": "100.66100", "2017-12-31": "109.32300", "2017-09-30": "111.62920", "2017-06-30": "100.57700", "2017-03-31": "71.08900", "2016-12-31": "42.20000", "2016-09-30": "48.03900", "2016-06-30": "26.28800", "2016-03-31": "26.00400", "2015-12-31": "27.28300", "2015-09-30": "35.61210", "2015-06-30": "18.69400", "2015-03-31": "22.13200", "2014-12-31": "24.30900", "2014-09-30": "23.89400", "2014-06-30": "17.14800", "2014-03-31": "20.04000", "2013-12-31": "15.78400", "2013-09-30": "26.06000", "2013-06-30": "21.44400", "2013-03-31": "16.89700", "2012-12-31": "20.49800", "2012-09-30": "16.85800", "2012-06-30": "26.32200", "2012-03-31": "20.33700", "2011-12-31": "25.31300", "2011-09-30": "31.44100", "2011-06-30": "28.59000", "2011-03-31": "26.28700", "2010-12-31": "25.69100", "2010-09-30": "15.73500", "2010-06-30": "22.45800", "2010-03-31": "13.00500", "2009-12-31": "5.68200", "2009-09-30": "-7.00700", "2009-06-30": "-13.04500", "2009-03-31": "-5.85900", "2008-12-31": "-9.24600", "2008-09-30": "4.81990", "2008-06-30": "8.53800", "2008-03-31": "8.08300", "2007-12-31": "1.15100", "2007-09-30": "2.22600", "2007-06-30": "-5.57900", "2007-03-31": "6.38600", "2006-12-31": "8.08800", "2006-09-30": "291.57510", "2006-06-30": "11.59300", "2006-03-31": "10.12800", "2005-12-31": "8.22400", "2005-09-30": "3.29010", "2005-06-30": "11.05200", "2005-03-31": "14.05900"}, "Total Non-Operating Income/Expense": {"2020-09-30": "0.43600", "2020-06-30": "-4.28200", "2020-03-31": "-5.66300", "2019-12-31": "-3.03400", "2019-09-30": "-5.25800", "2019-06-30": "-4.38600", "2019-03-31": "-4.25200", "2018-12-31": "-9.15100", "2018-09-30": "-5.82700", "2018-06-30": "-7.62500", "2018-03-31": "-9.51000", "2017-12-31": "-8.50000", "2017-09-30": "-10.41500", "2017-06-30": "-7.94200", "2017-03-31": "-10.25500", "2016-12-31": "5.17200", "2016-09-30": "-3.56800", "2016-06-30": "0.85200", "2016-03-31": "-1.78000", "2015-12-31": "-0.22200", "2015-09-30": "-1.87600", "2015-06-30": "-0.60800", "2015-03-31": "1.99000", "2014-12-31": "-0.68500", "2014-09-30": "1.75600", "2014-06-30": "-0.22300", "2014-03-31": "1.04000", "2013-12-31": "-0.22000", "2013-09-30": "-0.30800", "2013-06-30": "-0.95300", "2013-03-31": "1.29500", "2012-12-31": "-1.43700", "2012-09-30": "1.29900", "2012-06-30": "-1.93700", "2012-03-31": "1.91200", "2011-12-31": "0.51800", "2011-09-30": "-0.02500", "2011-06-30": "0.76600", "2011-03-31": "9.32500", "2010-12-31": "1.75400", "2010-09-30": "-1.00000", "2010-06-30": "-0.18500", "2010-03-31": "1.49200", "2009-12-31": "0.79200", "2009-09-30": "1.80300", "2009-06-30": "3.32900", "2009-03-31": "-1.60000", "2008-12-31": "-4.23000", "2008-09-30": "1.77200", "2008-06-30": "2.77900", "2008-03-31": "4.26300", "2007-12-31": "5.88100", "2007-09-30": "1.41500", "2007-06-30": "6.01700", "2007-03-31": "5.09600", "2006-12-31": "5.27400", "2006-09-30": "4.34200", "2006-06-30": "3.53300", "2006-03-31": "2.16700", "2005-12-31": "1.47300", "2005-09-30": "3.12700", "2005-06-30": "0.72400", "2005-03-31": "0.79000"}, "Pre-Tax Income": {"2020-09-30": "10.15100", "2020-06-30": "-5.45600", "2020-03-31": "-454.97400", "2019-12-31": "7.55600", "2019-09-30": "3.31600", "2019-06-30": "-11.54300", "2019-03-31": "24.61500", "2018-12-31": "43.66000", "2018-09-30": "76.68200", "2018-06-30": "92.89900", "2018-03-31": "91.15100", "2017-12-31": "100.82300", "2017-09-30": "101.21400", "2017-06-30": "92.63500", "2017-03-31": "60.83400", "2016-12-31": "47.37200", "2016-09-30": "44.47100", "2016-06-30": "27.14000", "2016-03-31": "24.22400", "2015-12-31": "27.06100", "2015-09-30": "33.73600", "2015-06-30": "18.08600", "2015-03-31": "24.12200", "2014-12-31": "23.62400", "2014-09-30": "25.65000", "2014-06-30": "16.92500", "2014-03-31": "21.08000", "2013-12-31": "15.56400", "2013-09-30": "25.75200", "2013-06-30": "20.49100", "2013-03-31": "18.19200", "2012-12-31": "19.06100", "2012-09-30": "18.15700", "2012-06-30": "24.38500", "2012-03-31": "22.24900", "2011-12-31": "25.83100", "2011-09-30": "31.41600", "2011-06-30": "29.35600", "2011-03-31": "35.61200", "2010-12-31": "27.44500", "2010-09-30": "14.73500", "2010-06-30": "22.27300", "2010-03-31": "14.49700", "2009-12-31": "6.47400", "2009-09-30": "-5.20400", "2009-06-30": "-9.71600", "2009-03-31": "-7.45900", "2008-12-31": "-13.47600", "2008-09-30": "6.59200", "2008-06-30": "11.31700", "2008-03-31": "12.34600", "2007-12-31": "7.03200", "2007-09-30": "3.64100", "2007-06-30": "0.43800", "2007-03-31": "11.48200", "2006-12-31": "13.36200", "2006-09-30": "445.00000", "2006-06-30": "15.12600", "2006-03-31": "12.29500", "2005-12-31": "9.69700", "2005-09-30": "6.41700", "2005-06-30": "11.77600", "2005-03-31": "14.84900"}, "Income Taxes": {"2020-09-30": "2.46200", "2020-06-30": "3.25200", "2020-03-31": "-36.06100", "2019-12-31": "1.76300", "2019-09-30": "2.69200", "2019-06-30": "-8.44400", "2019-03-31": "3.86500", "2018-12-31": "8.11000", "2018-09-30": "3.49700", "2018-06-30": "25.92900", "2018-03-31": "25.84900", "2017-12-31": "58.92000", "2017-09-30": "28.32700", "2017-06-30": "29.76400", "2017-03-31": "18.64600", "2016-12-31": "16.67400", "2016-09-30": "13.68600", "2016-06-30": "8.49000", "2016-03-31": "6.44300", "2015-12-31": "6.77500", "2015-09-30": "6.43400", "2015-06-30": "4.82200", "2015-03-31": "5.70900", "2014-12-31": "6.19400", "2014-09-30": "6.55300", "2014-06-30": "3.92600", "2014-03-31": "5.77300", "2013-12-31": "3.86100", "2013-09-30": "5.23700", "2013-06-30": "3.80600", "2013-03-31": "3.19000", "2012-12-31": "4.90800", "2012-09-30": "5.60900", "2012-06-30": "7.17700", "2012-03-31": "6.09400", "2011-12-31": "8.78000", "2011-09-30": "0.03600", "2011-06-30": "10.33400", "2011-03-31": "11.88900", "2010-12-31": "8.33200", "2010-09-30": "4.88200", "2010-06-30": "7.86900", "2010-03-31": "6.01700", "2009-12-31": "2.29500", "2009-09-30": "-0.70900", "2009-06-30": "-2.70100", "2009-03-31": "1.67100", "2008-12-31": "1.20300", "2008-09-30": "2.44500", "2008-06-30": "2.91500", "2008-03-31": "6.22100", "2007-12-31": "2.30300", "2007-09-30": "4.96700", "2007-06-30": "1.20100", "2007-03-31": "4.20000", "2006-12-31": "2.60400", "2006-09-30": "-10.25200", "2006-06-30": "3.88100", "2006-03-31": "6.29800", "2005-12-31": "0.86000", "2005-09-30": "2.61300", "2005-06-30": "2.13100", "2005-03-31": "-4.72800"}, "Income After Taxes": {"2020-09-30": "7.68900", "2020-06-30": "-8.70800", "2020-03-31": "-418.91300", "2019-12-31": "5.79300", "2019-09-30": "0.62400", "2019-06-30": "-3.09900", "2019-03-31": "20.75000", "2018-12-31": "35.55000", "2018-09-30": "73.18500", "2018-06-30": "66.97000", "2018-03-31": "65.30200", "2017-12-31": "41.90300", "2017-09-30": "72.88700", "2017-06-30": "62.87100", "2017-03-31": "42.18800", "2016-12-31": "30.69800", "2016-09-30": "30.78500", "2016-06-30": "18.65000", "2016-03-31": "17.78100", "2015-12-31": "20.28600", "2015-09-30": "27.30200", "2015-06-30": "13.26400", "2015-03-31": "18.41300", "2014-12-31": "17.43000", "2014-09-30": "19.09700", "2014-06-30": "12.99900", "2014-03-31": "15.30700", "2013-12-31": "11.70300", "2013-09-30": "20.51500", "2013-06-30": "16.68500", "2013-03-31": "15.00200", "2012-12-31": "14.15300", "2012-09-30": "12.54800", "2012-06-30": "17.20800", "2012-03-31": "16.15500", "2011-12-31": "17.05100", "2011-09-30": "31.38000", "2011-06-30": "19.02200", "2011-03-31": "23.72300", "2010-12-31": "19.11300", "2010-09-30": "9.85300", "2010-06-30": "14.40400", "2010-03-31": "8.48000", "2009-12-31": "4.17900", "2009-09-30": "-4.49500", "2009-06-30": "-7.01500", "2009-03-31": "-9.13000", "2008-12-31": "-14.67900", "2008-09-30": "4.14700", "2008-06-30": "8.40200", "2008-03-31": "6.12500", "2007-12-31": "4.72900", "2007-09-30": "-1.32600", "2007-06-30": "-0.76300", "2007-03-31": "7.28200", "2006-12-31": "10.75800", "2006-09-30": "445.00000", "2006-06-30": "11.24500", "2006-03-31": "5.99700", "2005-12-31": "8.83700", "2005-09-30": "3.80400", "2005-06-30": "9.64500", "2005-03-31": "19.57700"}, "Other Income": {"2020-09-30": "", "2020-06-30": "", "2020-03-31": "", "2019-12-31": "", "2019-09-30": "", "2019-06-30": "", "2019-03-31": "", "2018-12-31": "", "2018-09-30": "", "2018-06-30": "", "2018-03-31": "", "2017-12-31": "", "2017-09-30": "", "2017-06-30": "", "2017-03-31": "", "2016-12-31": "", "2016-09-30": "", "2016-06-30": "", "2016-03-31": "", "2015-12-31": "", "2015-09-30": "", "2015-06-30": "", "2015-03-31": "", "2014-12-31": "", "2014-09-30": "", "2014-06-30": "", "2014-03-31": "", "2013-12-31": "", "2013-09-30": "", "2013-06-30": "", "2013-03-31": "", "2012-12-31": "", "2012-09-30": "", "2012-06-30": "", "2012-03-31": "", "2011-12-31": "", "2011-09-30": "", "2011-06-30": "", "2011-03-31": "", "2010-12-31": "", "2010-09-30": "", "2010-06-30": "", "2010-03-31": "", "2009-12-31": "", "2009-09-30": "", "2009-06-30": "", "2009-03-31": "", "2008-12-31": "", "2008-09-30": "", "2008-06-30": "", "2008-03-31": "", "2007-12-31": "", "2007-09-30": "", "2007-06-30": "", "2007-03-31": "", "2006-12-31": "", "2006-09-30": "", "2006-06-30": "", "2006-03-31": "", "2005-12-31": "", "2005-09-30": "", "2005-06-30": "", "2005-03-31": ""}, "Income From Continuous Operations": {"2020-09-30": "7.68900", "2020-06-30": "-8.70800", "2020-03-31": "-418.91300", "2019-12-31": "5.79300", "2019-09-30": "0.62400", "2019-06-30": "-3.09900", "2019-03-31": "20.75000", "2018-12-31": "35.55000", "2018-09-30": "73.18500", "2018-06-30": "66.97000", "2018-03-31": "65.30200", "2017-12-31": "41.90300", "2017-09-30": "72.88700", "2017-06-30": "62.87100", "2017-03-31": "42.18800", "2016-12-31": "30.69800", "2016-09-30": "30.78500", "2016-06-30": "18.65000", "2016-03-31": "17.78100", "2015-12-31": "20.28600", "2015-09-30": "27.30200", "2015-06-30": "13.26400", "2015-03-31": "18.41300", "2014-12-31": "17.43000", "2014-09-30": "19.09700", "2014-06-30": "12.99900", "2014-03-31": "15.30700", "2013-12-31": "11.70300", "2013-09-30": "20.51500", "2013-06-30": "16.68500", "2013-03-31": "15.00200", "2012-12-31": "14.15300", "2012-09-30": "12.54800", "2012-06-30": "17.20800", "2012-03-31": "16.15500", "2011-12-31": "17.05100", "2011-09-30": "31.38000", "2011-06-30": "19.02200", "2011-03-31": "23.72300", "2010-12-31": "19.11300", "2010-09-30": "9.85300", "2010-06-30": "14.40400", "2010-03-31": "8.48000", "2009-12-31": "4.17900", "2009-09-30": "-4.49500", "2009-06-30": "-7.01500", "2009-03-31": "-9.13000", "2008-12-31": "-14.67900", "2008-09-30": "4.14700", "2008-06-30": "8.40200", "2008-03-31": "6.12500", "2007-12-31": "4.72900", "2007-09-30": "-1.32600", "2007-06-30": "-0.76300", "2007-03-31": "7.28200", "2006-12-31": "10.75800", "2006-09-30": "445.00000", "2006-06-30": "11.24500", "2006-03-31": "5.99700", "2005-12-31": "8.83700", "2005-09-30": "3.80400", "2005-06-30": "9.64500", "2005-03-31": "19.57700"}, "Income From Discontinued Operations": {"2020-09-30": "", "2020-06-30": "", "2020-03-31": "", "2019-12-31": "", "2019-09-30": "", "2019-06-30": "", "2019-03-31": "", "2018-12-31": "", "2018-09-30": "", "2018-06-30": "", "2018-03-31": "", "2017-12-31": "-0.00200", "2017-09-30": "0.86500", "2017-06-30": "-1.75400", "2017-03-31": "-0.34300", "2016-12-31": "-0.29000", "2016-09-30": "", "2016-06-30": "", "2016-03-31": "", "2015-12-31": "", "2015-09-30": "", "2015-06-30": "", "2015-03-31": "", "2014-12-31": "", "2014-09-30": "", "2014-06-30": "", "2014-03-31": "", "2013-12-31": "", "2013-09-30": "", "2013-06-30": "", "2013-03-31": "", "2012-12-31": "", "2012-09-30": "", "2012-06-30": "", "2012-03-31": "", "2011-12-31": "", "2011-09-30": "", "2011-06-30": "", "2011-03-31": "", "2010-12-31": "", "2010-09-30": "", "2010-06-30": "", "2010-03-31": "", "2009-12-31": "", "2009-09-30": "", "2009-06-30": "", "2009-03-31": "", "2008-12-31": "", "2008-09-30": "", "2008-06-30": "", "2008-03-31": "", "2007-12-31": "", "2007-09-30": "", "2007-06-30": "", "2007-03-31": "", "2006-12-31": "", "2006-09-30": "", "2006-06-30": "", "2006-03-31": "", "2005-12-31": "", "2005-09-30": "", "2005-06-30": "", "2005-03-31": ""}, "Net Income": {"2020-09-30": "7.68900", "2020-06-30": "-8.70800", "2020-03-31": "-418.91300", "2019-12-31": "5.79300", "2019-09-30": "0.62400", "2019-06-30": "-3.09900", "2019-03-31": "20.75000", "2018-12-31": "35.55000", "2018-09-30": "73.18500", "2018-06-30": "66.97000", "2018-03-31": "65.30200", "2017-12-31": "41.90100", "2017-09-30": "73.75200", "2017-06-30": "61.11700", "2017-03-31": "41.84500", "2016-12-31": "30.40800", "2016-09-30": "30.78500", "2016-06-30": "18.65000", "2016-03-31": "17.78100", "2015-12-31": "20.28600", "2015-09-30": "27.30200", "2015-06-30": "13.26400", "2015-03-31": "18.41300", "2014-12-31": "17.43000", "2014-09-30": "19.09700", "2014-06-30": "12.99900", "2014-03-31": "15.30700", "2013-12-31": "11.70300", "2013-09-30": "20.51500", "2013-06-30": "16.68500", "2013-03-31": "15.00200", "2012-12-31": "14.15300", "2012-09-30": "12.54800", "2012-06-30": "17.20800", "2012-03-31": "16.15500", "2011-12-31": "17.05100", "2011-09-30": "31.38000", "2011-06-30": "19.02200", "2011-03-31": "23.72300", "2010-12-31": "19.11300", "2010-09-30": "9.85300", "2010-06-30": "14.40400", "2010-03-31": "8.48000", "2009-12-31": "4.17900", "2009-09-30": "-4.49500", "2009-06-30": "-7.01500", "2009-03-31": "-9.13000", "2008-12-31": "-14.67900", "2008-09-30": "4.14700", "2008-06-30": "8.40200", "2008-03-31": "6.12500", "2007-12-31": "4.72900", "2007-09-30": "-1.32600", "2007-06-30": "-0.76300", "2007-03-31": "7.28200", "2006-12-31": "10.75800", "2006-09-30": "445.00000", "2006-06-30": "11.24500", "2006-03-31": "5.99700", "2005-12-31": "8.83700", "2005-09-30": "3.80400", "2005-06-30": "9.64500", "2005-03-31": "19.57700"}, "EBITDA": {"2020-09-30": "355.08510", "2020-06-30": "-310.25200", "2020-03-31": "-92.61100", "2019-12-31": "40.98800", "2019-09-30": "36.60910", "2019-06-30": "26.48900", "2019-03-31": "57.94700", "2018-12-31": "83.08200", "2018-09-30": "112.83100", "2018-06-30": "130.09900", "2018-03-31": "132.24000", "2017-12-31": "140.79300", "2017-09-30": "144.22720", "2017-06-30": "128.91000", "2017-03-31": "99.92200", "2016-12-31": "63.88300", "2016-09-30": "56.78300", "2016-06-30": "34.84700", "2016-03-31": "34.57900", "2015-12-31": "35.76000", "2015-09-30": "44.04210", "2015-06-30": "26.67100", "2015-03-31": "30.39400", "2014-12-31": "32.69900", "2014-09-30": "32.80800", "2014-06-30": "26.03200", "2014-03-31": "29.29900", "2013-12-31": "24.92800", "2013-09-30": "35.48410", "2013-06-30": "30.76700", "2013-03-31": "26.98400", "2012-12-31": "27.78700", "2012-09-30": "24.35800", "2012-06-30": "33.71800", "2012-03-31": "27.62600", "2011-12-31": "32.77700", "2011-09-30": "39.00600", "2011-06-30": "35.57700", "2011-03-31": "33.49400", "2010-12-31": "32.55300", "2010-09-30": "22.72900", "2010-06-30": "29.53100", "2010-03-31": "20.88400", "2009-12-31": "13.39500", "2009-09-30": "-0.45900", "2009-06-30": "-6.48600", "2009-03-31": "1.02200", "2008-12-31": "16.71200", "2008-09-30": "12.51300", "2008-06-30": "16.13900", "2008-03-31": "16.57200", "2007-12-31": "9.33800", "2007-09-30": "15.26200", "2007-06-30": "3.32600", "2007-03-31": "15.10300", "2006-12-31": "16.54300", "2006-09-30": "300.17310", "2006-06-30": "20.85400", "2006-03-31": "19.39600", "2005-12-31": "17.19800", "2005-09-30": "13.15010", "2005-06-30": "19.76100", "2005-03-31": "22.69000"}, "EBIT": {"2020-09-30": "9.71500", "2020-06-30": "-1.17400", "2020-03-31": "-449.31100", "2019-12-31": "10.59000", "2019-09-30": "8.57410", "2019-06-30": "-7.15700", "2019-03-31": "28.86700", "2018-12-31": "52.81100", "2018-09-30": "82.50910", "2018-06-30": "100.52400", "2018-03-31": "100.66100", "2017-12-31": "109.32300", "2017-09-30": "111.62910", "2017-06-30": "100.57700", "2017-03-31": "71.08900", "2016-12-31": "42.20000", "2016-09-30": "48.03900", "2016-06-30": "26.28800", "2016-03-31": "26.00400", "2015-12-31": "27.28300", "2015-09-30": "35.61210", "2015-06-30": "18.69400", "2015-03-31": "22.13200", "2014-12-31": "24.30900", "2014-09-30": "23.89400", "2014-06-30": "17.14800", "2014-03-31": "20.04000", "2013-12-31": "15.78400", "2013-09-30": "26.06000", "2013-06-30": "21.44400", "2013-03-31": "16.89700", "2012-12-31": "20.49800", "2012-09-30": "16.85800", "2012-06-30": "26.32200", "2012-03-31": "20.33700", "2011-12-31": "25.31300", "2011-09-30": "31.44100", "2011-06-30": "28.59000", "2011-03-31": "26.28700", "2010-12-31": "25.69100", "2010-09-30": "15.73500", "2010-06-30": "22.45800", "2010-03-31": "13.00500", "2009-12-31": "5.68200", "2009-09-30": "-7.00700", "2009-06-30": "-13.04500", "2009-03-31": "-5.85900", "2008-12-31": "-9.24600", "2008-09-30": "4.82000", "2008-06-30": "8.53800", "2008-03-31": "8.08300", "2007-12-31": "1.15100", "2007-09-30": "2.22600", "2007-06-30": "-5.57900", "2007-03-31": "6.38600", "2006-12-31": "8.08800", "2006-09-30": "445.00000", "2006-06-30": "11.59300", "2006-03-31": "10.12800", "2005-12-31": "8.22400", "2005-09-30": "3.29010", "2005-06-30": "11.05200", "2005-03-31": "14.05900"}, "Basic Shares Outstanding": {"2020-09-30": "24.10500", "2020-06-30": "24.15900", "2020-03-31": "24.09500", "2019-12-31": "23.97100", "2019-09-30": "24.11800", "2019-06-30": "24.05400", "2019-03-31": "24.23200", "2018-12-31": "24.26800", "2018-09-30": "24.57200", "2018-06-30": "24.65800", "2018-03-31": "24.76100", "2017-12-31": "24.63500", "2017-09-30": "24.48700", "2017-06-30": "24.53700", "2017-03-31": "24.49600", "2016-12-31": "24.34700", "2016-09-30": "24.14200", "2016-06-30": "24.19200", "2016-03-31": "24.13700", "2015-12-31": "23.99600", "2015-09-30": "24.75400", "2015-06-30": "24.73700", "2015-03-31": "24.70900", "2014-12-31": "24.93600", "2014-09-30": "24.76000", "2014-06-30": "24.83700", "2014-03-31": "24.78200", "2013-12-31": "24.54200", "2013-09-30": "24.13800", "2013-06-30": "24.31000", "2013-03-31": "24.08500", "2012-12-31": "23.77000", "2012-09-30": "23.56100", "2012-06-30": "23.63300", "2012-03-31": "23.52100", "2011-12-31": "23.46200", "2011-09-30": "24.92400", "2011-06-30": "25.06600", "2011-03-31": "25.24600", "2010-12-31": "24.68800", "2010-09-30": "24.71800", "2010-06-30": "25.02200", "2010-03-31": "24.70400", "2009-12-31": "24.46900", "2009-09-30": "24.28100", "2009-06-30": "24.33100", "2009-03-31": "24.25800", "2008-12-31": "24.14500", "2008-09-30": "27.50500", "2008-06-30": "23.51400", "2008-03-31": "31.39400", "2007-12-31": "31.41700", "2007-09-30": "31.39800", "2007-06-30": "31.41700", "2007-03-31": "31.41700", "2006-12-31": "31.33900", "2006-09-30": "30.97300", "2006-06-30": "30.86800", "2006-03-31": "30.75400", "2005-12-31": "31.12400", "2005-09-30": "30.75600", "2005-06-30": "30.85600", "2005-03-31": "30.62800"}, "Shares Outstanding": {"2020-09-30": "24.10500", "2020-06-30": "24.15900", "2020-03-31": "24.09500", "2019-12-31": "24.16000", "2019-09-30": "24.27900", "2019-06-30": "24.05400", "2019-03-31": "24.33200", "2018-12-31": "24.47200", "2018-09-30": "24.85100", "2018-06-30": "24.87700", "2018-03-31": "25.01000", "2017-12-31": "25.02500", "2017-09-30": "24.77700", "2017-06-30": "24.82300", "2017-03-31": "24.75700", "2016-12-31": "24.64400", "2016-09-30": "24.41500", "2016-06-30": "24.46700", "2016-03-31": "24.36200", "2015-12-31": "24.23600", "2015-09-30": "24.99200", "2015-06-30": "24.97200", "2015-03-31": "24.89100", "2014-12-31": "25.19700", "2014-09-30": "25.07600", "2014-06-30": "25.11500", "2014-03-31": "25.04400", "2013-12-31": "24.91500", "2013-09-30": "24.55500", "2013-06-30": "24.69000", "2013-03-31": "24.47500", "2012-12-31": "24.22200", "2012-09-30": "24.02600", "2012-06-30": "24.05400", "2012-03-31": "23.99600", "2011-12-31": "23.96100", "2011-09-30": "25.46400", "2011-06-30": "25.58700", "2011-03-31": "25.83200", "2010-12-31": "25.26800", "2010-09-30": "25.09100", "2010-06-30": "25.43800", "2010-03-31": "24.99600", "2009-12-31": "24.67800", "2009-09-30": "24.28100", "2009-06-30": "24.33100", "2009-03-31": "24.25800", "2008-12-31": "24.14500", "2008-09-30": "28.05400", "2008-06-30": "24.11000", "2008-03-31": "31.87400", "2007-12-31": "31.95900", "2007-09-30": "32.02400", "2007-06-30": "31.41700", "2007-03-31": "31.93700", "2006-12-31": "32.12500", "2006-09-30": "31.56700", "2006-06-30": "31.59600", "2006-03-31": "31.31400", "2005-12-31": "31.47100", "2005-09-30": "31.22400", "2005-06-30": "31.45400", "2005-03-31": "31.11200"}, "Basic EPS": {"2020-09-30": "0.33000", "2020-06-30": "-0.36000", "2020-03-31": "-17.39000", "2019-12-31": "0.24000", "2019-09-30": "0.04000", "2019-06-30": "-0.13000", "2019-03-31": "0.86000", "2018-12-31": "1.46000", "2018-09-30": "3.01000", "2018-06-30": "2.72000", "2018-03-31": "2.64000", "2017-12-31": "1.70000", "2017-09-30": "3.01000", "2017-06-30": "2.49000", "2017-03-31": "1.71000", "2016-12-31": "1.25000", "2016-09-30": "1.26000", "2016-06-30": "0.77000", "2016-03-31": "0.74000", "2015-12-31": "0.85000", "2015-09-30": "1.10000", "2015-06-30": "0.54000", "2015-03-31": "0.75000", "2014-12-31": "0.70000", "2014-09-30": "0.77000", "2014-06-30": "0.52000", "2014-03-31": "0.62000", "2013-12-31": "0.48000", "2013-09-30": "0.84000", "2013-06-30": "0.69000", "2013-03-31": "0.62000", "2012-12-31": "0.60000", "2012-09-30": "0.52000", "2012-06-30": "0.73000", "2012-03-31": "0.69000", "2011-12-31": "0.73000", "2011-09-30": "1.27000", "2011-06-30": "0.76000", "2011-03-31": "0.94000", "2010-12-31": "0.77000", "2010-09-30": "0.40000", "2010-06-30": "0.58000", "2010-03-31": "0.34000", "2009-12-31": "0.17000", "2009-09-30": "-0.17000", "2009-06-30": "-0.29000", "2009-03-31": "-0.38000", "2008-12-31": "-0.61000", "2008-09-30": "0.14000", "2008-06-30": "0.36000", "2008-03-31": "0.20000", "2007-12-31": "0.15000", "2007-09-30": "-0.04000", "2007-06-30": "-0.02000", "2007-03-31": "0.23000", "2006-12-31": "0.34000", "2006-09-30": "0.64000", "2006-06-30": "0.36000", "2006-03-31": "0.19000", "2005-12-31": "0.28000", "2005-09-30": "0.12000", "2005-06-30": "0.31000", "2005-03-31": "0.64000"}, "EPS - Earnings Per Share": {"2020-09-30": "0.33000", "2020-06-30": "-0.36000", "2020-03-31": "-17.39000", "2019-12-31": "0.24000", "2019-09-30": "0.05000", "2019-06-30": "-0.13000", "2019-03-31": "0.85000", "2018-12-31": "1.45000", "2018-09-30": "2.98000", "2018-06-30": "2.69000", "2018-03-31": "2.61000", "2017-12-31": "1.67000", "2017-09-30": "2.98000", "2017-06-30": "2.46000", "2017-03-31": "1.69000", "2016-12-31": "1.23000", "2016-09-30": "1.25000", "2016-06-30": "0.76000", "2016-03-31": "0.73000", "2015-12-31": "0.84000", "2015-09-30": "1.10000", "2015-06-30": "0.53000", "2015-03-31": "0.74000", "2014-12-31": "0.69000", "2014-09-30": "0.76000", "2014-06-30": "0.52000", "2014-03-31": "0.61000", "2013-12-31": "0.47000", "2013-09-30": "0.83000", "2013-06-30": "0.68000", "2013-03-31": "0.61000", "2012-12-31": "0.58000", "2012-09-30": "0.52000", "2012-06-30": "0.72000", "2012-03-31": "0.67000", "2011-12-31": "0.71000", "2011-09-30": "1.24000", "2011-06-30": "0.74000", "2011-03-31": "0.92000", "2010-12-31": "0.76000", "2010-09-30": "0.39000", "2010-06-30": "0.57000", "2010-03-31": "0.34000", "2009-12-31": "0.17000", "2009-09-30": "-0.17000", "2009-06-30": "-0.29000", "2009-03-31": "-0.38000", "2008-12-31": "-0.61000", "2008-09-30": "0.14000", "2008-06-30": "0.35000", "2008-03-31": "0.19000", "2007-12-31": "0.15000", "2007-09-30": "-0.04000", "2007-06-30": "-0.02000", "2007-03-31": "0.23000", "2006-12-31": "0.33000", "2006-09-30": "0.61000", "2006-06-30": "0.36000", "2006-03-31": "0.19000", "2005-12-31": "0.28000", "2005-09-30": "0.12000", "2005-06-30": "0.31000", "2005-03-31": "0.63000"}}, "balance sheet": {"Cash On Hand": {"2020-09-30": "476.36900", "2019-09-30": "306.74500", "2018-09-30": "311.47300", "2017-09-30": "476.67300", "2016-09-30": "399.95300", "2015-09-30": "325.51500", "2014-09-30": "318.27500", "2013-09-30": "250.11000", "2012-09-30": "224.92900", "2011-09-30": "220.20300", "2010-09-30": "263.39600", "2009-09-30": "243.63500", "2008-09-30": "220.73900", "2007-09-30": "364.28300", "2006-09-30": "493.99800", "2005-09-30": "246.38100"}, "Receivables": {"2020-09-30": "220.28900", "2019-09-30": "267.55300", "2018-09-30": "355.20800", "2017-09-30": "305.66800", "2016-09-30": "165.71500", "2015-09-30": "142.26000", "2014-09-30": "137.32400", "2013-09-30": "136.75900", "2012-09-30": "144.34500", "2011-09-30": "141.03700", "2010-09-30": "110.21100", "2009-09-30": "74.23500", "2008-09-30": "96.61100", "2007-09-30": "102.31400", "2006-09-30": "111.44600", "2005-09-30": "87.68400"}, "Inventory": {"2020-09-30": "426.75600", "2019-09-30": "442.53000", "2018-09-30": "486.74100", "2017-09-30": "414.80700", "2016-09-30": "212.89800", "2015-09-30": "156.61400", "2014-09-30": "170.48300", "2013-09-30": "168.06700", "2012-09-30": "160.11300", "2011-09-30": "152.38500", "2010-09-30": "113.85800", "2009-09-30": "97.76700", "2008-09-30": "120.51900", "2007-09-30": "112.89300", "2006-09-30": "101.49400", "2005-09-30": "102.73000"}, "Pre-Paid Expenses": {"2020-09-30": "88.25000", "2019-09-30": "77.99300", "2018-09-30": "85.08000", "2017-09-30": "70.26800", "2016-09-30": "37.07300", "2015-09-30": "28.29400", "2014-09-30": "27.83900", "2013-09-30": "52.57700", "2012-09-30": "61.73000", "2011-09-30": "44.96400", "2010-09-30": "35.00200", "2009-09-30": "38.96900", "2008-09-30": "41.79300", "2007-09-30": "50.24400", "2006-09-30": "21.25600", "2005-09-30": "17.17100"}, "Other Current Assets": {"2020-09-30": "", "2019-09-30": "", "2018-09-30": "", "2017-09-30": "44.24800", "2016-09-30": "", "2015-09-30": "", "2014-09-30": "", "2013-09-30": "", "2012-09-30": "", "2011-09-30": "", "2010-09-30": "", "2009-09-30": "", "2008-09-30": "", "2007-09-30": "", "2006-09-30": "", "2005-09-30": ""}, "Total Current Assets": {"2020-09-30": "1211.66400", "2019-09-30": "1094.82100", "2018-09-30": "1238.50200", "2017-09-30": "1311.66400", "2016-09-30": "815.63900", "2015-09-30": "652.68300", "2014-09-30": "681.05500", "2013-09-30": "629.22600", "2012-09-30": "614.48500", "2011-09-30": "580.64600", "2010-09-30": "542.51700", "2009-09-30": "482.77000", "2008-09-30": "509.78300", "2007-09-30": "665.57800", "2006-09-30": "757.39500", "2005-09-30": "490.61100"}, "Property, Plant, And Equipment": {"2020-09-30": "245.67800", "2019-09-30": "323.43400", "2018-09-30": "311.79300", "2017-09-30": "278.85000", "2016-09-30": "127.44300", "2015-09-30": "102.44500", "2014-09-30": "107.42400", "2013-09-30": "114.33300", "2012-09-30": "115.09600", "2011-09-30": "104.50400", "2010-09-30": "90.33900", "2009-09-30": "98.79200", "2008-09-30": "100.99600", "2007-09-30": "104.30500", "2006-09-30": "148.59200", "2005-09-30": "155.83900"}, "Long-Term Investments": {"2020-09-30": "", "2019-09-30": "", "2018-09-30": "", "2017-09-30": "", "2016-09-30": "", "2015-09-30": "", "2014-09-30": "", "2013-09-30": "", "2012-09-30": "", "2011-09-30": "", "2010-09-30": "", "2009-09-30": "", "2008-09-30": "", "2007-09-30": "", "2006-09-30": "", "2005-09-30": ""}, "Goodwill And Intangible Assets": {"2020-09-30": "123.08200", "2019-09-30": "511.91400", "2018-09-30": "585.23300", "2017-09-30": "607.72100", "2016-09-30": "115.33200", "2015-09-30": "124.59300", "2014-09-30": "141.17900", "2013-09-30": "156.37900", "2012-09-30": "87.16200", "2011-09-30": "93.93400", "2010-09-30": "90.72700", "2009-09-30": "86.70500", "2008-09-30": "114.37400", "2007-09-30": "118.94600", "2006-09-30": "110.73400", "2005-09-30": "112.91000"}, "Other Long-Term Assets": {"2020-09-30": "247.07200", "2019-09-30": "153.00000", "2018-09-30": "124.44100", "2017-09-30": "139.56500", "2016-09-30": "102.73400", "2015-09-30": "89.22600", "2014-09-30": "69.71700", "2013-09-30": "66.54000", "2012-09-30": "64.02900", "2011-09-30": "64.18200", "2010-09-30": "79.52100", "2009-09-30": "85.33700", "2008-09-30": "81.23000", "2007-09-30": "58.77100", "2006-09-30": "65.80300", "2005-09-30": "41.47000"}, "Total Long-Term Assets": {"2020-09-30": "615.83200", "2019-09-30": "988.34800", "2018-09-30": "1021.46700", "2017-09-30": "1026.13600", "2016-09-30": "345.50900", "2015-09-30": "316.26400", "2014-09-30": "318.32000", "2013-09-30": "337.25200", "2012-09-30": "266.28700", "2011-09-30": "262.62000", "2010-09-30": "260.58700", "2009-09-30": "270.83400", "2008-09-30": "296.60000", "2007-09-30": "282.02200", "2006-09-30": "325.12900", "2005-09-30": "310.21900"}, "Total Assets": {"2020-09-30": "1827.49600", "2019-09-30": "2083.16900", "2018-09-30": "2259.96900", "2017-09-30": "2337.80000", "2016-09-30": "1161.14800", "2015-09-30": "968.94700", "2014-09-30": "999.37500", "2013-09-30": "966.47800", "2012-09-30": "880.77200", "2011-09-30": "843.26600", "2010-09-30": "803.10400", "2009-09-30": "753.60400", "2008-09-30": "806.38300", "2007-09-30": "947.60000", "2006-09-30": "1082.52400", "2005-09-30": "800.83000"}, "Total Current Liabilities": {"2020-09-30": "268.05800", "2019-09-30": "240.31400", "2018-09-30": "372.83800", "2017-09-30": "419.14500", "2016-09-30": "201.49400", "2015-09-30": "122.59000", "2014-09-30": "117.31900", "2013-09-30": "145.82800", "2012-09-30": "153.78800", "2011-09-30": "162.40500", "2010-09-30": "131.92000", "2009-09-30": "86.34200", "2008-09-30": "113.32700", "2007-09-30": "128.74500", "2006-09-30": "126.57800", "2005-09-30": "112.42600"}, "Long Term Debt": {"2020-09-30": "411.14000", "2019-09-30": "392.23800", "2018-09-30": "420.71100", "2017-09-30": "589.00100", "2016-09-30": "", "2015-09-30": "", "2014-09-30": "", "2013-09-30": "", "2012-09-30": "0.00200", "2011-09-30": "0.01900", "2010-09-30": "0.03300", "2009-09-30": "0.00600", "2008-09-30": "0.01500", "2007-09-30": "0.02100", "2006-09-30": "201.02300", "2005-09-30": ""}, "Other Non-Current Liabilities": {"2020-09-30": "221.07400", "2019-09-30": "165.88100", "2018-09-30": "151.95600", "2017-09-30": "166.39000", "2016-09-30": "48.82600", "2015-09-30": "49.93900", "2014-09-30": "62.40700", "2013-09-30": "62.13200", "2012-09-30": "55.32600", "2011-09-30": "62.84100", "2010-09-30": "79.68800", "2009-09-30": "91.68500", "2008-09-30": "94.60600", "2007-09-30": "47.84800", "2006-09-30": "37.41900", "2005-09-30": "48.73400"}, "Total Long Term Liabilities": {"2020-09-30": "632.21400", "2019-09-30": "558.11900", "2018-09-30": "572.66700", "2017-09-30": "755.39100", "2016-09-30": "48.82600", "2015-09-30": "49.93900", "2014-09-30": "62.40700", "2013-09-30": "62.13200", "2012-09-30": "55.32800", "2011-09-30": "62.86000", "2010-09-30": "79.72100", "2009-09-30": "91.69100", "2008-09-30": "94.62100", "2007-09-30": "47.86900", "2006-09-30": "238.44200", "2005-09-30": "48.73400"}, "Total Liabilities": {"2020-09-30": "900.27200", "2019-09-30": "798.43300", "2018-09-30": "945.50500", "2017-09-30": "1174.53600", "2016-09-30": "250.32000", "2015-09-30": "172.52900", "2014-09-30": "179.72600", "2013-09-30": "207.96000", "2012-09-30": "209.11600", "2011-09-30": "225.26500", "2010-09-30": "211.64100", "2009-09-30": "178.03300", "2008-09-30": "207.94800", "2007-09-30": "176.61400", "2006-09-30": "365.02000", "2005-09-30": "161.16000"}, "Common Stock Net": {"2020-09-30": "0.24100", "2019-09-30": "0.23800", "2018-09-30": "0.24200", "2017-09-30": "0.24500", "2016-09-30": "0.24200", "2015-09-30": "0.23800", "2014-09-30": "0.24800", "2013-09-30": "0.24400", "2012-09-30": "0.23700", "2011-09-30": "0.23600", "2010-09-30": "0.24500", "2009-09-30": "0.24400", "2008-09-30": "0.24100", "2007-09-30": "0.31300", "2006-09-30": "0.31100", "2005-09-30": "0.30900"}, "Retained Earnings (Accumulated Deficit)": {"2020-09-30": "872.37500", "2019-09-30": "1286.51400", "2018-09-30": "1232.68900", "2017-09-30": "971.71000", "2016-09-30": "764.58800", "2015-09-30": "677.08600", "2014-09-30": "600.67700", "2013-09-30": "541.57100", "2012-09-30": "499.25600", "2011-09-30": "436.29400", "2010-09-30": "343.05600", "2009-09-30": "306.14000", "2008-09-30": "341.45900", "2007-09-30": "319.48500", "2006-09-30": "303.53400", "2005-09-30": "258.14000"}, "Comprehensive Income": {"2020-09-30": "-25.66700", "2019-09-30": "-36.33600", "2018-09-30": "2.83300", "2017-09-30": "19.90600", "2016-09-30": "-5.30000", "2015-09-30": "-9.51300", "2014-09-30": "34.68200", "2013-09-30": "54.45000", "2012-09-30": "40.45500", "2011-09-30": "51.22100", "2010-09-30": "62.08400", "2009-09-30": "80.26900", "2008-09-30": "79.08900", "2007-09-30": "70.67200", "2006-09-30": "46.69300", "2005-09-30": "32.01400"}, "Other Share Holders Equity": {"2020-09-30": "", "2019-09-30": "", "2018-09-30": "", "2017-09-30": "", "2016-09-30": "", "2015-09-30": "", "2014-09-30": "", "2013-09-30": "", "2012-09-30": "", "2011-09-30": "", "2010-09-30": "", "2009-09-30": "", "2008-09-30": "", "2007-09-30": "", "2006-09-30": "-0.32400", "2005-09-30": "-0.32400"}, "Share Holder Equity": {"2020-09-30": "927.22400", "2019-09-30": "1284.73600", "2018-09-30": "1314.46400", "2017-09-30": "1163.26400", "2016-09-30": "910.82800", "2015-09-30": "796.41800", "2014-09-30": "819.64900", "2013-09-30": "758.51800", "2012-09-30": "671.65600", "2011-09-30": "618.00100", "2010-09-30": "591.46300", "2009-09-30": "575.57100", "2008-09-30": "598.43500", "2007-09-30": "770.98600", "2006-09-30": "717.50400", "2005-09-30": "639.67000"}, "Total Liabilities And Share Holders Equity": {"2020-09-30": "1827.49600", "2019-09-30": "2083.16900", "2018-09-30": "2259.96900", "2017-09-30": "2337.80000", "2016-09-30": "1161.14800", "2015-09-30": "968.94700", "2014-09-30": "999.37500", "2013-09-30": "966.47800", "2012-09-30": "880.77200", "2011-09-30": "843.26600", "2010-09-30": "803.10400", "2009-09-30": "753.60400", "2008-09-30": "806.38300", "2007-09-30": "947.60000", "2006-09-30": "1082.52400", "2005-09-30": "800.83000"}}, "balance sheet, quarterly": {"Cash On Hand": {"2020-09-30": "476.36900", "2020-06-30": "421.62600", "2020-03-31": "370.07100", "2019-12-31": "350.32000", "2019-09-30": "306.74500", "2019-06-30": "319.39800", "2019-03-31": "349.61500", "2018-12-31": "320.84300", "2018-09-30": "311.47300", "2018-06-30": "233.54000", "2018-03-31": "347.25800", "2017-12-31": "424.54600", "2017-09-30": "476.67300", "2017-06-30": "473.48700", "2017-03-31": "434.38900", "2016-12-31": "362.57400", "2016-09-30": "399.95300", "2016-06-30": "373.61200", "2016-03-31": "361.05800", "2015-12-31": "336.17400", "2015-09-30": "325.51500", "2015-06-30": "336.76600", "2015-03-31": "344.43400", "2014-12-31": "322.95100", "2014-09-30": "318.27500", "2014-06-30": "303.26000", "2014-03-31": "283.46800", "2013-12-31": "273.67700", "2013-09-30": "250.11000", "2013-06-30": "201.68200", "2013-03-31": "203.99000", "2012-12-31": "179.77700", "2012-09-30": "224.92900", "2012-06-30": "209.60400", "2012-03-31": "215.17500", "2011-12-31": "203.08300", "2011-09-30": "220.20300", "2011-06-30": "267.43900", "2011-03-31": "271.24800", "2010-12-31": "297.19900", "2010-09-30": "263.39600", "2010-06-30": "254.63200", "2010-03-31": "265.10900", "2009-12-31": "240.62600", "2009-09-30": "243.63500", "2009-06-30": "221.88800", "2009-03-31": "206.80000", "2008-12-31": "199.87900", "2008-09-30": "220.73900", "2008-06-30": "200.47200", "2008-03-31": "187.38400", "2007-12-31": "390.87800", "2007-09-30": "364.28300", "2007-06-30": "520.84500", "2007-03-31": "531.45400", "2006-12-31": "520.68800", "2006-09-30": "493.99800", "2006-06-30": "463.43200", "2006-03-31": "444.60500", "2005-12-31": "255.76300", "2005-09-30": "246.38100", "2005-06-30": "225.06100", "2005-03-31": "227.90600"}, "Receivables": {"2020-09-30": "220.28900", "2020-06-30": "197.75700", "2020-03-31": "202.69900", "2019-12-31": "235.93300", "2019-09-30": "267.55300", "2019-06-30": "269.05700", "2019-03-31": "313.35100", "2018-12-31": "330.89200", "2018-09-30": "355.20800", "2018-06-30": "337.56000", "2018-03-31": "312.93800", "2017-12-31": "309.13200", "2017-09-30": "305.66800", "2017-06-30": "277.85300", "2017-03-31": "252.54200", "2016-12-31": "241.11200", "2016-09-30": "165.71500", "2016-06-30": "150.18400", "2016-03-31": "150.40900", "2015-12-31": "144.59500", "2015-09-30": "142.26000", "2015-06-30": "144.68800", "2015-03-31": "124.22700", "2014-12-31": "130.46100", "2014-09-30": "137.32400", "2014-06-30": "130.83300", "2014-03-31": "137.47000", "2013-12-31": "115.68000", "2013-09-30": "136.75900", "2013-06-30": "146.18400", "2013-03-31": "134.47900", "2012-12-31": "126.01000", "2012-09-30": "144.34500", "2012-06-30": "141.33200", "2012-03-31": "126.58800", "2011-12-31": "130.58100", "2011-09-30": "141.03700", "2011-06-30": "143.40000", "2011-03-31": "134.12100", "2010-12-31": "107.93800", "2010-09-30": "110.21100", "2010-06-30": "98.35500", "2010-03-31": "84.59800", "2009-12-31": "76.13600", "2009-09-30": "74.23500", "2009-06-30": "75.12000", "2009-03-31": "81.30200", "2008-12-31": "95.19600", "2008-09-30": "96.61100", "2008-06-30": "110.37100", "2008-03-31": "112.69400", "2007-12-31": "96.97100", "2007-09-30": "102.31400", "2007-06-30": "100.43200", "2007-03-31": "107.27900", "2006-12-31": "95.03400", "2006-09-30": "111.44600", "2006-06-30": "102.65700", "2006-03-31": "99.00500", "2005-12-31": "84.33200", "2005-09-30": "87.68400", "2005-06-30": "81.52900", "2005-03-31": "90.30100"}, "Inventory": {"2020-09-30": "426.75600", "2020-06-30": "448.97200", "2020-03-31": "457.35800", "2019-12-31": "449.57100", "2019-09-30": "442.53000", "2019-06-30": "469.48600", "2019-03-31": "483.74100", "2018-12-31": "493.15600", "2018-09-30": "486.74100", "2018-06-30": "494.96700", "2018-03-31": "492.68600", "2017-12-31": "432.80900", "2017-09-30": "414.80700", "2017-06-30": "402.84900", "2017-03-31": "388.24200", "2016-12-31": "386.01300", "2016-09-30": "212.89800", "2016-06-30": "200.17100", "2016-03-31": "179.06700", "2015-12-31": "158.00600", "2015-09-30": "156.61400", "2015-06-30": "157.77800", "2015-03-31": "153.65900", "2014-12-31": "161.99300", "2014-09-30": "170.48300", "2014-06-30": "179.76700", "2014-03-31": "176.46200", "2013-12-31": "170.95800", "2013-09-30": "168.06700", "2013-06-30": "169.00300", "2013-03-31": "166.86500", "2012-12-31": "169.00200", "2012-09-30": "160.11300", "2012-06-30": "160.09500", "2012-03-31": "157.05700", "2011-12-31": "148.04700", "2011-09-30": "152.38500", "2011-06-30": "149.46500", "2011-03-31": "139.21900", "2010-12-31": "121.21000", "2010-09-30": "113.85800", "2010-06-30": "99.40900", "2010-03-31": "99.14400", "2009-12-31": "98.92400", "2009-09-30": "97.76700", "2009-06-30": "109.03900", "2009-03-31": "114.23900", "2008-12-31": "117.97300", "2008-09-30": "120.51900", "2008-06-30": "123.44400", "2008-03-31": "116.56700", "2007-12-31": "112.88900", "2007-09-30": "112.89300", "2007-06-30": "115.07900", "2007-03-31": "103.41700", "2006-12-31": "99.79200", "2006-09-30": "101.49400", "2006-06-30": "106.13900", "2006-03-31": "95.63300", "2005-12-31": "98.49500", "2005-09-30": "102.73000", "2005-06-30": "113.59300", "2005-03-31": "108.90700"}, "Pre-Paid Expenses": {"2020-09-30": "88.25000", "2020-06-30": "90.23700", "2020-03-31": "89.04500", "2019-12-31": "86.99700", "2019-09-30": "77.99300", "2019-06-30": "87.37200", "2019-03-31": "79.46500", "2018-12-31": "84.14100", "2018-09-30": "85.08000", "2018-06-30": "88.49000", "2018-03-31": "85.44600", "2017-12-31": "77.00300", "2017-09-30": "70.26800", "2017-06-30": "74.82700", "2017-03-31": "73.80200", "2016-12-31": "66.98100", "2016-09-30": "37.07300", "2016-06-30": "36.34900", "2016-03-31": "34.60200", "2015-12-31": "32.73300", "2015-09-30": "28.29400", "2015-06-30": "47.31600", "2015-03-31": "38.53800", "2014-12-31": "34.02100", "2014-09-30": "27.83900", "2014-06-30": "67.64400", "2014-03-31": "52.55600", "2013-12-31": "51.52900", "2013-09-30": "52.57700", "2013-06-30": "68.65300", "2013-03-31": "58.99900", "2012-12-31": "55.61100", "2012-09-30": "61.73000", "2012-06-30": "71.87300", "2012-03-31": "59.17400", "2011-12-31": "52.31400", "2011-09-30": "44.96400", "2011-06-30": "63.24000", "2011-03-31": "54.03900", "2010-12-31": "45.41600", "2010-09-30": "35.00200", "2010-06-30": "49.63400", "2010-03-31": "52.70800", "2009-12-31": "51.82700", "2009-09-30": "38.96900", "2009-06-30": "54.04800", "2009-03-31": "48.31400", "2008-12-31": "45.85500", "2008-09-30": "41.79300", "2008-06-30": "59.81800", "2008-03-31": "57.80400", "2007-12-31": "47.54000", "2007-09-30": "50.24400", "2007-06-30": "41.56300", "2007-03-31": "37.43000", "2006-12-31": "25.33800", "2006-09-30": "21.25600", "2006-06-30": "28.57800", "2006-03-31": "20.10000", "2005-12-31": "13.48300", "2005-09-30": "17.17100", "2005-06-30": "22.06300", "2005-03-31": "19.54100"}, "Other Current Assets": {"2020-09-30": "", "2020-06-30": "", "2020-03-31": "", "2019-12-31": "", "2019-09-30": "", "2019-06-30": "", "2019-03-31": "", "2018-12-31": "", "2018-09-30": "", "2018-06-30": "", "2018-03-31": "9.07900", "2017-12-31": "8.57700", "2017-09-30": "44.24800", "2017-06-30": "32.55600", "2017-03-31": "65.96300", "2016-12-31": "65.48400", "2016-09-30": "", "2016-06-30": "", "2016-03-31": "", "2015-12-31": "", "2015-09-30": "", "2015-06-30": "", "2015-03-31": "", "2014-12-31": "", "2014-09-30": "", "2014-06-30": "", "2014-03-31": "", "2013-12-31": "", "2013-09-30": "", "2013-06-30": "", "2013-03-31": "", "2012-12-31": "", "2012-09-30": "", "2012-06-30": "", "2012-03-31": "", "2011-12-31": "", "2011-09-30": "", "2011-06-30": "", "2011-03-31": "", "2010-12-31": "", "2010-09-30": "", "2010-06-30": "", "2010-03-31": "", "2009-12-31": "", "2009-09-30": "", "2009-06-30": "", "2009-03-31": "", "2008-12-31": "", "2008-09-30": "", "2008-06-30": "", "2008-03-31": "", "2007-12-31": "", "2007-09-30": "", "2007-06-30": "", "2007-03-31": "", "2006-12-31": "", "2006-09-30": "", "2006-06-30": "", "2006-03-31": "", "2005-12-31": "", "2005-09-30": "", "2005-06-30": "", "2005-03-31": ""}, "Total Current Assets": {"2020-09-30": "1211.66400", "2020-06-30": "1158.59200", "2020-03-31": "1119.17300", "2019-12-31": "1122.82100", "2019-09-30": "1094.82100", "2019-06-30": "1145.31300", "2019-03-31": "1226.17200", "2018-12-31": "1229.03200", "2018-09-30": "1238.50200", "2018-06-30": "1154.55700", "2018-03-31": "1247.40700", "2017-12-31": "1252.06700", "2017-09-30": "1311.66400", "2017-06-30": "1261.57200", "2017-03-31": "1214.93800", "2016-12-31": "1122.16400", "2016-09-30": "815.63900", "2016-06-30": "760.31600", "2016-03-31": "725.13600", "2015-12-31": "671.50800", "2015-09-30": "652.68300", "2015-06-30": "710.93900", "2015-03-31": "684.69000", "2014-12-31": "673.19100", "2014-09-30": "681.05500", "2014-06-30": "704.83700", "2014-03-31": "672.23600", "2013-12-31": "633.37600", "2013-09-30": "629.22600", "2013-06-30": "608.08800", "2013-03-31": "586.09900", "2012-12-31": "551.48300", "2012-09-30": "614.48500", "2012-06-30": "602.79100", "2012-03-31": "579.96800", "2011-12-31": "557.29000", "2011-09-30": "580.64600", "2011-06-30": "644.77000", "2011-03-31": "619.38200", "2010-12-31": "593.22100", "2010-09-30": "542.51700", "2010-06-30": "522.31200", "2010-03-31": "520.99400", "2009-12-31": "486.46100", "2009-09-30": "482.77000", "2009-06-30": "484.27800", "2009-03-31": "475.05400", "2008-12-31": "489.66900", "2008-09-30": "509.78300", "2008-06-30": "531.96700", "2008-03-31": "514.83300", "2007-12-31": "687.83200", "2007-09-30": "665.57800", "2007-06-30": "826.07000", "2007-03-31": "825.77700", "2006-12-31": "775.58700", "2006-09-30": "757.39500", "2006-06-30": "744.81100", "2006-03-31": "699.18000", "2005-12-31": "488.00700", "2005-09-30": "490.61100", "2005-06-30": "485.32200", "2005-03-31": "483.06800"}, "Property, Plant, And Equipment": {"2020-09-30": "245.67800", "2020-06-30": "251.45300", "2020-03-31": "242.85800", "2019-12-31": "327.67300", "2019-09-30": "323.43400", "2019-06-30": "323.97400", "2019-03-31": "318.98900", "2018-12-31": "320.93300", "2018-09-30": "311.79300", "2018-06-30": "303.21400", "2018-03-31": "307.33000", "2017-12-31": "291.30800", "2017-09-30": "278.85000", "2017-06-30": "268.62200", "2017-03-31": "256.02400", "2016-12-31": "251.09000", "2016-09-30": "127.44300", "2016-06-30": "111.73800", "2016-03-31": "108.57500", "2015-12-31": "99.73200", "2015-09-30": "102.44500", "2015-06-30": "98.99600", "2015-03-31": "100.90300", "2014-12-31": "103.97800", "2014-09-30": "107.42400", "2014-06-30": "112.53000", "2014-03-31": "114.14600", "2013-12-31": "114.40500", "2013-09-30": "114.33300", "2013-06-30": "113.95200", "2013-03-31": "114.36800", "2012-12-31": "116.57400", "2012-09-30": "115.09600", "2012-06-30": "114.89800", "2012-03-31": "114.43900", "2011-12-31": "106.02800", "2011-09-30": "104.50400", "2011-06-30": "103.24900", "2011-03-31": "98.06900", "2010-12-31": "88.34300", "2010-09-30": "90.33900", "2010-06-30": "91.48800", "2010-03-31": "94.97200", "2009-12-31": "100.06200", "2009-09-30": "98.79200", "2009-06-30": "99.41800", "2009-03-31": "100.09400", "2008-12-31": "102.46500", "2008-09-30": "100.99600", "2008-06-30": "105.87300", "2008-03-31": "107.47500", "2007-12-31": "102.79600", "2007-09-30": "104.30500", "2007-06-30": "127.60300", "2007-03-31": "149.64400", "2006-12-31": "148.91200", "2006-09-30": "148.59200", "2006-06-30": "150.41600", "2006-03-31": "151.33900", "2005-12-31": "153.09500", "2005-09-30": "155.83900", "2005-06-30": "156.62700", "2005-03-31": "162.45500"}, "Long-Term Investments": {"2020-09-30": "", "2020-06-30": "", "2020-03-31": "", "2019-12-31": "", "2019-09-30": "", "2019-06-30": "", "2019-03-31": "", "2018-12-31": "", "2018-09-30": "", "2018-06-30": "", "2018-03-31": "", "2017-12-31": "", "2017-09-30": "", "2017-06-30": "", "2017-03-31": "", "2016-12-31": "", "2016-09-30": "", "2016-06-30": "", "2016-03-31": "", "2015-12-31": "", "2015-09-30": "", "2015-06-30": "", "2015-03-31": "", "2014-12-31": "", "2014-09-30": "", "2014-06-30": "", "2014-03-31": "", "2013-12-31": "", "2013-09-30": "", "2013-06-30": "", "2013-03-31": "", "2012-12-31": "", "2012-09-30": "", "2012-06-30": "", "2012-03-31": "", "2011-12-31": "", "2011-09-30": "", "2011-06-30": "", "2011-03-31": "", "2010-12-31": "", "2010-09-30": "", "2010-06-30": "", "2010-03-31": "", "2009-12-31": "", "2009-09-30": "", "2009-06-30": "", "2009-03-31": "", "2008-12-31": "", "2008-09-30": "", "2008-06-30": "", "2008-03-31": "", "2007-12-31": "", "2007-09-30": "", "2007-06-30": "", "2007-03-31": "", "2006-12-31": "", "2006-09-30": "", "2006-06-30": "", "2006-03-31": "", "2005-12-31": "", "2005-09-30": "", "2005-06-30": "", "2005-03-31": ""}, "Goodwill And Intangible Assets": {"2020-09-30": "123.08200", "2020-06-30": "122.65200", "2020-03-31": "121.92900", "2019-12-31": "507.47400", "2019-09-30": "511.91400", "2019-06-30": "540.75300", "2019-03-31": "555.25500", "2018-12-31": "578.17700", "2018-09-30": "585.23300", "2018-06-30": "601.43000", "2018-03-31": "641.56300", "2017-12-31": "592.61100", "2017-09-30": "607.72100", "2017-06-30": "613.10700", "2017-03-31": "567.08200", "2016-12-31": "584.94500", "2016-09-30": "115.33200", "2016-06-30": "117.40000", "2016-03-31": "121.38600", "2015-12-31": "120.24500", "2015-09-30": "124.59300", "2015-06-30": "122.25900", "2015-03-31": "123.28400", "2014-12-31": "135.08300", "2014-09-30": "141.17900", "2014-06-30": "150.82000", "2014-03-31": "154.05200", "2013-12-31": "155.47000", "2013-09-30": "156.37900", "2013-06-30": "154.57300", "2013-03-31": "155.26300", "2012-12-31": "161.75100", "2012-09-30": "87.16200", "2012-06-30": "86.82700", "2012-03-31": "90.55200", "2011-12-31": "91.16100", "2011-09-30": "93.93400", "2011-06-30": "100.00200", "2011-03-31": "100.38700", "2010-12-31": "86.91300", "2010-09-30": "90.72700", "2010-06-30": "89.17800", "2010-03-31": "87.17400", "2009-12-31": "91.98000", "2009-09-30": "86.70500", "2009-06-30": "86.77800", "2009-03-31": "86.16500", "2008-12-31": "90.15500", "2008-09-30": "114.37400", "2008-06-30": "118.22500", "2008-03-31": "120.54100", "2007-12-31": "117.43800", "2007-09-30": "118.94600", "2007-06-30": "119.01400", "2007-03-31": "109.57700", "2006-12-31": "110.73800", "2006-09-30": "110.73400", "2006-06-30": "110.79000", "2006-03-31": "109.31800", "2005-12-31": "109.49800", "2005-09-30": "112.91000", "2005-06-30": "111.88600", "2005-03-31": "92.30500"}, "Other Long-Term Assets": {"2020-09-30": "247.07200", "2020-06-30": "237.42800", "2020-03-31": "241.41700", "2019-12-31": "246.09000", "2019-09-30": "153.00000", "2019-06-30": "126.61800", "2019-03-31": "121.85200", "2018-12-31": "125.47000", "2018-09-30": "124.44100", "2018-06-30": "128.36700", "2018-03-31": "140.28500", "2017-12-31": "140.67300", "2017-09-30": "139.56500", "2017-06-30": "135.12800", "2017-03-31": "137.29600", "2016-12-31": "131.37200", "2016-09-30": "102.73400", "2016-06-30": "92.85600", "2016-03-31": "93.44600", "2015-12-31": "93.87100", "2015-09-30": "89.22600", "2015-06-30": "64.89800", "2015-03-31": "66.11600", "2014-12-31": "65.75500", "2014-09-30": "69.71700", "2014-06-30": "68.98600", "2014-03-31": "68.28000", "2013-12-31": "68.76900", "2013-09-30": "66.54000", "2013-06-30": "68.14100", "2013-03-31": "67.63300", "2012-12-31": "67.29600", "2012-09-30": "64.02900", "2012-06-30": "65.84600", "2012-03-31": "63.06200", "2011-12-31": "63.65000", "2011-09-30": "64.18200", "2011-06-30": "72.37200", "2011-03-31": "69.98400", "2010-12-31": "71.48000", "2010-09-30": "79.52100", "2010-06-30": "82.36900", "2010-03-31": "85.68900", "2009-12-31": "92.20200", "2009-09-30": "85.33700", "2009-06-30": "88.67300", "2009-03-31": "79.88500", "2008-12-31": "78.62800", "2008-09-30": "81.23000", "2008-06-30": "80.04800", "2008-03-31": "68.95400", "2007-12-31": "76.13900", "2007-09-30": "58.77100", "2007-06-30": "90.42500", "2007-03-31": "59.35800", "2006-12-31": "69.38300", "2006-09-30": "65.80300", "2006-06-30": "58.39700", "2006-03-31": "58.01000", "2005-12-31": "49.88900", "2005-09-30": "41.47000", "2005-06-30": "33.90200", "2005-03-31": "60.21400"}, "Total Long-Term Assets": {"2020-09-30": "615.83200", "2020-06-30": "611.53300", "2020-03-31": "606.20400", "2019-12-31": "1081.23700", "2019-09-30": "988.34800", "2019-06-30": "991.34500", "2019-03-31": "996.09600", "2018-12-31": "1024.58000", "2018-09-30": "1021.46700", "2018-06-30": "1033.01100", "2018-03-31": "1089.17800", "2017-12-31": "1024.59200", "2017-09-30": "1026.13600", "2017-06-30": "1016.85700", "2017-03-31": "960.40200", "2016-12-31": "967.40700", "2016-09-30": "345.50900", "2016-06-30": "321.99400", "2016-03-31": "323.40700", "2015-12-31": "313.84800", "2015-09-30": "316.26400", "2015-06-30": "286.15300", "2015-03-31": "290.30300", "2014-12-31": "304.81600", "2014-09-30": "318.32000", "2014-06-30": "332.33600", "2014-03-31": "336.47800", "2013-12-31": "338.64400", "2013-09-30": "337.25200", "2013-06-30": "336.66600", "2013-03-31": "337.26400", "2012-12-31": "345.62100", "2012-09-30": "266.28700", "2012-06-30": "267.57100", "2012-03-31": "268.05300", "2011-12-31": "260.83900", "2011-09-30": "262.62000", "2011-06-30": "275.62300", "2011-03-31": "268.44000", "2010-12-31": "246.73600", "2010-09-30": "260.58700", "2010-06-30": "263.03500", "2010-03-31": "267.83500", "2009-12-31": "284.24400", "2009-09-30": "270.83400", "2009-06-30": "274.86900", "2009-03-31": "266.14400", "2008-12-31": "271.24800", "2008-09-30": "296.60000", "2008-06-30": "304.14600", "2008-03-31": "296.97000", "2007-12-31": "296.37300", "2007-09-30": "282.02200", "2007-06-30": "337.04200", "2007-03-31": "318.57900", "2006-12-31": "329.03300", "2006-09-30": "325.12900", "2006-06-30": "319.60300", "2006-03-31": "318.66700", "2005-12-31": "312.48200", "2005-09-30": "310.21900", "2005-06-30": "302.41500", "2005-03-31": "314.97400"}, "Total Assets": {"2020-09-30": "1827.49600", "2020-06-30": "1770.12500", "2020-03-31": "1725.37700", "2019-12-31": "2204.05800", "2019-09-30": "2083.16900", "2019-06-30": "2136.65800", "2019-03-31": "2222.26800", "2018-12-31": "2253.61200", "2018-09-30": "2259.96900", "2018-06-30": "2187.56800", "2018-03-31": "2336.58500", "2017-12-31": "2276.65900", "2017-09-30": "2337.80000", "2017-06-30": "2278.42900", "2017-03-31": "2175.34000", "2016-12-31": "2089.57100", "2016-09-30": "1161.14800", "2016-06-30": "1082.31000", "2016-03-31": "1048.54300", "2015-12-31": "985.35600", "2015-09-30": "968.94700", "2015-06-30": "997.09200", "2015-03-31": "974.99300", "2014-12-31": "978.00700", "2014-09-30": "999.37500", "2014-06-30": "1037.17300", "2014-03-31": "1008.71400", "2013-12-31": "972.02000", "2013-09-30": "966.47800", "2013-06-30": "944.75400", "2013-03-31": "923.36300", "2012-12-31": "897.10400", "2012-09-30": "880.77200", "2012-06-30": "870.36200", "2012-03-31": "848.02100", "2011-12-31": "818.12900", "2011-09-30": "843.26600", "2011-06-30": "920.39300", "2011-03-31": "887.82200", "2010-12-31": "839.95700", "2010-09-30": "803.10400", "2010-06-30": "785.34700", "2010-03-31": "788.82900", "2009-12-31": "770.70500", "2009-09-30": "753.60400", "2009-06-30": "759.14700", "2009-03-31": "741.19800", "2008-12-31": "760.91700", "2008-09-30": "806.38300", "2008-06-30": "836.11300", "2008-03-31": "811.80300", "2007-12-31": "984.20500", "2007-09-30": "947.60000", "2007-06-30": "1163.11200", "2007-03-31": "1144.35600", "2006-12-31": "1104.62000", "2006-09-30": "1082.52400", "2006-06-30": "1064.41400", "2006-03-31": "1017.84700", "2005-12-31": "800.48900", "2005-09-30": "800.83000", "2005-06-30": "787.73700", "2005-03-31": "798.04200"}, "Total Current Liabilities": {"2020-09-30": "268.05800", "2020-06-30": "263.51700", "2020-03-31": "261.29400", "2019-12-31": "256.42300", "2019-09-30": "240.31400", "2019-06-30": "288.51400", "2019-03-31": "364.89800", "2018-12-31": "377.11100", "2018-09-30": "372.83800", "2018-06-30": "352.15600", "2018-03-31": "401.96800", "2017-12-31": "393.20100", "2017-09-30": "419.14500", "2017-06-30": "379.30900", "2017-03-31": "370.28600", "2016-12-31": "313.09400", "2016-09-30": "201.49400", "2016-06-30": "166.37900", "2016-03-31": "149.81100", "2015-12-31": "123.63400", "2015-09-30": "122.59000", "2015-06-30": "129.78300", "2015-03-31": "132.14400", "2014-12-31": "116.15800", "2014-09-30": "117.31900", "2014-06-30": "152.75700", "2014-03-31": "145.52600", "2013-12-31": "131.30100", "2013-09-30": "145.82800", "2013-06-30": "162.98800", "2013-03-31": "171.42400", "2012-12-31": "158.57100", "2012-09-30": "153.78800", "2012-06-30": "168.06800", "2012-03-31": "153.57100", "2011-12-31": "145.22500", "2011-09-30": "162.40500", "2011-06-30": "175.86000", "2011-03-31": "172.50000", "2010-12-31": "140.53400", "2010-09-30": "131.92000", "2010-06-30": "132.04400", "2010-03-31": "116.53300", "2009-12-31": "97.90800", "2009-09-30": "86.34200", "2009-06-30": "100.47800", "2009-03-31": "96.52900", "2008-12-31": "94.26000", "2008-09-30": "113.32700", "2008-06-30": "141.53600", "2008-03-31": "131.10200", "2007-12-31": "115.31900", "2007-09-30": "128.74500", "2007-06-30": "353.14400", "2007-03-31": "342.86700", "2006-12-31": "319.19800", "2006-09-30": "126.57800", "2006-06-30": "113.20800", "2006-03-31": "107.92200", "2005-12-31": "100.01000", "2005-09-30": "112.42600", "2005-06-30": "108.28300", "2005-03-31": "105.17200"}, "Long Term Debt": {"2020-09-30": "411.14000", "2020-06-30": "397.26400", "2020-03-31": "381.71800", "2019-12-31": "396.15300", "2019-09-30": "392.23800", "2019-06-30": "409.83600", "2019-03-31": "405.83700", "2018-12-31": "413.50500", "2018-09-30": "420.71100", "2018-06-30": "422.28500", "2018-03-31": "449.65300", "2017-12-31": "503.00500", "2017-09-30": "589.00100", "2017-06-30": "652.70000", "2017-03-31": "660.10500", "2016-12-31": "677.32300", "2016-09-30": "", "2016-06-30": "", "2016-03-31": "", "2015-12-31": "", "2015-09-30": "", "2015-06-30": "", "2015-03-31": "", "2014-12-31": "", "2014-09-30": "", "2014-06-30": "", "2014-03-31": "", "2013-12-31": "", "2013-09-30": "", "2013-06-30": "", "2013-03-31": "", "2012-12-31": "", "2012-09-30": "0.00200", "2012-06-30": "0.00600", "2012-03-31": "0.01100", "2011-12-31": "0.01500", "2011-09-30": "0.01900", "2011-06-30": "0.02300", "2011-03-31": "0.02600", "2010-12-31": "0.03000", "2010-09-30": "0.03300", "2010-06-30": "0.03700", "2010-03-31": "0.03900", "2009-12-31": "0.04400", "2009-09-30": "0.00600", "2009-06-30": "0.00800", "2009-03-31": "0.00900", "2008-12-31": "0.01200", "2008-09-30": "0.01500", "2008-06-30": "0.01700", "2008-03-31": "0.01900", "2007-12-31": "0.02000", "2007-09-30": "0.02100", "2007-06-30": "1.15100", "2007-03-31": "1.33600", "2006-12-31": "1.31800", "2006-09-30": "201.02300", "2006-06-30": "201.18400", "2006-03-31": "201.09500", "2005-12-31": "", "2005-09-30": "", "2005-06-30": "0.61400", "2005-03-31": "13.96100"}, "Other Non-Current Liabilities": {"2020-09-30": "221.07400", "2020-06-30": "215.83800", "2020-03-31": "208.93500", "2019-12-31": "245.50700", "2019-09-30": "165.88100", "2019-06-30": "137.09700", "2019-03-31": "138.75100", "2018-12-31": "145.51300", "2018-09-30": "151.95600", "2018-06-30": "181.97600", "2018-03-31": "195.28300", "2017-12-31": "185.07200", "2017-09-30": "166.39000", "2017-06-30": "178.37800", "2017-03-31": "168.68600", "2016-12-31": "172.17300", "2016-09-30": "48.82600", "2016-06-30": "44.98500", "2016-03-31": "49.18300", "2015-12-31": "51.48300", "2015-09-30": "49.93900", "2015-06-30": "53.34500", "2015-03-31": "52.36400", "2014-12-31": "54.22300", "2014-09-30": "62.40700", "2014-06-30": "65.90000", "2014-03-31": "64.70200", "2013-12-31": "65.21100", "2013-09-30": "62.13200", "2013-06-30": "62.75900", "2013-03-31": "64.66300", "2012-12-31": "67.26900", "2012-09-30": "55.32600", "2012-06-30": "53.93600", "2012-03-31": "57.59400", "2011-12-31": "63.56500", "2011-09-30": "62.84100", "2011-06-30": "82.07000", "2011-03-31": "78.56400", "2010-12-31": "80.41700", "2010-09-30": "79.68800", "2010-06-30": "82.28800", "2010-03-31": "88.02500", "2009-12-31": "92.05400", "2009-09-30": "91.68500", "2009-06-30": "88.22300", "2009-03-31": "83.32500", "2008-12-31": "87.88500", "2008-09-30": "94.60600", "2008-06-30": "95.70100", "2008-03-31": "90.09800", "2007-12-31": "88.88200", "2007-09-30": "47.84800", "2007-06-30": "46.75300", "2007-03-31": "42.49900", "2006-12-31": "41.79100", "2006-09-30": "37.41900", "2006-06-30": "61.68600", "2006-03-31": "60.20600", "2005-12-31": "58.68000", "2005-09-30": "48.73400", "2005-06-30": "51.30900", "2005-03-31": "52.61300"}, "Total Long Term Liabilities": {"2020-09-30": "632.21400", "2020-06-30": "613.10200", "2020-03-31": "590.65300", "2019-12-31": "641.66000", "2019-09-30": "558.11900", "2019-06-30": "546.93300", "2019-03-31": "544.58800", "2018-12-31": "559.01800", "2018-09-30": "572.66700", "2018-06-30": "604.26100", "2018-03-31": "644.93600", "2017-12-31": "688.07700", "2017-09-30": "755.39100", "2017-06-30": "831.07800", "2017-03-31": "828.79100", "2016-12-31": "849.49600", "2016-09-30": "48.82600", "2016-06-30": "44.98500", "2016-03-31": "49.18300", "2015-12-31": "51.48300", "2015-09-30": "49.93900", "2015-06-30": "53.34500", "2015-03-31": "52.36400", "2014-12-31": "54.22300", "2014-09-30": "62.40700", "2014-06-30": "65.90000", "2014-03-31": "64.70200", "2013-12-31": "65.21100", "2013-09-30": "62.13200", "2013-06-30": "62.75900", "2013-03-31": "64.66300", "2012-12-31": "67.26900", "2012-09-30": "55.32800", "2012-06-30": "53.94200", "2012-03-31": "57.60500", "2011-12-31": "63.58000", "2011-09-30": "62.86000", "2011-06-30": "82.09300", "2011-03-31": "78.59000", "2010-12-31": "80.44700", "2010-09-30": "79.72100", "2010-06-30": "82.32500", "2010-03-31": "88.06400", "2009-12-31": "92.09800", "2009-09-30": "91.69100", "2009-06-30": "88.23100", "2009-03-31": "83.33400", "2008-12-31": "87.89700", "2008-09-30": "94.62100", "2008-06-30": "95.71800", "2008-03-31": "90.11700", "2007-12-31": "88.90200", "2007-09-30": "47.86900", "2007-06-30": "47.90400", "2007-03-31": "43.83500", "2006-12-31": "43.10900", "2006-09-30": "238.44200", "2006-06-30": "262.87000", "2006-03-31": "261.30100", "2005-12-31": "58.68000", "2005-09-30": "48.73400", "2005-06-30": "51.92300", "2005-03-31": "66.57400"}, "Total Liabilities": {"2020-09-30": "900.27200", "2020-06-30": "876.61900", "2020-03-31": "851.94700", "2019-12-31": "898.08300", "2019-09-30": "798.43300", "2019-06-30": "835.44700", "2019-03-31": "909.48600", "2018-12-31": "936.12900", "2018-09-30": "945.50500", "2018-06-30": "956.41700", "2018-03-31": "1046.90400", "2017-12-31": "1081.27800", "2017-09-30": "1174.53600", "2017-06-30": "1210.38700", "2017-03-31": "1199.07700", "2016-12-31": "1162.59000", "2016-09-30": "250.32000", "2016-06-30": "211.36400", "2016-03-31": "198.99400", "2015-12-31": "175.11700", "2015-09-30": "172.52900", "2015-06-30": "183.12800", "2015-03-31": "184.50800", "2014-12-31": "170.38100", "2014-09-30": "179.72600", "2014-06-30": "218.65700", "2014-03-31": "210.22800", "2013-12-31": "196.51200", "2013-09-30": "207.96000", "2013-06-30": "225.74700", "2013-03-31": "236.08700", "2012-12-31": "225.84000", "2012-09-30": "209.11600", "2012-06-30": "222.01000", "2012-03-31": "211.17600", "2011-12-31": "208.80500", "2011-09-30": "225.26500", "2011-06-30": "257.95300", "2011-03-31": "251.09000", "2010-12-31": "220.98100", "2010-09-30": "211.64100", "2010-06-30": "214.36900", "2010-03-31": "204.59700", "2009-12-31": "190.00600", "2009-09-30": "178.03300", "2009-06-30": "188.70900", "2009-03-31": "179.86300", "2008-12-31": "182.15700", "2008-09-30": "207.94800", "2008-06-30": "237.25400", "2008-03-31": "221.21900", "2007-12-31": "204.22100", "2007-09-30": "176.61400", "2007-06-30": "401.04800", "2007-03-31": "386.70200", "2006-12-31": "362.30700", "2006-09-30": "365.02000", "2006-06-30": "376.07800", "2006-03-31": "369.22300", "2005-12-31": "158.69000", "2005-09-30": "161.16000", "2005-06-30": "160.20600", "2005-03-31": "171.74600"}, "Common Stock Net": {"2020-09-30": "0.24100", "2020-06-30": "0.24100", "2020-03-31": "0.24000", "2019-12-31": "0.24000", "2019-09-30": "0.23800", "2019-06-30": "0.23800", "2019-03-31": "0.24000", "2018-12-31": "0.24200", "2018-09-30": "0.24200", "2018-06-30": "0.24200", "2018-03-31": "0.24700", "2017-12-31": "0.24700", "2017-09-30": "0.24500", "2017-06-30": "0.24500", "2017-03-31": "0.24400", "2016-12-31": "0.24400", "2016-09-30": "0.24200", "2016-06-30": "0.24200", "2016-03-31": "0.24100", "2015-12-31": "0.24100", "2015-09-30": "0.23800", "2015-06-30": "0.24700", "2015-03-31": "0.24600", "2014-12-31": "0.24800", "2014-09-30": "0.24800", "2014-06-30": "0.24800", "2014-03-31": "0.24800", "2013-12-31": "0.24800", "2013-09-30": "0.24400", "2013-06-30": "0.24300", "2013-03-31": "0.24200", "2012-12-31": "0.24000", "2012-09-30": "0.23700", "2012-06-30": "0.23600", "2012-03-31": "0.23600", "2011-12-31": "0.23400", "2011-09-30": "0.23600", "2011-06-30": "0.24900", "2011-03-31": "0.25000", "2010-12-31": "0.25100", "2010-09-30": "0.24500", "2010-06-30": "0.24800", "2010-03-31": "0.25000", "2009-12-31": "0.24600", "2009-09-30": "0.24400", "2009-06-30": "0.24400", "2009-03-31": "0.24300", "2008-12-31": "0.24200", "2008-09-30": "0.24100", "2008-06-30": "0.23500", "2008-03-31": "0.23400", "2007-12-31": "0.31300", "2007-09-30": "0.31300", "2007-06-30": "0.31300", "2007-03-31": "0.31300", "2006-12-31": "0.31300", "2006-09-30": "0.31100", "2006-06-30": "0.31000", "2006-03-31": "0.30500", "2005-12-31": "0.30800", "2005-09-30": "0.30900", "2005-06-30": "0.30800", "2005-03-31": "0.30600"}, "Retained Earnings (Accumulated Deficit)": {"2020-09-30": "872.37500", "2020-06-30": "864.68600", "2020-03-31": "873.39400", "2019-12-31": "1292.30700", "2019-09-30": "1286.51400", "2019-06-30": "1285.89000", "2019-03-31": "1288.98900", "2018-12-31": "1268.23900", "2018-09-30": "1232.68900", "2018-06-30": "1159.50400", "2018-03-31": "1092.53400", "2017-12-31": "1027.23200", "2017-09-30": "971.71000", "2017-06-30": "897.95800", "2017-03-31": "836.84100", "2016-12-31": "794.99600", "2016-09-30": "764.58800", "2016-06-30": "733.80300", "2016-03-31": "715.15300", "2015-12-31": "697.37200", "2015-09-30": "677.08600", "2015-06-30": "649.78400", "2015-03-31": "636.52000", "2014-12-31": "618.10700", "2014-09-30": "600.67700", "2014-06-30": "581.58000", "2014-03-31": "568.58100", "2013-12-31": "553.27400", "2013-09-30": "541.57100", "2013-06-30": "521.05600", "2013-03-31": "504.37100", "2012-12-31": "489.36900", "2012-09-30": "499.25600", "2012-06-30": "486.70800", "2012-03-31": "469.50000", "2011-12-31": "453.34500", "2011-09-30": "436.29400", "2011-06-30": "404.91400", "2011-03-31": "385.89200", "2010-12-31": "362.16900", "2010-09-30": "343.05600", "2010-06-30": "333.20300", "2010-03-31": "318.79900", "2009-12-31": "310.31900", "2009-09-30": "306.14000", "2009-06-30": "310.63500", "2009-03-31": "317.65000", "2008-12-31": "326.78000", "2008-09-30": "341.45900", "2008-06-30": "337.31200", "2008-03-31": "328.91000", "2007-12-31": "322.78500", "2007-09-30": "319.48500", "2007-06-30": "320.81100", "2007-03-31": "321.57400", "2006-12-31": "314.29200", "2006-09-30": "303.53400", "2006-06-30": "307.95700", "2006-03-31": "297.10600", "2005-12-31": "288.93300", "2005-09-30": "258.14000", "2005-06-30": "274.36600", "2005-03-31": "264.72100"}, "Comprehensive Income": {"2020-09-30": "-25.66700", "2020-06-30": "-37.56200", "2020-03-31": "-44.82500", "2019-12-31": "-21.03600", "2019-09-30": "-36.33600", "2019-06-30": "-9.39200", "2019-03-31": "-11.18300", "2018-12-31": "-2.84900", "2018-09-30": "2.83300", "2018-06-30": "1.35400", "2018-03-31": "41.13700", "2017-12-31": "20.13800", "2017-09-30": "19.90600", "2017-06-30": "7.31400", "2017-03-31": "-12.17800", "2016-12-31": "-13.75300", "2016-09-30": "-5.30000", "2016-06-30": "-8.44900", "2016-03-31": "-2.01600", "2015-12-31": "-17.91100", "2015-09-30": "-9.51300", "2015-06-30": "-10.12200", "2015-03-31": "-12.36600", "2014-12-31": "20.46500", "2014-09-30": "34.68200", "2014-06-30": "57.51600", "2014-03-31": "58.44800", "2013-12-31": "55.58700", "2013-09-30": "54.45000", "2013-06-30": "40.88400", "2013-03-31": "33.34000", "2012-12-31": "44.57600", "2012-09-30": "40.45500", "2012-06-30": "32.63200", "2012-03-31": "44.41600", "2011-12-31": "40.91600", "2011-09-30": "51.22100", "2011-06-30": "74.03200", "2011-03-31": "62.66000", "2010-12-31": "50.65700", "2010-09-30": "62.08400", "2010-06-30": "41.07700", "2010-03-31": "59.97600", "2009-12-31": "77.03800", "2009-09-30": "80.26900", "2009-06-30": "72.36200", "2009-03-31": "58.50200", "2008-12-31": "68.93700", "2008-09-30": "79.08900", "2008-06-30": "99.70500", "2008-03-31": "102.01800", "2007-12-31": "74.01300", "2007-09-30": "70.67200", "2007-06-30": "61.34600", "2007-03-31": "57.91700", "2006-12-31": "53.69500", "2006-09-30": "46.69300", "2006-06-30": "45.62300", "2006-03-31": "33.41100", "2005-12-31": "28.66800", "2005-09-30": "32.01400", "2005-06-30": "30.17800", "2005-03-31": "45.44200"}, "Other Share Holders Equity": {"2020-09-30": "", "2020-06-30": "", "2020-03-31": "", "2019-12-31": "", "2019-09-30": "", "2019-06-30": "", "2019-03-31": "", "2018-12-31": "", "2018-09-30": "", "2018-06-30": "", "2018-03-31": "", "2017-12-31": "", "2017-09-30": "", "2017-06-30": "", "2017-03-31": "", "2016-12-31": "", "2016-09-30": "", "2016-06-30": "", "2016-03-31": "", "2015-12-31": "", "2015-09-30": "", "2015-06-30": "", "2015-03-31": "", "2014-12-31": "", "2014-09-30": "", "2014-06-30": "", "2014-03-31": "", "2013-12-31": "", "2013-09-30": "", "2013-06-30": "", "2013-03-31": "", "2012-12-31": "", "2012-09-30": "", "2012-06-30": "", "2012-03-31": "", "2011-12-31": "", "2011-09-30": "", "2011-06-30": "", "2011-03-31": "", "2010-12-31": "", "2010-09-30": "", "2010-06-30": "", "2010-03-31": "", "2009-12-31": "", "2009-09-30": "", "2009-06-30": "", "2009-03-31": "", "2008-12-31": "", "2008-09-30": "", "2008-06-30": "", "2008-03-31": "", "2007-12-31": "", "2007-09-30": "", "2007-06-30": "", "2007-03-31": "", "2006-12-31": "-0.32400", "2006-09-30": "-0.32400", "2006-06-30": "-0.32400", "2006-03-31": "-0.32400", "2005-12-31": "-0.32400", "2005-09-30": "-0.32400", "2005-06-30": "-0.32400", "2005-03-31": "-0.68900"}, "Share Holder Equity": {"2020-09-30": "927.22400", "2020-06-30": "893.50600", "2020-03-31": "873.43000", "2019-12-31": "1305.97500", "2019-09-30": "1284.73600", "2019-06-30": "1301.21100", "2019-03-31": "1312.78200", "2018-12-31": "1317.48300", "2018-09-30": "1314.46400", "2018-06-30": "1231.15100", "2018-03-31": "1289.68100", "2017-12-31": "1195.38100", "2017-09-30": "1163.26400", "2017-06-30": "1068.04200", "2017-03-31": "976.26300", "2016-12-31": "926.98100", "2016-09-30": "910.82800", "2016-06-30": "870.94600", "2016-03-31": "849.54900", "2015-12-31": "810.23900", "2015-09-30": "796.41800", "2015-06-30": "813.96400", "2015-03-31": "790.48500", "2014-12-31": "807.62600", "2014-09-30": "819.64900", "2014-06-30": "818.51600", "2014-03-31": "798.48600", "2013-12-31": "775.50800", "2013-09-30": "758.51800", "2013-06-30": "719.00700", "2013-03-31": "687.27600", "2012-12-31": "671.26400", "2012-09-30": "671.65600", "2012-06-30": "648.35200", "2012-03-31": "636.84500", "2011-12-31": "609.32400", "2011-09-30": "618.00100", "2011-06-30": "662.44000", "2011-03-31": "636.73200", "2010-12-31": "618.97600", "2010-09-30": "591.46300", "2010-06-30": "570.97800", "2010-03-31": "584.23200", "2009-12-31": "580.69900", "2009-09-30": "575.57100", "2009-06-30": "570.43800", "2009-03-31": "561.33500", "2008-12-31": "578.76000", "2008-09-30": "598.43500", "2008-06-30": "598.85900", "2008-03-31": "590.58400", "2007-12-31": "779.98400", "2007-09-30": "770.98600", "2007-06-30": "762.06400", "2007-03-31": "757.65400", "2006-12-31": "742.31300", "2006-09-30": "717.50400", "2006-06-30": "688.33600", "2006-03-31": "648.62400", "2005-12-31": "641.79900", "2005-09-30": "639.67000", "2005-06-30": "627.53100", "2005-03-31": "626.29600"}, "Total Liabilities And Share Holders Equity": {"2020-09-30": "1827.49600", "2020-06-30": "1770.12500", "2020-03-31": "1725.37700", "2019-12-31": "2204.05800", "2019-09-30": "2083.16900", "2019-06-30": "2136.65800", "2019-03-31": "2222.26800", "2018-12-31": "2253.61200", "2018-09-30": "2259.96900", "2018-06-30": "2187.56800", "2018-03-31": "2336.58500", "2017-12-31": "2276.65900", "2017-09-30": "2337.80000", "2017-06-30": "2278.42900", "2017-03-31": "2175.34000", "2016-12-31": "2089.57100", "2016-09-30": "1161.14800", "2016-06-30": "1082.31000", "2016-03-31": "1048.54300", "2015-12-31": "985.35600", "2015-09-30": "968.94700", "2015-06-30": "997.09200", "2015-03-31": "974.99300", "2014-12-31": "978.00700", "2014-09-30": "999.37500", "2014-06-30": "1037.17300", "2014-03-31": "1008.71400", "2013-12-31": "972.02000", "2013-09-30": "966.47800", "2013-06-30": "944.75400", "2013-03-31": "923.36300", "2012-12-31": "897.10400", "2012-09-30": "880.77200", "2012-06-30": "870.36200", "2012-03-31": "848.02100", "2011-12-31": "818.12900", "2011-09-30": "843.26600", "2011-06-30": "920.39300", "2011-03-31": "887.82200", "2010-12-31": "839.95700", "2010-09-30": "803.10400", "2010-06-30": "785.34700", "2010-03-31": "788.82900", "2009-12-31": "770.70500", "2009-09-30": "753.60400", "2009-06-30": "759.14700", "2009-03-31": "741.19800", "2008-12-31": "760.91700", "2008-09-30": "806.38300", "2008-06-30": "836.11300", "2008-03-31": "811.80300", "2007-12-31": "984.20500", "2007-09-30": "947.60000", "2007-06-30": "1163.11200", "2007-03-31": "1144.35600", "2006-12-31": "1104.62000", "2006-09-30": "1082.52400", "2006-06-30": "1064.41400", "2006-03-31": "1017.84700", "2005-12-31": "800.48900", "2005-09-30": "800.83000", "2005-06-30": "787.73700", "2005-03-31": "798.04200"}}, "cash flow statement": {"Net Income/Loss": {"2020-09-30": "-414.13900", "2019-09-30": "53.82500", "2018-09-30": "247.35800", "2017-09-30": "207.12200", "2016-09-30": "87.50200", "2015-09-30": "76.40900", "2014-09-30": "59.10600", "2013-09-30": "66.35500", "2012-09-30": "62.96200", "2011-09-30": "93.23800", "2010-09-30": "36.91600", "2009-09-30": "-35.31900", "2008-09-30": "23.40300", "2007-09-30": "15.95100", "2006-09-30": "45.39400", "2005-09-30": "38.41400"}, "Total Depreciation And Amortization - Cash Flow": {"2020-09-30": "423.39000", "2019-09-30": "121.03200", "2018-09-30": "122.94600", "2017-09-30": "111.44700", "2016-09-30": "34.35500", "2015-09-30": "33.05900", "2014-09-30": "36.20100", "2013-09-30": "36.12300", "2012-09-30": "29.64900", "2011-09-30": "28.62100", "2010-09-30": "29.65900", "2009-09-30": "45.94600", "2008-09-30": "31.97000", "2007-09-30": "39.11300", "2006-09-30": "36.10100", "2005-09-30": "36.00300"}, "Other Non-Cash Items": {"2020-09-30": "145.89500", "2019-09-30": "25.63500", "2018-09-30": "52.89600", "2017-09-30": "10.74300", "2016-09-30": "11.35000", "2015-09-30": "20.29700", "2014-09-30": "9.34800", "2013-09-30": "18.13700", "2012-09-30": "14.23800", "2011-09-30": "23.49800", "2010-09-30": "25.39300", "2009-09-30": "-4.45200", "2008-09-30": "10.81900", "2007-09-30": "23.71700", "2006-09-30": "1.40500", "2005-09-30": "-8.24100"}, "Total Non-Cash Items": {"2020-09-30": "569.28500", "2019-09-30": "146.66700", "2018-09-30": "175.84200", "2017-09-30": "122.19000", "2016-09-30": "45.70500", "2015-09-30": "53.35600", "2014-09-30": "45.54900", "2013-09-30": "54.26000", "2012-09-30": "43.88700", "2011-09-30": "52.11900", "2010-09-30": "55.05200", "2009-09-30": "41.49400", "2008-09-30": "42.78900", "2007-09-30": "62.83000", "2006-09-30": "37.50600", "2005-09-30": "27.76200"}, "Change In Accounts Receivable": {"2020-09-30": "53.10400", "2019-09-30": "82.07800", "2018-09-30": "-47.02000", "2017-09-30": "-52.51600", "2016-09-30": "-17.52500", "2015-09-30": "-10.09900", "2014-09-30": "-5.19100", "2013-09-30": "4.22600", "2012-09-30": "-5.14600", "2011-09-30": "-26.18500", "2010-09-30": "-33.67400", "2009-09-30": "24.85400", "2008-09-30": "9.04900", "2007-09-30": "12.21100", "2006-09-30": "-22.94700", "2005-09-30": "11.86700"}, "Change In Inventories": {"2020-09-30": "28.46400", "2019-09-30": "17.80500", "2018-09-30": "-78.12300", "2017-09-30": "-11.41900", "2016-09-30": "-55.70800", "2015-09-30": "6.05400", "2014-09-30": "-6.89000", "2013-09-30": "4.26000", "2012-09-30": "-9.76700", "2011-09-30": "-38.57000", "2010-09-30": "-14.60700", "2009-09-30": "21.41200", "2008-09-30": "-6.49100", "2007-09-30": "-8.37700", "2006-09-30": "3.33300", "2005-09-30": "7.99600"}, "Change In Accounts Payable": {"2020-09-30": "8.18700", "2019-09-30": "-15.16000", "2018-09-30": "-9.73600", "2017-09-30": "8.27600", "2016-09-30": "9.73500", "2015-09-30": "1.00000", "2014-09-30": "-2.29500", "2013-09-30": "6.11600", "2012-09-30": "-10.44300", "2011-09-30": "-0.16100", "2010-09-30": "15.12200", "2009-09-30": "-4.17200", "2008-09-30": "-1.08500", "2007-09-30": "-1.68300", "2006-09-30": "9.83400", "2005-09-30": "-0.61200"}, "Change In Assets/Liabilities": {"2020-09-30": "-12.97000", "2019-09-30": "16.11500", "2018-09-30": "-52.68400", "2017-09-30": "43.64300", "2016-09-30": "28.20600", "2015-09-30": "4.49700", "2014-09-30": "12.47300", "2013-09-30": "0.87900", "2012-09-30": "-9.80000", "2011-09-30": "1.96300", "2010-09-30": "13.55000", "2009-09-30": "-10.70100", "2008-09-30": "-1.02000", "2007-09-30": "-10.96600", "2006-09-30": "6.40400", "2005-09-30": "0.59000"}, "Total Change In Assets/Liabilities": {"2020-09-30": "51.76100", "2019-09-30": "-19.09100", "2018-09-30": "-187.08900", "2017-09-30": "54.80400", "2016-09-30": "-27.90800", "2015-09-30": "-5.30700", "2014-09-30": "-13.27600", "2013-09-30": "-5.09300", "2012-09-30": "-42.07800", "2011-09-30": "-58.68100", "2010-09-30": "-13.15500", "2009-09-30": "32.87400", "2008-09-30": "2.17000", "2007-09-30": "-12.16200", "2006-09-30": "-4.11800", "2005-09-30": "26.57900"}, "Cash Flow From Operating Activities": {"2020-09-30": "206.90700", "2019-09-30": "181.40100", "2018-09-30": "236.11100", "2017-09-30": "384.11600", "2016-09-30": "105.29900", "2015-09-30": "124.45800", "2014-09-30": "91.37900", "2013-09-30": "115.52200", "2012-09-30": "64.77100", "2011-09-30": "86.67600", "2010-09-30": "78.81300", "2009-09-30": "39.04900", "2008-09-30": "68.36200", "2007-09-30": "66.61900", "2006-09-30": "78.78200", "2005-09-30": "92.75500"}, "Net Change In Property, Plant, And Equipment": {"2020-09-30": "-42.99300", "2019-09-30": "-77.98900", "2018-09-30": "-86.35200", "2017-09-30": "-61.82100", "2016-09-30": "-48.77200", "2015-09-30": "-21.00000", "2014-09-30": "-22.80500", "2013-09-30": "-20.50600", "2012-09-30": "-35.77100", "2011-09-30": "-36.76200", "2010-09-30": "-12.99500", "2009-09-30": "-20.02300", "2008-09-30": "-9.74900", "2007-09-30": "2.93700", "2006-09-30": "-15.41900", "2005-09-30": "-17.01600"}, "Net Change In Intangible Assets": {"2020-09-30": "", "2019-09-30": "", "2018-09-30": "", "2017-09-30": "", "2016-09-30": "", "2015-09-30": "", "2014-09-30": "", "2013-09-30": "", "2012-09-30": "", "2011-09-30": "", "2010-09-30": "", "2009-09-30": "", "2008-09-30": "", "2007-09-30": "", "2006-09-30": "", "2005-09-30": ""}, "Net Acquisitions/Divestitures": {"2020-09-30": "", "2019-09-30": "-18.88100", "2018-09-30": "-20.44800", "2017-09-30": "-740.48100", "2016-09-30": "", "2015-09-30": "-9.30000", "2014-09-30": "", "2013-09-30": "-67.28900", "2012-09-30": "-3.68700", "2011-09-30": "-14.10800", "2010-09-30": "-20.74500", "2009-09-30": "", "2008-09-30": "6.51900", "2007-09-30": "-14.22800", "2006-09-30": "-5.94200", "2005-09-30": "-37.97900"}, "Net Change In Short-term Investments": {"2020-09-30": "", "2019-09-30": "-3.42300", "2018-09-30": "", "2017-09-30": "", "2016-09-30": "", "2015-09-30": "", "2014-09-30": "", "2013-09-30": "", "2012-09-30": "", "2011-09-30": "", "2010-09-30": "", "2009-09-30": "", "2008-09-30": "", "2007-09-30": "", "2006-09-30": "", "2005-09-30": ""}, "Net Change In Long-Term Investments": {"2020-09-30": "-35.19100", "2019-09-30": "", "2018-09-30": "32.34400", "2017-09-30": "-7.23100", "2016-09-30": "152.21600", "2015-09-30": "33.46700", "2014-09-30": "-86.97800", "2013-09-30": "17.13000", "2012-09-30": "-103.48600", "2011-09-30": "-35.42200", "2010-09-30": "22.39900", "2009-09-30": "-39.42100", "2008-09-30": "41.51600", "2007-09-30": "2.87100", "2006-09-30": "84.64000", "2005-09-30": "-47.23600"}, "Net Change In Investments - Total": {"2020-09-30": "-35.19100", "2019-09-30": "-3.42300", "2018-09-30": "32.34400", "2017-09-30": "-7.23100", "2016-09-30": "152.21600", "2015-09-30": "33.46700", "2014-09-30": "-86.97800", "2013-09-30": "17.13000", "2012-09-30": "-103.48600", "2011-09-30": "-35.42200", "2010-09-30": "22.39900", "2009-09-30": "-39.42100", "2008-09-30": "41.51600", "2007-09-30": "2.87100", "2006-09-30": "84.64000", "2005-09-30": "-47.23600"}, "Investing Activities - Other": {"2020-09-30": "", "2019-09-30": "", "2018-09-30": "6.72000", "2017-09-30": "-0.75500", "2016-09-30": "", "2015-09-30": "", "2014-09-30": "", "2013-09-30": "", "2012-09-30": "", "2011-09-30": "0.62500", "2010-09-30": "-0.58700", "2009-09-30": "2.49600", "2008-09-30": "-0.10900", "2007-09-30": "-2.79200", "2006-09-30": "12.11400", "2005-09-30": "21.20700"}, "Cash Flow From Investing Activities": {"2020-09-30": "-78.18400", "2019-09-30": "-100.29300", "2018-09-30": "-67.73600", "2017-09-30": "-810.28800", "2016-09-30": "103.44400", "2015-09-30": "3.16700", "2014-09-30": "-109.78300", "2013-09-30": "-70.66500", "2012-09-30": "-142.94400", "2011-09-30": "-85.66700", "2010-09-30": "-11.92800", "2009-09-30": "-56.94800", "2008-09-30": "38.17700", "2007-09-30": "-11.21200", "2006-09-30": "75.39300", "2005-09-30": "-81.02400"}, "Net Long-Term Debt": {"2020-09-30": "-7.92000", "2019-09-30": "-7.53700", "2018-09-30": "-171.59300", "2017-09-30": "561.10500", "2016-09-30": "", "2015-09-30": "", "2014-09-30": "-0.00200", "2013-09-30": "-0.01700", "2012-09-30": "-0.01500", "2011-09-30": "-0.01800", "2010-09-30": "-0.01900", "2009-09-30": "-0.00800", "2008-09-30": "-0.00900", "2007-09-30": "-200.20900", "2006-09-30": "1.23000", "2005-09-30": "-15.23400"}, "Net Current Debt": {"2020-09-30": "-1.77900", "2019-09-30": "7.80000", "2018-09-30": "-1.65900", "2017-09-30": "-21.95600", "2016-09-30": "20.00000", "2015-09-30": "", "2014-09-30": "0.02400", "2013-09-30": "", "2012-09-30": "", "2011-09-30": "", "2010-09-30": "", "2009-09-30": "", "2008-09-30": "0.00100", "2007-09-30": "", "2006-09-30": "187.25900", "2005-09-30": "0.00300"}, "Debt Issuance/Retirement Net - Total": {"2020-09-30": "-9.69900", "2019-09-30": "0.26300", "2018-09-30": "-173.25200", "2017-09-30": "539.14900", "2016-09-30": "20.00000", "2015-09-30": "", "2014-09-30": "0.02200", "2013-09-30": "-0.01700", "2012-09-30": "-0.01500", "2011-09-30": "-0.01800", "2010-09-30": "-0.01900", "2009-09-30": "-0.00800", "2008-09-30": "-0.00800", "2007-09-30": "-200.20900", "2006-09-30": "188.48900", "2005-09-30": "-15.23100"}, "Net Common Equity Issued/Repurchased": {"2020-09-30": "13.36200", "2019-09-30": "-65.59900", "2018-09-30": "-89.42600", "2017-09-30": "8.11100", "2016-09-30": "7.84900", "2015-09-30": "-67.71900", "2014-09-30": "10.68500", "2013-09-30": "16.54100", "2012-09-30": "-11.71100", "2011-09-30": "-65.91700", "2010-09-30": "-9.89700", "2009-09-30": "4.67400", "2008-09-30": "-211.70500", "2007-09-30": "3.78300", "2006-09-30": "2.01000", "2005-09-30": "15.28600"}, "Net Total Equity Issued/Repurchased": {"2020-09-30": "13.36200", "2019-09-30": "-65.59900", "2018-09-30": "-89.42600", "2017-09-30": "8.11100", "2016-09-30": "7.84900", "2015-09-30": "-67.71900", "2014-09-30": "10.68500", "2013-09-30": "16.54100", "2012-09-30": "-11.71100", "2011-09-30": "-65.91700", "2010-09-30": "-9.89700", "2009-09-30": "4.67400", "2008-09-30": "-211.70500", "2007-09-30": "3.78300", "2006-09-30": "2.01000", "2005-09-30": "15.28600"}, "Total Common And Preferred Stock Dividends Paid": {"2020-09-30": "", "2019-09-30": "", "2018-09-30": "", "2017-09-30": "-0.81600", "2016-09-30": "", "2015-09-30": "", "2014-09-30": "", "2013-09-30": "-24.04000", "2012-09-30": "", "2011-09-30": "", "2010-09-30": "", "2009-09-30": "", "2008-09-30": "", "2007-09-30": "", "2006-09-30": "", "2005-09-30": ""}, "Financial Activities - Other": {"2020-09-30": "-13.54900", "2019-09-30": "-15.17900", "2018-09-30": "-36.32000", "2017-09-30": "-40.45600", "2016-09-30": "-10.64500", "2015-09-30": "-5.30200", "2014-09-30": "-7.81100", "2013-09-30": "-4.17000", "2012-09-30": "-3.27300", "2011-09-30": "1.80500", "2010-09-30": "-0.27700", "2009-09-30": "-0.46100", "2008-09-30": "-0.10600", "2007-09-30": "-1.45300", "2006-09-30": "-4.26100", "2005-09-30": "0.82800"}, "Cash Flow From Financial Activities": {"2020-09-30": "-9.88600", "2019-09-30": "-80.51500", "2018-09-30": "-298.99800", "2017-09-30": "505.98800", "2016-09-30": "17.20400", "2015-09-30": "-73.02100", "2014-09-30": "2.89600", "2013-09-30": "-11.68600", "2012-09-30": "-14.99900", "2011-09-30": "-64.13000", "2010-09-30": "-10.19300", "2009-09-30": "4.20500", "2008-09-30": "-211.81900", "2007-09-30": "-197.87900", "2006-09-30": "186.23800", "2005-09-30": "0.88300"}, "Net Cash Flow": {"2020-09-30": "126.85900", "2019-09-30": "-5.38400", "2018-09-30": "-133.04200", "2017-09-30": "102.74000", "2016-09-30": "223.74000", "2015-09-30": "39.39000", "2014-09-30": "-19.22700", "2013-09-30": "42.68300", "2012-09-30": "-99.30000", "2011-09-30": "-78.31900", "2010-09-30": "45.43000", "2009-09-30": "-13.87600", "2008-09-30": "-102.10100", "2007-09-30": "-129.30400", "2006-09-30": "347.72400", "2005-09-30": "9.84800"}, "Stock-Based Compensation": {"2020-09-30": "44.78700", "2019-09-30": "36.46600", "2018-09-30": "32.73800", "2017-09-30": "26.27200", "2016-09-30": "20.15700", "2015-09-30": "18.23200", "2014-09-30": "18.89700", "2013-09-30": "18.89100", "2012-09-30": "16.31500", "2011-09-30": "12.96300", "2010-09-30": "8.28600", "2009-09-30": "7.41500", "2008-09-30": "8.80900", "2007-09-30": "9.93700", "2006-09-30": "13.99500", "2005-09-30": "1.67500"}, "Common Stock Dividends Paid": {"2020-09-30": "", "2019-09-30": "", "2018-09-30": "", "2017-09-30": "-0.81600", "2016-09-30": "", "2015-09-30": "", "2014-09-30": "", "2013-09-30": "-24.04000", "2012-09-30": "", "2011-09-30": "", "2010-09-30": "", "2009-09-30": "", "2008-09-30": "", "2007-09-30": "", "2006-09-30": "", "2005-09-30": ""}}, "cash flow statement, quarterly": {"Net Income/Loss": {"2020-09-30": 7.689, "2020-06-30": -8.708, "2020-03-31": -418.913, "2019-12-31": "5.79300", "2019-09-30": 0.624, "2019-06-30": -3.099, "2019-03-31": 20.75, "2018-12-31": "35.55000", "2018-09-30": 73.185, "2018-06-30": 66.97, "2018-03-31": 65.302, "2017-12-31": "41.90100", "2017-09-30": 73.752, "2017-06-30": 61.117, "2017-03-31": 41.845, "2016-12-31": "30.40800", "2016-09-30": 30.785, "2016-06-30": 18.65, "2016-03-31": 17.781, "2015-12-31": "20.28600", "2015-09-30": 27.302, "2015-06-30": 13.264, "2015-03-31": 18.413, "2014-12-31": "17.43000", "2014-09-30": 19.097, "2014-06-30": 12.999, "2014-03-31": 15.307, "2013-12-31": "11.70300", "2013-09-30": 20.515, "2013-06-30": 16.685, "2013-03-31": 15.002, "2012-12-31": "14.15300", "2012-09-30": 12.548, "2012-06-30": 17.208, "2012-03-31": 16.155, "2011-12-31": "17.05100", "2011-09-30": 31.38, "2011-06-30": 19.022, "2011-03-31": 23.723, "2010-12-31": "19.11300", "2010-09-30": 9.853, "2010-06-30": 14.404, "2010-03-31": 8.48, "2009-12-31": "4.17900", "2009-09-30": -4.495, "2009-06-30": -7.015, "2009-03-31": -9.13, "2008-12-31": "-14.67900", "2008-09-30": 4.147, "2008-06-30": 8.402, "2008-03-31": 6.125, "2007-12-31": "4.72900", "2007-09-30": -1.326, "2007-06-30": -0.763, "2007-03-31": 7.282, "2006-12-31": "10.75800", "2006-09-30": 19.315, "2006-06-30": 11.245, "2006-03-31": 5.997, "2005-12-31": "8.83700", "2005-09-30": 3.804, "2005-06-30": 9.645, "2005-03-31": 24.965}, "Total Depreciation And Amortization - Cash Flow": {"2020-09-30": 345.37, "2020-06-30": -309.078, "2020-03-31": 356.7, "2019-12-31": "30.39800", "2019-09-30": 28.035, "2019-06-30": 33.646, "2019-03-31": 29.08, "2018-12-31": "30.27100", "2018-09-30": 30.322, "2018-06-30": 29.575, "2018-03-31": 31.579, "2017-12-31": "31.47000", "2017-09-30": 32.598, "2017-06-30": 28.333, "2017-03-31": 28.833, "2016-12-31": "21.68300", "2016-09-30": 8.744, "2016-06-30": 8.559, "2016-03-31": 8.575, "2015-12-31": "8.47700", "2015-09-30": 8.43, "2015-06-30": 7.977, "2015-03-31": 8.262, "2014-12-31": "8.39000", "2014-09-30": 8.914, "2014-06-30": 8.884, "2014-03-31": 9.259, "2013-12-31": "9.14400", "2013-09-30": 9.424, "2013-06-30": 9.323, "2013-03-31": 10.087, "2012-12-31": "7.28900", "2012-09-30": 7.5, "2012-06-30": 7.396, "2012-03-31": 7.289, "2011-12-31": "7.46400", "2011-09-30": 7.565, "2011-06-30": 6.987, "2011-03-31": 7.207, "2010-12-31": "6.86200", "2010-09-30": 6.994, "2010-06-30": 7.073, "2010-03-31": 7.879, "2009-12-31": "7.71300", "2009-09-30": 6.548, "2009-06-30": 6.559, "2009-03-31": 6.881, "2008-12-31": "25.95800", "2008-09-30": 7.693, "2008-06-30": 7.601, "2008-03-31": 8.489, "2007-12-31": "8.18700", "2007-09-30": 13.036, "2007-06-30": 8.905, "2007-03-31": 8.717, "2006-12-31": "8.45500", "2006-09-30": 8.598, "2006-06-30": 9.261, "2006-03-31": 9.268, "2005-12-31": "8.97400", "2005-09-30": 9.86, "2005-06-30": 8.709, "2005-03-31": 17.434}, "Other Non-Cash Items": {"2020-09-30": -318.124, "2020-06-30": 344.2, "2020-03-31": 113.11, "2019-12-31": "6.70900", "2019-09-30": -2.314, "2019-06-30": 16.423, "2019-03-31": 5.078, "2018-12-31": "6.44800", "2018-09-30": 9.289, "2018-06-30": 13.511, "2018-03-31": 9.09, "2017-12-31": "21.00600", "2017-09-30": -8.561, "2017-06-30": 14.575, "2017-03-31": -0.181, "2016-12-31": "4.91000", "2016-09-30": -0.502, "2016-06-30": 8.385, "2016-03-31": 3.049, "2015-12-31": "0.41800", "2015-09-30": -0.777, "2015-06-30": 5.035, "2015-03-31": 4.301, "2014-12-31": "11.73800", "2014-09-30": -1.368, "2014-06-30": 3.276, "2014-03-31": 4.225, "2013-12-31": "3.21500", "2013-09-30": 3.603, "2013-06-30": 7.298, "2013-03-31": 1.995, "2012-12-31": "5.24100", "2012-09-30": 6.026, "2012-06-30": 2.431, "2012-03-31": 2.816, "2011-12-31": "2.96500", "2011-09-30": 7.192, "2011-06-30": 10.986, "2011-03-31": -5.661, "2010-12-31": "10.98100", "2010-09-30": 4.202, "2010-06-30": 4.948, "2010-03-31": 7.25, "2009-12-31": "8.99300", "2009-09-30": -2.986, "2009-06-30": -4.692, "2009-03-31": 6.425, "2008-12-31": "-3.19900", "2008-09-30": 10.934, "2008-06-30": -6.426, "2008-03-31": 7.672, "2007-12-31": "-1.36100", "2007-09-30": 20.922, "2007-06-30": -1.925, "2007-03-31": 1.928, "2006-12-31": "2.79200", "2006-09-30": -8.454, "2006-06-30": 1.479, "2006-03-31": 1.217, "2005-12-31": "7.16300", "2005-09-30": -7.218, "2005-06-30": 1.43, "2005-03-31": -2.794}, "Total Non-Cash Items": {"2020-09-30": 27.2461, "2020-06-30": 35.1219, "2020-03-31": 469.81, "2019-12-31": "37.10700", "2019-09-30": 25.721, "2019-06-30": 50.069, "2019-03-31": 34.158, "2018-12-31": "36.71900", "2018-09-30": 39.611, "2018-06-30": 43.086, "2018-03-31": 40.669, "2017-12-31": "52.47600", "2017-09-30": 24.037, "2017-06-30": 42.908, "2017-03-31": 28.652, "2016-12-31": "26.59300", "2016-09-30": 8.242, "2016-06-30": 16.944, "2016-03-31": 11.624, "2015-12-31": "8.89500", "2015-09-30": 7.653, "2015-06-30": 13.012, "2015-03-31": 12.563, "2014-12-31": "20.12800", "2014-09-30": 7.546, "2014-06-30": 12.16, "2014-03-31": 13.484, "2013-12-31": "12.35900", "2013-09-30": 13.027, "2013-06-30": 16.621, "2013-03-31": 12.082, "2012-12-31": "12.53000", "2012-09-30": 13.526, "2012-06-30": 9.827, "2012-03-31": 10.105, "2011-12-31": "10.42900", "2011-09-30": 14.757, "2011-06-30": 17.973, "2011-03-31": 1.546, "2010-12-31": "17.84300", "2010-09-30": 11.196, "2010-06-30": 12.021, "2010-03-31": 15.129, "2009-12-31": "16.70600", "2009-09-30": 3.562, "2009-06-30": 1.867, "2009-03-31": 13.306, "2008-12-31": "22.75900", "2008-09-30": 18.627, "2008-06-30": 1.175, "2008-03-31": 16.161, "2007-12-31": "6.82600", "2007-09-30": 33.958, "2007-06-30": 6.98, "2007-03-31": 10.645, "2006-12-31": "11.24700", "2006-09-30": 0.144, "2006-06-30": 10.74, "2006-03-31": 10.485, "2005-12-31": "16.13700", "2005-09-30": -21.977, "2005-06-30": 10.139, "2005-03-31": 14.64}, "Change In Accounts Receivable": {"2020-09-30": -18.619, "2020-06-30": 7.969, "2020-03-31": 29.434, "2019-12-31": "34.32000", "2019-09-30": -3.012, "2019-06-30": 44.53, "2019-03-31": 16.925, "2018-12-31": "23.63500", "2018-09-30": -19.5, "2018-06-30": -33.305, "2018-03-31": 7.004, "2017-12-31": "-1.21900", "2017-09-30": -28.997, "2017-06-30": -20.721, "2017-03-31": -7.215, "2016-12-31": "4.41700", "2016-09-30": -13.33, "2016-06-30": 1.138, "2016-03-31": -1.687, "2015-12-31": "-3.64600", "2015-09-30": 5.538, "2015-06-30": -22.078, "2015-03-31": 3.681, "2014-12-31": "2.76000", "2014-09-30": -10.94, "2014-06-30": 7.323, "2014-03-31": -21.328, "2013-12-31": "19.75400", "2013-09-30": 11.207, "2013-06-30": -12.894, "2013-03-31": -13.539, "2012-12-31": "19.45200", "2012-09-30": -1.336, "2012-06-30": -15.496, "2012-03-31": 2.525, "2011-12-31": "9.16100", "2011-09-30": 1.387, "2011-06-30": -6.678, "2011-03-31": -22.416, "2010-12-31": "1.52200", "2010-09-30": -8.041, "2010-06-30": -15.934, "2010-03-31": -8.983, "2009-12-31": "-0.71600", "2009-09-30": 3.262, "2009-06-30": 8.579, "2009-03-31": 10.121, "2008-12-31": "2.89200", "2008-09-30": 11.129, "2008-06-30": 0.131, "2008-03-31": -8.416, "2007-12-31": "6.20500", "2007-09-30": -1.004, "2007-06-30": 7.207, "2007-03-31": -11.427, "2006-12-31": "17.43500", "2006-09-30": -10.072, "2006-06-30": -0.946, "2006-03-31": -14.259, "2005-12-31": "2.33000", "2005-09-30": -6.5, "2005-06-30": 9.854, "2005-03-31": 8.513}, "Change In Inventories": {"2020-09-30": 28.628, "2020-06-30": 19.162, "2020-03-31": -18.459, "2019-12-31": "-0.86700", "2019-09-30": 16.086, "2019-06-30": 4.368, "2019-03-31": 6.852, "2018-12-31": "-9.50100", "2018-09-30": 6.744, "2018-06-30": -25.189, "2018-03-31": -43.55, "2017-12-31": "-16.12800", "2017-09-30": -15.486, "2017-06-30": -0.895, "2017-03-31": -1.651, "2016-12-31": "6.61300", "2016-09-30": -12.081, "2016-06-30": -22.564, "2016-03-31": -17.35, "2015-12-31": "-3.71300", "2015-09-30": 4.043, "2015-06-30": -4.103, "2015-03-31": 1.399, "2014-12-31": "4.71500", "2014-09-30": 3.372, "2014-06-30": -3.12, "2014-03-31": -4.845, "2013-12-31": "-2.29700", "2013-09-30": 4.336, "2013-06-30": -1.159, "2013-03-31": -1.03, "2012-12-31": "2.11300", "2012-09-30": 1.954, "2012-06-30": -6.76, "2012-03-31": -7.632, "2011-12-31": "2.67100", "2011-09-30": -7.81, "2011-06-30": -8.886, "2011-03-31": -12.765, "2010-12-31": "-9.10900", "2010-09-30": -11.202, "2010-06-30": -5.726, "2010-03-31": 1.114, "2009-12-31": "1.20700", "2009-09-30": 12.129, "2009-06-30": 7.416, "2009-03-31": 2.742, "2008-12-31": "-0.87500", "2008-09-30": -1.376, "2008-06-30": -6.999, "2008-03-31": 1.217, "2007-12-31": "0.66700", "2007-09-30": 1.579, "2007-06-30": -10.022, "2007-03-31": -1.465, "2006-12-31": "1.53100", "2006-09-30": 3.779, "2006-06-30": -7.99, "2006-03-31": 3.575, "2005-12-31": "3.96900", "2005-09-30": 13.306, "2005-06-30": -2.04, "2005-03-31": -3.27}, "Change In Accounts Payable": {"2020-09-30": -6.529, "2020-06-30": 4.827, "2020-03-31": 9.1, "2019-12-31": "0.78900", "2019-09-30": -9.942, "2019-06-30": -4.416, "2019-03-31": -5.538, "2018-12-31": "4.73600", "2018-09-30": -13.22, "2018-06-30": -10.103, "2018-03-31": 8.911, "2017-12-31": "4.67600", "2017-09-30": 1.741, "2017-06-30": -2.137, "2017-03-31": 7.233, "2016-12-31": "1.43900", "2016-09-30": -0.089, "2016-06-30": 2.308, "2016-03-31": 11.768, "2015-12-31": "-4.25200", "2015-09-30": 0.359, "2015-06-30": 0.084, "2015-03-31": 5.915, "2014-12-31": "-5.35800", "2014-09-30": 1.56, "2014-06-30": -1.785, "2014-03-31": 3.588, "2013-12-31": "-5.65800", "2013-09-30": -4.371, "2013-06-30": 0.49, "2013-03-31": 10.442, "2012-12-31": "-0.44500", "2012-09-30": -9.343, "2012-06-30": 0.214, "2012-03-31": 3.401, "2011-12-31": "-4.71500", "2011-09-30": -4.991, "2011-06-30": -0.242, "2011-03-31": 2.385, "2010-12-31": "2.68700", "2010-09-30": 6.195, "2010-06-30": 3.844, "2010-03-31": 3.331, "2009-12-31": "1.75200", "2009-09-30": 3.787, "2009-06-30": -2.216, "2009-03-31": -0.917, "2008-12-31": "-4.82600", "2008-09-30": -1.62, "2008-06-30": -2.994, "2008-03-31": 4.127, "2007-12-31": "-0.59800", "2007-09-30": -4.969, "2007-06-30": -1.352, "2007-03-31": 6.551, "2006-12-31": "-1.91300", "2006-09-30": -2.08, "2006-06-30": 6.154, "2006-03-31": 3.01, "2005-12-31": "2.75000", "2005-09-30": -1.174, "2005-06-30": 1.297, "2005-03-31": -0.735}, "Change In Assets/Liabilities": {"2020-09-30": -0.19, "2020-06-30": 3.439, "2020-03-31": -1.565, "2019-12-31": "-14.65400", "2019-09-30": 21.076, "2019-06-30": 3.81, "2019-03-31": 9.215, "2018-12-31": "-17.98600", "2018-09-30": 25.544, "2018-06-30": -30.17, "2018-03-31": -1.581, "2017-12-31": "-46.47700", "2017-09-30": 5.286, "2017-06-30": -4.814, "2017-03-31": 28.572, "2016-12-31": "14.59900", "2016-09-30": 27.008, "2016-06-30": 1.329, "2016-03-31": 7.752, "2015-12-31": "-7.88300", "2015-09-30": 5.687, "2015-06-30": -9.829, "2015-03-31": 9.986, "2014-12-31": "-1.34700", "2014-09-30": 3.412, "2014-06-30": 2.236, "2014-03-31": 9.648, "2013-12-31": "-2.82300", "2013-09-30": 0.823, "2013-06-30": 0.295, "2013-03-31": -0.169, "2012-12-31": "-0.07000", "2012-09-30": -1.547, "2012-06-30": -0.216, "2012-03-31": 2.215, "2011-12-31": "-10.25200", "2011-09-30": 4.177, "2011-06-30": -7.513, "2011-03-31": 6.072, "2010-12-31": "-0.77300", "2010-09-30": -3.416, "2010-06-30": 11.504, "2010-03-31": 6.198, "2009-12-31": "-0.73600", "2009-09-30": 0.055, "2009-06-30": 1.085, "2009-03-31": -1.424, "2008-12-31": "-10.41700", "2008-09-30": 1.042, "2008-06-30": 8.104, "2008-03-31": -4.184, "2007-12-31": "-5.98200", "2007-09-30": -0.766, "2007-06-30": 2.625, "2007-03-31": -4.947, "2006-12-31": "-7.87800", "2006-09-30": 17.335, "2006-06-30": -1.838, "2006-03-31": -0.189, "2005-12-31": "-8.90400", "2005-09-30": 2.13, "2005-06-30": -5.379, "2005-03-31": 3.839}, "Total Change In Assets/Liabilities": {"2020-09-30": 11.908, "2020-06-30": 27.878, "2020-03-31": -5.166, "2019-12-31": "17.14100", "2019-09-30": 19.692, "2019-06-30": -37.929, "2019-03-31": 20.104, "2018-12-31": "-20.95800", "2018-09-30": -9.678, "2018-06-30": -109.862, "2018-03-31": -38.152, "2017-12-31": "-29.39700", "2017-09-30": 1.045, "2017-06-30": -13.102, "2017-03-31": 41.221, "2016-12-31": "25.64000", "2016-09-30": 11.651, "2016-06-30": -26.527, "2016-03-31": 1.887, "2015-12-31": "-14.91900", "2015-09-30": 20.668, "2015-06-30": -37.855, "2015-03-31": 18.387, "2014-12-31": "-6.50700", "2014-09-30": -0.161, "2014-06-30": -4.68, "2014-03-31": -13.05, "2013-12-31": "4.61500", "2013-09-30": 15.221, "2013-06-30": -36.971, "2013-03-31": -3.983, "2012-12-31": "20.64000", "2012-09-30": -5.014, "2012-06-30": -16.07, "2012-03-31": -9.649, "2011-12-31": "-11.34500", "2011-09-30": -13.695, "2011-06-30": -18.605, "2011-03-31": -19.394, "2010-12-31": "-6.98700", "2010-09-30": -10.575, "2010-06-30": -4.265, "2010-03-31": 4.97, "2009-12-31": "-3.28500", "2009-09-30": 21.434, "2009-06-30": 16.169, "2009-03-31": 12.749, "2008-12-31": "-17.47800", "2008-09-30": 2.001, "2008-06-30": 5.369, "2008-03-31": -6.722, "2007-12-31": "1.52200", "2007-09-30": -15.862, "2007-06-30": 3.696, "2007-03-31": -6.725, "2006-12-31": "6.72900", "2006-09-30": 8.627, "2006-06-30": -4.368, "2006-03-31": -4.003, "2005-12-31": "-4.37400", "2005-09-30": 14.433, "2005-06-30": 3.706, "2005-03-31": 8.44}, "Cash Flow From Operating Activities": {"2020-09-30": 46.843, "2020-06-30": 54.292, "2020-03-31": 45.731, "2019-12-31": "60.04100", "2019-09-30": 46.037, "2019-06-30": 9.041, "2019-03-31": 75.012, "2018-12-31": "51.31100", "2018-09-30": 103.118, "2018-06-30": 0.194, "2018-03-31": 67.819, "2017-12-31": "64.98000", "2017-09-30": 98.834, "2017-06-30": 90.923, "2017-03-31": 111.718, "2016-12-31": "82.64100", "2016-09-30": 50.678, "2016-06-30": 9.067, "2016-03-31": 31.292, "2015-12-31": "14.26200", "2015-09-30": 55.623, "2015-06-30": -11.579, "2015-03-31": 49.363, "2014-12-31": "31.05100", "2014-09-30": 26.482, "2014-06-30": 20.479, "2014-03-31": 15.741, "2013-12-31": "28.67700", "2013-09-30": 48.763, "2013-06-30": -3.665, "2013-03-31": 23.101, "2012-12-31": "47.32300", "2012-09-30": 21.06, "2012-06-30": 10.965, "2012-03-31": 16.611, "2011-12-31": "16.13500", "2011-09-30": 32.442, "2011-06-30": 18.39, "2011-03-31": 5.875, "2010-12-31": "29.96900", "2010-09-30": 10.474, "2010-06-30": 22.16, "2010-03-31": 28.579, "2009-12-31": "17.60000", "2009-09-30": 20.501, "2009-06-30": 11.021, "2009-03-31": 16.925, "2008-12-31": "-9.39800", "2008-09-30": 24.775, "2008-06-30": 14.946, "2008-03-31": 15.564, "2007-12-31": "13.07700", "2007-09-30": 16.77, "2007-06-30": 9.913, "2007-03-31": 11.202, "2006-12-31": "28.73400", "2006-09-30": 28.086, "2006-06-30": 17.617, "2006-03-31": 12.479, "2005-12-31": "20.60000", "2005-09-30": -70.119, "2005-06-30": 24.217, "2005-03-31": 48.704}, "Net Change In Property, Plant, And Equipment": {"2020-09-30": 4.775, "2020-06-30": -13.245, "2020-03-31": -23.722, "2019-12-31": "-10.80100", "2019-09-30": -22.706, "2019-06-30": -18.089, "2019-03-31": -14.057, "2018-12-31": "-23.13700", "2018-09-30": -23.1, "2018-06-30": -18.391, "2018-03-31": -21.204, "2017-12-31": "-23.65700", "2017-09-30": -17.471, "2017-06-30": -14.951, "2017-03-31": -14.132, "2016-12-31": "-15.26700", "2016-09-30": -20.884, "2016-06-30": -11.812, "2016-03-31": -11.361, "2015-12-31": "-4.71500", "2015-09-30": -6.661, "2015-06-30": -3.103, "2015-03-31": -6.666, "2014-12-31": "-4.57000", "2014-09-30": -5.36, "2014-06-30": -3.95, "2014-03-31": -6.885, "2013-12-31": "-6.61000", "2013-09-30": -5.271, "2013-06-30": -4.837, "2013-03-31": -6.497, "2012-12-31": "-3.90100", "2012-09-30": -5.158, "2012-06-30": -11.038, "2012-03-31": -11.462, "2011-12-31": "-8.11300", "2011-09-30": -9.652, "2011-06-30": -10.901, "2011-03-31": -11.08, "2010-12-31": "-5.12900", "2010-09-30": -3.631, "2010-06-30": -3.9, "2010-03-31": -2.676, "2009-12-31": "-2.78800", "2009-09-30": -3.903, "2009-06-30": -3.313, "2009-03-31": -4.722, "2008-12-31": "-8.08500", "2008-09-30": -5.667, "2008-06-30": -4.722, "2008-03-31": -4.5, "2007-12-31": "5.14000", "2007-09-30": 20.447, "2007-06-30": -5.154, "2007-03-31": -7.462, "2006-12-31": "-4.89400", "2006-09-30": -3.648, "2006-06-30": -3.826, "2006-03-31": -3.897, "2005-12-31": "-4.04800", "2005-09-30": -5.332, "2005-06-30": -3.953, "2005-03-31": -7.731}, "Net Change In Intangible Assets": {"2020-09-30": 0, "2020-06-30": 0, "2020-03-31": 0, "2019-12-31": "", "2019-09-30": 0, "2019-06-30": 0, "2019-03-31": 0, "2018-12-31": "", "2018-09-30": 0, "2018-06-30": 0, "2018-03-31": 0, "2017-12-31": "", "2017-09-30": 0, "2017-06-30": 0, "2017-03-31": 0, "2016-12-31": "", "2016-09-30": 0, "2016-06-30": 0, "2016-03-31": 0, "2015-12-31": "", "2015-09-30": 0, "2015-06-30": 0, "2015-03-31": 0, "2014-12-31": "", "2014-09-30": 0, "2014-06-30": 0, "2014-03-31": 0, "2013-12-31": "", "2013-09-30": 0, "2013-06-30": 0, "2013-03-31": 0, "2012-12-31": "", "2012-09-30": 0, "2012-06-30": 0, "2012-03-31": 0, "2011-12-31": "", "2011-09-30": 0, "2011-06-30": 0, "2011-03-31": 0, "2010-12-31": "", "2010-09-30": 0, "2010-06-30": 0, "2010-03-31": 0, "2009-12-31": "", "2009-09-30": 0, "2009-06-30": 0, "2009-03-31": 0, "2008-12-31": "", "2008-09-30": 0, "2008-06-30": 0, "2008-03-31": 0, "2007-12-31": "", "2007-09-30": 0, "2007-06-30": 0, "2007-03-31": 0, "2006-12-31": "", "2006-09-30": 0, "2006-06-30": 0, "2006-03-31": 0, "2005-12-31": "", "2005-09-30": 0, "2005-06-30": 0, "2005-03-31": 0}, "Net Acquisitions/Divestitures": {"2020-09-30": 0, "2020-06-30": 0, "2020-03-31": 0, "2019-12-31": "", "2019-09-30": 0, "2019-06-30": 0, "2019-03-31": 0, "2018-12-31": "-18.88100", "2018-09-30": 0, "2018-06-30": 0, "2018-03-31": -45.448, "2017-12-31": "25.00000", "2017-09-30": 0, "2017-06-30": 0, "2017-03-31": 0, "2016-12-31": "-740.48100", "2016-09-30": 0, "2016-06-30": 0, "2016-03-31": 0, "2015-12-31": "", "2015-09-30": -9.3, "2015-06-30": 0, "2015-03-31": 0, "2014-12-31": "", "2014-09-30": 0, "2014-06-30": 0, "2014-03-31": 0, "2013-12-31": "", "2013-09-30": 0, "2013-06-30": 0, "2013-03-31": 0, "2012-12-31": "-67.28900", "2012-09-30": -3.687, "2012-06-30": 0, "2012-03-31": 0, "2011-12-31": "", "2011-09-30": 0.481, "2011-06-30": 0, "2011-03-31": -14.589, "2010-12-31": "", "2010-09-30": 0, "2010-06-30": -5.745, "2010-03-31": 0, "2009-12-31": "-15.00000", "2009-09-30": 0, "2009-06-30": 0, "2009-03-31": 0, "2008-12-31": "", "2008-09-30": 0, "2008-06-30": 0, "2008-03-31": 0, "2007-12-31": "6.51900", "2007-09-30": -0.053, "2007-06-30": -14.175, "2007-03-31": 0, "2006-12-31": "", "2006-09-30": 1.575, "2006-06-30": -0.297, "2006-03-31": -2.765, "2005-12-31": "-4.45500", "2005-09-30": -0.106, "2005-06-30": -25.744, "2005-03-31": -12.129}, "Net Change In Short-term Investments": {"2020-09-30": 0, "2020-06-30": 0, "2020-03-31": 0, "2019-12-31": "", "2019-09-30": 0, "2019-06-30": 0, "2019-03-31": 0, "2018-12-31": "-3.42300", "2018-09-30": 0, "2018-06-30": 0, "2018-03-31": 0, "2017-12-31": "", "2017-09-30": 0, "2017-06-30": 0, "2017-03-31": 0, "2016-12-31": "", "2016-09-30": 0, "2016-06-30": 0, "2016-03-31": 0, "2015-12-31": "", "2015-09-30": 0, "2015-06-30": 0, "2015-03-31": 0, "2014-12-31": "", "2014-09-30": 0, "2014-06-30": 0, "2014-03-31": 0, "2013-12-31": "", "2013-09-30": 0, "2013-06-30": 0, "2013-03-31": 0, "2012-12-31": "", "2012-09-30": 0, "2012-06-30": 0, "2012-03-31": 0, "2011-12-31": "", "2011-09-30": 0, "2011-06-30": 0, "2011-03-31": 0, "2010-12-31": "", "2010-09-30": 0, "2010-06-30": 0, "2010-03-31": 0, "2009-12-31": "", "2009-09-30": 0, "2009-06-30": 0, "2009-03-31": 0, "2008-12-31": "", "2008-09-30": 0, "2008-06-30": 0, "2008-03-31": 0, "2007-12-31": "", "2007-09-30": 0, "2007-06-30": 0, "2007-03-31": 0, "2006-12-31": "", "2006-09-30": 0, "2006-06-30": 0, "2006-03-31": 0, "2005-12-31": "", "2005-09-30": 0, "2005-06-30": 0, "2005-03-31": 0}, "Net Change In Long-Term Investments": {"2020-09-30": 6.587, "2020-06-30": -41.782, "2020-03-31": -0.116, "2019-12-31": "0.12000", "2019-09-30": 1.995, "2019-06-30": 9.345, "2019-03-31": -6.461, "2018-12-31": "-4.87900", "2018-09-30": -0.12, "2018-06-30": 37.105, "2018-03-31": 0.542, "2017-12-31": "-5.18300", "2017-09-30": -32.344, "2017-06-30": 0.005, "2017-03-31": 0, "2016-12-31": "25.10800", "2016-09-30": 188.092, "2016-06-30": -30.717, "2016-03-31": -6.262, "2015-12-31": "1.10300", "2015-09-30": 38.255, "2015-06-30": -2.52, "2015-03-31": -35.858, "2014-12-31": "33.59000", "2014-09-30": -73.083, "2014-06-30": -10.341, "2014-03-31": -7.935, "2013-12-31": "4.38100", "2013-09-30": -19.216, "2013-06-30": -10.172, "2013-03-31": -18.378, "2012-12-31": "64.89600", "2012-09-30": -29.72, "2012-06-30": 1.863, "2012-03-31": -93.224, "2011-12-31": "17.59500", "2011-09-30": 14.755, "2011-06-30": 2.892, "2011-03-31": -1.482, "2010-12-31": "-51.58700", "2010-09-30": 26.878, "2010-06-30": 25.148, "2010-03-31": -32.501, "2009-12-31": "2.87400", "2009-09-30": -4.143, "2009-06-30": -15.726, "2009-03-31": -9.205, "2008-12-31": "-10.34700", "2008-09-30": -0.682, "2008-06-30": 11.144, "2008-03-31": 52.727, "2007-12-31": "-21.67300", "2007-09-30": 133.59, "2007-06-30": -62.359, "2007-03-31": -31.265, "2006-12-31": "-37.09500", "2006-09-30": -6.34, "2006-06-30": 33.415, "2006-03-31": 56.198, "2005-12-31": "1.36700", "2005-09-30": -18.071, "2005-06-30": 1.253, "2005-03-31": -30.418}, "Net Change In Investments - Total": {"2020-09-30": 6.587, "2020-06-30": -41.782, "2020-03-31": -0.116, "2019-12-31": "0.12000", "2019-09-30": 1.995, "2019-06-30": 9.345, "2019-03-31": -6.461, "2018-12-31": "-8.30200", "2018-09-30": -0.12, "2018-06-30": 37.105, "2018-03-31": 0.542, "2017-12-31": "-5.18300", "2017-09-30": -32.344, "2017-06-30": 0.005, "2017-03-31": 0, "2016-12-31": "25.10800", "2016-09-30": 188.092, "2016-06-30": -30.717, "2016-03-31": -6.262, "2015-12-31": "1.10300", "2015-09-30": 38.255, "2015-06-30": -2.52, "2015-03-31": -35.858, "2014-12-31": "33.59000", "2014-09-30": -73.083, "2014-06-30": -10.341, "2014-03-31": -7.935, "2013-12-31": "4.38100", "2013-09-30": -19.216, "2013-06-30": -10.172, "2013-03-31": -18.378, "2012-12-31": "64.89600", "2012-09-30": -29.72, "2012-06-30": 1.863, "2012-03-31": -93.224, "2011-12-31": "17.59500", "2011-09-30": 14.755, "2011-06-30": 2.892, "2011-03-31": -1.482, "2010-12-31": "-51.58700", "2010-09-30": 26.878, "2010-06-30": 25.148, "2010-03-31": -32.501, "2009-12-31": "2.87400", "2009-09-30": -4.143, "2009-06-30": -15.726, "2009-03-31": -9.205, "2008-12-31": "-10.34700", "2008-09-30": -0.682, "2008-06-30": 11.144, "2008-03-31": 52.727, "2007-12-31": "-21.67300", "2007-09-30": 133.59, "2007-06-30": -62.359, "2007-03-31": -31.265, "2006-12-31": "-37.09500", "2006-09-30": -6.34, "2006-06-30": 33.415, "2006-03-31": 56.198, "2005-12-31": "1.36700", "2005-09-30": -18.071, "2005-06-30": 1.253, "2005-03-31": -30.418}, "Investing Activities - Other": {"2020-09-30": 0, "2020-06-30": 0, "2020-03-31": 0, "2019-12-31": "", "2019-09-30": 0, "2019-06-30": 0, "2019-03-31": 0, "2018-12-31": "", "2018-09-30": 0, "2018-06-30": 6.25, "2018-03-31": 0.47, "2017-12-31": "", "2017-09-30": -0.106, "2017-06-30": -0.333, "2017-03-31": -0.163, "2016-12-31": "-0.15300", "2016-09-30": 0, "2016-06-30": 0, "2016-03-31": 0, "2015-12-31": "", "2015-09-30": 0, "2015-06-30": 0, "2015-03-31": 0, "2014-12-31": "", "2014-09-30": 0, "2014-06-30": 0, "2014-03-31": 0, "2013-12-31": "", "2013-09-30": 0, "2013-06-30": 0, "2013-03-31": 0, "2012-12-31": "", "2012-09-30": 0, "2012-06-30": 0, "2012-03-31": 0, "2011-12-31": "", "2011-09-30": -0.02, "2011-06-30": 0.645, "2011-03-31": 0.068, "2010-12-31": "-0.06800", "2010-09-30": 0.038, "2010-06-30": -0.625, "2010-03-31": 0, "2009-12-31": "", "2009-09-30": -0.025, "2009-06-30": 0, "2009-03-31": 0, "2008-12-31": "2.52100", "2008-09-30": -0.37, "2008-06-30": -0.518, "2008-03-31": 0.075, "2007-12-31": "0.70400", "2007-09-30": 0.434, "2007-06-30": -0.597, "2007-03-31": -0.011, "2006-12-31": "-2.61800", "2006-09-30": -1.769, "2006-06-30": 15.41, "2006-03-31": -1.483, "2005-12-31": "-0.04400", "2005-09-30": -0.696, "2005-06-30": 15.23, "2005-03-31": 6.673}, "Cash Flow From Investing Activities": {"2020-09-30": 11.362, "2020-06-30": -55.027, "2020-03-31": -23.838, "2019-12-31": "-10.68100", "2019-09-30": -20.711, "2019-06-30": -8.744, "2019-03-31": -20.518, "2018-12-31": "-50.32000", "2018-09-30": -23.22, "2018-06-30": 24.964, "2018-03-31": -65.64, "2017-12-31": "-3.84000", "2017-09-30": -49.921, "2017-06-30": -15.279, "2017-03-31": -14.295, "2016-12-31": "-730.79300", "2016-09-30": 167.208, "2016-06-30": -42.529, "2016-03-31": -17.623, "2015-12-31": "-3.61200", "2015-09-30": 22.294, "2015-06-30": -5.623, "2015-03-31": -42.524, "2014-12-31": "29.02000", "2014-09-30": -78.443, "2014-06-30": -14.291, "2014-03-31": -14.82, "2013-12-31": "-2.22900", "2013-09-30": -24.487, "2013-06-30": -15.009, "2013-03-31": -24.875, "2012-12-31": "-6.29400", "2012-09-30": -38.565, "2012-06-30": -9.175, "2012-03-31": -104.686, "2011-12-31": "9.48200", "2011-09-30": 5.564, "2011-06-30": -7.364, "2011-03-31": -27.083, "2010-12-31": "-56.78400", "2010-09-30": 23.285, "2010-06-30": 14.878, "2010-03-31": -35.177, "2009-12-31": "-14.91400", "2009-09-30": -8.071, "2009-06-30": -19.039, "2009-03-31": -13.927, "2008-12-31": "-15.91100", "2008-09-30": -6.719, "2008-06-30": 5.904, "2008-03-31": 48.302, "2007-12-31": "-9.31000", "2007-09-30": 154.418, "2007-06-30": -82.285, "2007-03-31": -38.738, "2006-12-31": "-44.60700", "2006-09-30": -10.182, "2006-06-30": 44.702, "2006-03-31": 48.053, "2005-12-31": "-7.18000", "2005-09-30": -24.205, "2005-06-30": -13.214, "2005-03-31": -43.605}, "Net Long-Term Debt": {"2020-09-30": -2.055, "2020-06-30": -1.981, "2020-03-31": -1.928, "2019-12-31": "-1.95600", "2019-09-30": -1.851, "2019-06-30": -1.884, "2019-03-31": -1.895, "2018-12-31": "-1.90700", "2018-09-30": -2.307, "2018-06-30": -2.373, "2018-03-31": -76.55, "2017-12-31": "-90.36300", "2017-09-30": -90.754, "2017-06-30": -52.477, "2017-03-31": -34.178, "2016-12-31": "738.51400", "2016-09-30": 0, "2016-06-30": 0, "2016-03-31": 0, "2015-12-31": "", "2015-09-30": 0, "2015-06-30": 0, "2015-03-31": 0, "2014-12-31": "", "2014-09-30": 0, "2014-06-30": 0, "2014-03-31": 0, "2013-12-31": "-0.00200", "2013-09-30": -0.004, "2013-06-30": -0.005, "2013-03-31": -0.004, "2012-12-31": "-0.00400", "2012-09-30": -0.004, "2012-06-30": -0.004, "2012-03-31": -0.003, "2011-12-31": "-0.00400", "2011-09-30": -0.003, "2011-06-30": -0.005, "2011-03-31": -0.005, "2010-12-31": "-0.00500", "2010-09-30": -0.005, "2010-06-30": -0.006, "2010-03-31": -0.002, "2009-12-31": "-0.00600", "2009-09-30": -0.002, "2009-06-30": -0.002, "2009-03-31": -0.002, "2008-12-31": "-0.00200", "2008-09-30": -0.002, "2008-06-30": -0.001, "2008-03-31": -0.003, "2007-12-31": "-0.00300", "2007-09-30": -199.994, "2007-06-30": -0.211, "2007-03-31": -0.003, "2006-12-31": "-0.00100", "2006-09-30": 12.584, "2006-06-30": -12.741, "2006-03-31": 1.387, "2005-12-31": "", "2005-09-30": -0.868, "2005-06-30": -13.621, "2005-03-31": -0.745}, "Net Current Debt": {"2020-09-30": -0.464, "2020-06-30": -0.442, "2020-03-31": -0.779, "2019-12-31": "-0.09400", "2019-09-30": -30.534, "2019-06-30": -1.855, "2019-03-31": -1.459, "2018-12-31": "41.64800", "2018-09-30": -0.756, "2018-06-30": -0.62, "2018-03-31": -2.015, "2017-12-31": "1.73200", "2017-09-30": -0.318, "2017-06-30": 0.132, "2017-03-31": -1.77, "2016-12-31": "-20.00000", "2016-09-30": 0, "2016-06-30": 15, "2016-03-31": 0, "2015-12-31": "5.00000", "2015-09-30": 0, "2015-06-30": 0, "2015-03-31": 0, "2014-12-31": "", "2014-09-30": -0.812, "2014-06-30": 0.836, "2014-03-31": 0, "2013-12-31": "", "2013-09-30": 0, "2013-06-30": 0, "2013-03-31": 0, "2012-12-31": "", "2012-09-30": 0, "2012-06-30": 0, "2012-03-31": 0, "2011-12-31": "", "2011-09-30": 0, "2011-06-30": 0, "2011-03-31": 0, "2010-12-31": "", "2010-09-30": 0, "2010-06-30": 0, "2010-03-31": 0, "2009-12-31": "", "2009-09-30": 0, "2009-06-30": 0, "2009-03-31": 0, "2008-12-31": "", "2008-09-30": -0.37, "2008-06-30": 0.371, "2008-03-31": 0, "2007-12-31": "", "2007-09-30": 0, "2007-06-30": 0, "2007-03-31": 0, "2006-12-31": "", "2006-09-30": -12.741, "2006-06-30": 0, "2006-03-31": 200, "2005-12-31": "", "2005-09-30": 0.003, "2005-06-30": 0, "2005-03-31": 0}, "Debt Issuance/Retirement Net - Total": {"2020-09-30": -2.519, "2020-06-30": -2.423, "2020-03-31": -2.707, "2019-12-31": "-2.05000", "2019-09-30": -32.385, "2019-06-30": -3.739, "2019-03-31": -3.354, "2018-12-31": "39.74100", "2018-09-30": -3.063, "2018-06-30": -2.993, "2018-03-31": -78.565, "2017-12-31": "-88.63100", "2017-09-30": -91.072, "2017-06-30": -52.345, "2017-03-31": -35.948, "2016-12-31": "718.51400", "2016-09-30": 0, "2016-06-30": 15, "2016-03-31": 0, "2015-12-31": "5.00000", "2015-09-30": 0, "2015-06-30": 0, "2015-03-31": 0, "2014-12-31": "", "2014-09-30": -0.812, "2014-06-30": 0.836, "2014-03-31": 0, "2013-12-31": "-0.00200", "2013-09-30": -0.004, "2013-06-30": -0.005, "2013-03-31": -0.004, "2012-12-31": "-0.00400", "2012-09-30": -0.004, "2012-06-30": -0.004, "2012-03-31": -0.003, "2011-12-31": "-0.00400", "2011-09-30": -0.003, "2011-06-30": -0.005, "2011-03-31": -0.005, "2010-12-31": "-0.00500", "2010-09-30": -0.005, "2010-06-30": -0.006, "2010-03-31": -0.002, "2009-12-31": "-0.00600", "2009-09-30": -0.002, "2009-06-30": -0.002, "2009-03-31": -0.002, "2008-12-31": "-0.00200", "2008-09-30": -0.372, "2008-06-30": 0.37, "2008-03-31": -0.003, "2007-12-31": "-0.00300", "2007-09-30": -199.994, "2007-06-30": -0.211, "2007-03-31": -0.003, "2006-12-31": "-0.00100", "2006-09-30": -0.157, "2006-06-30": -12.741, "2006-03-31": 201.387, "2005-12-31": "", "2005-09-30": 14.369, "2005-06-30": -13.621, "2005-03-31": -0.745}, "Net Common Equity Issued/Repurchased": {"2020-09-30": 13.52, "2020-06-30": -6.979, "2020-03-31": 1.074, "2019-12-31": "5.74700", "2019-09-30": 15.167, "2019-06-30": -86.47, "2019-03-31": 25.501, "2018-12-31": "-19.79700", "2018-09-30": 36.292, "2018-06-30": -94.367, "2018-03-31": -36.25, "2017-12-31": "4.89900", "2017-09-30": 0, "2017-06-30": 19.92, "2017-03-31": -15.675, "2016-12-31": "3.86600", "2016-09-30": 0.6, "2016-06-30": 3.563, "2016-03-31": 0.165, "2015-12-31": "3.52100", "2015-09-30": -49.966, "2015-06-30": 3.555, "2015-03-31": -7.447, "2014-12-31": "-13.86100", "2014-09-30": 0.172, "2014-06-30": 3.475, "2014-03-31": 7.886, "2013-12-31": "-0.84800", "2013-09-30": 0.833, "2013-06-30": 7.448, "2013-03-31": 3.548, "2012-12-31": "4.71200", "2012-09-30": 6.265, "2012-06-30": -0.6, "2012-03-31": -1.279, "2011-12-31": "-16.09700", "2011-09-30": -56.411, "2011-06-30": -8.078, "2011-03-31": -18.759, "2010-12-31": "17.33100", "2010-09-30": -11.368, "2010-06-30": -10.959, "2010-03-31": 10.116, "2009-12-31": "2.31400", "2009-09-30": -0.001, "2009-06-30": 1.131, "2009-03-31": 0.001, "2008-12-31": "3.54300", "2008-09-30": 13.612, "2008-06-30": 1.468, "2008-03-31": -226.785, "2007-12-31": "", "2007-09-30": 0, "2007-06-30": -0.001, "2007-03-31": 0, "2006-12-31": "3.78400", "2006-09-30": 5.235, "2006-06-30": 12.078, "2006-03-31": -10.3, "2005-12-31": "-5.00300", "2005-09-30": 2.156, "2005-06-30": 5.845, "2005-03-31": 7.285}, "Net Total Equity Issued/Repurchased": {"2020-09-30": 13.52, "2020-06-30": -6.979, "2020-03-31": 1.074, "2019-12-31": "5.74700", "2019-09-30": 15.167, "2019-06-30": -86.47, "2019-03-31": 25.501, "2018-12-31": "-19.79700", "2018-09-30": 36.292, "2018-06-30": -94.367, "2018-03-31": -36.25, "2017-12-31": "4.89900", "2017-09-30": 0, "2017-06-30": 19.92, "2017-03-31": -15.675, "2016-12-31": "3.86600", "2016-09-30": 0.6, "2016-06-30": 3.563, "2016-03-31": 0.165, "2015-12-31": "3.52100", "2015-09-30": -49.966, "2015-06-30": 3.555, "2015-03-31": -7.447, "2014-12-31": "-13.86100", "2014-09-30": 0.172, "2014-06-30": 3.475, "2014-03-31": 7.886, "2013-12-31": "-0.84800", "2013-09-30": 0.833, "2013-06-30": 7.448, "2013-03-31": 3.548, "2012-12-31": "4.71200", "2012-09-30": 6.265, "2012-06-30": -0.6, "2012-03-31": -1.279, "2011-12-31": "-16.09700", "2011-09-30": -56.411, "2011-06-30": -8.078, "2011-03-31": -18.759, "2010-12-31": "17.33100", "2010-09-30": -11.368, "2010-06-30": -10.959, "2010-03-31": 10.116, "2009-12-31": "2.31400", "2009-09-30": -0.001, "2009-06-30": 1.131, "2009-03-31": 0.001, "2008-12-31": "3.54300", "2008-09-30": 13.612, "2008-06-30": 1.468, "2008-03-31": -226.785, "2007-12-31": "", "2007-09-30": 0, "2007-06-30": -0.001, "2007-03-31": 0, "2006-12-31": "3.78400", "2006-09-30": 5.235, "2006-06-30": 12.078, "2006-03-31": -10.3, "2005-12-31": "-5.00300", "2005-09-30": 2.156, "2005-06-30": 5.845, "2005-03-31": 7.285}, "Total Common And Preferred Stock Dividends Paid": {"2020-09-30": 0, "2020-06-30": 0, "2020-03-31": 0, "2019-12-31": "", "2019-09-30": 0, "2019-06-30": 51.406, "2019-03-31": -51.406, "2018-12-31": "", "2018-09-30": 0, "2018-06-30": 0, "2018-03-31": 0, "2017-12-31": "", "2017-09-30": 0, "2017-06-30": 0, "2017-03-31": -0.816, "2016-12-31": "", "2016-09-30": 0, "2016-06-30": 0, "2016-03-31": 0, "2015-12-31": "", "2015-09-30": 0, "2015-06-30": 0, "2015-03-31": 0, "2014-12-31": "", "2014-09-30": 0, "2014-06-30": 0, "2014-03-31": 0, "2013-12-31": "", "2013-09-30": 0, "2013-06-30": 0, "2013-03-31": 0, "2012-12-31": "-24.04000", "2012-09-30": 0, "2012-06-30": 0, "2012-03-31": 0, "2011-12-31": "", "2011-09-30": 0, "2011-06-30": 0, "2011-03-31": 0, "2010-12-31": "", "2010-09-30": 0, "2010-06-30": 0, "2010-03-31": 0, "2009-12-31": "", "2009-09-30": 0, "2009-06-30": 0, "2009-03-31": 0, "2008-12-31": "", "2008-09-30": 0, "2008-06-30": 0, "2008-03-31": 0, "2007-12-31": "", "2007-09-30": 0, "2007-06-30": 0, "2007-03-31": 0, "2006-12-31": "", "2006-09-30": 0, "2006-06-30": 0, "2006-03-31": 0, "2005-12-31": "", "2005-09-30": 0, "2005-06-30": 0, "2005-03-31": 0}, "Financial Activities - Other": {"2020-09-30": -13.549, "2020-06-30": 13.299, "2020-03-31": -0.124, "2019-12-31": "-13.17500", "2019-09-30": -15.179, "2019-06-30": 15.141, "2019-03-31": -0.298, "2018-12-31": "-14.84300", "2018-09-30": -36.32, "2018-06-30": 0, "2018-03-31": 35.646, "2017-12-31": "-35.64600", "2017-09-30": 1.601, "2017-06-30": -16.165, "2017-03-31": 15.187, "2016-12-31": "-41.07900", "2016-09-30": -3.581, "2016-06-30": 0.417, "2016-03-31": -2.164, "2015-12-31": "-5.31700", "2015-09-30": -0.007, "2015-06-30": -0.06, "2015-03-31": -0.035, "2014-12-31": "-5.20000", "2014-09-30": -0.018, "2014-06-30": -0.104, "2014-03-31": -7.689, "2013-12-31": "", "2013-09-30": -0.007, "2013-06-30": -4.163, "2013-03-31": 4.046, "2012-12-31": "-4.04600", "2012-09-30": -5.988, "2012-06-30": 0.122, "2012-03-31": 5.325, "2011-12-31": "-2.73200", "2011-09-30": 0.716, "2011-06-30": 1.031, "2011-03-31": 0.466, "2010-12-31": "-0.40800", "2010-09-30": -0.896, "2010-06-30": 0.137, "2010-03-31": 0.382, "2009-12-31": "0.10000", "2009-09-30": -0.114, "2009-06-30": -0.375, "2009-03-31": 0.49, "2008-12-31": "-0.46200", "2008-09-30": -0.463, "2008-06-30": 1.231, "2008-03-31": -0.85, "2007-12-31": "-0.02400", "2007-09-30": 0.065, "2007-06-30": -2.828, "2007-03-31": 3.107, "2006-12-31": "-1.79700", "2006-09-30": 1.068, "2006-06-30": 2.196, "2006-03-31": -8.425, "2005-12-31": "0.90000", "2005-09-30": 2.686, "2005-06-30": -1.407, "2005-03-31": -0.451}, "Cash Flow From Financial Activities": {"2020-09-30": -2.548, "2020-06-30": 3.897, "2020-03-31": -1.757, "2019-12-31": "-9.47800", "2019-09-30": -32.397, "2019-06-30": -23.662, "2019-03-31": -29.557, "2018-12-31": "5.10100", "2018-09-30": -3.091, "2018-06-30": -97.36, "2018-03-31": -79.169, "2017-12-31": "-119.37800", "2017-09-30": -89.471, "2017-06-30": -48.59, "2017-03-31": -37.252, "2016-12-31": "681.30100", "2016-09-30": -2.981, "2016-06-30": 18.98, "2016-03-31": -1.999, "2015-12-31": "3.20400", "2015-09-30": -49.973, "2015-06-30": 3.495, "2015-03-31": -7.482, "2014-12-31": "-19.06100", "2014-09-30": -0.658, "2014-06-30": 4.207, "2014-03-31": 0.197, "2013-12-31": "-0.85000", "2013-09-30": 0.822, "2013-06-30": 3.28, "2013-03-31": 7.59, "2012-12-31": "-23.37800", "2012-09-30": 0.273, "2012-06-30": -0.482, "2012-03-31": 4.043, "2011-12-31": "-18.83300", "2011-09-30": -55.698, "2011-06-30": -7.052, "2011-03-31": -18.298, "2010-12-31": "16.91800", "2010-09-30": -12.269, "2010-06-30": -10.828, "2010-03-31": 10.496, "2009-12-31": "2.40800", "2009-09-30": -0.117, "2009-06-30": 0.754, "2009-03-31": 0.489, "2008-12-31": "3.07900", "2008-09-30": 12.777, "2008-06-30": 3.069, "2008-03-31": -227.638, "2007-12-31": "-0.02700", "2007-09-30": -199.929, "2007-06-30": -3.04, "2007-03-31": 3.104, "2006-12-31": "1.98600", "2006-09-30": 6.146, "2006-06-30": 1.533, "2006-03-31": 182.662, "2005-12-31": "-4.10300", "2005-09-30": 3.097, "2005-06-30": -9.183, "2005-03-31": 6.089}, "Net Cash Flow": {"2020-09-30": 61.306, "2020-06-30": 9.918, "2020-03-31": 11.718, "2019-12-31": "43.91700", "2019-09-30": -11.108, "2019-06-30": -20.704, "2019-03-31": 22.135, "2018-12-31": "4.29300", "2018-09-30": 77.767, "2018-06-30": -77.285, "2018-03-31": -76.229, "2017-12-31": "-57.29500", "2017-09-30": -28.804, "2017-06-30": 39.841, "2017-03-31": 72.058, "2016-12-31": "19.64500", "2016-09-30": 214.94, "2016-06-30": -17.769, "2016-03-31": 14.833, "2015-12-31": "11.73600", "2015-09-30": 27.469, "2015-06-30": -11.943, "2015-03-31": -14.339, "2014-12-31": "38.20300", "2014-09-30": -58.351, "2014-06-30": 9.317, "2014-03-31": 1.876, "2013-12-31": "27.93100", "2013-09-30": 29.133, "2013-06-30": -12.293, "2013-03-31": 5.608, "2012-12-31": "20.23500", "2012-09-30": -14.819, "2012-06-30": -3.484, "2012-03-31": -81.598, "2011-12-31": "0.60100", "2011-09-30": -32.62, "2011-06-30": -0.436, "2011-03-31": -27.398, "2010-12-31": "-17.86500", "2010-09-30": 35.029, "2010-06-30": 18.185, "2010-03-31": -7.594, "2009-12-31": "-0.19000", "2009-09-30": 17.619, "2009-06-30": -0.62, "2009-03-31": -2.284, "2008-12-31": "-28.59100", "2008-09-30": 19.695, "2008-06-30": 24.347, "2008-03-31": -151.011, "2007-12-31": "4.86800", "2007-09-30": -22.972, "2007-06-30": -72.968, "2007-03-31": -22.959, "2006-12-31": "-10.40500", "2006-09-30": 24.226, "2006-06-30": 67.711, "2006-03-31": 245.034, "2005-12-31": "10.75300", "2005-09-30": -6.891, "2005-06-30": -1.647, "2005-03-31": 11.343}, "Stock-Based Compensation": {"2020-09-30": 13.711, "2020-06-30": 14.386, "2020-03-31": 8.898, "2019-12-31": "7.79200", "2019-09-30": 9.931, "2019-06-30": 9.655, "2019-03-31": 9.004, "2018-12-31": "7.87600", "2018-09-30": 8.669, "2018-06-30": 8.583, "2018-03-31": 8.41, "2017-12-31": "7.07600", "2017-09-30": 7.194, "2017-06-30": 6.892, "2017-03-31": 6.683, "2016-12-31": "5.50300", "2016-09-30": 5.336, "2016-06-30": 5.689, "2016-03-31": 5.387, "2015-12-31": "3.74500", "2015-09-30": 4.495, "2015-06-30": 4.565, "2015-03-31": 4.782, "2014-12-31": "4.39000", "2014-09-30": 4.69, "2014-06-30": 4.667, "2014-03-31": 4.672, "2013-12-31": "4.86800", "2013-09-30": 4.615, "2013-06-30": 4.64, "2013-03-31": 4.642, "2012-12-31": "4.99400", "2012-09-30": 4.005, "2012-06-30": 4.127, "2012-03-31": 4.161, "2011-12-31": "4.02200", "2011-09-30": 3.442, "2011-06-30": 3.437, "2011-03-31": 3.162, "2010-12-31": "2.92200", "2010-09-30": 2.203, "2010-06-30": 2.191, "2010-03-31": 2.018, "2009-12-31": "1.87400", "2009-09-30": 1.749, "2009-06-30": 1.488, "2009-03-31": 2.425, "2008-12-31": "1.75300", "2008-09-30": 1.893, "2008-06-30": 1.605, "2008-03-31": 3.051, "2007-12-31": "2.26000", "2007-09-30": 1.007, "2007-06-30": 1.94, "2007-03-31": 3.499, "2006-12-31": "3.49100", "2006-09-30": 3.622, "2006-06-30": 3.172, "2006-03-31": 3.519, "2005-12-31": "3.68200", "2005-09-30": 0.174, "2005-06-30": 0.262, "2005-03-31": 0}, "Common Stock Dividends Paid": {"2020-09-30": 0, "2020-06-30": 0, "2020-03-31": 0, "2019-12-31": "", "2019-09-30": 0, "2019-06-30": 51.406, "2019-03-31": -51.406, "2018-12-31": "", "2018-09-30": 0, "2018-06-30": 0, "2018-03-31": 0, "2017-12-31": "", "2017-09-30": 0, "2017-06-30": 0, "2017-03-31": -0.816, "2016-12-31": "", "2016-09-30": 0, "2016-06-30": 0, "2016-03-31": 0, "2015-12-31": "", "2015-09-30": 0, "2015-06-30": 0, "2015-03-31": 0, "2014-12-31": "", "2014-09-30": 0, "2014-06-30": 0, "2014-03-31": 0, "2013-12-31": "", "2013-09-30": 0, "2013-06-30": 0, "2013-03-31": 0, "2012-12-31": "-24.04000", "2012-09-30": 0, "2012-06-30": 0, "2012-03-31": 0, "2011-12-31": "", "2011-09-30": 0, "2011-06-30": 0, "2011-03-31": 0, "2010-12-31": "", "2010-09-30": 0, "2010-06-30": 0, "2010-03-31": 0, "2009-12-31": "", "2009-09-30": 0, "2009-06-30": 0, "2009-03-31": 0, "2008-12-31": "", "2008-09-30": 0, "2008-06-30": 0, "2008-03-31": 0, "2007-12-31": "", "2007-09-30": 0, "2007-06-30": 0, "2007-03-31": 0, "2006-12-31": "", "2006-09-30": 0, "2006-06-30": 0, "2006-03-31": 0, "2005-12-31": "", "2005-09-30": 0, "2005-06-30": 0, "2005-03-31": 0}}, "financial ratios": {"Current Ratio": {"2020-09-30": "4.52020", "2019-09-30": "4.55580", "2018-09-30": "3.32180", "2017-09-30": "3.12940", "2016-09-30": "4.04800", "2015-09-30": "5.32410", "2014-09-30": "5.80520", "2013-09-30": "4.31490", "2012-09-30": "3.99570", "2011-09-30": "3.57530", "2010-09-30": "4.11250", "2009-09-30": "5.59140", "2008-09-30": "4.49830", "2007-09-30": "5.16970", "2006-09-30": "5.98360", "2005-09-30": "4.36390"}, "Long-term Debt / Capital": {"2020-09-30": "0.30720", "2019-09-30": "0.23390", "2018-09-30": "0.24250", "2017-09-30": "0.33610", "2016-09-30": "", "2015-09-30": "", "2014-09-30": "", "2013-09-30": "", "2012-09-30": "0.00000", "2011-09-30": "0.00000", "2010-09-30": "0.00010", "2009-09-30": "0.00000", "2008-09-30": "0.00000", "2007-09-30": "0.00000", "2006-09-30": "0.21890", "2005-09-30": ""}, "Debt/Equity Ratio": {"2020-09-30": "0.46150", "2019-09-30": "0.31690", "2018-09-30": "0.32390", "2017-09-30": "0.51070", "2016-09-30": "0.02200", "2015-09-30": "", "2014-09-30": "", "2013-09-30": "0.00000", "2012-09-30": "0.00000", "2011-09-30": "0.00010", "2010-09-30": "0.00010", "2009-09-30": "0.00000", "2008-09-30": "0.00000", "2007-09-30": "0.00000", "2006-09-30": "0.28020", "2005-09-30": "0.01990"}, "Gross Margin": {"2020-09-30": "33.43160", "2019-09-30": "34.00330", "2018-09-30": "43.66150", "2017-09-30": "43.53650", "2016-09-30": "44.48320", "2015-09-30": "41.79640", "2014-09-30": "39.43800", "2013-09-30": "39.78040", "2012-09-30": "41.08570", "2011-09-30": "43.69800", "2010-09-30": "43.10450", "2009-09-30": "36.96180", "2008-09-30": "42.03600", "2007-09-30": "41.58810", "2006-09-30": "43.80610", "2005-09-30": "42.16800"}, "Operating Margin": {"2020-09-30": "-35.00250", "2019-09-30": "5.80820", "2018-09-30": "20.65710", "2017-09-30": "18.88780", "2016-09-30": "14.88410", "2015-09-30": "12.55480", "2014-09-30": "9.67310", "2013-09-30": "10.47970", "2012-09-30": "11.55010", "2011-09-30": "13.95170", "2010-09-30": "9.40060", "2009-09-30": "-8.06570", "2008-09-30": "3.77000", "2007-09-30": "1.85000", "2006-09-30": "5.92930", "2005-09-30": "6.87110"}, "EBIT Margin": {"2020-09-30": "-35.00250", "2019-09-30": "5.80820", "2018-09-30": "20.65710", "2017-09-30": "18.88780", "2016-09-30": "14.88410", "2015-09-30": "12.55480", "2014-09-30": "9.67310", "2013-09-30": "10.47970", "2012-09-30": "11.55010", "2011-09-30": "13.95170", "2010-09-30": "9.40060", "2009-09-30": "-8.06570", "2008-09-30": "3.77000", "2007-09-30": "1.85000", "2006-09-30": "5.92930", "2005-09-30": "6.87110"}, "EBITDA Margin": {"2020-09-30": "-0.55250", "2019-09-30": "14.26820", "2018-09-30": "27.11920", "2017-09-30": "25.35480", "2016-09-30": "18.89110", "2015-09-30": "16.67450", "2014-09-30": "14.22870", "2013-09-30": "14.93870", "2012-09-30": "15.40510", "2011-09-30": "17.51670", "2010-09-30": "14.30240", "2009-09-30": "2.47520", "2008-09-30": "9.10490", "2007-09-30": "8.35630", "2006-09-30": "12.10410", "2005-09-30": "13.84500"}, "Pre-Tax Profit Margin": {"2020-09-30": "-36.02310", "2019-09-30": "4.19730", "2018-09-30": "19.00350", "2017-09-30": "17.52760", "2016-09-30": "14.33380", "2015-09-30": "12.40790", "2014-09-30": "9.96920", "2013-09-30": "10.30660", "2012-09-30": "11.78310", "2011-09-30": "15.42400", "2010-09-30": "9.58220", "2009-09-30": "-8.22590", "2008-09-30": "6.22220", "2007-09-30": "4.81130", "2006-09-30": "7.89890", "2005-09-30": "7.94570"}, "Net Profit Margin": {"2020-09-30": "-33.69730", "2019-09-30": "3.76230", "2018-09-30": "13.00120", "2017-09-30": "12.01880", "2016-09-30": "10.20570", "2015-09-30": "9.52180", "2014-09-30": "7.43810", "2013-09-30": "8.19070", "2012-09-30": "8.18660", "2011-09-30": "11.61360", "2010-09-30": "6.10110", "2009-09-30": "-8.10290", "2008-09-30": "3.90530", "2007-09-30": "2.65340", "2006-09-30": "7.76430", "2005-09-30": "7.44090"}, "Asset Turnover": {"2020-09-30": "0.67250", "2019-09-30": "0.68680", "2018-09-30": "0.84190", "2017-09-30": "0.73720", "2016-09-30": "0.73840", "2015-09-30": "0.82820", "2014-09-30": "0.79510", "2013-09-30": "0.83820", "2012-09-30": "0.87320", "2011-09-30": "0.95210", "2010-09-30": "0.75340", "2009-09-30": "0.57840", "2008-09-30": "0.74310", "2007-09-30": "0.63440", "2006-09-30": "0.54010", "2005-09-30": "0.64460"}, "Inventory Turnover Ratio": {"2020-09-30": "1.91710", "2019-09-30": "2.13360", "2018-09-30": "2.20220", "2017-09-30": "2.34580", "2016-09-30": "2.23580", "2015-09-30": "2.98220", "2014-09-30": "2.82290", "2013-09-30": "2.90270", "2012-09-30": "2.82990", "2011-09-30": "2.96630", "2010-09-30": "3.02360", "2009-09-30": "2.81050", "2008-09-30": "2.88220", "2007-09-30": "3.11040", "2006-09-30": "3.23700", "2005-09-30": "2.90620"}, "Receiveable Turnover": {"2020-09-30": "5.57900", "2019-09-30": "5.34710", "2018-09-30": "5.35620", "2017-09-30": "5.63790", "2016-09-30": "5.17390", "2015-09-30": "5.64080", "2014-09-30": "5.78660", "2013-09-30": "5.92370", "2012-09-30": "5.32810", "2011-09-30": "5.69240", "2010-09-30": "5.49010", "2009-09-30": "5.87170", "2008-09-30": "6.20280", "2007-09-30": "5.87560", "2006-09-30": "5.24610", "2005-09-30": "5.88760"}, "Days Sales In Receivables": {"2020-09-30": "65.42360", "2019-09-30": "68.26100", "2018-09-30": "68.14500", "2017-09-30": "64.74100", "2016-09-30": "70.54700", "2015-09-30": "64.70720", "2014-09-30": "63.07680", "2013-09-30": "61.61640", "2012-09-30": "68.50440", "2011-09-30": "64.12100", "2010-09-30": "66.48360", "2009-09-30": "62.16310", "2008-09-30": "58.84410", "2007-09-30": "62.12160", "2006-09-30": "69.57610", "2005-09-30": "61.99430"}, "ROE - Return On Equity": {"2020-09-30": "-44.66440", "2019-09-30": "4.18960", "2018-09-30": "18.81830", "2017-09-30": "17.93610", "2016-09-30": "9.60690", "2015-09-30": "9.59410", "2014-09-30": "7.21110", "2013-09-30": "8.74800", "2012-09-30": "9.37410", "2011-09-30": "15.08700", "2010-09-30": "6.24150", "2009-09-30": "-6.13630", "2008-09-30": "3.91070", "2007-09-30": "2.06890", "2006-09-30": "6.32670", "2005-09-30": "6.00530"}, "Return On Tangible Equity": {"2020-09-30": "-51.50070", "2019-09-30": "6.96470", "2018-09-30": "33.92070", "2017-09-30": "37.55680", "2016-09-30": "10.99970", "2015-09-30": "11.37340", "2014-09-30": "8.71170", "2013-09-30": "11.01990", "2012-09-30": "10.77210", "2011-09-30": "17.79120", "2010-09-30": "7.37230", "2009-09-30": "-7.22470", "2008-09-30": "4.83470", "2007-09-30": "2.44630", "2006-09-30": "7.48130", "2005-09-30": "7.29250"}, "ROA - Return On Assets": {"2020-09-30": "-22.66160", "2019-09-30": "2.58380", "2018-09-30": "10.94530", "2017-09-30": "8.92480", "2016-09-30": "7.53580", "2015-09-30": "7.88580", "2014-09-30": "5.91430", "2013-09-30": "6.86570", "2012-09-30": "7.14850", "2011-09-30": "11.05680", "2010-09-30": "4.59670", "2009-09-30": "-4.68670", "2008-09-30": "2.90220", "2007-09-30": "1.68330", "2006-09-30": "4.19330", "2005-09-30": "4.79680"}, "ROI - Return On Investment": {"2020-09-30": "-30.94370", "2019-09-30": "3.20970", "2018-09-30": "14.25560", "2017-09-30": "11.90710", "2016-09-30": "9.60690", "2015-09-30": "9.59410", "2014-09-30": "7.21110", "2013-09-30": "8.74800", "2012-09-30": "9.37410", "2011-09-30": "15.08660", "2010-09-30": "6.24110", "2009-09-30": "-6.13630", "2008-09-30": "3.91060", "2007-09-30": "2.06890", "2006-09-30": "4.94200", "2005-09-30": "6.00530"}, "Book Value Per Share": {"2020-09-30": "38.22500", "2019-09-30": "53.57080", "2018-09-30": "54.09540", "2017-09-30": "47.22760", "2016-09-30": "37.44570", "2015-09-30": "33.22560", "2014-09-30": "32.85170", "2013-09-30": "31.00550", "2012-09-30": "28.28500", "2011-09-30": "26.05180", "2010-09-30": "24.08830", "2009-09-30": "23.53590", "2008-09-30": "24.73790", "2007-09-30": "24.43540", "2006-09-30": "22.84170", "2005-09-30": "20.52000"}, "Operating Cash Flow Per Share": {"2020-09-30": 1.1121, "2019-09-30": -2.0296, "2018-09-30": -6.0018, "2017-09-30": 11.19, "2016-09-30": -0.667, "2015-09-30": 1.3358, "2014-09-30": -1.0605, "2013-09-30": 2.0087, "2012-09-30": -0.708, "2011-09-30": 0.2628, "2010-09-30": 1.5329, "2009-09-30": -0.8286, "2008-09-30": 0.3565, "2007-09-30": -0.4154, "2006-09-30": -0.4749, "2005-09-30": 2.9706}, "Free Cash Flow Per Share": {"2020-09-30": 2.5407, "2019-09-30": -1.767, "2018-09-30": -6.9815, "2017-09-30": 10.6925, "2016-09-30": -1.8243, "2015-09-30": 1.405, "2014-09-30": -1.1349, "2013-09-30": 2.6625, "2012-09-30": -0.7532, "2011-09-30": -0.663, "2010-09-30": 1.8396, "2009-09-30": -1.3057, "2008-09-30": -0.0827, "2007-09-30": 0.1647, "2006-09-30": -0.4184, "2005-09-30": 2.4257}}, "financial ratios, quarterly": {"Current Ratio": {"2020-09-30": "4.52020", "2020-06-30": "4.39670", "2020-03-31": "4.28320", "2019-12-31": "4.37880", "2019-09-30": "4.55580", "2019-06-30": "3.96970", "2019-03-31": "3.36030", "2018-12-31": "3.25910", "2018-09-30": "3.32180", "2018-06-30": "3.27850", "2018-03-31": "3.10330", "2017-12-31": "3.18430", "2017-09-30": "3.12940", "2017-06-30": "3.32600", "2017-03-31": "3.28110", "2016-12-31": "3.58410", "2016-09-30": "4.04800", "2016-06-30": "4.56980", "2016-03-31": "4.84030", "2015-12-31": "5.43140", "2015-09-30": "5.32410", "2015-06-30": "5.47790", "2015-03-31": "5.18140", "2014-12-31": "5.79550", "2014-09-30": "5.80520", "2014-06-30": "4.61410", "2014-03-31": "4.61940", "2013-12-31": "4.82380", "2013-09-30": "4.31490", "2013-06-30": "3.73090", "2013-03-31": "3.41900", "2012-12-31": "3.47780", "2012-09-30": "3.99570", "2012-06-30": "3.58660", "2012-03-31": "3.77650", "2011-12-31": "3.83740", "2011-09-30": "3.57530", "2011-06-30": "3.66640", "2011-03-31": "3.59060", "2010-12-31": "4.22120", "2010-09-30": "4.11250", "2010-06-30": "3.95560", "2010-03-31": "4.47080", "2009-12-31": "4.96860", "2009-09-30": "5.59140", "2009-06-30": "4.81970", "2009-03-31": "4.92140", "2008-12-31": "5.19490", "2008-09-30": "4.49830", "2008-06-30": "3.75850", "2008-03-31": "3.92700", "2007-12-31": "5.96460", "2007-09-30": "5.16970", "2007-06-30": "2.33920", "2007-03-31": "2.40840", "2006-12-31": "2.42980", "2006-09-30": "5.98360", "2006-06-30": "6.57910", "2006-03-31": "6.47860", "2005-12-31": "4.87960", "2005-09-30": "4.36390", "2005-06-30": "4.48200", "2005-03-31": "4.59310"}, "Long-term Debt / Capital": {"2020-09-30": "0.30720", "2020-06-30": "0.30780", "2020-03-31": "0.30410", "2019-12-31": "0.23270", "2019-09-30": "0.23390", "2019-06-30": "0.23950", "2019-03-31": "0.23610", "2018-12-31": "0.23890", "2018-09-30": "0.24250", "2018-06-30": "0.25540", "2018-03-31": "0.25850", "2017-12-31": "0.29620", "2017-09-30": "0.33610", "2017-06-30": "0.37930", "2017-03-31": "0.40340", "2016-12-31": "0.42220", "2016-09-30": "", "2016-06-30": "", "2016-03-31": "", "2015-12-31": "", "2015-09-30": "", "2015-06-30": "", "2015-03-31": "", "2014-12-31": "", "2014-09-30": "", "2014-06-30": "", "2014-03-31": "", "2013-12-31": "", "2013-09-30": "", "2013-06-30": "", "2013-03-31": "", "2012-12-31": "", "2012-09-30": "0.00000", "2012-06-30": "0.00000", "2012-03-31": "0.00000", "2011-12-31": "0.00000", "2011-09-30": "0.00000", "2011-06-30": "0.00000", "2011-03-31": "0.00000", "2010-12-31": "0.00000", "2010-09-30": "0.00010", "2010-06-30": "0.00010", "2010-03-31": "0.00010", "2009-12-31": "0.00010", "2009-09-30": "0.00000", "2009-06-30": "0.00000", "2009-03-31": "0.00000", "2008-12-31": "0.00000", "2008-09-30": "0.00000", "2008-06-30": "0.00000", "2008-03-31": "0.00000", "2007-12-31": "0.00000", "2007-09-30": "0.00000", "2007-06-30": "0.00150", "2007-03-31": "0.00180", "2006-12-31": "0.00180", "2006-09-30": "0.21890", "2006-06-30": "0.22620", "2006-03-31": "0.23670", "2005-12-31": "", "2005-09-30": "", "2005-06-30": "0.00100", "2005-03-31": "0.02180"}, "Debt/Equity Ratio": {"2020-09-30": "0.46150", "2020-06-30": "0.46310", "2020-03-31": "0.45570", "2019-12-31": "0.31620", "2019-09-30": "0.31690", "2019-06-30": "0.34980", "2019-03-31": "0.34490", "2018-12-31": "0.34930", "2018-09-30": "0.32390", "2018-06-30": "0.34870", "2018-03-31": "0.35440", "2017-12-31": "0.42660", "2017-09-30": "0.51070", "2017-06-30": "0.61630", "2017-03-31": "0.68140", "2016-12-31": "0.73840", "2016-09-30": "0.02200", "2016-06-30": "0.02300", "2016-03-31": "0.00590", "2015-12-31": "0.00620", "2015-09-30": "", "2015-06-30": "", "2015-03-31": "", "2014-12-31": "", "2014-09-30": "", "2014-06-30": "0.00100", "2014-03-31": "", "2013-12-31": "", "2013-09-30": "0.00000", "2013-06-30": "0.00000", "2013-03-31": "0.00000", "2012-12-31": "0.00000", "2012-09-30": "0.00000", "2012-06-30": "0.00000", "2012-03-31": "0.00000", "2011-12-31": "0.00000", "2011-09-30": "0.00010", "2011-06-30": "0.00010", "2011-03-31": "0.00010", "2010-12-31": "0.00010", "2010-09-30": "0.00010", "2010-06-30": "0.00010", "2010-03-31": "0.00010", "2009-12-31": "0.00010", "2009-09-30": "0.00000", "2009-06-30": "0.00000", "2009-03-31": "0.00000", "2008-12-31": "0.00000", "2008-09-30": "0.00000", "2008-06-30": "0.00070", "2008-03-31": "0.00000", "2007-12-31": "0.00000", "2007-09-30": "0.00000", "2007-06-30": "0.26370", "2007-03-31": "0.26550", "2006-12-31": "0.27090", "2006-09-30": "0.28020", "2006-06-30": "0.29230", "2006-03-31": "0.32970", "2005-12-31": "0.01980", "2005-09-30": "0.01990", "2005-06-30": "0.02170", "2005-03-31": "0.04360"}, "Gross Margin": {"2020-09-30": "35.43260", "2020-06-30": "31.93680", "2020-03-31": "32.10370", "2019-12-31": "34.05950", "2019-09-30": "32.31200", "2019-06-30": "28.89500", "2019-03-31": "35.05790", "2018-12-31": "38.97990", "2018-09-30": "41.14460", "2018-06-30": "43.19260", "2018-03-31": "44.77700", "2017-12-31": "45.44370", "2017-09-30": "45.28960", "2017-06-30": "44.64190", "2017-03-31": "42.45530", "2016-12-31": "40.89140", "2016-09-30": "46.01770", "2016-06-30": "43.22360", "2016-03-31": "44.32570", "2015-12-31": "44.09300", "2015-09-30": "43.40860", "2015-06-30": "41.79370", "2015-03-31": "40.89120", "2014-12-31": "41.03330", "2014-09-30": "39.40610", "2014-06-30": "37.78860", "2014-03-31": "40.49000", "2013-12-31": "40.06390", "2013-09-30": "39.89890", "2013-06-30": "38.95850", "2013-03-31": "38.15440", "2012-12-31": "42.37670", "2012-09-30": "41.20400", "2012-06-30": "40.86150", "2012-03-31": "40.17300", "2011-12-31": "42.12420", "2011-09-30": "43.03550", "2011-06-30": "42.75470", "2011-03-31": "44.19010", "2010-12-31": "44.99680", "2010-09-30": "41.95900", "2010-06-30": "44.60010", "2010-03-31": "43.98920", "2009-12-31": "41.55190", "2009-09-30": "34.85360", "2009-06-30": "34.13320", "2009-03-31": "37.57000", "2008-12-31": "40.50950", "2008-09-30": "38.75280", "2008-06-30": "44.10730", "2008-03-31": "43.04420", "2007-12-31": "41.92350", "2007-09-30": "41.79840", "2007-06-30": "40.06650", "2007-03-31": "42.38210", "2006-12-31": "42.01370", "2006-09-30": "100.00000", "2006-06-30": "44.33600", "2006-03-31": "43.72140", "2005-12-31": "42.74550", "2005-09-30": "38.11310", "2005-06-30": "45.24660", "2005-03-31": "44.58700"}, "Operating Margin": {"2020-09-30": "3.06710", "2020-06-30": "-0.39350", "2020-03-31": "-153.27160", "2019-12-31": "3.30140", "2019-09-30": "2.55590", "2019-06-30": "-2.11010", "2019-03-31": "7.74210", "2018-12-31": "13.78350", "2018-09-30": "17.87660", "2018-06-30": "20.84080", "2018-03-31": "20.92230", "2017-12-31": "22.89180", "2017-09-30": "22.76760", "2017-06-30": "21.67110", "2017-03-31": "16.81260", "2016-12-31": "12.19400", "2016-09-30": "19.33460", "2016-06-30": "12.01640", "2016-03-31": "13.00970", "2015-12-31": "14.33870", "2015-09-30": "16.98870", "2015-06-30": "9.91710", "2015-03-31": "10.86390", "2014-12-31": "12.11720", "2014-09-30": "11.63610", "2014-06-30": "8.72600", "2014-03-31": "10.05910", "2013-12-31": "8.15470", "2013-09-30": "12.22670", "2013-06-30": "10.03350", "2013-03-31": "8.44600", "2012-12-31": "11.18870", "2012-09-30": "8.93590", "2012-06-30": "13.40340", "2012-03-31": "10.52180", "2011-12-31": "13.26910", "2011-09-30": "15.11870", "2011-06-30": "13.55730", "2011-03-31": "13.08590", "2010-12-31": "14.03030", "2010-09-30": "9.45620", "2010-06-30": "13.47240", "2010-03-31": "8.71900", "2009-12-31": "4.62650", "2009-09-30": "-6.51250", "2009-06-30": "-13.24650", "2009-03-31": "-5.55770", "2008-12-31": "-7.43320", "2008-09-30": "3.39430", "2008-06-30": "5.43740", "2008-03-31": "5.18330", "2007-12-31": "0.79770", "2007-09-30": "1.40070", "2007-06-30": "-3.91210", "2007-03-31": "4.19810", "2006-12-31": "5.48310", "2006-09-30": "65.52250", "2006-06-30": "7.75330", "2006-03-31": "6.93760", "2005-12-31": "6.27810", "2005-09-30": "2.45920", "2005-06-30": "8.82260", "2005-03-31": "10.71770"}, "EBIT Margin": {"2020-09-30": "3.06710", "2020-06-30": "-0.39350", "2020-03-31": "-153.27160", "2019-12-31": "3.30140", "2019-09-30": "2.55590", "2019-06-30": "-2.11010", "2019-03-31": "7.74210", "2018-12-31": "13.78350", "2018-09-30": "17.87660", "2018-06-30": "20.84080", "2018-03-31": "20.92230", "2017-12-31": "22.89180", "2017-09-30": "22.76760", "2017-06-30": "21.67110", "2017-03-31": "16.81260", "2016-12-31": "12.19400", "2016-09-30": "19.33460", "2016-06-30": "12.01640", "2016-03-31": "13.00970", "2015-12-31": "14.33870", "2015-09-30": "16.98870", "2015-06-30": "9.91710", "2015-03-31": "10.86390", "2014-12-31": "12.11720", "2014-09-30": "11.63610", "2014-06-30": "8.72600", "2014-03-31": "10.05910", "2013-12-31": "8.15470", "2013-09-30": "12.22660", "2013-06-30": "10.03350", "2013-03-31": "8.44600", "2012-12-31": "11.18870", "2012-09-30": "8.93590", "2012-06-30": "13.40340", "2012-03-31": "10.52180", "2011-12-31": "13.26910", "2011-09-30": "15.11870", "2011-06-30": "13.55730", "2011-03-31": "13.08590", "2010-12-31": "14.03030", "2010-09-30": "9.45620", "2010-06-30": "13.47240", "2010-03-31": "8.71900", "2009-12-31": "4.62650", "2009-09-30": "-6.51250", "2009-06-30": "-13.24650", "2009-03-31": "-5.55770", "2008-12-31": "-7.43320", "2008-09-30": "3.39430", "2008-06-30": "5.43740", "2008-03-31": "5.18330", "2007-12-31": "0.79770", "2007-09-30": "1.40070", "2007-06-30": "-3.91210", "2007-03-31": "4.19810", "2006-12-31": "5.48310", "2006-09-30": "100.00000", "2006-06-30": "7.75330", "2006-03-31": "6.93760", "2005-12-31": "6.27810", "2005-09-30": "2.45920", "2005-06-30": "8.82260", "2005-03-31": "10.71770"}, "EBITDA Margin": {"2020-09-30": "", "2020-06-30": "", "2020-03-31": "", "2019-12-31": "", "2019-09-30": "", "2019-06-30": "", "2019-03-31": "", "2018-12-31": "", "2018-09-30": "", "2018-06-30": "", "2018-03-31": "", "2017-12-31": "", "2017-09-30": "", "2017-06-30": "", "2017-03-31": "", "2016-12-31": "", "2016-09-30": "", "2016-06-30": "", "2016-03-31": "", "2015-12-31": "", "2015-09-30": "", "2015-06-30": "", "2015-03-31": "", "2014-12-31": "", "2014-09-30": "", "2014-06-30": "", "2014-03-31": "", "2013-12-31": "", "2013-09-30": "", "2013-06-30": "", "2013-03-31": "", "2012-12-31": "", "2012-09-30": "", "2012-06-30": "", "2012-03-31": "", "2011-12-31": "", "2011-09-30": "", "2011-06-30": "", "2011-03-31": "", "2010-12-31": "", "2010-09-30": "", "2010-06-30": "", "2010-03-31": "", "2009-12-31": "", "2009-09-30": "", "2009-06-30": "", "2009-03-31": "", "2008-12-31": "", "2008-09-30": "", "2008-06-30": "", "2008-03-31": "", "2007-12-31": "", "2007-09-30": "", "2007-06-30": "", "2007-03-31": "", "2006-12-31": "", "2006-09-30": "", "2006-06-30": "", "2006-03-31": "", "2005-12-31": "", "2005-09-30": "", "2005-06-30": "", "2005-03-31": ""}, "Pre-Tax Profit Margin": {"2020-09-30": "3.20470", "2020-06-30": "-1.82880", "2020-03-31": "-155.20340", "2019-12-31": "2.35560", "2019-09-30": "0.98850", "2019-06-30": "-3.40330", "2019-03-31": "6.60170", "2018-12-31": "11.39510", "2018-09-30": "16.61410", "2018-06-30": "19.26000", "2018-03-31": "18.94570", "2017-12-31": "21.11190", "2017-09-30": "20.64340", "2017-06-30": "19.95980", "2017-03-31": "14.38720", "2016-12-31": "13.68840", "2016-09-30": "17.89860", "2016-06-30": "12.40590", "2016-03-31": "12.11920", "2015-12-31": "14.22210", "2015-09-30": "16.09370", "2015-06-30": "9.59460", "2015-03-31": "11.84070", "2014-12-31": "11.77580", "2014-09-30": "12.49120", "2014-06-30": "8.61250", "2014-03-31": "10.58120", "2013-12-31": "8.04110", "2013-09-30": "12.08210", "2013-06-30": "9.58760", "2013-03-31": "9.09340", "2012-12-31": "10.40440", "2012-09-30": "9.62450", "2012-06-30": "12.41710", "2012-03-31": "11.51100", "2011-12-31": "13.54060", "2011-09-30": "15.10670", "2011-06-30": "13.92060", "2011-03-31": "17.72800", "2010-12-31": "14.98820", "2010-09-30": "8.85530", "2010-06-30": "13.36140", "2010-03-31": "9.71930", "2009-12-31": "5.27130", "2009-09-30": "-4.83670", "2009-06-30": "-9.86610", "2009-03-31": "-7.07540", "2008-12-31": "-10.83380", "2008-09-30": "4.64230", "2008-06-30": "7.20720", "2008-03-31": "7.91700", "2007-12-31": "4.87330", "2007-09-30": "2.29110", "2007-06-30": "0.30710", "2007-03-31": "7.54820", "2006-12-31": "9.05840", "2006-09-30": "100.00000", "2006-06-30": "10.11610", "2006-03-31": "8.42190", "2005-12-31": "7.40260", "2005-09-30": "4.79650", "2005-06-30": "9.40060", "2005-03-31": "11.32000"}, "Net Profit Margin": {"2020-09-30": "2.42750", "2020-06-30": "-2.91890", "2020-03-31": "-142.90200", "2019-12-31": "1.80600", "2019-09-30": "0.18600", "2019-06-30": "-0.91370", "2019-03-31": "5.56510", "2018-12-31": "9.27840", "2018-09-30": "15.85640", "2018-06-30": "13.88430", "2018-03-31": "13.57300", "2017-12-31": "8.77390", "2017-09-30": "15.04230", "2017-06-30": "13.16870", "2017-03-31": "9.89630", "2016-12-31": "8.78660", "2016-09-30": "12.39030", "2016-06-30": "8.52510", "2016-03-31": "8.89570", "2015-12-31": "10.66140", "2015-09-30": "13.02440", "2015-06-30": "7.03650", "2015-03-31": "9.03830", "2014-12-31": "8.68830", "2014-09-30": "9.30000", "2014-06-30": "6.61470", "2014-03-31": "7.68340", "2013-12-31": "6.04630", "2013-09-30": "9.62510", "2013-06-30": "7.80680", "2013-03-31": "7.49880", "2012-12-31": "7.72540", "2012-09-30": "6.65130", "2012-06-30": "8.76250", "2012-03-31": "8.35820", "2011-12-31": "8.93810", "2011-09-30": "15.08940", "2011-06-30": "9.02020", "2011-03-31": "11.80950", "2010-12-31": "10.43790", "2010-09-30": "5.92130", "2010-06-30": "8.64080", "2010-03-31": "5.68530", "2009-12-31": "3.40270", "2009-09-30": "-4.17780", "2009-06-30": "-7.12330", "2009-03-31": "-8.66040", "2008-12-31": "-11.80100", "2008-09-30": "2.92040", "2008-06-30": "5.35080", "2008-03-31": "3.92770", "2007-12-31": "3.27730", "2007-09-30": "-0.83440", "2007-06-30": "-0.53500", "2007-03-31": "4.78710", "2006-12-31": "7.29310", "2006-09-30": "100.00000", "2006-06-30": "7.52050", "2006-03-31": "4.10790", "2005-12-31": "6.74610", "2005-09-30": "2.84330", "2005-06-30": "7.69940", "2005-03-31": "14.92430"}, "Asset Turnover": {"2020-09-30": "0.17330", "2020-06-30": "0.16850", "2020-03-31": "0.16990", "2019-12-31": "0.14550", "2019-09-30": "0.16100", "2019-06-30": "0.15870", "2019-03-31": "0.16780", "2018-12-31": "0.17000", "2018-09-30": "0.20420", "2018-06-30": "0.22050", "2018-03-31": "0.20590", "2017-12-31": "0.20980", "2017-09-30": "0.20970", "2017-06-30": "0.20370", "2017-03-31": "0.19440", "2016-12-31": "0.16560", "2016-09-30": "0.21400", "2016-06-30": "0.20210", "2016-03-31": "0.19060", "2015-12-31": "0.19310", "2015-09-30": "0.21630", "2015-06-30": "0.18910", "2015-03-31": "0.20890", "2014-12-31": "0.20510", "2014-09-30": "0.20550", "2014-06-30": "0.18950", "2014-03-31": "0.19750", "2013-12-31": "0.19910", "2013-09-30": "0.22050", "2013-06-30": "0.22620", "2013-03-31": "0.21670", "2012-12-31": "0.20420", "2012-09-30": "0.21420", "2012-06-30": "0.22560", "2012-03-31": "0.22790", "2011-12-31": "0.23320", "2011-09-30": "0.24660", "2011-06-30": "0.22910", "2011-03-31": "0.22630", "2010-12-31": "0.21800", "2010-09-30": "0.20720", "2010-06-30": "0.21230", "2010-03-31": "0.18910", "2009-12-31": "0.15940", "2009-09-30": "0.14280", "2009-06-30": "0.12970", "2009-03-31": "0.14220", "2008-12-31": "0.16350", "2008-09-30": "0.17610", "2008-06-30": "0.18780", "2008-03-31": "0.19210", "2007-12-31": "0.14660", "2007-09-30": "0.16770", "2007-06-30": "0.12260", "2007-03-31": "0.13290", "2006-12-31": "0.13350", "2006-09-30": "0.41110", "2006-06-30": "0.14050", "2006-03-31": "0.14340", "2005-12-31": "0.16360", "2005-09-30": "0.16710", "2005-06-30": "0.15900", "2005-03-31": "0.16440"}, "Inventory Turnover Ratio": {"2020-09-30": "0.47920", "2020-06-30": "0.45230", "2020-03-31": "0.43520", "2019-12-31": "0.47050", "2019-09-30": "0.51310", "2019-06-30": "0.51370", "2019-03-31": "0.50060", "2018-12-31": "0.47410", "2018-09-30": "0.55810", "2018-06-30": "0.55360", "2018-03-31": "0.53930", "2017-12-31": "0.60200", "2017-09-30": "0.64670", "2017-06-30": "0.63780", "2017-03-31": "0.62670", "2016-12-31": "0.52990", "2016-09-30": "0.63000", "2016-06-30": "0.62050", "2016-03-31": "0.62150", "2015-12-31": "0.67320", "2015-09-30": "0.75750", "2015-06-30": "0.69540", "2015-03-31": "0.78370", "2014-12-31": "0.73030", "2014-09-30": "0.72980", "2014-06-30": "0.68010", "2014-03-31": "0.67190", "2013-12-31": "0.67860", "2013-09-30": "0.76220", "2013-06-30": "0.77190", "2013-03-31": "0.74150", "2012-12-31": "0.62460", "2012-09-30": "0.69280", "2012-06-30": "0.72540", "2012-03-31": "0.73630", "2011-12-31": "0.74580", "2011-09-30": "0.77740", "2011-06-30": "0.80770", "2011-03-31": "0.80530", "2010-12-31": "0.83090", "2010-09-30": "0.84820", "2010-06-30": "0.92900", "2010-03-31": "0.84270", "2009-12-31": "0.72560", "2009-09-30": "0.71690", "2009-06-30": "0.59490", "2009-03-31": "0.57610", "2008-12-31": "0.62730", "2008-09-30": "0.72160", "2008-06-30": "0.71100", "2008-03-31": "0.76190", "2007-12-31": "0.74230", "2007-09-30": "0.81930", "2007-06-30": "0.74270", "2007-03-31": "0.84750", "2006-12-31": "0.85710", "2006-09-30": "0.86850", "2006-06-30": "0.78420", "2006-03-31": "0.85910", "2005-12-31": "0.76150", "2005-09-30": "0.80600", "2005-06-30": "0.60380", "2005-03-31": "0.66740"}, "Receiveable Turnover": {"2020-09-30": "1.43790", "2020-06-30": "1.50860", "2020-03-31": "1.44620", "2019-12-31": "1.35960", "2019-09-30": "1.25380", "2019-06-30": "1.26060", "2019-03-31": "1.18990", "2018-12-31": "1.15790", "2018-09-30": "1.29940", "2018-06-30": "1.42890", "2018-03-31": "1.53740", "2017-12-31": "1.54490", "2017-09-30": "1.60400", "2017-06-30": "1.67030", "2017-03-31": "1.67430", "2016-12-31": "1.43530", "2016-09-30": "1.49930", "2016-06-30": "1.45670", "2016-03-31": "1.32890", "2015-12-31": "1.31590", "2015-09-30": "1.47350", "2015-06-30": "1.30280", "2015-03-31": "1.63990", "2014-12-31": "1.53770", "2014-09-30": "1.49530", "2014-06-30": "1.50200", "2014-03-31": "1.44920", "2013-12-31": "1.67320", "2013-09-30": "1.55850", "2013-06-30": "1.46200", "2013-03-31": "1.48770", "2012-12-31": "1.45390", "2012-09-30": "1.30700", "2012-06-30": "1.38950", "2012-03-31": "1.52690", "2011-12-31": "1.46090", "2011-09-30": "1.47450", "2011-06-30": "1.47060", "2011-03-31": "1.49780", "2010-12-31": "1.69640", "2010-09-30": "1.50980", "2010-06-30": "1.69490", "2010-03-31": "1.76310", "2009-12-31": "1.61310", "2009-09-30": "1.44940", "2009-06-30": "1.31100", "2009-03-31": "1.29670", "2008-12-31": "1.30670", "2008-09-30": "1.46980", "2008-06-30": "1.42270", "2008-03-31": "1.38380", "2007-12-31": "1.48800", "2007-09-30": "1.55330", "2007-06-30": "1.41990", "2007-03-31": "1.41790", "2006-12-31": "1.55220", "2006-09-30": "3.99300", "2006-06-30": "1.45650", "2006-03-31": "1.47460", "2005-12-31": "1.55330", "2005-09-30": "1.52580", "2005-06-30": "1.53650", "2005-03-31": "1.45260"}, "Days Sales In Receivables": {"2020-09-30": "62.59180", "2020-06-30": "59.65920", "2020-03-31": "62.23130", "2019-12-31": "66.19670", "2019-09-30": "71.78050", "2019-06-30": "71.39530", "2019-03-31": "75.63590", "2018-12-31": "77.72570", "2018-09-30": "69.26410", "2018-06-30": "62.98520", "2018-03-31": "58.53950", "2017-12-31": "58.25780", "2017-09-30": "56.10900", "2017-06-30": "53.88150", "2017-03-31": "53.75360", "2016-12-31": "62.70380", "2016-09-30": "60.02690", "2016-06-30": "61.78520", "2016-03-31": "67.72400", "2015-12-31": "68.39340", "2015-09-30": "61.07850", "2015-06-30": "69.08110", "2015-03-31": "54.88110", "2014-12-31": "58.52750", "2014-09-30": "60.18760", "2014-06-30": "59.91830", "2014-03-31": "62.10310", "2013-12-31": "53.78910", "2013-09-30": "57.74730", "2013-06-30": "61.55840", "2013-03-31": "60.49800", "2012-12-31": "61.90380", "2012-09-30": "68.86180", "2012-06-30": "64.77080", "2012-03-31": "58.94390", "2011-12-31": "61.60550", "2011-09-30": "61.03710", "2011-06-30": "61.20010", "2011-03-31": "60.09010", "2010-12-31": "53.05210", "2010-09-30": "59.61000", "2010-06-30": "53.10200", "2010-03-31": "51.04570", "2009-12-31": "55.79320", "2009-09-30": "62.09650", "2009-06-30": "68.65220", "2009-03-31": "69.40850", "2008-12-31": "68.87840", "2008-09-30": "61.23230", "2008-06-30": "63.26030", "2008-03-31": "65.04000", "2007-12-31": "60.48260", "2007-09-30": "57.94270", "2007-06-30": "63.38270", "2007-03-31": "63.47200", "2006-12-31": "57.98330", "2006-09-30": "22.53960", "2006-06-30": "61.79030", "2006-03-31": "61.03550", "2005-12-31": "57.94070", "2005-09-30": "58.98640", "2005-06-30": "58.57480", "2005-03-31": "61.95610"}, "ROE - Return On Equity": {"2020-09-30": "0.82920", "2020-06-30": "-0.97460", "2020-03-31": "-47.96180", "2019-12-31": "0.44360", "2019-09-30": "0.04860", "2019-06-30": "-0.23820", "2019-03-31": "1.58060", "2018-12-31": "2.69830", "2018-09-30": "5.56770", "2018-06-30": "5.43960", "2018-03-31": "5.06340", "2017-12-31": "3.50540", "2017-09-30": "6.26570", "2017-06-30": "5.88660", "2017-03-31": "4.32140", "2016-12-31": "3.31160", "2016-09-30": "3.37990", "2016-06-30": "2.14140", "2016-03-31": "2.09300", "2015-12-31": "2.50370", "2015-09-30": "3.42810", "2015-06-30": "1.62960", "2015-03-31": "2.32930", "2014-12-31": "2.15820", "2014-09-30": "2.32990", "2014-06-30": "1.58810", "2014-03-31": "1.91700", "2013-12-31": "1.50910", "2013-09-30": "2.70460", "2013-06-30": "2.32060", "2013-03-31": "2.18280", "2012-12-31": "2.10840", "2012-09-30": "1.86820", "2012-06-30": "2.65410", "2012-03-31": "2.53670", "2011-12-31": "2.79830", "2011-09-30": "5.07770", "2011-06-30": "2.87150", "2011-03-31": "3.72570", "2010-12-31": "3.08780", "2010-09-30": "1.66590", "2010-06-30": "2.52270", "2010-03-31": "1.45150", "2009-12-31": "0.71960", "2009-09-30": "-0.78100", "2009-06-30": "-1.22980", "2009-03-31": "-1.62650", "2008-12-31": "-2.53630", "2008-09-30": "0.69300", "2008-06-30": "1.40300", "2008-03-31": "1.03710", "2007-12-31": "0.60630", "2007-09-30": "-0.17200", "2007-06-30": "-0.10010", "2007-03-31": "0.96110", "2006-12-31": "1.44930", "2006-09-30": "62.02060", "2006-06-30": "1.63370", "2006-03-31": "0.92460", "2005-12-31": "1.37690", "2005-09-30": "0.59470", "2005-06-30": "1.53700", "2005-03-31": "3.12580"}, "Return On Tangible Equity": {"2020-09-30": "0.95620", "2020-06-30": "-1.12970", "2020-03-31": "-55.74350", "2019-12-31": "0.72550", "2019-09-30": "0.08070", "2019-06-30": "-0.40750", "2019-03-31": "2.73920", "2018-12-31": "4.80860", "2018-09-30": "10.03590", "2018-06-30": "10.63490", "2018-03-31": "10.07560", "2017-12-31": "6.95170", "2017-09-30": "13.12000", "2017-06-30": "13.81980", "2017-03-31": "10.31040", "2016-12-31": "8.97510", "2016-09-30": "3.86990", "2016-06-30": "2.47500", "2016-03-31": "2.44190", "2015-12-31": "2.94000", "2015-09-30": "4.06390", "2015-06-30": "1.91760", "2015-03-31": "2.75970", "2014-12-31": "2.59170", "2014-09-30": "2.81470", "2014-06-30": "1.94680", "2014-03-31": "2.37530", "2013-12-31": "1.88750", "2013-09-30": "3.40700", "2013-06-30": "2.95610", "2013-03-31": "2.81990", "2012-12-31": "2.77780", "2012-09-30": "2.14680", "2012-06-30": "3.06450", "2012-03-31": "2.95720", "2011-12-31": "3.29070", "2011-09-30": "5.98780", "2011-06-30": "3.38210", "2011-03-31": "4.42310", "2010-12-31": "3.59220", "2010-09-30": "1.96770", "2010-06-30": "2.98960", "2010-03-31": "1.70600", "2009-12-31": "0.85510", "2009-09-30": "-0.91950", "2009-06-30": "-1.45040", "2009-03-31": "-1.92140", "2008-12-31": "-3.00430", "2008-09-30": "0.85670", "2008-06-30": "1.74810", "2008-03-31": "1.30310", "2007-12-31": "0.71380", "2007-09-30": "-0.20340", "2007-06-30": "-0.11870", "2007-03-31": "1.12360", "2006-12-31": "1.70340", "2006-09-30": "73.33920", "2006-06-30": "1.94700", "2006-03-31": "1.11200", "2005-12-31": "1.66020", "2005-09-30": "0.72220", "2005-06-30": "1.87050", "2005-03-31": "3.66620"}, "ROA - Return On Assets": {"2020-09-30": "0.42070", "2020-06-30": "-0.49190", "2020-03-31": "-24.27950", "2019-12-31": "0.26280", "2019-09-30": "0.03000", "2019-06-30": "-0.14500", "2019-03-31": "0.93370", "2018-12-31": "1.57750", "2018-09-30": "3.23830", "2018-06-30": "3.06140", "2018-03-31": "2.79480", "2017-12-31": "1.84050", "2017-09-30": "3.11780", "2017-06-30": "2.75940", "2017-03-31": "1.93940", "2016-12-31": "1.46910", "2016-09-30": "2.65130", "2016-06-30": "1.72320", "2016-03-31": "1.69580", "2015-12-31": "2.05870", "2015-09-30": "2.81770", "2015-06-30": "1.33030", "2015-03-31": "1.88850", "2014-12-31": "1.78220", "2014-09-30": "1.91090", "2014-06-30": "1.25330", "2014-03-31": "1.51750", "2013-12-31": "1.20400", "2013-09-30": "2.12270", "2013-06-30": "1.76610", "2013-03-31": "1.62470", "2012-12-31": "1.57760", "2012-09-30": "1.42470", "2012-06-30": "1.97710", "2012-03-31": "1.90500", "2011-12-31": "2.08410", "2011-09-30": "3.72120", "2011-06-30": "2.06670", "2011-03-31": "2.67200", "2010-12-31": "2.27550", "2010-09-30": "1.22690", "2010-06-30": "1.83410", "2010-03-31": "1.07500", "2009-12-31": "0.54220", "2009-09-30": "-0.59650", "2009-06-30": "-0.92410", "2009-03-31": "-1.23180", "2008-12-31": "-1.92910", "2008-09-30": "0.51430", "2008-06-30": "1.00490", "2008-03-31": "0.75450", "2007-12-31": "0.48050", "2007-09-30": "-0.13990", "2007-06-30": "-0.06560", "2007-03-31": "0.63630", "2006-12-31": "0.97390", "2006-09-30": "41.10760", "2006-06-30": "1.05650", "2006-03-31": "0.58920", "2005-12-31": "1.10400", "2005-09-30": "0.47500", "2005-06-30": "1.22440", "2005-03-31": "2.45310"}, "ROI - Return On Investment": {"2020-09-30": "0.57450", "2020-06-30": "-0.67460", "2020-03-31": "-33.37560", "2019-12-31": "0.34030", "2019-09-30": "0.03720", "2019-06-30": "-0.18110", "2019-03-31": "1.20740", "2018-12-31": "2.05370", "2018-09-30": "4.21770", "2018-06-30": "4.05040", "2018-03-31": "3.75440", "2017-12-31": "2.46720", "2017-09-30": "4.15960", "2017-06-30": "3.65370", "2017-03-31": "2.57810", "2016-12-31": "1.91350", "2016-09-30": "3.37990", "2016-06-30": "2.14140", "2016-03-31": "2.09300", "2015-12-31": "2.50370", "2015-09-30": "3.42810", "2015-06-30": "1.62960", "2015-03-31": "2.32930", "2014-12-31": "2.15820", "2014-09-30": "2.32990", "2014-06-30": "1.58810", "2014-03-31": "1.91700", "2013-12-31": "1.50910", "2013-09-30": "2.70460", "2013-06-30": "2.32060", "2013-03-31": "2.18280", "2012-12-31": "2.10840", "2012-09-30": "1.86820", "2012-06-30": "2.65410", "2012-03-31": "2.53670", "2011-12-31": "2.79830", "2011-09-30": "5.07750", "2011-06-30": "2.87140", "2011-03-31": "3.72560", "2010-12-31": "3.08770", "2010-09-30": "1.66580", "2010-06-30": "2.52250", "2010-03-31": "1.45140", "2009-12-31": "0.71960", "2009-09-30": "-0.78100", "2009-06-30": "-1.22970", "2009-03-31": "-1.62650", "2008-12-31": "-2.53620", "2008-09-30": "0.69300", "2008-06-30": "1.40300", "2008-03-31": "1.03710", "2007-12-31": "0.60630", "2007-09-30": "-0.17200", "2007-06-30": "-0.10000", "2007-03-31": "0.95940", "2006-12-31": "1.44670", "2006-09-30": "48.44710", "2006-06-30": "1.26420", "2006-03-31": "0.70580", "2005-12-31": "1.37690", "2005-09-30": "0.59470", "2005-06-30": "1.53550", "2005-03-31": "3.05770"}, "Book Value Per Share": {"2020-09-30": "38.22500", "2020-06-30": "36.83650", "2020-03-31": "36.10410", "2019-12-31": "54.07090", "2019-09-30": "53.57080", "2019-06-30": "54.25780", "2019-03-31": "54.38880", "2018-12-31": "54.15720", "2018-09-30": "54.09540", "2018-06-30": "50.66670", "2018-03-31": "51.93210", "2017-12-31": "48.15810", "2017-09-30": "47.22760", "2017-06-30": "43.36170", "2017-03-31": "39.72100", "2016-12-31": "37.75430", "2016-09-30": "37.44570", "2016-06-30": "35.84880", "2016-03-31": "35.07920", "2015-12-31": "33.49480", "2015-09-30": "33.22560", "2015-06-30": "32.77360", "2015-03-31": "31.92200", "2014-12-31": "32.48040", "2014-09-30": "32.85170", "2014-06-30": "32.81680", "2014-03-31": "32.10640", "2013-12-31": "31.22140", "2013-09-30": "31.00550", "2013-06-30": "29.42890", "2013-03-31": "28.26090", "2012-12-31": "27.92160", "2012-09-30": "28.28500", "2012-06-30": "27.37630", "2012-03-31": "26.90740", "2011-12-31": "25.89450", "2011-09-30": "26.05180", "2011-06-30": "26.52310", "2011-03-31": "25.40630", "2010-12-31": "24.56250", "2010-09-30": "24.08830", "2010-06-30": "22.98990", "2010-03-31": "23.28730", "2009-12-31": "23.56350", "2009-09-30": "23.53590", "2009-06-30": "23.32700", "2009-03-31": "23.01690", "2008-12-31": "23.76640", "2008-09-30": "24.73790", "2008-06-30": "25.29390", "2008-03-31": "24.99300", "2007-12-31": "24.72530", "2007-09-30": "24.43540", "2007-06-30": "24.15190", "2007-03-31": "24.00370", "2006-12-31": "23.51770", "2006-09-30": "22.84170", "2006-06-30": "22.03950", "2006-03-31": "21.11410", "2005-12-31": "20.67450", "2005-09-30": "20.52000", "2005-06-30": "20.17590", "2005-03-31": "20.35680"}, "Operating Cash Flow Per Share": {"2020-09-30": 1.9582, "2020-06-30": 2.2356, "2020-03-31": 1.9047, "2019-12-31": "2.48510", "2019-09-30": 1.844, "2019-06-30": 0.4359, "2019-03-31": 3.0949, "2018-12-31": "2.09670", "2018-09-30": 4.1551, "2018-06-30": 0.0362, "2018-03-31": 2.7132, "2017-12-31": "2.59660", "2017-09-30": 4.0102, "2017-06-30": 3.642, "2017-03-31": 4.4973, "2016-12-31": "3.35340", "2016-09-30": 2.0805, "2016-06-30": 0.3625, "2016-03-31": 1.2814, "2015-12-31": "0.58850", "2015-09-30": 2.2234, "2015-06-30": -0.4741, "2015-03-31": 1.9983, "2014-12-31": "1.23230", "2014-09-30": 1.0601, "2014-06-30": 0.8104, "2014-03-31": 0.6226, "2013-12-31": "1.15100", "2013-09-30": 2.0007, "2013-06-30": -0.1735, "2013-03-31": 0.9237, "2012-12-31": "1.95370", "2012-09-30": 0.8787, "2012-06-30": 0.4526, "2012-03-31": 0.6912, "2011-12-31": "0.67340", "2011-09-30": 1.2843, "2011-06-30": 0.732, "2011-03-31": 0.2016, "2010-12-31": "1.18600", "2010-09-30": 0.4546, "2010-06-30": 0.839, "2010-03-31": 1.1343, "2009-12-31": "0.71320", "2009-09-30": 0.8459, "2009-06-30": 0.452, "2009-03-31": 0.6995, "2008-12-31": "-0.38920", "2008-09-30": 0.629, "2008-06-30": 0.9092, "2008-03-31": 0.4894, "2007-12-31": "0.40920", "2007-09-30": 0.4936, "2007-06-30": 0.3362, "2007-03-31": 0.3561, "2006-12-31": "0.89440", "2006-09-30": 0.8912, "2006-06-30": 0.5481, "2006-03-31": 0.4018, "2005-12-31": "0.65460", "2005-09-30": -2.2286, "2005-06-30": 0.7529, "2005-03-31": 1.5654}, "Free Cash Flow Per Share": {"2020-09-30": 2.1518, "2020-06-30": 1.6912, "2020-03-31": 0.9189, "2019-12-31": "2.03810", "2019-09-30": 0.9301, "2019-06-30": -0.3338, "2019-03-31": 2.5117, "2018-12-31": "1.15130", "2018-09-30": 3.2229, "2018-06-30": -0.7127, "2018-03-31": 1.8648, "2017-12-31": "1.65130", "2017-09-30": 3.3018, "2017-06-30": 3.0428, "2017-03-31": 3.9293, "2016-12-31": "2.73390", "2016-09-30": 1.2227, "2016-06-30": -0.1174, "2016-03-31": 0.8161, "2015-12-31": "0.39390", "2015-09-30": 1.9573, "2015-06-30": -0.5969, "2015-03-31": 1.7282, "2014-12-31": "1.05100", "2014-09-30": 0.8452, "2014-06-30": 0.6547, "2014-03-31": 0.349, "2013-12-31": "0.88570", "2013-09-30": 1.7827, "2013-06-30": -0.3657, "2013-03-31": 0.6598, "2012-12-31": "1.79270", "2012-09-30": 0.6625, "2012-06-30": -0.0044, "2012-03-31": 0.2141, "2011-12-31": "0.33480", "2011-09-30": 0.9001, "2011-06-30": 0.3, "2011-03-31": -0.223, "2010-12-31": "0.98310", "2010-09-30": 0.3048, "2010-06-30": 0.6895, "2010-03-31": 1.0287, "2009-12-31": "0.60020", "2009-09-30": 0.6838, "2009-06-30": 0.3175, "2009-03-31": 0.5064, "2008-12-31": "-0.72410", "2008-09-30": 0.4508, "2008-06-30": 0.7199, "2008-03-31": 0.3486, "2007-12-31": "0.57000", "2007-09-30": 1.1427, "2007-06-30": 0.1657, "2007-03-31": 0.1215, "2006-12-31": "0.74210", "2006-09-30": 0.7753, "2006-06-30": 0.4294, "2006-03-31": 0.2767, "2005-12-31": "0.52590", "2005-09-30": -2.4021, "2005-06-30": 0.6299, "2005-03-31": 1.317}}, "revenue": {"Coherent Annual Revenue (Millions of US $)": {"2020": "$1,229", "2019": "$1,431", "2018": "$1,903", "2017": "$1,723", "2016": "$857", "2015": "$802", "2014": "$795", "2013": "$810", "2012": "$769", "2011": "$803", "2010": "$605", "2009": "$436", "2008": "$599", "2007": "$601", "2006": "$585", "2005": "$516"}, "Coherent Quarterly Revenue (Millions of US $)": {"2020-09-30": "$317", "2020-06-30": "$298", "2020-03-31": "$293", "2019-12-31": "$321", "2019-09-30": "$335", "2019-06-30": "$339", "2019-03-31": "$373", "2018-12-31": "$383", "2018-09-30": "$462", "2018-06-30": "$482", "2018-03-31": "$481", "2017-12-31": "$478", "2017-09-30": "$490", "2017-06-30": "$464", "2017-03-31": "$423", "2016-12-31": "$346", "2016-09-30": "$248", "2016-06-30": "$219", "2016-03-31": "$200", "2015-12-31": "$190", "2015-09-30": "$210", "2015-06-30": "$189", "2015-03-31": "$204", "2014-12-31": "$201", "2014-09-30": "$205", "2014-06-30": "$197", "2014-03-31": "$199", "2013-12-31": "$194", "2013-09-30": "$213", "2013-06-30": "$214", "2013-03-31": "$200", "2012-12-31": "$183", "2012-09-30": "$189", "2012-06-30": "$196", "2012-03-31": "$193", "2011-12-31": "$191", "2011-09-30": "$208", "2011-06-30": "$211", "2011-03-31": "$201", "2010-12-31": "$183", "2010-09-30": "$166", "2010-06-30": "$167", "2010-03-31": "$149", "2009-12-31": "$123", "2009-09-30": "$108", "2009-06-30": "$98", "2009-03-31": "$105", "2008-12-31": "$124", "2008-09-30": "$142", "2008-06-30": "$157", "2008-03-31": "$156", "2007-12-31": "$144", "2007-09-30": "$159", "2007-06-30": "$143", "2007-03-31": "$152", "2006-12-31": "$148", "2006-09-30": "$445", "2006-06-30": "$150", "2006-03-31": "$146", "2005-12-31": "$131", "2005-09-30": "$134", "2005-06-30": "$125", "2005-03-31": "$131"}}, "gross-profit": {"Coherent Annual Gross Profit (Millions of US $)": {"2020": "$411", "2019": "$486", "2018": "$831", "2017": "$750", "2016": "$381", "2015": "$335", "2014": "$313", "2013": "$322", "2012": "$316", "2011": "$351", "2010": "$261", "2009": "$161", "2008": "$252", "2007": "$250", "2006": "$256", "2005": "$218"}, "Coherent Quarterly Gross Profit (Millions of US $)": {"2020-09-30": "$112", "2020-06-30": "$95", "2020-03-31": "$94", "2019-12-31": "$109", "2019-09-30": "$108", "2019-06-30": "$98", "2019-03-31": "$131", "2018-12-31": "$149", "2018-09-30": "$190", "2018-06-30": "$208", "2018-03-31": "$215", "2017-12-31": "$217", "2017-09-30": "$222", "2017-06-30": "$207", "2017-03-31": "$180", "2016-12-31": "$142", "2016-09-30": "$114", "2016-06-30": "$95", "2016-03-31": "$89", "2015-12-31": "$84", "2015-09-30": "$91", "2015-06-30": "$79", "2015-03-31": "$83", "2014-12-31": "$82", "2014-09-30": "$81", "2014-06-30": "$74", "2014-03-31": "$81", "2013-12-31": "$78", "2013-09-30": "$85", "2013-06-30": "$83", "2013-03-31": "$76", "2012-12-31": "$78", "2012-09-30": "$78", "2012-06-30": "$80", "2012-03-31": "$78", "2011-12-31": "$80", "2011-09-30": "$89", "2011-06-30": "$90", "2011-03-31": "$89", "2010-12-31": "$82", "2010-09-30": "$70", "2010-06-30": "$74", "2010-03-31": "$66", "2009-12-31": "$51", "2009-09-30": "$38", "2009-06-30": "$34", "2009-03-31": "$40", "2008-12-31": "$50", "2008-09-30": "$55", "2008-06-30": "$69", "2008-03-31": "$67", "2007-12-31": "$60", "2007-09-30": "$66", "2007-06-30": "$57", "2007-03-31": "$64", "2006-12-31": "$62", "2006-09-30": "$357", "2006-06-30": "$66", "2006-03-31": "$64", "2005-12-31": "$56", "2005-09-30": "$51", "2005-06-30": "$57", "2005-03-31": "$58"}}, "operating-income": {"Coherent Annual Operating Income (Millions of US $)": {"2020": "$-430", "2019": "$83", "2018": "$393", "2017": "$325", "2016": "$128", "2015": "$101", "2014": "$77", "2013": "$85", "2012": "$89", "2011": "$112", "2010": "$57", "2009": "$-35", "2008": "$23", "2007": "$11", "2006": "$35", "2005": "$35"}, "Coherent Quarterly Operating Income (Millions of US $)": {"2020-09-30": "$10", "2020-06-30": "$-1", "2020-03-31": "$-449", "2019-12-31": "$11", "2019-09-30": "$9", "2019-06-30": "$-7", "2019-03-31": "$29", "2018-12-31": "$53", "2018-09-30": "$83", "2018-06-30": "$101", "2018-03-31": "$101", "2017-12-31": "$109", "2017-09-30": "$112", "2017-06-30": "$101", "2017-03-31": "$71", "2016-12-31": "$42", "2016-09-30": "$48", "2016-06-30": "$26", "2016-03-31": "$26", "2015-12-31": "$27", "2015-09-30": "$36", "2015-06-30": "$19", "2015-03-31": "$22", "2014-12-31": "$24", "2014-09-30": "$24", "2014-06-30": "$17", "2014-03-31": "$20", "2013-12-31": "$16", "2013-09-30": "$26", "2013-06-30": "$21", "2013-03-31": "$17", "2012-12-31": "$20", "2012-09-30": "$17", "2012-06-30": "$26", "2012-03-31": "$20", "2011-12-31": "$25", "2011-09-30": "$31", "2011-06-30": "$29", "2011-03-31": "$26", "2010-12-31": "$26", "2010-09-30": "$16", "2010-06-30": "$22", "2010-03-31": "$13", "2009-12-31": "$6", "2009-09-30": "$-7", "2009-06-30": "$-13", "2009-03-31": "$-6", "2008-12-31": "$-9", "2008-09-30": "$5", "2008-06-30": "$9", "2008-03-31": "$8", "2007-12-31": "$1", "2007-09-30": "$2", "2007-06-30": "$-6", "2007-03-31": "$6", "2006-12-31": "$8", "2006-09-30": "$292", "2006-06-30": "$12", "2006-03-31": "$10", "2005-12-31": "$8", "2005-09-30": "$3", "2005-06-30": "$11", "2005-03-31": "$14"}}, "ebitda": {"Coherent Annual EBITDA (Millions of US $)": {"2020": "$-7", "2019": "$204", "2018": "$516", "2017": "$437", "2016": "$162", "2015": "$134", "2014": "$113", "2013": "$121", "2012": "$118", "2011": "$141", "2010": "$87", "2009": "$11", "2008": "$55", "2007": "$50", "2006": "$71", "2005": "$71"}, "Coherent Quarterly EBITDA (Millions of US $)": {"2020-09-30": "$355", "2020-06-30": "$-310", "2020-03-31": "$-93", "2019-12-31": "$41", "2019-09-30": "$37", "2019-06-30": "$26", "2019-03-31": "$58", "2018-12-31": "$83", "2018-09-30": "$113", "2018-06-30": "$130", "2018-03-31": "$132", "2017-12-31": "$141", "2017-09-30": "$144", "2017-06-30": "$129", "2017-03-31": "$100", "2016-12-31": "$64", "2016-09-30": "$57", "2016-06-30": "$35", "2016-03-31": "$35", "2015-12-31": "$36", "2015-09-30": "$44", "2015-06-30": "$27", "2015-03-31": "$30", "2014-12-31": "$33", "2014-09-30": "$33", "2014-06-30": "$26", "2014-03-31": "$29", "2013-12-31": "$25", "2013-09-30": "$35", "2013-06-30": "$31", "2013-03-31": "$27", "2012-12-31": "$28", "2012-09-30": "$24", "2012-06-30": "$34", "2012-03-31": "$28", "2011-12-31": "$33", "2011-09-30": "$39", "2011-06-30": "$36", "2011-03-31": "$33", "2010-12-31": "$33", "2010-09-30": "$23", "2010-06-30": "$30", "2010-03-31": "$21", "2009-12-31": "$13", "2009-09-30": "$-0", "2009-06-30": "$-6", "2009-03-31": "$1", "2008-12-31": "$17", "2008-09-30": "$13", "2008-06-30": "$16", "2008-03-31": "$17", "2007-12-31": "$9", "2007-09-30": "$15", "2007-06-30": "$3", "2007-03-31": "$15", "2006-12-31": "$17", "2006-09-30": "$300", "2006-06-30": "$21", "2006-03-31": "$19", "2005-12-31": "$17", "2005-09-30": "$13", "2005-06-30": "$20", "2005-03-31": "$23"}}, "net-income": {"Coherent Annual Net Income (Millions of US $)": {"2020": "$-414", "2019": "$54", "2018": "$247", "2017": "$207", "2016": "$88", "2015": "$76", "2014": "$59", "2013": "$66", "2012": "$63", "2011": "$93", "2010": "$37", "2009": "$-35", "2008": "$23", "2007": "$16", "2006": "$45", "2005": "$38"}, "Coherent Quarterly Net Income (Millions of US $)": {"2020-09-30": "$8", "2020-06-30": "$-9", "2020-03-31": "$-419", "2019-12-31": "$6", "2019-09-30": "$1", "2019-06-30": "$-3", "2019-03-31": "$21", "2018-12-31": "$36", "2018-09-30": "$73", "2018-06-30": "$67", "2018-03-31": "$65", "2017-12-31": "$42", "2017-09-30": "$74", "2017-06-30": "$61", "2017-03-31": "$42", "2016-12-31": "$30", "2016-09-30": "$31", "2016-06-30": "$19", "2016-03-31": "$18", "2015-12-31": "$20", "2015-09-30": "$27", "2015-06-30": "$13", "2015-03-31": "$18", "2014-12-31": "$17", "2014-09-30": "$19", "2014-06-30": "$13", "2014-03-31": "$15", "2013-12-31": "$12", "2013-09-30": "$21", "2013-06-30": "$17", "2013-03-31": "$15", "2012-12-31": "$14", "2012-09-30": "$13", "2012-06-30": "$17", "2012-03-31": "$16", "2011-12-31": "$17", "2011-09-30": "$31", "2011-06-30": "$19", "2011-03-31": "$24", "2010-12-31": "$19", "2010-09-30": "$10", "2010-06-30": "$14", "2010-03-31": "$8", "2009-12-31": "$4", "2009-09-30": "$-4", "2009-06-30": "$-7", "2009-03-31": "$-9", "2008-12-31": "$-15", "2008-09-30": "$4", "2008-06-30": "$8", "2008-03-31": "$6", "2007-12-31": "$5", "2007-09-30": "$-1", "2007-06-30": "$-1", "2007-03-31": "$7", "2006-12-31": "$11", "2006-09-30": "$445", "2006-06-30": "$11", "2006-03-31": "$6", "2005-12-31": "$9", "2005-09-30": "$4", "2005-06-30": "$10", "2005-03-31": "$20"}}, "eps-earnings-per-share-diluted": {"Coherent Annual EPS": {"2020": "$-17.18", "2019": "$2.22", "2018": "$9.95", "2017": "$8.36", "2016": "$3.58", "2015": "$3.06", "2014": "$2.36", "2013": "$2.70", "2012": "$2.62", "2011": "$3.66", "2010": "$1.47", "2009": "$-1.45", "2008": "$0.83", "2007": "$0.50", "2006": "$1.44", "2005": "$1.23"}, "Coherent Quarterly EPS": {"2020-09-30": "$0.33", "2020-06-30": "$-0.36", "2020-03-31": "$-17.39", "2019-12-31": "$0.24", "2019-09-30": "$0.05", "2019-06-30": "$-0.13", "2019-03-31": "$0.85", "2018-12-31": "$1.45", "2018-09-30": "$2.98", "2018-06-30": "$2.69", "2018-03-31": "$2.61", "2017-12-31": "$1.67", "2017-09-30": "$2.98", "2017-06-30": "$2.46", "2017-03-31": "$1.69", "2016-12-31": "$1.23", "2016-09-30": "$1.25", "2016-06-30": "$0.76", "2016-03-31": "$0.73", "2015-12-31": "$0.84", "2015-09-30": "$1.10", "2015-06-30": "$0.53", "2015-03-31": "$0.74", "2014-12-31": "$0.69", "2014-09-30": "$0.76", "2014-06-30": "$0.52", "2014-03-31": "$0.61", "2013-12-31": "$0.47", "2013-09-30": "$0.83", "2013-06-30": "$0.68", "2013-03-31": "$0.61", "2012-12-31": "$0.58", "2012-09-30": "$0.52", "2012-06-30": "$0.72", "2012-03-31": "$0.67", "2011-12-31": "$0.71", "2011-09-30": "$1.24", "2011-06-30": "$0.74", "2011-03-31": "$0.92", "2010-12-31": "$0.76", "2010-09-30": "$0.39", "2010-06-30": "$0.57", "2010-03-31": "$0.34", "2009-12-31": "$0.17", "2009-09-30": "$-0.17", "2009-06-30": "$-0.29", "2009-03-31": "$-0.38", "2008-12-31": "$-0.61", "2008-09-30": "$0.14", "2008-06-30": "$0.35", "2008-03-31": "$0.19", "2007-12-31": "$0.15", "2007-09-30": "$-0.04", "2007-06-30": "$-0.02", "2007-03-31": "$0.23", "2006-12-31": "$0.33", "2006-09-30": "$0.61", "2006-06-30": "$0.36", "2006-03-31": "$0.19", "2005-12-31": "$0.28", "2005-09-30": "$0.12", "2005-06-30": "$0.31", "2005-03-31": "$0.63"}}, "shares-outstanding": {"Coherent Annual Shares Outstanding (Millions of Shares)": {"2020": "24", "2019": "24", "2018": "25", "2017": "25", "2016": "24", "2015": "25", "2014": "25", "2013": "25", "2012": "24", "2011": "25", "2010": "25", "2009": "24", "2008": "28", "2007": "32", "2006": "32", "2005": "31"}, "Coherent Quarterly Shares Outstanding (Millions of Shares)": {"2020-09-30": "24", "2020-06-30": "24", "2020-03-31": "24", "2019-12-31": "24", "2019-09-30": "24", "2019-06-30": "24", "2019-03-31": "24", "2018-12-31": "24", "2018-09-30": "25", "2018-06-30": "25", "2018-03-31": "25", "2017-12-31": "25", "2017-09-30": "25", "2017-06-30": "25", "2017-03-31": "25", "2016-12-31": "25", "2016-09-30": "24", "2016-06-30": "24", "2016-03-31": "24", "2015-12-31": "24", "2015-09-30": "25", "2015-06-30": "25", "2015-03-31": "25", "2014-12-31": "25", "2014-09-30": "25", "2014-06-30": "25", "2014-03-31": "25", "2013-12-31": "25", "2013-09-30": "25", "2013-06-30": "25", "2013-03-31": "24", "2012-12-31": "24", "2012-09-30": "24", "2012-06-30": "24", "2012-03-31": "24", "2011-12-31": "24", "2011-09-30": "25", "2011-06-30": "26", "2011-03-31": "26", "2010-12-31": "25", "2010-09-30": "25", "2010-06-30": "25", "2010-03-31": "25", "2009-12-31": "25", "2009-09-30": "24", "2009-06-30": "24", "2009-03-31": "24", "2008-12-31": "24", "2008-09-30": "28", "2008-06-30": "24", "2008-03-31": "32", "2007-12-31": "32", "2007-09-30": "32", "2007-06-30": "31", "2007-03-31": "32", "2006-12-31": "32", "2006-09-30": "32", "2006-06-30": "32", "2006-03-31": "31", "2005-12-31": "31", "2005-09-30": "31", "2005-06-30": "31", "2005-03-31": "31"}}, "total-assets": {"Coherent Annual Total Assets (Millions of US $)": {"2020": "$1,827", "2019": "$2,083", "2018": "$2,260", "2017": "$2,338", "2016": "$1,161", "2015": "$969", "2014": "$999", "2013": "$966", "2012": "$881", "2011": "$843", "2010": "$803", "2009": "$754", "2008": "$806", "2007": "$948", "2006": "$1,083", "2005": "$801"}, "Coherent Quarterly Total Assets (Millions of US $)": {"2020-09-30": "$1,827", "2020-06-30": "$1,770", "2020-03-31": "$1,725", "2019-12-31": "$2,204", "2019-09-30": "$2,083", "2019-06-30": "$2,137", "2019-03-31": "$2,222", "2018-12-31": "$2,254", "2018-09-30": "$2,260", "2018-06-30": "$2,188", "2018-03-31": "$2,337", "2017-12-31": "$2,277", "2017-09-30": "$2,338", "2017-06-30": "$2,278", "2017-03-31": "$2,175", "2016-12-31": "$2,090", "2016-09-30": "$1,161", "2016-06-30": "$1,082", "2016-03-31": "$1,049", "2015-12-31": "$985", "2015-09-30": "$969", "2015-06-30": "$997", "2015-03-31": "$975", "2014-12-31": "$978", "2014-09-30": "$999", "2014-06-30": "$1,037", "2014-03-31": "$1,009", "2013-12-31": "$972", "2013-09-30": "$966", "2013-06-30": "$945", "2013-03-31": "$923", "2012-12-31": "$897", "2012-09-30": "$881", "2012-06-30": "$870", "2012-03-31": "$848", "2011-12-31": "$818", "2011-09-30": "$843", "2011-06-30": "$920", "2011-03-31": "$888", "2010-12-31": "$840", "2010-09-30": "$803", "2010-06-30": "$785", "2010-03-31": "$789", "2009-12-31": "$771", "2009-09-30": "$754", "2009-06-30": "$759", "2009-03-31": "$741", "2008-12-31": "$761", "2008-09-30": "$806", "2008-06-30": "$836", "2008-03-31": "$812", "2007-12-31": "$984", "2007-09-30": "$948", "2007-06-30": "$1,163", "2007-03-31": "$1,144", "2006-12-31": "$1,105", "2006-09-30": "$1,083", "2006-06-30": "$1,064", "2006-03-31": "$1,018", "2005-12-31": "$800", "2005-09-30": "$801", "2005-06-30": "$788", "2005-03-31": "$798"}}, "cash-on-hand": {"Coherent Annual Cash on Hand (Millions of US $)": {"2020": "$476", "2019": "$307", "2018": "$311", "2017": "$477", "2016": "$400", "2015": "$326", "2014": "$318", "2013": "$250", "2012": "$225", "2011": "$220", "2010": "$263", "2009": "$244", "2008": "$221", "2007": "$364", "2006": "$494", "2005": "$246"}, "Coherent Quarterly Cash on Hand (Millions of US $)": {"2020-09-30": "$476", "2020-06-30": "$422", "2020-03-31": "$370", "2019-12-31": "$350", "2019-09-30": "$307", "2019-06-30": "$319", "2019-03-31": "$350", "2018-12-31": "$321", "2018-09-30": "$311", "2018-06-30": "$234", "2018-03-31": "$347", "2017-12-31": "$425", "2017-09-30": "$477", "2017-06-30": "$473", "2017-03-31": "$434", "2016-12-31": "$363", "2016-09-30": "$400", "2016-06-30": "$374", "2016-03-31": "$361", "2015-12-31": "$336", "2015-09-30": "$326", "2015-06-30": "$337", "2015-03-31": "$344", "2014-12-31": "$323", "2014-09-30": "$318", "2014-06-30": "$303", "2014-03-31": "$283", "2013-12-31": "$274", "2013-09-30": "$250", "2013-06-30": "$202", "2013-03-31": "$204", "2012-12-31": "$180", "2012-09-30": "$225", "2012-06-30": "$210", "2012-03-31": "$215", "2011-12-31": "$203", "2011-09-30": "$220", "2011-06-30": "$267", "2011-03-31": "$271", "2010-12-31": "$297", "2010-09-30": "$263", "2010-06-30": "$255", "2010-03-31": "$265", "2009-12-31": "$241", "2009-09-30": "$244", "2009-06-30": "$222", "2009-03-31": "$207", "2008-12-31": "$200", "2008-09-30": "$221", "2008-06-30": "$200", "2008-03-31": "$187", "2007-12-31": "$391", "2007-09-30": "$364", "2007-06-30": "$521", "2007-03-31": "$531", "2006-12-31": "$521", "2006-09-30": "$494", "2006-06-30": "$463", "2006-03-31": "$445", "2005-12-31": "$256", "2005-09-30": "$246", "2005-06-30": "$225", "2005-03-31": "$228"}}, "long-term-debt": {"Coherent Annual Long Term Debt (Millions of US $)": {"2020": "$411", "2019": "$392", "2018": "$421", "2017": "$589", "2016": "$", "2015": "$", "2014": "$", "2013": "$", "2012": "$0", "2011": "$0", "2010": "$0", "2009": "$0", "2008": "$0", "2007": "$0", "2006": "$201", "2005": "$"}, "Coherent Quarterly Long Term Debt (Millions of US $)": {"2020-09-30": "$411", "2020-06-30": "$397", "2020-03-31": "$382", "2019-12-31": "$396", "2019-09-30": "$392", "2019-06-30": "$410", "2019-03-31": "$406", "2018-12-31": "$414", "2018-09-30": "$421", "2018-06-30": "$422", "2018-03-31": "$450", "2017-12-31": "$503", "2017-09-30": "$589", "2017-06-30": "$653", "2017-03-31": "$660", "2016-12-31": "$677", "2016-09-30": "", "2016-06-30": "", "2016-03-31": "", "2015-12-31": "", "2015-09-30": "", "2015-06-30": "", "2015-03-31": "", "2014-12-31": "", "2014-09-30": "", "2014-06-30": "", "2014-03-31": "", "2013-12-31": "", "2013-09-30": "", "2013-06-30": "", "2013-03-31": "", "2012-12-31": "", "2012-09-30": "$0", "2012-06-30": "$0", "2012-03-31": "$0", "2011-12-31": "$0", "2011-09-30": "$0", "2011-06-30": "$0", "2011-03-31": "$0", "2010-12-31": "$0", "2010-09-30": "$0", "2010-06-30": "$0", "2010-03-31": "$0", "2009-12-31": "$0", "2009-09-30": "$0", "2009-06-30": "$0", "2009-03-31": "$0", "2008-12-31": "$0", "2008-09-30": "$0", "2008-06-30": "$0", "2008-03-31": "$0", "2007-12-31": "$0", "2007-09-30": "$0", "2007-06-30": "$1", "2007-03-31": "$1", "2006-12-31": "$1", "2006-09-30": "$201", "2006-06-30": "$201", "2006-03-31": "$201", "2005-12-31": "", "2005-09-30": "", "2005-06-30": "$1", "2005-03-31": "$14"}}, "total-liabilities": {"Coherent Annual Total Liabilities (Millions of US $)": {"2020": "$900", "2019": "$798", "2018": "$946", "2017": "$1,175", "2016": "$250", "2015": "$173", "2014": "$180", "2013": "$208", "2012": "$209", "2011": "$225", "2010": "$212", "2009": "$178", "2008": "$208", "2007": "$177", "2006": "$365", "2005": "$161"}, "Coherent Quarterly Total Liabilities (Millions of US $)": {"2020-09-30": "$900", "2020-06-30": "$877", "2020-03-31": "$852", "2019-12-31": "$898", "2019-09-30": "$798", "2019-06-30": "$835", "2019-03-31": "$909", "2018-12-31": "$936", "2018-09-30": "$946", "2018-06-30": "$956", "2018-03-31": "$1,047", "2017-12-31": "$1,081", "2017-09-30": "$1,175", "2017-06-30": "$1,210", "2017-03-31": "$1,199", "2016-12-31": "$1,163", "2016-09-30": "$250", "2016-06-30": "$211", "2016-03-31": "$199", "2015-12-31": "$175", "2015-09-30": "$173", "2015-06-30": "$183", "2015-03-31": "$185", "2014-12-31": "$170", "2014-09-30": "$180", "2014-06-30": "$219", "2014-03-31": "$210", "2013-12-31": "$197", "2013-09-30": "$208", "2013-06-30": "$226", "2013-03-31": "$236", "2012-12-31": "$226", "2012-09-30": "$209", "2012-06-30": "$222", "2012-03-31": "$211", "2011-12-31": "$209", "2011-09-30": "$225", "2011-06-30": "$258", "2011-03-31": "$251", "2010-12-31": "$221", "2010-09-30": "$212", "2010-06-30": "$214", "2010-03-31": "$205", "2009-12-31": "$190", "2009-09-30": "$178", "2009-06-30": "$189", "2009-03-31": "$180", "2008-12-31": "$182", "2008-09-30": "$208", "2008-06-30": "$237", "2008-03-31": "$221", "2007-12-31": "$204", "2007-09-30": "$177", "2007-06-30": "$401", "2007-03-31": "$387", "2006-12-31": "$362", "2006-09-30": "$365", "2006-06-30": "$376", "2006-03-31": "$369", "2005-12-31": "$159", "2005-09-30": "$161", "2005-06-30": "$160", "2005-03-31": "$172"}}, "total-share-holder-equity": {"Coherent Annual Share Holder Equity (Millions of US $)": {"2020": "$927", "2019": "$1,285", "2018": "$1,314", "2017": "$1,163", "2016": "$911", "2015": "$796", "2014": "$820", "2013": "$759", "2012": "$672", "2011": "$618", "2010": "$591", "2009": "$576", "2008": "$598", "2007": "$771", "2006": "$718", "2005": "$640"}, "Coherent Quarterly Share Holder Equity (Millions of US $)": {"2020-09-30": "$927", "2020-06-30": "$894", "2020-03-31": "$873", "2019-12-31": "$1,306", "2019-09-30": "$1,285", "2019-06-30": "$1,301", "2019-03-31": "$1,313", "2018-12-31": "$1,317", "2018-09-30": "$1,314", "2018-06-30": "$1,231", "2018-03-31": "$1,290", "2017-12-31": "$1,195", "2017-09-30": "$1,163", "2017-06-30": "$1,068", "2017-03-31": "$976", "2016-12-31": "$927", "2016-09-30": "$911", "2016-06-30": "$871", "2016-03-31": "$850", "2015-12-31": "$810", "2015-09-30": "$796", "2015-06-30": "$814", "2015-03-31": "$790", "2014-12-31": "$808", "2014-09-30": "$820", "2014-06-30": "$819", "2014-03-31": "$798", "2013-12-31": "$776", "2013-09-30": "$759", "2013-06-30": "$719", "2013-03-31": "$687", "2012-12-31": "$671", "2012-09-30": "$672", "2012-06-30": "$648", "2012-03-31": "$637", "2011-12-31": "$609", "2011-09-30": "$618", "2011-06-30": "$662", "2011-03-31": "$637", "2010-12-31": "$619", "2010-09-30": "$591", "2010-06-30": "$571", "2010-03-31": "$584", "2009-12-31": "$581", "2009-09-30": "$576", "2009-06-30": "$570", "2009-03-31": "$561", "2008-12-31": "$579", "2008-09-30": "$598", "2008-06-30": "$599", "2008-03-31": "$591", "2007-12-31": "$780", "2007-09-30": "$771", "2007-06-30": "$762", "2007-03-31": "$758", "2006-12-31": "$742", "2006-09-30": "$718", "2006-06-30": "$688", "2006-03-31": "$649", "2005-12-31": "$642", "2005-09-30": "$640", "2005-06-30": "$628", "2005-03-31": "$626"}}, "profit-margins": {"current": "-33.7%"}, "gross margin": {"2020-09-30": "33.36%", "2020-06-30": "32.56%", "2020-03-31": "31.75%", "2019-12-31": "32.60%", "2019-09-30": "33.99%", "2019-06-30": "36.48%", "2019-03-31": "39.88%", "2018-12-31": "42.15%", "2018-09-30": "43.62%", "2018-06-30": "44.64%", "2018-03-31": "45.01%", "2017-12-31": "44.53%", "2017-09-30": "43.59%", "2017-06-30": "43.42%", "2017-03-31": "42.96%", "2016-12-31": "43.44%", "2016-09-30": "44.57%", "2016-06-30": "43.83%", "2016-03-31": "43.47%", "2015-12-31": "42.50%", "2015-09-30": "41.67%", "2015-06-30": "40.68%", "2015-03-31": "39.65%", "2014-12-31": "39.65%", "2014-09-30": "39.50%", "2014-06-30": "39.60%", "2014-03-31": "39.88%", "2013-12-31": "39.22%", "2013-09-30": "39.75%", "2013-06-30": "40.08%", "2013-03-31": "40.63%", "2012-12-31": "41.26%", "2012-09-30": "41.09%", "2012-06-30": "41.50%", "2012-03-31": "41.97%", "2011-12-31": "42.91%", "2011-09-30": "43.59%", "2011-06-30": "43.50%", "2011-03-31": "43.93%", "2010-12-31": "43.91%", "2010-09-30": "43.14%", "2010-06-30": "41.86%", "2010-03-31": "39.54%", "2009-12-31": "37.56%", "2009-09-30": "37.24%", "2009-06-30": "38.17%", "2009-03-31": "40.53%", "2008-12-31": "41.62%", "2008-09-30": "41.90%", "2008-06-30": "42.53%", "2008-03-31": "41.53%", "2007-12-31": "41.30%", "2007-09-30": "41.36%", "2007-06-30": "60.81%", "2007-03-31": "61.34%", "2006-12-31": "61.75%", "2006-09-30": "62.27%", "2006-06-30": "42.25%", "2006-03-31": "42.54%", "2005-12-31": "42.61%"}, "operating margin": {"2020-09-30": "-34.91%", "2020-06-30": "-34.48%", "2020-03-31": "-33.85%", "2019-12-31": "3.07%", "2019-09-30": "5.87%", "2019-06-30": "10.15%", "2019-03-31": "15.65%", "2018-12-31": "18.69%", "2018-09-30": "20.70%", "2018-06-30": "21.91%", "2018-03-31": "22.11%", "2017-12-31": "21.19%", "2017-09-30": "18.92%", "2017-06-30": "17.69%", "2017-03-31": "15.13%", "2016-12-31": "14.02%", "2016-09-30": "14.82%", "2016-06-30": "14.04%", "2016-03-31": "13.69%", "2015-12-31": "13.11%", "2015-09-30": "12.56%", "2015-06-30": "11.14%", "2015-03-31": "10.78%", "2014-12-31": "10.60%", "2014-09-30": "9.69%", "2014-06-30": "9.84%", "2014-03-31": "10.12%", "2013-12-31": "9.74%", "2013-09-30": "10.37%", "2013-06-30": "9.54%", "2013-03-31": "10.42%", "2012-12-31": "10.91%", "2012-09-30": "11.44%", "2012-06-30": "12.94%", "2012-03-31": "13.08%", "2011-12-31": "13.69%", "2011-09-30": "13.95%", "2011-06-30": "12.75%", "2011-03-31": "12.55%", "2010-12-31": "11.58%", "2010-09-30": "9.42%", "2010-06-30": "6.22%", "2010-03-31": "-0.21%", "2009-12-31": "-4.61%", "2009-09-30": "-8.05%", "2009-06-30": "-4.90%", "2009-03-31": "-0.19%", "2008-12-31": "2.25%", "2008-09-30": "3.84%", "2008-06-30": "3.25%", "2008-03-31": "0.83%", "2007-12-31": "0.50%", "2007-09-30": "1.66%", "2007-06-30": "33.78%", "2007-03-31": "35.53%", "2006-12-31": "36.22%", "2006-09-30": "36.93%", "2006-06-30": "5.88%", "2006-03-31": "5.97%", "2005-12-31": "6.91%"}, "ebitda margin": {"2020-09-30": "-0.57%", "2020-06-30": "-26.06%", "2020-03-31": "0.85%", "2019-12-31": "11.84%", "2019-09-30": "14.27%", "2019-06-30": "17.98%", "2019-03-31": "22.59%", "2018-12-31": "25.33%", "2018-09-30": "27.12%", "2018-06-30": "28.33%", "2018-03-31": "28.54%", "2017-12-31": "27.71%", "2017-09-30": "25.36%", "2017-06-30": "23.63%", "2017-03-31": "20.71%", "2016-12-31": "18.85%", "2016-09-30": "19.02%", "2016-06-30": "18.32%", "2016-03-31": "18.00%", "2015-12-31": "17.28%", "2015-09-30": "16.67%", "2015-06-30": "15.39%", "2015-03-31": "15.12%", "2014-12-31": "15.09%", "2014-09-30": "14.21%", "2014-06-30": "14.32%", "2014-03-31": "14.63%", "2013-12-31": "14.37%", "2013-09-30": "14.94%", "2013-06-30": "13.99%", "2013-03-31": "14.71%", "2012-12-31": "14.98%", "2012-09-30": "15.47%", "2012-06-30": "17.01%", "2012-03-31": "16.94%", "2011-12-31": "17.39%", "2011-09-30": "17.56%", "2011-06-30": "16.43%", "2011-03-31": "16.60%", "2010-12-31": "16.09%", "2010-09-30": "14.38%", "2010-06-30": "11.70%", "2010-03-31": "5.86%", "2009-12-31": "1.84%", "2009-09-30": "2.76%", "2009-06-30": "5.33%", "2009-03-31": "8.90%", "2008-12-31": "10.88%", "2008-09-30": "9.18%", "2008-06-30": "9.25%", "2008-03-31": "7.31%", "2007-12-31": "7.02%", "2007-09-30": "8.31%", "2007-06-30": "37.73%", "2007-03-31": "39.44%", "2006-12-31": "40.16%", "2006-09-30": "40.94%", "2006-06-30": "12.48%", "2006-03-31": "12.87%", "2005-12-31": "14.01%"}, "pre tax profit margin": {"2020-09-30": "-35.96%", "2020-06-30": "-36.01%", "2020-03-31": "-35.40%", "2019-12-31": "1.75%", "2019-09-30": "4.20%", "2019-06-30": "8.61%", "2019-03-31": "14.06%", "2018-12-31": "16.87%", "2018-09-30": "19.02%", "2018-06-30": "19.99%", "2018-03-31": "20.18%", "2017-12-31": "19.19%", "2017-09-30": "17.53%", "2017-06-30": "16.54%", "2017-03-31": "14.48%", "2016-12-31": "14.02%", "2016-09-30": "14.24%", "2016-06-30": "13.68%", "2016-03-31": "13.05%", "2015-12-31": "12.99%", "2015-09-30": "12.44%", "2015-06-30": "11.51%", "2015-03-31": "11.28%", "2014-12-31": "10.97%", "2014-09-30": "10.06%", "2014-06-30": "9.96%", "2014-03-31": "10.12%", "2013-12-31": "9.74%", "2013-09-30": "10.25%", "2013-06-30": "9.54%", "2013-03-31": "10.29%", "2012-12-31": "10.91%", "2012-09-30": "11.70%", "2012-06-30": "13.07%", "2012-03-31": "13.45%", "2011-12-31": "15.04%", "2011-09-30": "15.32%", "2011-06-30": "14.06%", "2011-03-31": "13.95%", "2010-12-31": "11.73%", "2010-09-30": "9.42%", "2010-06-30": "6.76%", "2010-03-31": "1.05%", "2009-12-31": "-3.69%", "2009-09-30": "-8.05%", "2009-06-30": "-4.90%", "2009-03-31": "-0.38%", "2008-12-31": "2.94%", "2008-09-30": "6.18%", "2008-06-30": "5.52%", "2008-03-31": "3.82%", "2007-12-31": "3.68%", "2007-09-30": "4.65%", "2007-06-30": "52.82%", "2007-03-31": "54.08%", "2006-12-31": "54.56%", "2006-09-30": "55.28%", "2006-06-30": "7.66%", "2006-03-31": "7.46%", "2005-12-31": "8.25%"}, "net profit margin": {"2020-09-30": "-33.69%", "2020-06-30": "-33.76%", "2020-03-31": "-32.22%", "2019-12-31": "1.83%", "2019-09-30": "3.85%", "2019-06-30": "8.16%", "2019-03-31": "11.59%", "2018-12-31": "13.33%", "2018-09-30": "12.98%", "2018-06-30": "12.84%", "2018-03-31": "12.65%", "2017-12-31": "11.81%", "2017-09-30": "12.01%", "2017-06-30": "11.07%", "2017-03-31": "9.87%", "2016-12-31": "9.67%", "2016-09-30": "10.27%", "2016-06-30": "10.26%", "2016-03-31": "9.89%", "2015-12-31": "9.84%", "2015-09-30": "9.33%", "2015-06-30": "8.39%", "2015-03-31": "8.30%", "2014-12-31": "7.98%", "2014-09-30": "7.42%", "2014-06-30": "7.60%", "2014-03-31": "7.93%", "2013-12-31": "7.92%", "2013-09-30": "8.27%", "2013-06-30": "7.51%", "2013-03-31": "7.68%", "2012-12-31": "7.88%", "2012-09-30": "8.19%", "2012-06-30": "10.28%", "2012-03-31": "10.34%", "2011-12-31": "11.22%", "2011-09-30": "11.58%", "2011-06-30": "9.46%", "2011-03-31": "9.34%", "2010-12-31": "7.67%", "2010-09-30": "5.95%", "2010-06-30": "4.02%", "2010-03-31": "0.21%", "2009-12-31": "-3.69%", "2009-09-30": "-8.05%", "2009-06-30": "-5.76%", "2009-03-31": "-2.27%", "2008-12-31": "0.52%", "2008-09-30": "3.84%", "2008-06-30": "2.92%", "2008-03-31": "1.50%", "2007-12-31": "1.67%", "2007-09-30": "2.66%", "2007-06-30": "52.03%", "2007-03-31": "52.96%", "2006-12-31": "53.21%", "2006-09-30": "54.01%", "2006-06-30": "5.35%", "2006-03-31": "5.41%", "2005-12-31": "8.25%"}, "pe ratio": {"current": "137.99", "2021-02-05": "0.00", "2020-09-30": "0.00", "2020-06-30": "0.00", "2020-03-31": "0.00", "2019-12-31": "168.03", "2019-09-30": "69.87", "2019-06-30": "26.43", "2019-03-31": "17.76", "2018-12-31": "10.85", "2018-09-30": "17.29", "2018-06-30": "15.75", "2018-03-31": "19.32", "2017-12-31": "32.14", "2017-09-30": "28.20", "2017-06-30": "33.94", "2017-03-31": "41.71", "2016-12-31": "34.61", "2016-09-30": "30.88", "2016-06-30": "26.76", "2016-03-31": "28.72", "2015-12-31": "20.28", "2015-09-30": "17.88", "2015-06-30": "23.34", "2015-03-31": "23.97", "2014-12-31": "23.53", "2014-09-30": "26.00", "2014-06-30": "27.23", "2014-03-31": "25.23", "2013-12-31": "28.72", "2013-09-30": "22.73", "2013-06-30": "23.04", "2013-03-31": "23.35", "2012-12-31": "20.33", "2012-09-30": "17.15", "2012-06-30": "12.61", "2012-03-31": "16.96", "2011-12-31": "14.15", "2011-09-30": "11.47", "2011-06-30": "19.27", "2011-03-31": "21.57", "2010-12-31": "21.47", "2010-09-30": "26.67", "2010-06-30": "37.34", "2010-03-31": "782.80", "2009-12-31": "0.00", "2009-09-30": "0.00", "2009-06-30": "0.00", "2009-03-31": "0.00", "2008-12-31": "210.25", "2008-09-30": "40.50", "2008-06-30": "42.44", "2008-03-31": "80.37", "2007-12-31": "163.75", "2007-09-30": "0.00", "2007-06-30": "0.00", "2007-03-31": "91.46", "2006-12-31": "51.55"}, "price sales": {"2021-02-05": "3.79", "2020-09-30": "2.18", "2020-06-30": "2.54", "2020-03-31": "1.99", "2019-12-31": "2.94", "2019-09-30": "2.61", "2019-06-30": "2.14", "2019-03-31": "2.06", "2018-12-31": "1.45", "2018-09-30": "2.26", "2018-06-30": "2.02", "2018-03-31": "2.44", "2017-12-31": "3.78", "2017-09-30": "3.38", "2017-06-30": "3.75", "2017-03-31": "4.09", "2016-12-31": "3.32", "2016-09-30": "3.14", "2016-06-30": "2.75", "2016-03-31": "2.87", "2015-12-31": "2.04", "2015-09-30": "1.70", "2015-06-30": "1.99", "2015-03-31": "2.02", "2014-12-31": "1.90", "2014-09-30": "1.93", "2014-06-30": "2.05", "2014-03-31": "1.98", "2013-12-31": "2.24", "2013-09-30": "1.86", "2013-06-30": "1.71", "2013-03-31": "1.79", "2012-12-31": "1.60", "2012-09-30": "1.40", "2012-06-30": "1.31", "2012-03-31": "1.76", "2011-12-31": "1.59", "2011-09-30": "1.34", "2011-06-30": "1.81", "2011-03-31": "2.02", "2010-12-31": "1.68", "2010-09-30": "1.62", "2010-06-30": "1.53", "2010-03-31": "1.61", "2009-12-31": "1.64", "2009-09-30": "1.27", "2009-06-30": "1.09", "2009-03-31": "0.80", "2008-12-31": "0.97", "2008-09-30": "1.66", "2008-06-30": "1.40", "2008-03-31": "1.45", "2007-12-31": "1.31", "2007-09-30": "1.67", "2007-06-30": "1.07", "2007-03-31": "1.10", "2006-12-31": "1.10"}, "price book": {"current": "5.05", "2021-02-05": "5.05", "2020-09-30": "2.90", "2020-06-30": "3.56", "2020-03-31": "2.95", "2019-12-31": "3.08", "2019-09-30": "2.87", "2019-06-30": "2.51", "2019-03-31": "2.61", "2018-12-31": "1.95", "2018-09-30": "3.18", "2018-06-30": "3.09", "2018-03-31": "3.61", "2017-12-31": "5.86", "2017-09-30": "4.98", "2017-06-30": "5.19", "2017-03-31": "5.18", "2016-12-31": "3.64", "2016-09-30": "2.95", "2016-06-30": "2.56", "2016-03-31": "2.62", "2015-12-31": "1.94", "2015-09-30": "1.65", "2015-06-30": "1.94", "2015-03-31": "2.03", "2014-12-31": "1.87", "2014-09-30": "1.87", "2014-06-30": "2.02", "2014-03-31": "2.04", "2013-12-31": "2.38", "2013-09-30": "1.98", "2013-06-30": "1.87", "2013-03-31": "2.01", "2012-12-31": "1.81", "2012-09-30": "1.59", "2012-06-30": "1.54", "2012-03-31": "2.12", "2011-12-31": "1.98", "2011-09-30": "1.62", "2011-06-30": "2.04", "2011-03-31": "2.24", "2010-12-31": "1.80", "2010-09-30": "1.63", "2010-06-30": "1.46", "2010-03-31": "1.34", "2009-12-31": "1.24", "2009-09-30": "0.97", "2009-06-30": "0.87", "2009-03-31": "0.73", "2008-12-31": "0.88", "2008-09-30": "1.41", "2008-06-30": "1.16", "2008-03-31": "1.09", "2007-12-31": "0.99", "2007-09-30": "1.29", "2007-06-30": "1.24", "2007-03-31": "1.30", "2006-12-31": "1.32", "2006-09-30": "1.49", "2006-06-30": "1.50", "2006-03-31": "1.63"}, "price fcf": {"2021-02-05": "", "2020-09-30": "$6.80", "2020-06-30": "$5.58", "2020-03-31": "$3.55", "2019-12-31": "$5.15", "2019-09-30": "$4.26", "2019-06-30": "$6.55", "2019-03-31": "$6.17", "2018-12-31": "$5.53", "2018-09-30": "$6.03", "2018-06-30": "$6.11", "2018-03-31": "$9.86", "2017-12-31": "$11.93", "2017-09-30": "$13.01", "2017-06-30": "$10.93", "2017-03-31": "$7.77", "2016-12-31": "$4.66", "2016-09-30": "$2.32", "2016-06-30": "$3.05", "2016-03-31": "$2.57", "2015-12-31": "$3.48", "2015-09-30": "$4.14", "2015-06-30": "$3.03", "2015-03-31": "$4.28", "2014-12-31": "$2.90", "2014-09-30": "$2.73", "2014-06-30": "$3.67", "2014-03-31": "$2.65", "2013-12-31": "$2.96", "2013-09-30": "$3.87", "2013-06-30": "$2.75", "2013-03-31": "$3.11", "2012-12-31": "$2.66", "2012-09-30": "$1.21", "2012-06-30": "$1.44", "2012-03-31": "$1.75", "2011-12-31": "$1.31", "2011-09-30": "$1.96", "2011-06-30": "$1.36", "2011-03-31": "$1.75", "2010-12-31": "$3.01", "2010-09-30": "$2.62", "2010-06-30": "$3.00", "2010-03-31": "$2.63", "2009-12-31": "$2.11", "2009-09-30": "$0.78", "2009-06-30": "$0.55", "2009-03-31": "$0.95", "2008-12-31": "$0.80", "2008-09-30": "$2.09", "2008-06-30": "$2.78", "2008-03-31": "$2.23", "2007-12-31": "$2.00", "2007-09-30": "$2.17", "2007-06-30": "$1.80", "2007-03-31": "$2.07", "2006-12-31": "$2.75"}, "net worth": {"value": "$4.72B"}, "current ratio": {"2020-09-30": "4.52", "2020-06-30": "4.40", "2020-03-31": "4.28", "2019-12-31": "4.38", "2019-09-30": "4.56", "2019-06-30": "3.97", "2019-03-31": "3.36", "2018-12-31": "3.26", "2018-09-30": "3.32", "2018-06-30": "3.28", "2018-03-31": "3.10", "2017-12-31": "3.18", "2017-09-30": "3.13", "2017-06-30": "3.33", "2017-03-31": "3.28", "2016-12-31": "3.58", "2016-09-30": "4.05", "2016-06-30": "4.57", "2016-03-31": "4.84", "2015-12-31": "5.43", "2015-09-30": "5.32", "2015-06-30": "5.48", "2015-03-31": "5.18", "2014-12-31": "5.80", "2014-09-30": "5.81", "2014-06-30": "4.61", "2014-03-31": "4.62", "2013-12-31": "4.82", "2013-09-30": "4.32", "2013-06-30": "3.73", "2013-03-31": "3.42", "2012-12-31": "3.48", "2012-09-30": "4.00", "2012-06-30": "3.59", "2012-03-31": "3.78", "2011-12-31": "3.84", "2011-09-30": "3.58", "2011-06-30": "3.67", "2011-03-31": "3.59", "2010-12-31": "4.22", "2010-09-30": "4.11", "2010-06-30": "3.96", "2010-03-31": "4.47", "2009-12-31": "4.97", "2009-09-30": "5.59", "2009-06-30": "4.82", "2009-03-31": "4.92", "2008-12-31": "5.20", "2008-09-30": "4.50", "2008-06-30": "3.76", "2008-03-31": "3.93", "2007-12-31": "5.97", "2007-09-30": "5.17", "2007-06-30": "2.34", "2007-03-31": "2.41", "2006-12-31": "2.43", "2006-09-30": "5.98", "2006-06-30": "6.58", "2006-03-31": "6.48", "2005-12-31": "4.88", "2005-09-30": "4.36", "2005-06-30": "4.48", "2005-03-31": "4.59"}, "quick ratio": {"2020-09-30": "2.93", "2020-06-30": "2.69", "2020-03-31": "2.53", "2019-12-31": "2.63", "2019-09-30": "2.71", "2019-06-30": "2.34", "2019-03-31": "2.04", "2018-12-31": "1.95", "2018-09-30": "2.02", "2018-06-30": "1.87", "2018-03-31": "1.88", "2017-12-31": "2.08", "2017-09-30": "2.14", "2017-06-30": "2.26", "2017-03-31": "2.23", "2016-12-31": "2.35", "2016-09-30": "2.99", "2016-06-30": "3.37", "2016-03-31": "3.65", "2015-12-31": "4.15", "2015-09-30": "4.05", "2015-06-30": "4.26", "2015-03-31": "4.02", "2014-12-31": "4.40", "2014-09-30": "4.35", "2014-06-30": "3.44", "2014-03-31": "3.41", "2013-12-31": "3.52", "2013-09-30": "3.16", "2013-06-30": "2.69", "2013-03-31": "2.45", "2012-12-31": "2.41", "2012-09-30": "2.96", "2012-06-30": "2.63", "2012-03-31": "2.75", "2011-12-31": "2.82", "2011-09-30": "2.64", "2011-06-30": "2.82", "2011-03-31": "2.78", "2010-12-31": "3.36", "2010-09-30": "3.25", "2010-06-30": "3.20", "2010-03-31": "3.62", "2009-12-31": "3.96", "2009-09-30": "4.46", "2009-06-30": "3.74", "2009-03-31": "3.74", "2008-12-31": "3.94", "2008-09-30": "3.44", "2008-06-30": "2.89", "2008-03-31": "3.04", "2007-12-31": "4.99", "2007-09-30": "4.29", "2007-06-30": "2.01", "2007-03-31": "2.11", "2006-12-31": "2.12", "2006-09-30": "5.18", "2006-06-30": "5.64", "2006-03-31": "5.59", "2005-12-31": "3.90", "2005-09-30": "3.45", "2005-06-30": "3.43", "2005-03-31": "3.56"}, "debt equity ratio": {"current": "0.44", "2020-09-30": "0.97", "2020-06-30": "0.98", "2020-03-31": "0.98", "2019-12-31": "0.69", "2019-09-30": "0.62", "2019-06-30": "0.64", "2019-03-31": "0.69", "2018-12-31": "0.71", "2018-09-30": "0.72", "2018-06-30": "0.78", "2018-03-31": "0.81", "2017-12-31": "0.91", "2017-09-30": "1.01", "2017-06-30": "1.13", "2017-03-31": "1.23", "2016-12-31": "1.25", "2016-09-30": "0.28", "2016-06-30": "0.24", "2016-03-31": "0.23", "2015-12-31": "0.22", "2015-09-30": "0.22", "2015-06-30": "0.23", "2015-03-31": "0.23", "2014-12-31": "0.21", "2014-09-30": "0.22", "2014-06-30": "0.27", "2014-03-31": "0.26", "2013-12-31": "0.25", "2013-09-30": "0.27", "2013-06-30": "0.31", "2013-03-31": "0.34", "2012-12-31": "0.34", "2012-09-30": "0.31", "2012-06-30": "0.34", "2012-03-31": "0.33", "2011-12-31": "0.34", "2011-09-30": "0.37", "2011-06-30": "0.39", "2011-03-31": "0.39", "2010-12-31": "0.36", "2010-09-30": "0.36", "2010-06-30": "0.38", "2010-03-31": "0.35", "2009-12-31": "0.33", "2009-09-30": "0.31", "2009-06-30": "0.33", "2009-03-31": "0.32", "2008-12-31": "0.32", "2008-09-30": "0.35", "2008-06-30": "0.40", "2008-03-31": "0.38", "2007-12-31": "0.26", "2007-09-30": "0.23", "2007-06-30": "0.53", "2007-03-31": "0.51", "2006-12-31": "0.49", "2006-09-30": "0.51", "2006-06-30": "0.55", "2006-03-31": "0.57", "2005-12-31": "0.25", "2005-09-30": "0.25", "2005-06-30": "0.26", "2005-03-31": "0.27"}, "return on equity": {"2020-09-30": "-41.40%", "2020-06-30": "-38.64%", "2020-03-31": "-34.84%", "2019-12-31": "1.92%", "2019-09-30": "4.22%", "2019-06-30": "9.69%", "2019-03-31": "15.23%", "2018-12-31": "18.71%", "2018-09-30": "19.64%", "2018-06-30": "20.33%", "2018-03-31": "20.53%", "2017-12-31": "19.90%", "2017-09-30": "20.03%", "2017-06-30": "16.90%", "2017-03-31": "13.24%", "2016-12-31": "11.01%", "2016-09-30": "10.23%", "2016-06-30": "10.10%", "2016-03-31": "9.54%", "2015-12-31": "9.72%", "2015-09-30": "9.35%", "2015-06-30": "8.29%", "2015-03-31": "8.28%", "2014-12-31": "7.89%", "2014-09-30": "7.35%", "2014-06-30": "7.74%", "2014-03-31": "8.52%", "2013-12-31": "8.84%", "2013-09-30": "9.45%", "2013-06-30": "8.58%", "2013-03-31": "8.81%", "2012-12-31": "9.13%", "2012-09-30": "9.82%", "2012-06-30": "12.90%", "2012-03-31": "13.14%", "2011-12-31": "14.41%", "2011-09-30": "14.67%", "2011-06-30": "11.48%", "2011-03-31": "11.08%", "2010-12-31": "8.63%", "2010-09-30": "6.19%", "2010-06-30": "3.81%", "2010-03-31": "0.17%", "2009-12-31": "-2.80%", "2009-09-30": "-6.12%", "2009-06-30": "-4.68%", "2009-03-31": "-2.05%", "2008-12-31": "0.51%", "2008-09-30": "3.58%", "2008-06-30": "2.63%", "2008-03-31": "1.24%", "2007-12-31": "1.30%", "2007-09-30": "2.11%", "2007-06-30": "62.01%", "2007-03-31": "65.24%", "2006-12-31": "67.64%", "2006-09-30": "69.86%", "2006-06-30": "4.58%", "2006-03-31": "4.53%", "2005-12-31": "6.78%"}, "return on assets": {"2020-09-30": "-22.00%", "2020-06-30": "-21.64%", "2020-03-31": "-20.37%", "2019-12-31": "1.16%", "2019-09-30": "2.53%", "2019-06-30": "5.73%", "2019-03-31": "8.83%", "2018-12-31": "10.66%", "2018-09-30": "10.90%", "2018-06-30": "10.85%", "2018-03-31": "10.49%", "2017-12-31": "9.66%", "2017-09-30": "9.32%", "2017-06-30": "8.52%", "2017-03-31": "7.50%", "2016-12-31": "7.28%", "2016-09-30": "8.23%", "2016-06-30": "8.23%", "2016-03-31": "7.80%", "2015-12-31": "7.95%", "2015-09-30": "7.66%", "2015-06-30": "6.79%", "2015-03-31": "6.72%", "2014-12-31": "6.36%", "2014-09-30": "5.88%", "2014-06-30": "6.12%", "2014-03-31": "6.68%", "2013-12-31": "6.83%", "2013-09-30": "7.18%", "2013-06-30": "6.47%", "2013-03-31": "6.61%", "2012-12-31": "6.86%", "2012-09-30": "7.37%", "2012-06-30": "9.59%", "2012-03-31": "9.68%", "2011-12-31": "10.49%", "2011-09-30": "10.66%", "2011-06-30": "8.35%", "2011-03-31": "8.08%", "2010-12-31": "6.34%", "2010-09-30": "4.57%", "2010-06-30": "2.84%", "2010-03-31": "0.13%", "2009-12-31": "-2.12%", "2009-09-30": "-4.64%", "2009-06-30": "-3.52%", "2009-03-31": "-1.53%", "2008-12-31": "0.37%", "2008-09-30": "2.68%", "2008-06-30": "2.01%", "2008-03-31": "0.92%", "2007-12-31": "0.94%", "2007-09-30": "1.47%", "2007-06-30": "41.11%", "2007-03-31": "43.13%", "2006-12-31": "44.31%", "2006-09-30": "47.52%", "2006-06-30": "3.26%", "2006-03-31": "3.40%", "2005-12-31": "5.40%"}, "return on investments": {"2020-09-30": "-30.72%", "2020-06-30": "-29.03%", "2020-03-31": "-27.49%", "2019-12-31": "2.47%", "2019-09-30": "4.91%", "2019-06-30": "9.16%", "2019-03-31": "15.56%", "2018-12-31": "19.71%", "2018-09-30": "23.09%", "2018-06-30": "24.73%", "2018-03-31": "24.49%", "2017-12-31": "23.09%", "2017-09-30": "19.42%", "2017-06-30": "21.12%", "2017-03-31": "23.09%", "2016-12-31": "35.41%", "2016-09-30": "inf%", "2016-06-30": "inf%", "2016-03-31": "inf%", "2015-12-31": "inf%", "2015-09-30": "inf%", "2015-06-30": "inf%", "2015-03-31": "inf%", "2014-12-31": "inf%", "2014-09-30": "inf%", "2014-06-30": "inf%", "2014-03-31": "inf%", "2013-12-31": "inf%", "2013-09-30": "inf%", "2013-06-30": "44.64%", "2013-03-31": "24.24%", "2012-12-31": "16.96%", "2012-09-30": "13.72%", "2012-06-30": "16.24%", "2012-03-31": "16.63%", "2011-12-31": "17.58%", "2011-09-30": "17.67%", "2011-06-30": "15.46%", "2011-03-31": "14.89%", "2010-12-31": "13.02%", "2010-09-30": "9.80%", "2010-06-30": "5.88%", "2010-03-31": "-0.17%", "2009-12-31": "-3.50%", "2009-09-30": "-6.12%", "2009-06-30": "-3.99%", "2009-03-31": "-0.17%", "2008-12-31": "2.20%", "2008-09-30": "3.58%", "2008-06-30": "2.92%", "2008-03-31": "0.69%", "2007-12-31": "0.39%", "2007-09-30": "1.32%", "2007-06-30": "37.68%", "2007-03-31": "38.41%", "2006-12-31": "37.85%", "2006-09-30": "48.44%", "2006-06-30": "7.59%", "2006-03-31": "8.66%", "2005-12-31": "11.36%"}, "return on tangible equity": {"2020-09-30": "-52.98%", "2020-06-30": "-54.41%", "2020-03-31": "-53.83%", "2019-12-31": "3.24%", "2019-09-30": "7.26%", "2019-06-30": "17.01%", "2019-03-31": "27.59%", "2018-12-31": "35.11%", "2018-09-30": "37.85%", "2018-06-30": "40.71%", "2018-03-31": "42.79%", "2017-12-31": "43.30%", "2017-09-30": "46.99%", "2017-06-30": "32.78%", "2017-03-31": "21.22%", "2016-12-31": "14.97%", "2016-09-30": "11.86%", "2016-06-30": "11.81%", "2016-03-31": "11.21%", "2015-12-31": "11.47%", "2015-09-30": "11.09%", "2015-06-30": "9.89%", "2015-03-31": "9.98%", "2014-12-31": "9.61%", "2014-09-30": "9.04%", "2014-06-30": "9.63%", "2014-03-31": "10.70%", "2013-12-31": "11.22%", "2013-09-30": "12.14%", "2013-06-30": "10.78%", "2013-03-31": "10.79%", "2012-12-31": "10.90%", "2012-09-30": "11.40%", "2012-06-30": "15.07%", "2012-03-31": "15.44%", "2011-12-31": "17.01%", "2011-09-30": "17.27%", "2011-06-30": "13.51%", "2011-03-31": "13.07%", "2010-12-31": "10.14%", "2010-09-30": "7.31%", "2010-06-30": "4.50%", "2010-03-31": "0.20%", "2009-12-31": "-3.30%", "2009-09-30": "-7.23%", "2009-06-30": "-5.59%", "2009-03-31": "-2.49%", "2008-12-31": "0.62%", "2008-09-30": "4.39%", "2008-06-30": "3.18%", "2008-03-31": "1.48%", "2007-12-31": "1.53%", "2007-09-30": "2.49%", "2007-06-30": "73.04%", "2007-03-31": "76.92%", "2006-12-31": "80.31%", "2006-09-30": "83.51%", "2006-06-30": "5.51%", "2006-03-31": "5.49%", "2005-12-31": "8.16%"}, "dividend yield history": {"last payout": "$0.00", "last yield": "0.00%"}}