{"ticker": "CFX", "price": {"title": "Colfax Historical Annual Stock Price Data", "value": 39.61, "historical": {"2020": {"Average Stock Price": "30.8779", "Year Open": "37.0100", "Year High": "38.9000", "Year Low": "14.6400", "Year Close": "38.2400", "Annual % Change": "5.11%"}, "2019": {"Average Stock Price": "28.4688", "Year Open": "20.9100", "Year High": "36.4600", "Year Low": "20.1900", "Year Close": "36.3800", "Annual % Change": "74.07%"}, "2018": {"Average Stock Price": "31.8231", "Year Open": "39.8200", "Year High": "41.7600", "Year Low": "19.2000", "Year Close": "20.9000", "Annual % Change": "-47.25%"}, "2017": {"Average Stock Price": "39.4825", "Year Open": "36.9000", "Year High": "43.1600", "Year Low": "34.8800", "Year Close": "39.6200", "Annual % Change": "10.27%"}, "2016": {"Average Stock Price": "29.2120", "Year Open": "23.7400", "Year High": "39.7500", "Year Low": "19.2900", "Year Close": "35.9300", "Annual % Change": "53.88%"}, "2015": {"Average Stock Price": "40.6488", "Year Open": "52.1400", "Year High": "53.4700", "Year Low": "22.0000", "Year Close": "23.3500", "Annual % Change": "-54.72%"}, "2014": {"Average Stock Price": "64.2296", "Year Open": "63.1900", "Year High": "74.9200", "Year Low": "47.2000", "Year Close": "51.5700", "Annual % Change": "-19.03%"}, "2013": {"Average Stock Price": "50.9215", "Year Open": "41.9900", "Year High": "63.6900", "Year Low": "40.4400", "Year Close": "63.6900", "Annual % Change": "57.84%"}, "2012": {"Average Stock Price": "33.1338", "Year Open": "28.2500", "Year High": "40.3500", "Year Low": "24.8000", "Year Close": "40.3500", "Annual % Change": "41.68%"}, "2011": {"Average Stock Price": "23.3255", "Year Open": "18.7500", "Year High": "31.8000", "Year Low": "18.1700", "Year Close": "28.4800", "Annual % Change": "54.70%"}, "2010": {"Average Stock Price": "13.3444", "Year Open": "12.3800", "Year High": "18.9000", "Year Low": "10.2600", "Year Close": "18.4100", "Annual % Change": "52.91%"}, "2009": {"Average Stock Price": "9.6954", "Year Open": "10.7600", "Year High": "13.6300", "Year Low": "5.4100", "Year Close": "12.0400", "Annual % Change": "15.88%"}, "2008": {"Average Stock Price": "17.5203", "Year Open": "21.0000", "Year High": "27.6200", "Year Low": "5.9500", "Year Close": "10.3900", "Annual % Change": "0.00%"}}}, "market cap": {"value": "$4.69B"}, "income statement": {"Revenue": {"2019-12-31": "3327.45800", "2018-12-31": "2193.08300", "2017-12-31": "1937.28200", "2016-12-31": "3185.75300", "2015-12-31": "3434.35200", "2014-12-31": "4624.47600", "2013-12-31": "4207.20900", "2012-12-31": "3913.85600", "2011-12-31": "693.39200", "2010-12-31": "541.98700", "2009-12-31": "525.02400", "2008-12-31": "604.85400", "2007-12-31": "506.30500", "2006-12-31": "393.60400"}, "Cost Of Goods Sold": {"2019-12-31": "1926.40200", "2018-12-31": "1463.70700", "2017-12-31": "1265.70300", "2016-12-31": "2193.37100", "2015-12-31": "2362.66600", "2014-12-31": "3145.63100", "2013-12-31": "2900.98700", "2012-12-31": "2761.73100", "2011-12-31": "453.29300", "2010-12-31": "350.57900", "2009-12-31": "339.23700", "2008-12-31": "387.66700", "2007-12-31": "330.71400", "2006-12-31": "256.80600"}, "Gross Profit": {"2019-12-31": "1401.05600", "2018-12-31": "729.37600", "2017-12-31": "671.57900", "2016-12-31": "992.38180", "2015-12-31": "1071.68600", "2014-12-31": "1478.84500", "2013-12-31": "1306.22200", "2012-12-31": "1152.12500", "2011-12-31": "240.09900", "2010-12-31": "191.40800", "2009-12-31": "185.78700", "2008-12-31": "217.18700", "2007-12-31": "175.59100", "2006-12-31": "136.79800"}, "Research And Development Expenses": {"2019-12-31": "", "2018-12-31": "", "2017-12-31": "", "2016-12-31": "", "2015-12-31": "", "2014-12-31": "", "2013-12-31": "", "2012-12-31": "", "2011-12-31": "", "2010-12-31": "", "2009-12-31": "5.93000", "2008-12-31": "5.85600", "2007-12-31": "4.16200", "2006-12-31": "3.33600"}, "SG&A Expenses": {"2019-12-31": "1132.14900", "2018-12-31": "548.76300", "2017-12-31": "500.64800", "2016-12-31": "696.80000", "2015-12-31": "748.34000", "2014-12-31": "1011.17100", "2013-12-31": "864.32800", "2012-12-31": "908.43900", "2011-12-31": "162.76100", "2010-12-31": "133.50700", "2009-12-31": "112.50300", "2008-12-31": "124.10500", "2007-12-31": "98.50000", "2006-12-31": "80.10300"}, "Other Operating Income Or Expenses": {"2019-12-31": "", "2018-12-31": "", "2017-12-31": "", "2016-12-31": "", "2015-12-31": "", "2014-12-31": "", "2013-12-31": "", "2012-12-31": "-43.61700", "2011-12-31": "-41.75200", "2010-12-31": "-13.20600", "2009-12-31": "-9.54900", "2008-12-31": "-69.40800", "2007-12-31": "50.34600", "2006-12-31": "-33.81600"}, "Operating Expenses": {"2019-12-31": "3123.84600", "2018-12-31": "2041.54700", "2017-12-31": "1801.68400", "2016-12-31": "2948.95300", "2015-12-31": "3168.73200", "2014-12-31": "4214.92300", "2013-12-31": "3800.81700", "2012-12-31": "3773.84700", "2011-12-31": "667.48600", "2010-12-31": "507.61500", "2009-12-31": "485.39400", "2008-12-31": "587.03600", "2007-12-31": "383.03000", "2006-12-31": "374.06100"}, "Operating Income": {"2019-12-31": "203.61210", "2018-12-31": "151.53600", "2017-12-31": "135.59790", "2016-12-31": "236.79960", "2015-12-31": "265.61990", "2014-12-31": "409.55270", "2013-12-31": "406.39210", "2012-12-31": "140.00900", "2011-12-31": "25.90600", "2010-12-31": "34.37200", "2009-12-31": "39.63000", "2008-12-31": "17.81800", "2007-12-31": "123.27500", "2006-12-31": "19.54300"}, "Total Non-Operating Income/Expense": {"2019-12-31": "-153.11900", "2018-12-31": "-59.17200", "2017-12-31": "-87.03900", "2016-12-31": "-30.27600", "2015-12-31": "-47.50200", "2014-12-31": "-51.30500", "2013-12-31": "-103.59700", "2012-12-31": "-91.57000", "2011-12-31": "-5.91900", "2010-12-31": "-6.68400", "2009-12-31": "-7.21200", "2008-12-31": "-11.82200", "2007-12-31": "-19.24600", "2006-12-31": "-14.18600"}, "Pre-Tax Income": {"2019-12-31": "50.49300", "2018-12-31": "92.36400", "2017-12-31": "48.55900", "2016-12-31": "206.52400", "2015-12-31": "218.11800", "2014-12-31": "358.24800", "2013-12-31": "302.79500", "2012-12-31": "48.43900", "2011-12-31": "19.98700", "2010-12-31": "27.68800", "2009-12-31": "32.41800", "2008-12-31": "5.99600", "2007-12-31": "104.02900", "2006-12-31": "5.35700"}, "Income Taxes": {"2019-12-31": "31.63000", "2018-12-31": "-29.50800", "2017-12-31": "2.48300", "2016-12-31": "51.77200", "2015-12-31": "41.16800", "2014-12-31": "-62.02500", "2013-12-31": "93.65200", "2012-12-31": "90.70300", "2011-12-31": "15.43200", "2010-12-31": "11.47300", "2009-12-31": "8.62100", "2008-12-31": "5.46500", "2007-12-31": "39.14700", "2006-12-31": "3.86600"}, "Income After Taxes": {"2019-12-31": "18.86300", "2018-12-31": "121.87200", "2017-12-31": "46.07600", "2016-12-31": "154.75200", "2015-12-31": "176.95000", "2014-12-31": "420.27300", "2013-12-31": "209.14300", "2012-12-31": "-42.26400", "2011-12-31": "4.55500", "2010-12-31": "16.21500", "2009-12-31": "23.79700", "2008-12-31": "0.53100", "2007-12-31": "64.88200", "2006-12-31": "1.49100"}, "Other Income": {"2019-12-31": "", "2018-12-31": "", "2017-12-31": "", "2016-12-31": "", "2015-12-31": "", "2014-12-31": "", "2013-12-31": "", "2012-12-31": "", "2011-12-31": "", "2010-12-31": "", "2009-12-31": "", "2008-12-31": "", "2007-12-31": "", "2006-12-31": ""}, "Income From Continuous Operations": {"2019-12-31": "18.86300", "2018-12-31": "121.87200", "2017-12-31": "46.07600", "2016-12-31": "154.75200", "2015-12-31": "176.95000", "2014-12-31": "420.27300", "2013-12-31": "209.14300", "2012-12-31": "-42.26400", "2011-12-31": "4.55500", "2010-12-31": "16.21500", "2009-12-31": "23.79700", "2008-12-31": "0.53100", "2007-12-31": "64.88200", "2006-12-31": "1.49100"}, "Income From Discontinued Operations": {"2019-12-31": "-536.00900", "2018-12-31": "32.60100", "2017-12-31": "123.43100", "2016-12-31": "-9.56100", "2015-12-31": "10.22800", "2014-12-31": "", "2013-12-31": "", "2012-12-31": "", "2011-12-31": "", "2010-12-31": "", "2009-12-31": "", "2008-12-31": "", "2007-12-31": "", "2006-12-31": "-1.39700"}, "Net Income": {"2019-12-31": "-527.64600", "2018-12-31": "140.19600", "2017-12-31": "151.09000", "2016-12-31": "128.11100", "2015-12-31": "167.73900", "2014-12-31": "370.18500", "2013-12-31": "158.23200", "2012-12-31": "-83.35300", "2011-12-31": "4.55500", "2010-12-31": "16.21500", "2009-12-31": "23.79700", "2008-12-31": "-2.96100", "2007-12-31": "39.06600", "2006-12-31": "0.09400"}, "EBITDA": {"2019-12-31": "439.63810", "2018-12-31": "300.49900", "2017-12-31": "451.55190", "2016-12-31": "380.05760", "2015-12-31": "420.16190", "2014-12-31": "584.27670", "2013-12-31": "525.65010", "2012-12-31": "323.41200", "2011-12-31": "48.50400", "2010-12-31": "51.17900", "2009-12-31": "55.38100", "2008-12-31": "33.54000", "2007-12-31": "140.15800", "2006-12-31": "32.67900"}, "EBIT": {"2019-12-31": "203.61210", "2018-12-31": "151.53600", "2017-12-31": "135.59790", "2016-12-31": "236.79960", "2015-12-31": "265.61990", "2014-12-31": "409.55270", "2013-12-31": "406.39210", "2012-12-31": "140.00900", "2011-12-31": "25.90600", "2010-12-31": "34.37200", "2009-12-31": "39.63000", "2008-12-31": "17.81800", "2007-12-31": "123.27500", "2006-12-31": "19.54300"}, "Basic Shares Outstanding": {"2019-12-31": "135.71700", "2018-12-31": "120.28800", "2017-12-31": "123.23000", "2016-12-31": "122.91200", "2015-12-31": "124.10100", "2014-12-31": "121.14400", "2013-12-31": "99.19900", "2012-12-31": "91.07000", "2011-12-31": "43.63500", "2010-12-31": "43.39000", "2009-12-31": "43.22300", "2008-12-31": "36.24000", "2007-12-31": "21.88600", "2006-12-31": "21.88600"}, "Shares Outstanding": {"2019-12-31": "136.66700", "2018-12-31": "120.79500", "2017-12-31": "123.99600", "2016-12-31": "123.19900", "2015-12-31": "124.87000", "2014-12-31": "122.66600", "2013-12-31": "100.36600", "2012-12-31": "91.07000", "2011-12-31": "44.26800", "2010-12-31": "43.66700", "2009-12-31": "43.32600", "2008-12-31": "36.24000", "2007-12-31": "21.88600", "2006-12-31": "21.88600"}, "Basic EPS": {"2019-12-31": "-3.89000", "2018-12-31": "1.17000", "2017-12-31": "1.23000", "2016-12-31": "1.04000", "2015-12-31": "1.35000", "2014-12-31": "3.06000", "2013-12-31": "1.56000", "2012-12-31": "-0.92000", "2011-12-31": "0.10000", "2010-12-31": "0.37000", "2009-12-31": "0.55000", "2008-12-31": "-0.08000", "2007-12-31": "1.79000", "2006-12-31": "0.01000"}, "EPS - Earnings Per Share": {"2019-12-31": "-3.89000", "2018-12-31": "1.16000", "2017-12-31": "1.22000", "2016-12-31": "1.04000", "2015-12-31": "1.34000", "2014-12-31": "3.02000", "2013-12-31": "1.54000", "2012-12-31": "-0.92000", "2011-12-31": "0.10000", "2010-12-31": "0.37000", "2009-12-31": "0.55000", "2008-12-31": "-0.08000", "2007-12-31": "1.79000", "2006-12-31": "0.01000"}}, "income statement, quarterly": {"Revenue": {"2020-09-30": "805.93100", "2020-06-30": "620.36000", "2020-03-31": "816.35600", "2019-12-31": "888.37300", "2019-09-30": "846.51900", "2019-06-30": "908.64700", "2019-03-31": "683.91900", "2018-12-31": "227.27910", "2018-09-30": "524.02200", "2018-06-30": "560.85700", "2018-03-31": "880.92500", "2017-12-31": "-488.81900", "2017-09-30": "844.50900", "2017-06-30": "847.96200", "2017-03-31": "733.63000", "2016-12-31": "585.13990", "2016-09-30": "766.52100", "2016-06-30": "957.24900", "2016-03-31": "876.84300", "2015-12-31": "528.76300", "2015-09-30": "969.14400", "2015-06-30": "1025.37500", "2015-03-31": "911.07000", "2014-12-31": "1206.35600", "2014-09-30": "1164.45300", "2014-06-30": "1199.33600", "2014-03-31": "1054.33100", "2013-12-31": "1171.37800", "2013-09-30": "1014.57000", "2013-06-30": "1074.11800", "2013-03-31": "947.14300", "2012-12-31": "1027.39700", "2012-09-30": "954.44000", "2012-06-30": "1045.65300", "2012-03-31": "886.36600", "2011-12-31": "177.79100", "2011-09-30": "170.29400", "2011-06-30": "186.74900", "2011-03-31": "158.55800", "2010-12-31": "166.65100", "2010-09-30": "132.39700", "2010-06-30": "122.96800", "2010-03-31": "119.97100", "2009-12-31": "130.97100", "2009-09-30": "128.54500", "2009-06-30": "129.18500", "2009-03-31": "136.32300", "2008-12-31": "159.31100", "2008-09-30": "153.46100", "2008-06-30": "161.43100", "2008-03-31": "130.65100", "2007-12-31": "143.70300", "2007-09-30": "125.36100", "2007-06-30": "122.42600", "2007-03-31": "114.81500"}, "Cost Of Goods Sold": {"2020-09-30": "461.81100", "2020-06-30": "379.27400", "2020-03-31": "468.14200", "2019-12-31": "492.52990", "2019-09-30": "478.37700", "2019-06-30": "532.58900", "2019-03-31": "422.90600", "2018-12-31": "131.72100", "2018-09-30": "352.74900", "2018-06-30": "368.93200", "2018-03-31": "610.30500", "2017-12-31": "-398.60600", "2017-09-30": "580.61000", "2017-06-30": "589.89800", "2017-03-31": "493.80100", "2016-12-31": "412.69810", "2016-09-30": "528.20700", "2016-06-30": "656.14400", "2016-03-31": "596.32200", "2015-12-31": "375.42600", "2015-09-30": "673.27000", "2015-06-30": "697.33800", "2015-03-31": "616.63200", "2014-12-31": "814.50900", "2014-09-30": "791.25800", "2014-06-30": "811.16500", "2014-03-31": "728.69900", "2013-12-31": "813.99690", "2013-09-30": "694.27600", "2013-06-30": "736.29600", "2013-03-31": "656.41800", "2012-12-31": "719.82680", "2012-09-30": "666.45300", "2012-06-30": "730.79100", "2012-03-31": "644.66000", "2011-12-31": "116.24700", "2011-09-30": "109.66700", "2011-06-30": "122.07500", "2011-03-31": "105.30400", "2010-12-31": "107.07700", "2010-09-30": "85.30000", "2010-06-30": "79.98700", "2010-03-31": "78.21500", "2009-12-31": "83.96000", "2009-09-30": "82.33900", "2009-06-30": "84.63000", "2009-03-31": "88.30800", "2008-12-31": "101.55700", "2008-09-30": "98.98300", "2008-06-30": "104.65400", "2008-03-31": "82.47300", "2007-12-31": "94.48800", "2007-09-30": "80.84900", "2007-06-30": "79.38100", "2007-03-31": "75.99600"}, "Gross Profit": {"2020-09-30": "344.12000", "2020-06-30": "241.08600", "2020-03-31": "348.21400", "2019-12-31": "395.84310", "2019-09-30": "368.14200", "2019-06-30": "376.05800", "2019-03-31": "261.01300", "2018-12-31": "95.55810", "2018-09-30": "171.27300", "2018-06-30": "191.92500", "2018-03-31": "270.62000", "2017-12-31": "-90.21300", "2017-09-30": "263.89900", "2017-06-30": "258.06400", "2017-03-31": "239.82900", "2016-12-31": "172.44180", "2016-09-30": "238.31400", "2016-06-30": "301.10500", "2016-03-31": "280.52100", "2015-12-31": "153.33700", "2015-09-30": "295.87400", "2015-06-30": "328.03700", "2015-03-31": "294.43800", "2014-12-31": "391.84690", "2014-09-30": "373.19500", "2014-06-30": "388.17110", "2014-03-31": "325.63210", "2013-12-31": "357.38100", "2013-09-30": "320.29400", "2013-06-30": "337.82200", "2013-03-31": "290.72500", "2012-12-31": "307.57010", "2012-09-30": "287.98700", "2012-06-30": "314.86190", "2012-03-31": "241.70610", "2011-12-31": "61.54400", "2011-09-30": "60.62700", "2011-06-30": "64.67400", "2011-03-31": "53.25400", "2010-12-31": "59.57400", "2010-09-30": "47.09700", "2010-06-30": "42.98100", "2010-03-31": "41.75600", "2009-12-31": "47.01100", "2009-09-30": "46.20600", "2009-06-30": "44.55500", "2009-03-31": "48.01500", "2008-12-31": "57.75400", "2008-09-30": "54.47800", "2008-06-30": "56.77700", "2008-03-31": "48.17800", "2007-12-31": "49.21500", "2007-09-30": "44.51200", "2007-06-30": "43.04500", "2007-03-31": "38.81900"}, "Research And Development Expenses": {"2020-09-30": "", "2020-06-30": "", "2020-03-31": "", "2019-12-31": "", "2019-09-30": "", "2019-06-30": "", "2019-03-31": "", "2018-12-31": "", "2018-09-30": "", "2018-06-30": "", "2018-03-31": "", "2017-12-31": "", "2017-09-30": "", "2017-06-30": "", "2017-03-31": "", "2016-12-31": "", "2016-09-30": "", "2016-06-30": "", "2016-03-31": "", "2015-12-31": "", "2015-09-30": "", "2015-06-30": "", "2015-03-31": "", "2014-12-31": "", "2014-09-30": "", "2014-06-30": "", "2014-03-31": "", "2013-12-31": "", "2013-09-30": "", "2013-06-30": "", "2013-03-31": "", "2012-12-31": "", "2012-09-30": "", "2012-06-30": "", "2012-03-31": "", "2011-12-31": "", "2011-09-30": "", "2011-06-30": "", "2011-03-31": "", "2010-12-31": "", "2010-09-30": "1.58300", "2010-06-30": "1.52000", "2010-03-31": "1.62800", "2009-12-31": "1.32000", "2009-09-30": "1.52300", "2009-06-30": "1.68000", "2009-03-31": "1.40700", "2008-12-31": "1.42600", "2008-09-30": "1.47800", "2008-06-30": "1.57100", "2008-03-31": "1.38100", "2007-12-31": "1.08700", "2007-09-30": "1.00500", "2007-06-30": "1.04900", "2007-03-31": "1.02100"}, "SG&A Expenses": {"2020-09-30": "278.06000", "2020-06-30": "235.72700", "2020-03-31": "291.29700", "2019-12-31": "285.86110", "2019-09-30": "290.50000", "2019-06-30": "307.93900", "2019-03-31": "247.84900", "2018-12-31": "82.73800", "2018-09-30": "129.55800", "2018-06-30": "135.94800", "2018-03-31": "200.51900", "2017-12-31": "-32.90200", "2017-09-30": "181.83500", "2017-06-30": "176.88200", "2017-03-31": "174.83300", "2016-12-31": "101.00900", "2016-09-30": "167.85100", "2016-06-30": "213.55300", "2016-03-31": "214.38700", "2015-12-31": "75.23110", "2015-09-30": "237.24800", "2015-06-30": "222.62900", "2015-03-31": "213.23200", "2014-12-31": "255.11900", "2014-09-30": "245.44100", "2014-06-30": "279.02900", "2014-03-31": "231.58200", "2013-12-31": "219.69200", "2013-09-30": "208.75900", "2013-06-30": "221.69300", "2013-03-31": "214.18400", "2012-12-31": "247.24800", "2012-09-30": "217.14300", "2012-06-30": "231.99200", "2012-03-31": "212.05600", "2011-12-31": "39.38500", "2011-09-30": "41.07400", "2011-06-30": "44.42300", "2011-03-31": "37.87900", "2010-12-31": "45.67800", "2010-09-30": "29.92700", "2010-06-30": "28.41300", "2010-03-31": "29.48900", "2009-12-31": "26.51300", "2009-09-30": "27.87800", "2009-06-30": "28.58600", "2009-03-31": "29.52600", "2008-12-31": "26.58900", "2008-09-30": "33.23300", "2008-06-30": "35.77600", "2008-03-31": "28.50700", "2007-12-31": "23.22300", "2007-09-30": "26.76100", "2007-06-30": "25.41200", "2007-03-31": "23.10400"}, "Other Operating Income Or Expenses": {"2020-09-30": "", "2020-06-30": "", "2020-03-31": "", "2019-12-31": "", "2019-09-30": "", "2019-06-30": "", "2019-03-31": "", "2018-12-31": "", "2018-09-30": "", "2018-06-30": "", "2018-03-31": "", "2017-12-31": "", "2017-09-30": "", "2017-06-30": "", "2017-03-31": "", "2016-12-31": "", "2016-09-30": "", "2016-06-30": "", "2016-03-31": "", "2015-12-31": "", "2015-09-30": "", "2015-06-30": "", "2015-03-31": "", "2014-12-31": "", "2014-09-30": "", "2014-06-30": "", "2014-03-31": "", "2013-12-31": "", "2013-09-30": "", "2013-06-30": "", "2013-03-31": "", "2012-12-31": "8.84000", "2012-09-30": "-3.31300", "2012-06-30": "-4.00600", "2012-03-31": "-45.13800", "2011-12-31": "-27.57000", "2011-09-30": "-8.81400", "2011-06-30": "-3.30200", "2011-03-31": "-2.06600", "2010-12-31": "1.73600", "2010-09-30": "-4.54100", "2010-06-30": "-5.08500", "2010-03-31": "-5.31600", "2009-12-31": "-1.88700", "2009-09-30": "2.45800", "2009-06-30": "-5.50900", "2009-03-31": "-4.61100", "2008-12-31": "-6.88300", "2008-09-30": "1.16400", "2008-06-30": "-60.27200", "2008-03-31": "-3.41700", "2007-12-31": "26.63200", "2007-09-30": "27.89800", "2007-06-30": "-4.23600", "2007-03-31": "0.05200"}, "Operating Expenses": {"2020-09-30": "744.00000", "2020-06-30": "625.28100", "2020-03-31": "769.51900", "2019-12-31": "796.48900", "2019-09-30": "778.65800", "2019-06-30": "867.11300", "2019-03-31": "681.58600", "2018-12-31": "218.39510", "2018-09-30": "488.96600", "2018-06-30": "515.43300", "2018-03-31": "818.75300", "2017-12-31": "-419.30580", "2017-09-30": "769.74300", "2017-06-30": "777.84000", "2017-03-31": "673.40700", "2016-12-31": "528.57930", "2016-09-30": "707.81000", "2016-06-30": "884.18700", "2016-03-31": "828.37700", "2015-12-31": "482.72500", "2015-09-30": "923.58900", "2015-06-30": "928.80100", "2015-03-31": "833.61700", "2014-12-31": "1099.01500", "2014-09-30": "1045.64700", "2014-06-30": "1103.66800", "2014-03-31": "966.59300", "2013-12-31": "1051.76300", "2013-09-30": "911.77200", "2013-06-30": "962.46600", "2013-03-31": "874.81600", "2012-12-31": "975.22910", "2012-09-30": "902.77400", "2012-06-30": "985.34700", "2012-03-31": "910.49690", "2011-12-31": "185.36400", "2011-09-30": "164.85400", "2011-06-30": "170.04200", "2011-03-31": "147.22600", "2010-12-31": "147.09600", "2010-09-30": "123.79200", "2010-06-30": "118.04000", "2010-03-31": "118.68700", "2009-12-31": "121.10000", "2009-09-30": "118.89000", "2009-06-30": "120.89100", "2009-03-31": "124.51300", "2008-12-31": "136.45500", "2008-09-30": "132.53000", "2008-06-30": "202.27300", "2008-03-31": "115.77800", "2007-12-31": "92.16600", "2007-09-30": "80.71700", "2007-06-30": "110.07800", "2007-03-31": "100.06900"}, "Operating Income": {"2020-09-30": "61.93100", "2020-06-30": "-4.92100", "2020-03-31": "46.83700", "2019-12-31": "91.88400", "2019-09-30": "67.86100", "2019-06-30": "41.53400", "2019-03-31": "2.33300", "2018-12-31": "8.88400", "2018-09-30": "35.05600", "2018-06-30": "45.42400", "2018-03-31": "62.17200", "2017-12-31": "-69.51320", "2017-09-30": "74.76600", "2017-06-30": "70.12200", "2017-03-31": "60.22300", "2016-12-31": "56.56060", "2016-09-30": "58.71100", "2016-06-30": "73.06210", "2016-03-31": "48.46610", "2015-12-31": "46.03800", "2015-09-30": "45.55500", "2015-06-30": "96.57400", "2015-03-31": "77.45300", "2014-12-31": "107.34060", "2014-09-30": "118.80600", "2014-06-30": "95.66810", "2014-03-31": "87.73800", "2013-12-31": "119.61510", "2013-09-30": "102.79800", "2013-06-30": "111.65200", "2013-03-31": "72.32700", "2012-12-31": "52.16790", "2012-09-30": "51.66600", "2012-06-30": "60.30600", "2012-03-31": "-24.13090", "2011-12-31": "-7.57300", "2011-09-30": "5.44000", "2011-06-30": "16.70700", "2011-03-31": "11.33200", "2010-12-31": "19.55500", "2010-09-30": "8.60500", "2010-06-30": "4.92800", "2010-03-31": "1.28400", "2009-12-31": "9.87100", "2009-09-30": "9.65500", "2009-06-30": "8.29400", "2009-03-31": "11.81000", "2008-12-31": "22.85600", "2008-09-30": "20.93100", "2008-06-30": "-40.84200", "2008-03-31": "14.87300", "2007-12-31": "51.53700", "2007-09-30": "44.64400", "2007-06-30": "12.34800", "2007-03-31": "14.74600"}, "Total Non-Operating Income/Expense": {"2020-09-30": "-25.56700", "2020-06-30": "-28.28400", "2020-03-31": "-24.79600", "2019-12-31": "-32.68300", "2019-09-30": "-65.44400", "2019-06-30": "-33.17100", "2019-03-31": "-21.82100", "2018-12-31": "-14.90900", "2018-09-30": "-11.61100", "2018-06-30": "-8.34500", "2018-03-31": "-24.30700", "2017-12-31": "-57.93300", "2017-09-30": "-11.32800", "2017-06-30": "-8.52400", "2017-03-31": "-9.25400", "2016-12-31": "-5.55300", "2016-09-30": "-6.89200", "2016-06-30": "-8.71100", "2016-03-31": "-9.12000", "2015-12-31": "-10.35200", "2015-09-30": "-10.85700", "2015-06-30": "-14.24900", "2015-03-31": "-12.04400", "2014-12-31": "-10.42400", "2014-09-30": "-14.93500", "2014-06-30": "-13.62400", "2014-03-31": "-12.32200", "2013-12-31": "-44.71800", "2013-09-30": "-17.53600", "2013-06-30": "-18.05400", "2013-03-31": "-23.28900", "2012-12-31": "-23.29000", "2012-09-30": "-23.55700", "2012-06-30": "-25.74100", "2012-03-31": "-18.98200", "2011-12-31": "-1.41200", "2011-09-30": "-1.21800", "2011-06-30": "-1.46200", "2011-03-31": "-1.82700", "2010-12-31": "-1.60900", "2010-09-30": "-1.54400", "2010-06-30": "-1.71800", "2010-03-31": "-1.81300", "2009-12-31": "-1.74600", "2009-09-30": "-1.83400", "2009-06-30": "-1.78600", "2009-03-31": "-1.84600", "2008-12-31": "-2.13800", "2008-09-30": "-1.95100", "2008-06-30": "-3.23600", "2008-03-31": "-4.49700", "2007-12-31": "-4.83000", "2007-09-30": "-5.20000", "2007-06-30": "-4.45800", "2007-03-31": "-4.75800"}, "Pre-Tax Income": {"2020-09-30": "36.36400", "2020-06-30": "-33.20500", "2020-03-31": "22.04100", "2019-12-31": "59.20100", "2019-09-30": "2.41700", "2019-06-30": "8.36300", "2019-03-31": "-19.48800", "2018-12-31": "-6.02500", "2018-09-30": "23.44500", "2018-06-30": "37.07900", "2018-03-31": "37.86500", "2017-12-31": "-127.44600", "2017-09-30": "63.43800", "2017-06-30": "61.59800", "2017-03-31": "50.96900", "2016-12-31": "51.00800", "2016-09-30": "51.81900", "2016-06-30": "64.35100", "2016-03-31": "39.34600", "2015-12-31": "35.68600", "2015-09-30": "34.69800", "2015-06-30": "82.32500", "2015-03-31": "65.40900", "2014-12-31": "96.91700", "2014-09-30": "103.87100", "2014-06-30": "82.04400", "2014-03-31": "75.41600", "2013-12-31": "74.89700", "2013-09-30": "85.26200", "2013-06-30": "93.59800", "2013-03-31": "49.03800", "2012-12-31": "28.87800", "2012-09-30": "28.10900", "2012-06-30": "34.56500", "2012-03-31": "-43.11300", "2011-12-31": "-8.98500", "2011-09-30": "4.22200", "2011-06-30": "15.24500", "2011-03-31": "9.50500", "2010-12-31": "17.94600", "2010-09-30": "7.06100", "2010-06-30": "3.21000", "2010-03-31": "-0.52900", "2009-12-31": "8.12500", "2009-09-30": "7.82100", "2009-06-30": "6.50800", "2009-03-31": "9.96400", "2008-12-31": "20.71800", "2008-09-30": "18.98000", "2008-06-30": "-44.07800", "2008-03-31": "10.37600", "2007-12-31": "46.70700", "2007-09-30": "39.44400", "2007-06-30": "7.89000", "2007-03-31": "9.98800"}, "Income Taxes": {"2020-09-30": "19.52800", "2020-06-30": "-30.06300", "2020-03-31": "13.17300", "2019-12-31": "24.79000", "2019-09-30": "-1.35300", "2019-06-30": "6.15100", "2019-03-31": "2.04200", "2018-12-31": "-31.51700", "2018-09-30": "6.78700", "2018-06-30": "-10.76400", "2018-03-31": "5.98600", "2017-12-31": "-43.64500", "2017-09-30": "13.81600", "2017-06-30": "19.73400", "2017-03-31": "12.57800", "2016-12-31": "6.97700", "2016-09-30": "11.27100", "2016-06-30": "20.38800", "2016-03-31": "13.13600", "2015-12-31": "-2.61500", "2015-09-30": "11.15300", "2015-06-30": "23.49600", "2015-03-31": "9.13400", "2014-12-31": "11.12800", "2014-09-30": "22.56800", "2014-06-30": "-116.30000", "2014-03-31": "20.57900", "2013-12-31": "30.70400", "2013-09-30": "19.78700", "2013-06-30": "26.39800", "2013-03-31": "16.76300", "2012-12-31": "3.81200", "2012-09-30": "13.61000", "2012-06-30": "15.93300", "2012-03-31": "57.34800", "2011-12-31": "7.09500", "2011-09-30": "0.53200", "2011-06-30": "4.85500", "2011-03-31": "2.95000", "2010-12-31": "9.29600", "2010-09-30": "1.21000", "2010-06-30": "1.12200", "2010-03-31": "-0.15500", "2009-12-31": "1.08500", "2009-09-30": "2.29100", "2009-06-30": "2.14200", "2009-03-31": "3.10300", "2008-12-31": "9.23700", "2008-09-30": "5.32900", "2008-06-30": "-12.67900", "2008-03-31": "3.57800", "2007-12-31": "17.71500", "2007-09-30": "14.43300", "2007-06-30": "3.04900", "2007-03-31": "3.95000"}, "Income After Taxes": {"2020-09-30": "16.83600", "2020-06-30": "-3.14200", "2020-03-31": "8.86800", "2019-12-31": "34.41100", "2019-09-30": "3.77000", "2019-06-30": "2.21200", "2019-03-31": "-21.53000", "2018-12-31": "25.49200", "2018-09-30": "16.65800", "2018-06-30": "47.84300", "2018-03-31": "31.87900", "2017-12-31": "-83.80100", "2017-09-30": "49.62200", "2017-06-30": "41.86400", "2017-03-31": "38.39100", "2016-12-31": "44.03100", "2016-09-30": "40.54800", "2016-06-30": "43.96300", "2016-03-31": "26.21000", "2015-12-31": "38.30100", "2015-09-30": "23.54500", "2015-06-30": "58.82900", "2015-03-31": "56.27500", "2014-12-31": "85.78900", "2014-09-30": "81.30300", "2014-06-30": "198.34400", "2014-03-31": "54.83700", "2013-12-31": "44.19300", "2013-09-30": "65.47500", "2013-06-30": "67.20000", "2013-03-31": "32.27500", "2012-12-31": "25.06600", "2012-09-30": "14.49900", "2012-06-30": "18.63200", "2012-03-31": "-100.46100", "2011-12-31": "-16.08000", "2011-09-30": "3.69000", "2011-06-30": "10.39000", "2011-03-31": "6.55500", "2010-12-31": "8.65000", "2010-09-30": "5.85100", "2010-06-30": "2.08800", "2010-03-31": "-0.37400", "2009-12-31": "7.04000", "2009-09-30": "5.53000", "2009-06-30": "4.36600", "2009-03-31": "6.86100", "2008-12-31": "11.48100", "2008-09-30": "13.65100", "2008-06-30": "-31.39900", "2008-03-31": "6.79800", "2007-12-31": "28.99200", "2007-09-30": "25.01100", "2007-06-30": "4.84100", "2007-03-31": "6.03800"}, "Other Income": {"2020-09-30": "", "2020-06-30": "", "2020-03-31": "", "2019-12-31": "", "2019-09-30": "", "2019-06-30": "", "2019-03-31": "", "2018-12-31": "", "2018-09-30": "", "2018-06-30": "", "2018-03-31": "", "2017-12-31": "", "2017-09-30": "", "2017-06-30": "", "2017-03-31": "", "2016-12-31": "", "2016-09-30": "", "2016-06-30": "", "2016-03-31": "", "2015-12-31": "", "2015-09-30": "", "2015-06-30": "", "2015-03-31": "", "2014-12-31": "", "2014-09-30": "", "2014-06-30": "", "2014-03-31": "", "2013-12-31": "", "2013-09-30": "", "2013-06-30": "", "2013-03-31": "", "2012-12-31": "", "2012-09-30": "", "2012-06-30": "", "2012-03-31": "", "2011-12-31": "", "2011-09-30": "", "2011-06-30": "", "2011-03-31": "", "2010-12-31": "", "2010-09-30": "", "2010-06-30": "", "2010-03-31": "", "2009-12-31": "", "2009-09-30": "", "2009-06-30": "", "2009-03-31": "", "2008-12-31": "", "2008-09-30": "", "2008-06-30": "", "2008-03-31": "", "2007-12-31": "", "2007-09-30": "", "2007-06-30": "", "2007-03-31": ""}, "Income From Continuous Operations": {"2020-09-30": "16.83600", "2020-06-30": "-3.14200", "2020-03-31": "8.86800", "2019-12-31": "34.41100", "2019-09-30": "3.77000", "2019-06-30": "2.21200", "2019-03-31": "-21.53000", "2018-12-31": "25.49200", "2018-09-30": "16.65800", "2018-06-30": "47.84300", "2018-03-31": "31.87900", "2017-12-31": "-83.80100", "2017-09-30": "49.62200", "2017-06-30": "41.86400", "2017-03-31": "38.39100", "2016-12-31": "44.03100", "2016-09-30": "40.54800", "2016-06-30": "43.96300", "2016-03-31": "26.21000", "2015-12-31": "38.30100", "2015-09-30": "23.54500", "2015-06-30": "58.82900", "2015-03-31": "56.27500", "2014-12-31": "85.78900", "2014-09-30": "81.30300", "2014-06-30": "198.34400", "2014-03-31": "54.83700", "2013-12-31": "44.19300", "2013-09-30": "65.47500", "2013-06-30": "67.20000", "2013-03-31": "32.27500", "2012-12-31": "25.06600", "2012-09-30": "14.49900", "2012-06-30": "18.63200", "2012-03-31": "-100.46100", "2011-12-31": "-16.08000", "2011-09-30": "3.69000", "2011-06-30": "10.39000", "2011-03-31": "6.55500", "2010-12-31": "8.65000", "2010-09-30": "5.85100", "2010-06-30": "2.08800", "2010-03-31": "-0.37400", "2009-12-31": "7.04000", "2009-09-30": "5.53000", "2009-06-30": "4.36600", "2009-03-31": "6.86100", "2008-12-31": "11.48100", "2008-09-30": "13.65100", "2008-06-30": "-31.39900", "2008-03-31": "6.79800", "2007-12-31": "28.99200", "2007-09-30": "25.01100", "2007-06-30": "4.84100", "2007-03-31": "6.03800"}, "Income From Discontinued Operations": {"2020-09-30": "-2.64100", "2020-06-30": "-4.90500", "2020-03-31": "-3.36000", "2019-12-31": "-49.74400", "2019-09-30": "9.02400", "2019-06-30": "-468.81700", "2019-03-31": "-26.47200", "2018-12-31": "22.95800", "2018-09-30": "18.54400", "2018-06-30": "-6.06400", "2018-03-31": "-2.83700", "2017-12-31": "101.64200", "2017-09-30": "2.08200", "2017-06-30": "16.61100", "2017-03-31": "3.09600", "2016-12-31": "-1.21200", "2016-09-30": "-8.34900", "2016-06-30": "", "2016-03-31": "", "2015-12-31": "", "2015-09-30": "", "2015-06-30": "", "2015-03-31": "", "2014-12-31": "", "2014-09-30": "", "2014-06-30": "", "2014-03-31": "", "2013-12-31": "", "2013-09-30": "", "2013-06-30": "", "2013-03-31": "", "2012-12-31": "", "2012-09-30": "", "2012-06-30": "", "2012-03-31": "", "2011-12-31": "", "2011-09-30": "", "2011-06-30": "", "2011-03-31": "", "2010-12-31": "", "2010-09-30": "", "2010-06-30": "", "2010-03-31": "", "2009-12-31": "", "2009-09-30": "", "2009-06-30": "", "2009-03-31": "", "2008-12-31": "", "2008-09-30": "", "2008-06-30": "", "2008-03-31": "", "2007-12-31": "", "2007-09-30": "", "2007-06-30": "", "2007-03-31": ""}, "Net Income": {"2020-09-30": "13.40600", "2020-06-30": "-8.47400", "2020-03-31": "4.48100", "2019-12-31": "-16.86300", "2019-09-30": "10.47400", "2019-06-30": "-469.23400", "2019-03-31": "-52.02300", "2018-12-31": "45.89400", "2018-09-30": "31.31000", "2018-06-30": "38.45700", "2018-03-31": "24.53500", "2017-12-31": "13.29100", "2017-09-30": "45.86300", "2017-06-30": "53.39400", "2017-03-31": "38.54200", "2016-12-31": "37.77200", "2016-09-30": "27.97000", "2016-06-30": "39.75400", "2016-03-31": "22.61500", "2015-12-31": "44.19700", "2015-09-30": "18.35900", "2015-06-30": "53.12700", "2015-03-31": "52.05600", "2014-12-31": "80.13400", "2014-09-30": "73.38900", "2014-06-30": "191.78500", "2014-03-31": "24.87700", "2013-12-31": "34.87900", "2013-09-30": "50.38900", "2013-06-30": "53.30600", "2013-03-31": "19.65800", "2012-12-31": "14.66400", "2012-09-30": "4.02200", "2012-06-30": "7.29300", "2012-03-31": "-109.33200", "2011-12-31": "-16.08000", "2011-09-30": "3.69000", "2011-06-30": "10.39000", "2011-03-31": "6.55500", "2010-12-31": "8.65000", "2010-09-30": "5.85100", "2010-06-30": "2.08800", "2010-03-31": "-0.37400", "2009-12-31": "7.04000", "2009-09-30": "5.53000", "2009-06-30": "4.36600", "2009-03-31": "6.86100", "2008-12-31": "11.48100", "2008-09-30": "13.65100", "2008-06-30": "-34.89100", "2008-03-31": "6.79800", "2007-12-31": "3.17600", "2007-09-30": "25.01100", "2007-06-30": "4.84100", "2007-03-31": "6.03800"}, "EBITDA": {"2020-09-30": "123.00700", "2020-06-30": "56.78100", "2020-03-31": "105.17300", "2019-12-31": "137.33300", "2019-09-30": "137.96900", "2019-06-30": "117.17100", "2019-03-31": "47.16500", "2018-12-31": "47.25000", "2018-09-30": "73.69500", "2018-06-30": "80.39500", "2018-03-31": "99.15900", "2017-12-31": "144.59780", "2017-09-30": "108.00300", "2017-06-30": "106.75600", "2017-03-31": "92.19500", "2016-12-31": "92.71750", "2016-09-30": "91.81100", "2016-06-30": "109.34610", "2016-03-31": "86.18310", "2015-12-31": "89.80400", "2015-09-30": "85.21800", "2015-06-30": "130.76100", "2015-03-31": "114.37900", "2014-12-31": "152.61660", "2014-09-30": "161.50000", "2014-06-30": "151.21410", "2014-03-31": "118.94600", "2013-12-31": "152.24910", "2013-09-30": "133.84300", "2013-06-30": "137.32100", "2013-03-31": "102.23700", "2012-12-31": "84.29290", "2012-09-30": "97.91700", "2012-06-30": "103.52900", "2012-03-31": "37.67310", "2011-12-31": "-3.14100", "2011-09-30": "11.04600", "2011-06-30": "23.74000", "2011-03-31": "16.85900", "2010-12-31": "24.61200", "2010-09-30": "12.70700", "2010-06-30": "8.67200", "2010-03-31": "5.18800", "2009-12-31": "13.87500", "2009-09-30": "13.98300", "2009-06-30": "12.00200", "2009-03-31": "15.52100", "2008-12-31": "26.46400", "2008-09-30": "24.78800", "2008-06-30": "-36.66300", "2008-03-31": "18.95100", "2007-12-31": "55.86100", "2007-09-30": "48.65800", "2007-06-30": "17.11500", "2007-03-31": "18.52400"}, "EBIT": {"2020-09-30": "61.93100", "2020-06-30": "-4.92100", "2020-03-31": "46.83700", "2019-12-31": "91.88410", "2019-09-30": "67.86100", "2019-06-30": "41.53400", "2019-03-31": "2.33300", "2018-12-31": "8.88400", "2018-09-30": "35.05600", "2018-06-30": "45.42400", "2018-03-31": "62.17200", "2017-12-31": "-69.51310", "2017-09-30": "74.76600", "2017-06-30": "70.12200", "2017-03-31": "60.22300", "2016-12-31": "56.56040", "2016-09-30": "58.71100", "2016-06-30": "73.06210", "2016-03-31": "48.46610", "2015-12-31": "46.03790", "2015-09-30": "45.55500", "2015-06-30": "96.57400", "2015-03-31": "77.45300", "2014-12-31": "107.34060", "2014-09-30": "118.80600", "2014-06-30": "95.66810", "2014-03-31": "87.73800", "2013-12-31": "119.61510", "2013-09-30": "102.79800", "2013-06-30": "111.65200", "2013-03-31": "72.32700", "2012-12-31": "52.16800", "2012-09-30": "51.66600", "2012-06-30": "60.30600", "2012-03-31": "-24.13090", "2011-12-31": "-7.57300", "2011-09-30": "5.44000", "2011-06-30": "16.70700", "2011-03-31": "11.33200", "2010-12-31": "19.55500", "2010-09-30": "8.60500", "2010-06-30": "4.92800", "2010-03-31": "1.28400", "2009-12-31": "9.87100", "2009-09-30": "9.65500", "2009-06-30": "8.29400", "2009-03-31": "11.81000", "2008-12-31": "22.85600", "2008-09-30": "20.93100", "2008-06-30": "-40.84200", "2008-03-31": "14.87300", "2007-12-31": "51.53700", "2007-09-30": "44.64400", "2007-06-30": "12.34800", "2007-03-31": "14.74600"}, "Basic Shares Outstanding": {"2020-09-30": "136.83290", "2020-06-30": "136.75600", "2020-03-31": "136.60100", "2019-12-31": "135.71700", "2019-09-30": "136.12100", "2019-06-30": "136.02600", "2019-03-31": "133.71400", "2018-12-31": "120.28800", "2018-09-30": "117.71000", "2018-06-30": "122.68600", "2018-03-31": "123.56000", "2017-12-31": "123.23000", "2017-09-30": "123.26100", "2017-06-30": "123.20400", "2017-03-31": "123.08500", "2016-12-31": "122.91200", "2016-09-30": "122.83700", "2016-06-30": "122.82800", "2016-03-31": "123.08300", "2015-12-31": "124.10100", "2015-09-30": "124.40400", "2015-06-30": "124.25000", "2015-03-31": "123.94700", "2014-12-31": "121.14400", "2014-09-30": "123.84200", "2014-06-30": "123.80900", "2014-03-31": "112.49500", "2013-12-31": "99.19900", "2013-09-30": "101.97800", "2013-06-30": "98.22000", "2013-03-31": "94.22800", "2012-12-31": "91.07000", "2012-09-30": "94.04000", "2012-06-30": "93.95400", "2012-03-31": "81.92800", "2011-12-31": "43.63500", "2011-09-30": "43.68270", "2011-06-30": "43.61570", "2011-03-31": "43.49760", "2010-12-31": "43.39000", "2010-09-30": "43.39100", "2010-06-30": "43.35200", "2010-03-31": "43.24300", "2009-12-31": "43.22300", "2009-09-30": "43.22900", "2009-06-30": "43.22200", "2009-03-31": "43.21100", "2008-12-31": "36.24000", "2008-09-30": "44.00600", "2008-06-30": "34.52600", "2008-03-31": "21.88600", "2007-12-31": "21.88600", "2007-09-30": "21.88600", "2007-06-30": "21.88600", "2007-03-31": "21.88600"}, "Shares Outstanding": {"2020-09-30": "138.09060", "2020-06-30": "136.75600", "2020-03-31": "141.47000", "2019-12-31": "136.66700", "2019-09-30": "137.05020", "2019-06-30": "136.94500", "2019-03-31": "133.71400", "2018-12-31": "120.79500", "2018-09-30": "118.45700", "2018-06-30": "122.97300", "2018-03-31": "124.08100", "2017-12-31": "123.99600", "2017-09-30": "124.08100", "2017-06-30": "123.95400", "2017-03-31": "123.79500", "2016-12-31": "123.19900", "2016-09-30": "123.10200", "2016-06-30": "123.03600", "2016-03-31": "123.24300", "2015-12-31": "124.87000", "2015-09-30": "125.03200", "2015-06-30": "125.26200", "2015-03-31": "125.09300", "2014-12-31": "122.66600", "2014-09-30": "125.38100", "2014-06-30": "125.48500", "2014-03-31": "114.09600", "2013-12-31": "100.36600", "2013-09-30": "115.38500", "2013-06-30": "111.52300", "2013-03-31": "95.15300", "2012-12-31": "91.07000", "2012-09-30": "94.79200", "2012-06-30": "94.73300", "2012-03-31": "81.92800", "2011-12-31": "44.26800", "2011-09-30": "44.41200", "2011-06-30": "44.27720", "2011-03-31": "44.10510", "2010-12-31": "43.66700", "2010-09-30": "43.61900", "2010-06-30": "43.56500", "2010-03-31": "43.24300", "2009-12-31": "43.32600", "2009-09-30": "43.32500", "2009-06-30": "43.24600", "2009-03-31": "43.31200", "2008-12-31": "36.24000", "2008-09-30": "44.06700", "2008-06-30": "34.52600", "2008-03-31": "21.88600", "2007-12-31": "21.88600", "2007-09-30": "21.88600", "2007-06-30": "21.88600", "2007-03-31": "21.88600"}, "Basic EPS": {"2020-09-30": "0.10000", "2020-06-30": "-0.06000", "2020-03-31": "0.03000", "2019-12-31": "-0.13000", "2019-09-30": "0.08000", "2019-06-30": "-3.45000", "2019-03-31": "-0.39000", "2018-12-31": "0.39000", "2018-09-30": "0.27000", "2018-06-30": "0.31000", "2018-03-31": "0.20000", "2017-12-31": "0.12000", "2017-09-30": "0.37000", "2017-06-30": "0.43000", "2017-03-31": "0.31000", "2016-12-31": "0.31000", "2016-09-30": "0.23000", "2016-06-30": "0.32000", "2016-03-31": "0.18000", "2015-12-31": "0.35000", "2015-09-30": "0.15000", "2015-06-30": "0.43000", "2015-03-31": "0.42000", "2014-12-31": "0.70000", "2014-09-30": "0.59000", "2014-06-30": "1.55000", "2014-03-31": "0.22000", "2013-12-31": "0.33000", "2013-09-30": "0.49000", "2013-06-30": "0.53000", "2013-03-31": "0.21000", "2012-12-31": "0.30000", "2012-09-30": "0.04000", "2012-06-30": "0.07000", "2012-03-31": "-1.33000", "2011-12-31": "-0.37000", "2011-09-30": "0.08000", "2011-06-30": "0.24000", "2011-03-31": "0.15000", "2010-12-31": "0.20000", "2010-09-30": "0.13000", "2010-06-30": "0.05000", "2010-03-31": "-0.01000", "2009-12-31": "0.16000", "2009-09-30": "0.13000", "2009-06-30": "0.10000", "2009-03-31": "0.16000", "2008-12-31": "0.31000", "2008-09-30": "0.31000", "2008-06-30": "-1.01000", "2008-03-31": "0.31000", "2007-12-31": "0.15000", "2007-09-30": "1.14000", "2007-06-30": "0.22000", "2007-03-31": "0.28000"}, "EPS - Earnings Per Share": {"2020-09-30": "0.10000", "2020-06-30": "-0.06000", "2020-03-31": "0.03000", "2019-12-31": "-0.13000", "2019-09-30": "0.08000", "2019-06-30": "-3.45000", "2019-03-31": "-0.39000", "2018-12-31": "0.39000", "2018-09-30": "0.26000", "2018-06-30": "0.31000", "2018-03-31": "0.20000", "2017-12-31": "0.11000", "2017-09-30": "0.37000", "2017-06-30": "0.43000", "2017-03-31": "0.31000", "2016-12-31": "0.31000", "2016-09-30": "0.23000", "2016-06-30": "0.32000", "2016-03-31": "0.18000", "2015-12-31": "0.35000", "2015-09-30": "0.15000", "2015-06-30": "0.42000", "2015-03-31": "0.42000", "2014-12-31": "0.68000", "2014-09-30": "0.59000", "2014-06-30": "1.53000", "2014-03-31": "0.22000", "2013-12-31": "0.33000", "2013-09-30": "0.48000", "2013-06-30": "0.52000", "2013-03-31": "0.21000", "2012-12-31": "0.30000", "2012-09-30": "0.04000", "2012-06-30": "0.07000", "2012-03-31": "-1.33000", "2011-12-31": "-0.36000", "2011-09-30": "0.08000", "2011-06-30": "0.23000", "2011-03-31": "0.15000", "2010-12-31": "0.20000", "2010-09-30": "0.13000", "2010-06-30": "0.05000", "2010-03-31": "-0.01000", "2009-12-31": "0.16000", "2009-09-30": "0.13000", "2009-06-30": "0.10000", "2009-03-31": "0.16000", "2008-12-31": "0.31000", "2008-09-30": "0.31000", "2008-06-30": "-1.01000", "2008-03-31": "0.31000", "2007-12-31": "0.15000", "2007-09-30": "1.14000", "2007-06-30": "0.22000", "2007-03-31": "0.28000"}}, "balance sheet": {"Cash On Hand": {"2019-12-31": "109.63200", "2018-12-31": "77.15300", "2017-12-31": "411.62700", "2016-12-31": "208.81400", "2015-12-31": "197.46900", "2014-12-31": "305.44800", "2013-12-31": "311.30100", "2012-12-31": "482.44900", "2011-12-31": "75.10800", "2010-12-31": "60.54200", "2009-12-31": "49.96300", "2008-12-31": "28.76200", "2007-12-31": "48.09300", "2006-12-31": ""}, "Receivables": {"2019-12-31": "561.86500", "2018-12-31": "386.58800", "2017-12-31": "970.19900", "2016-12-31": "838.79600", "2015-12-31": "888.16600", "2014-12-31": "1029.15000", "2013-12-31": "1023.73200", "2012-12-31": "873.38200", "2011-12-31": "117.47500", "2010-12-31": "98.07000", "2009-12-31": "88.49300", "2008-12-31": "101.06400", "2007-12-31": "84.43000", "2006-12-31": ""}, "Inventory": {"2019-12-31": "571.55800", "2018-12-31": "359.65500", "2017-12-31": "429.62700", "2016-12-31": "364.97200", "2015-12-31": "420.38600", "2014-12-31": "442.73200", "2013-12-31": "443.53600", "2012-12-31": "493.64900", "2011-12-31": "56.13600", "2010-12-31": "57.94100", "2009-12-31": "71.15000", "2008-12-31": "80.32700", "2007-12-31": "68.28700", "2006-12-31": ""}, "Pre-Paid Expenses": {"2019-12-31": "", "2018-12-31": "", "2017-12-31": "", "2016-12-31": "", "2015-12-31": "", "2014-12-31": "", "2013-12-31": "", "2012-12-31": "", "2011-12-31": "", "2010-12-31": "11.85100", "2009-12-31": "11.10900", "2008-12-31": "9.63200", "2007-12-31": "7.67600", "2006-12-31": ""}, "Other Current Assets": {"2019-12-31": "161.19000", "2018-12-31": "1135.04500", "2017-12-31": "258.37900", "2016-12-31": "325.99600", "2015-12-31": "224.87200", "2014-12-31": "296.94800", "2013-12-31": "353.58900", "2012-12-31": "282.26600", "2011-12-31": "102.48900", "2010-12-31": "86.54400", "2009-12-31": "69.81900", "2008-12-31": "68.74500", "2007-12-31": "68.44100", "2006-12-31": ""}, "Total Current Assets": {"2019-12-31": "1404.24500", "2018-12-31": "1958.44100", "2017-12-31": "2069.83200", "2016-12-31": "1738.57800", "2015-12-31": "1730.89300", "2014-12-31": "2074.27800", "2013-12-31": "2132.15800", "2012-12-31": "2131.74600", "2011-12-31": "351.20800", "2010-12-31": "321.05600", "2009-12-31": "297.64800", "2008-12-31": "294.85700", "2007-12-31": "287.06700", "2006-12-31": ""}, "Property, Plant, And Equipment": {"2019-12-31": "491.24100", "2018-12-31": "327.15500", "2017-12-31": "552.80200", "2016-12-31": "505.43100", "2015-12-31": "644.53600", "2014-12-31": "727.43500", "2013-12-31": "754.26100", "2012-12-31": "688.57000", "2011-12-31": "90.93900", "2010-12-31": "89.24600", "2009-12-31": "92.09000", "2008-12-31": "92.09000", "2007-12-31": "88.39100", "2006-12-31": ""}, "Long-Term Investments": {"2019-12-31": "", "2018-12-31": "", "2017-12-31": "", "2016-12-31": "", "2015-12-31": "", "2014-12-31": "", "2013-12-31": "", "2012-12-31": "", "2011-12-31": "", "2010-12-31": "", "2009-12-31": "", "2008-12-31": "", "2007-12-31": "", "2006-12-31": ""}, "Goodwill And Intangible Assets": {"2019-12-31": "4921.53600", "2018-12-31": "2126.13200", "2017-12-31": "3555.74700", "2016-12-31": "3267.34300", "2015-12-31": "3813.39900", "2014-12-31": "3916.60600", "2013-12-31": "3242.25200", "2012-12-31": "2877.88500", "2011-12-31": "245.87300", "2010-12-31": "200.63600", "2009-12-31": "175.37000", "2008-12-31": "179.04600", "2007-12-31": "185.35300", "2006-12-31": ""}, "Other Long-Term Assets": {"2019-12-31": "", "2018-12-31": "1740.70500", "2017-12-31": "", "2016-12-31": "307.05700", "2015-12-31": "", "2014-12-31": "", "2013-12-31": "", "2012-12-31": "", "2011-12-31": "", "2010-12-31": "340.23400", "2009-12-31": "357.94700", "2008-12-31": "277.54200", "2007-12-31": "286.16900", "2006-12-31": ""}, "Total Long-Term Assets": {"2019-12-31": "5982.58700", "2018-12-31": "4657.51700", "2017-12-31": "4639.86500", "2016-12-31": "4599.86200", "2015-12-31": "5002.02600", "2014-12-31": "5137.23900", "2013-12-31": "4469.02600", "2012-12-31": "4016.54100", "2011-12-31": "737.33500", "2010-12-31": "701.02100", "2009-12-31": "708.65300", "2008-12-31": "618.21900", "2007-12-31": "609.47300", "2006-12-31": ""}, "Total Assets": {"2019-12-31": "7386.83200", "2018-12-31": "6615.95800", "2017-12-31": "6709.69700", "2016-12-31": "6338.44000", "2015-12-31": "6732.91900", "2014-12-31": "7211.51700", "2013-12-31": "6601.18400", "2012-12-31": "6148.28700", "2011-12-31": "1088.54300", "2010-12-31": "1022.07700", "2009-12-31": "1006.30100", "2008-12-31": "913.07600", "2007-12-31": "896.54000", "2006-12-31": "0.00000"}, "Total Current Liabilities": {"2019-12-31": "857.31400", "2018-12-31": "1199.34500", "2017-12-31": "1097.38000", "2016-12-31": "1059.65500", "2015-12-31": "1116.34400", "2014-12-31": "1280.12500", "2013-12-31": "1384.26800", "2012-12-31": "1181.64500", "2011-12-31": "240.04200", "2010-12-31": "191.51000", "2009-12-31": "151.09900", "2008-12-31": "154.28600", "2007-12-31": "148.37400", "2006-12-31": ""}, "Long Term Debt": {"2019-12-31": "2284.18400", "2018-12-31": "1192.40800", "2017-12-31": "1055.30500", "2016-12-31": "1286.73800", "2015-12-31": "1411.75500", "2014-12-31": "1526.95500", "2013-12-31": "1457.64200", "2012-12-31": "1693.51200", "2011-12-31": "101.51800", "2010-12-31": "72.50000", "2009-12-31": "82.51600", "2008-12-31": "91.70100", "2007-12-31": "203.85300", "2006-12-31": ""}, "Other Non-Current Liabilities": {"2019-12-31": "619.30700", "2018-12-31": "747.25900", "2017-12-31": "829.74800", "2016-12-31": "898.70300", "2015-12-31": "948.26400", "2014-12-31": "1051.99300", "2013-12-31": "1018.15100", "2012-12-31": "1116.84400", "2011-12-31": "557.70800", "2010-12-31": "415.91000", "2009-12-31": "440.25600", "2008-12-31": "362.28500", "2007-12-31": "409.98900", "2006-12-31": ""}, "Total Long Term Liabilities": {"2019-12-31": "3039.89000", "2018-12-31": "1939.66700", "2017-12-31": "1885.05300", "2016-12-31": "2185.44100", "2015-12-31": "2360.01900", "2014-12-31": "2578.94800", "2013-12-31": "2475.79300", "2012-12-31": "2810.35600", "2011-12-31": "659.22600", "2010-12-31": "614.19600", "2009-12-31": "638.37700", "2008-12-31": "591.85900", "2007-12-31": "695.11500", "2006-12-31": ""}, "Total Liabilities": {"2019-12-31": "3897.20400", "2018-12-31": "3139.01200", "2017-12-31": "2982.43300", "2016-12-31": "3245.09600", "2015-12-31": "3476.36300", "2014-12-31": "3859.07300", "2013-12-31": "3860.06100", "2012-12-31": "3992.00100", "2011-12-31": "899.26800", "2010-12-31": "805.70600", "2009-12-31": "789.47600", "2008-12-31": "746.14500", "2007-12-31": "843.48900", "2006-12-31": ""}, "Common Stock Net": {"2019-12-31": "0.11800", "2018-12-31": "0.11700", "2017-12-31": "0.12300", "2016-12-31": "0.12300", "2015-12-31": "0.12300", "2014-12-31": "0.12400", "2013-12-31": "0.10200", "2012-12-31": "0.09400", "2011-12-31": "0.04400", "2010-12-31": "0.04300", "2009-12-31": "0.04300", "2008-12-31": "0.04300", "2007-12-31": "0.02200", "2006-12-31": ""}, "Retained Earnings (Accumulated Deficit)": {"2019-12-31": "479.56000", "2018-12-31": "991.83800", "2017-12-31": "846.49000", "2016-12-31": "685.41100", "2015-12-31": "557.30000", "2014-12-31": "389.56100", "2013-12-31": "19.37600", "2012-12-31": "-138.85600", "2011-12-31": "-55.50300", "2010-12-31": "-60.05800", "2009-12-31": "-76.27300", "2008-12-31": "-113.30100", "2007-12-31": "-109.23800", "2006-12-31": ""}, "Comprehensive Income": {"2019-12-31": "-483.84500", "2018-12-31": "-780.17700", "2017-12-31": "-574.37200", "2016-12-31": "-988.34500", "2015-12-31": "-686.71500", "2014-12-31": "-443.69100", "2013-12-31": "-46.60000", "2012-12-31": "-146.59400", "2011-12-31": "-170.79300", "2010-12-31": "-130.51500", "2009-12-31": "-109.79700", "2008-12-31": "-120.07000", "2007-12-31": "-39.39400", "2006-12-31": ""}, "Other Share Holders Equity": {"2019-12-31": "", "2018-12-31": "", "2017-12-31": "", "2016-12-31": "", "2015-12-31": "", "2014-12-31": "", "2013-12-31": "", "2012-12-31": "", "2011-12-31": "", "2010-12-31": "", "2009-12-31": "", "2008-12-31": "", "2007-12-31": "", "2006-12-31": ""}, "Share Holder Equity": {"2019-12-31": "3489.62800", "2018-12-31": "3476.94600", "2017-12-31": "3727.26400", "2016-12-31": "3093.34400", "2015-12-31": "3256.55600", "2014-12-31": "3352.44400", "2013-12-31": "2741.12300", "2012-12-31": "2156.28600", "2011-12-31": "189.27500", "2010-12-31": "216.37100", "2009-12-31": "216.82500", "2008-12-31": "166.93100", "2007-12-31": "53.05100", "2006-12-31": ""}, "Total Liabilities And Share Holders Equity": {"2019-12-31": "7386.83200", "2018-12-31": "6615.95800", "2017-12-31": "6709.69700", "2016-12-31": "6338.44000", "2015-12-31": "6732.91900", "2014-12-31": "7211.51700", "2013-12-31": "6601.18400", "2012-12-31": "6148.28700", "2011-12-31": "1088.54300", "2010-12-31": "1022.07700", "2009-12-31": "1006.30100", "2008-12-31": "913.07600", "2007-12-31": "896.54000", "2006-12-31": ""}}, "balance sheet, quarterly": {"Cash On Hand": {"2020-09-30": "66.42300", "2020-06-30": "66.39600", "2020-03-31": "365.60400", "2019-12-31": "109.63200", "2019-09-30": "127.06500", "2019-06-30": "131.92500", "2019-03-31": "242.41800", "2018-12-31": "77.15300", "2018-09-30": "285.90000", "2018-06-30": "257.70000", "2018-03-31": "403.23500", "2017-12-31": "411.62700", "2017-09-30": "260.41400", "2017-06-30": "272.22500", "2017-03-31": "207.84000", "2016-12-31": "208.81400", "2016-09-30": "191.66000", "2016-06-30": "184.67200", "2016-03-31": "196.04200", "2015-12-31": "197.46900", "2015-09-30": "221.24700", "2015-06-30": "212.21000", "2015-03-31": "206.91800", "2014-12-31": "305.44800", "2014-09-30": "286.62000", "2014-06-30": "333.96900", "2014-03-31": "482.18400", "2013-12-31": "311.30100", "2013-09-30": "639.25500", "2013-06-30": "587.93700", "2013-03-31": "234.82500", "2012-12-31": "482.44900", "2012-09-30": "517.34300", "2012-06-30": "538.95600", "2012-03-31": "579.93000", "2011-12-31": "75.10800", "2011-09-30": "64.44700", "2011-06-30": "64.21500", "2011-03-31": "45.46000", "2010-12-31": "60.54200", "2010-09-30": "42.77800", "2010-06-30": "62.97400", "2010-03-31": "60.21500", "2009-12-31": "49.96300", "2009-09-30": "50.83300", "2009-06-30": "38.04700", "2009-03-31": "34.37100", "2008-12-31": "28.76200", "2008-09-30": "47.92900", "2008-06-30": "27.13300", "2008-03-31": "33.25300", "2007-12-31": "48.09300", "2007-09-30": "", "2007-06-30": "", "2007-03-31": ""}, "Receivables": {"2020-09-30": "498.35700", "2020-06-30": "449.67200", "2020-03-31": "499.40200", "2019-12-31": "561.86500", "2019-09-30": "576.13900", "2019-06-30": "616.26300", "2019-03-31": "1153.05600", "2018-12-31": "386.58800", "2018-09-30": "953.88100", "2018-06-30": "986.27100", "2018-03-31": "993.06800", "2017-12-31": "970.19900", "2017-09-30": "957.21500", "2017-06-30": "978.60600", "2017-03-31": "901.32700", "2016-12-31": "838.79600", "2016-09-30": "922.24700", "2016-06-30": "906.33600", "2016-03-31": "881.69100", "2015-12-31": "888.16600", "2015-09-30": "990.45200", "2015-06-30": "1024.81600", "2015-03-31": "1014.90500", "2014-12-31": "1029.15000", "2014-09-30": "1099.49400", "2014-06-30": "1152.91500", "2014-03-31": "1064.02000", "2013-12-31": "1023.73200", "2013-09-30": "974.72500", "2013-06-30": "933.70600", "2013-03-31": "926.62900", "2012-12-31": "873.38200", "2012-09-30": "882.86700", "2012-06-30": "904.76000", "2012-03-31": "873.80200", "2011-12-31": "117.47500", "2011-09-30": "104.78900", "2011-06-30": "103.31400", "2011-03-31": "107.21300", "2010-12-31": "98.07000", "2010-09-30": "92.59500", "2010-06-30": "72.58700", "2010-03-31": "80.03800", "2009-12-31": "88.49300", "2009-09-30": "89.60100", "2009-06-30": "87.26700", "2009-03-31": "86.86200", "2008-12-31": "101.06400", "2008-09-30": "98.17100", "2008-06-30": "95.56700", "2008-03-31": "87.66600", "2007-12-31": "84.43000", "2007-09-30": "", "2007-06-30": "", "2007-03-31": ""}, "Inventory": {"2020-09-30": "536.05200", "2020-06-30": "556.70800", "2020-03-31": "561.67500", "2019-12-31": "571.55800", "2019-09-30": "584.35100", "2019-06-30": "594.80000", "2019-03-31": "739.53500", "2018-12-31": "359.65500", "2018-09-30": "484.24200", "2018-06-30": "490.15900", "2018-03-31": "499.49300", "2017-12-31": "429.62700", "2017-09-30": "414.55600", "2017-06-30": "454.60100", "2017-03-31": "427.32700", "2016-12-31": "364.97200", "2016-09-30": "423.90500", "2016-06-30": "432.24600", "2016-03-31": "453.58200", "2015-12-31": "420.38600", "2015-09-30": "449.89100", "2015-06-30": "447.30500", "2015-03-31": "455.70100", "2014-12-31": "442.73200", "2014-09-30": "522.36100", "2014-06-30": "569.19700", "2014-03-31": "472.82600", "2013-12-31": "443.53600", "2013-09-30": "453.20100", "2013-06-30": "467.27200", "2013-03-31": "504.71800", "2012-12-31": "493.64900", "2012-09-30": "519.35800", "2012-06-30": "530.35200", "2012-03-31": "555.38600", "2011-12-31": "56.13600", "2011-09-30": "79.18300", "2011-06-30": "78.55600", "2011-03-31": "76.65800", "2010-12-31": "57.94100", "2010-09-30": "58.50200", "2010-06-30": "56.33200", "2010-03-31": "65.38100", "2009-12-31": "71.15000", "2009-09-30": "77.36900", "2009-06-30": "81.56100", "2009-03-31": "80.14600", "2008-12-31": "80.32700", "2008-09-30": "84.36900", "2008-06-30": "90.55200", "2008-03-31": "86.47900", "2007-12-31": "68.28700", "2007-09-30": "", "2007-06-30": "", "2007-03-31": ""}, "Pre-Paid Expenses": {"2020-09-30": "", "2020-06-30": "", "2020-03-31": "", "2019-12-31": "", "2019-09-30": "", "2019-06-30": "", "2019-03-31": "", "2018-12-31": "", "2018-09-30": "", "2018-06-30": "", "2018-03-31": "", "2017-12-31": "", "2017-09-30": "", "2017-06-30": "", "2017-03-31": "", "2016-12-31": "", "2016-09-30": "", "2016-06-30": "", "2016-03-31": "", "2015-12-31": "", "2015-09-30": "", "2015-06-30": "", "2015-03-31": "", "2014-12-31": "", "2014-09-30": "", "2014-06-30": "", "2014-03-31": "", "2013-12-31": "", "2013-09-30": "", "2013-06-30": "", "2013-03-31": "", "2012-12-31": "", "2012-09-30": "", "2012-06-30": "", "2012-03-31": "", "2011-12-31": "", "2011-09-30": "12.15600", "2011-06-30": "9.79900", "2011-03-31": "11.29600", "2010-12-31": "11.85100", "2010-09-30": "15.39400", "2010-06-30": "14.30400", "2010-03-31": "13.61300", "2009-12-31": "11.10900", "2009-09-30": "15.09300", "2009-06-30": "15.56600", "2009-03-31": "12.50100", "2008-12-31": "9.63200", "2008-09-30": "13.57600", "2008-06-30": "12.06300", "2008-03-31": "14.65800", "2007-12-31": "7.67600", "2007-09-30": "", "2007-06-30": "", "2007-03-31": ""}, "Other Current Assets": {"2020-09-30": "186.68000", "2020-06-30": "155.62800", "2020-03-31": "154.92900", "2019-12-31": "161.19000", "2019-09-30": "2211.57700", "2019-06-30": "2293.60500", "2019-03-31": "273.64800", "2018-12-31": "1135.04500", "2018-09-30": "227.24900", "2018-06-30": "213.35000", "2018-03-31": "267.43100", "2017-12-31": "258.37900", "2017-09-30": "682.68400", "2017-06-30": "252.98500", "2017-03-31": "244.08300", "2016-12-31": "325.99600", "2016-09-30": "265.42900", "2016-06-30": "263.80600", "2016-03-31": "253.43100", "2015-12-31": "224.87200", "2015-09-30": "337.50200", "2015-06-30": "320.89500", "2015-03-31": "345.07800", "2014-12-31": "296.94800", "2014-09-30": "309.59700", "2014-06-30": "354.67100", "2014-03-31": "323.01100", "2013-12-31": "353.58900", "2013-09-30": "299.74900", "2013-06-30": "298.02600", "2013-03-31": "320.37000", "2012-12-31": "282.26600", "2012-09-30": "313.94800", "2012-06-30": "321.81500", "2012-03-31": "329.43400", "2011-12-31": "102.48900", "2011-09-30": "78.02000", "2011-06-30": "80.02000", "2011-03-31": "86.73000", "2010-12-31": "86.54400", "2010-09-30": "68.84400", "2010-06-30": "67.76400", "2010-03-31": "58.89400", "2009-12-31": "69.81900", "2009-09-30": "68.66200", "2009-06-30": "61.52900", "2009-03-31": "63.22700", "2008-12-31": "68.74500", "2008-09-30": "64.06300", "2008-06-30": "73.51700", "2008-03-31": "68.21000", "2007-12-31": "68.44100", "2007-09-30": "", "2007-06-30": "", "2007-03-31": ""}, "Total Current Assets": {"2020-09-30": "1287.51200", "2020-06-30": "1228.40400", "2020-03-31": "1581.61000", "2019-12-31": "1404.24500", "2019-09-30": "3499.13200", "2019-06-30": "3636.59300", "2019-03-31": "2408.65700", "2018-12-31": "1958.44100", "2018-09-30": "1951.27200", "2018-06-30": "1947.48000", "2018-03-31": "2163.22700", "2017-12-31": "2069.83200", "2017-09-30": "2314.86900", "2017-06-30": "1958.41700", "2017-03-31": "1780.57700", "2016-12-31": "1738.57800", "2016-09-30": "1803.24100", "2016-06-30": "1787.06000", "2016-03-31": "1784.74600", "2015-12-31": "1730.89300", "2015-09-30": "1999.09200", "2015-06-30": "2005.22600", "2015-03-31": "2022.60200", "2014-12-31": "2074.27800", "2014-09-30": "2218.07200", "2014-06-30": "2410.75200", "2014-03-31": "2342.04100", "2013-12-31": "2132.15800", "2013-09-30": "2366.93000", "2013-06-30": "2286.94100", "2013-03-31": "1986.54200", "2012-12-31": "2131.74600", "2012-09-30": "2233.51600", "2012-06-30": "2295.88300", "2012-03-31": "2338.55200", "2011-12-31": "351.20800", "2011-09-30": "344.95900", "2011-06-30": "342.46900", "2011-03-31": "334.02800", "2010-12-31": "321.05600", "2010-09-30": "284.89300", "2010-06-30": "280.31600", "2010-03-31": "284.65400", "2009-12-31": "297.64800", "2009-09-30": "308.05400", "2009-06-30": "290.24100", "2009-03-31": "283.35200", "2008-12-31": "294.85700", "2008-09-30": "318.70300", "2008-06-30": "312.77400", "2008-03-31": "300.18800", "2007-12-31": "287.06700", "2007-09-30": "", "2007-06-30": "", "2007-03-31": ""}, "Property, Plant, And Equipment": {"2020-09-30": "463.77500", "2020-06-30": "469.25500", "2020-03-31": "468.24100", "2019-12-31": "491.24100", "2019-09-30": "478.80600", "2019-06-30": "488.95600", "2019-03-31": "647.60800", "2018-12-31": "327.15500", "2018-09-30": "494.37700", "2018-06-30": "510.69500", "2018-03-31": "546.71000", "2017-12-31": "552.80200", "2017-09-30": "512.56100", "2017-06-30": "580.15500", "2017-03-31": "575.42800", "2016-12-31": "505.43100", "2016-09-30": "632.21900", "2016-06-30": "635.35100", "2016-03-31": "650.86300", "2015-12-31": "644.53600", "2015-09-30": "664.20000", "2015-06-30": "671.99100", "2015-03-31": "679.65800", "2014-12-31": "727.43500", "2014-09-30": "772.11500", "2014-06-30": "812.35300", "2014-03-31": "747.17600", "2013-12-31": "754.26100", "2013-09-30": "678.17300", "2013-06-30": "661.32900", "2013-03-31": "676.18700", "2012-12-31": "688.57000", "2012-09-30": "662.29400", "2012-06-30": "651.00000", "2012-03-31": "681.63000", "2011-12-31": "90.93900", "2011-09-30": "91.41300", "2011-06-30": "94.42300", "2011-03-31": "93.19200", "2010-12-31": "89.24600", "2010-09-30": "91.01000", "2010-06-30": "83.83800", "2010-03-31": "88.09700", "2009-12-31": "92.09000", "2009-09-30": "93.06000", "2009-06-30": "91.64900", "2009-03-31": "88.28700", "2008-12-31": "92.09000", "2008-09-30": "91.47500", "2008-06-30": "94.60600", "2008-03-31": "91.22800", "2007-12-31": "88.39100", "2007-09-30": "", "2007-06-30": "", "2007-03-31": ""}, "Long-Term Investments": {"2020-09-30": "", "2020-06-30": "", "2020-03-31": "", "2019-12-31": "", "2019-09-30": "", "2019-06-30": "", "2019-03-31": "", "2018-12-31": "", "2018-09-30": "", "2018-06-30": "", "2018-03-31": "", "2017-12-31": "", "2017-09-30": "", "2017-06-30": "", "2017-03-31": "", "2016-12-31": "", "2016-09-30": "", "2016-06-30": "", "2016-03-31": "", "2015-12-31": "", "2015-09-30": "", "2015-06-30": "", "2015-03-31": "", "2014-12-31": "", "2014-09-30": "", "2014-06-30": "", "2014-03-31": "", "2013-12-31": "", "2013-09-30": "", "2013-06-30": "", "2013-03-31": "", "2012-12-31": "", "2012-09-30": "", "2012-06-30": "", "2012-03-31": "", "2011-12-31": "", "2011-09-30": "", "2011-06-30": "", "2011-03-31": "", "2010-12-31": "", "2010-09-30": "", "2010-06-30": "", "2010-03-31": "", "2009-12-31": "", "2009-09-30": "", "2009-06-30": "", "2009-03-31": "", "2008-12-31": "", "2008-09-30": "", "2008-06-30": "", "2008-03-31": "", "2007-12-31": "", "2007-09-30": "", "2007-06-30": "", "2007-03-31": ""}, "Goodwill And Intangible Assets": {"2020-09-30": "4880.74800", "2020-06-30": "4860.68500", "2020-03-31": "4839.64000", "2019-12-31": "4921.53600", "2019-09-30": "5046.62600", "2019-06-30": "5136.51300", "2019-03-31": "6723.85500", "2018-12-31": "2126.13200", "2018-09-30": "3465.38000", "2018-06-30": "3465.53100", "2018-03-31": "3628.36700", "2017-12-31": "3555.74700", "2017-09-30": "3462.94500", "2017-06-30": "3636.61900", "2017-03-31": "3518.05100", "2016-12-31": "3267.34300", "2016-09-30": "3573.04800", "2016-06-30": "3625.27100", "2016-03-31": "3761.56000", "2015-12-31": "3813.39900", "2015-09-30": "3880.24300", "2015-06-30": "3843.36900", "2015-03-31": "3745.63700", "2014-12-31": "3916.60600", "2014-09-30": "4054.17000", "2014-06-30": "4227.78200", "2014-03-31": "3205.66900", "2013-12-31": "3242.25200", "2013-09-30": "2823.72200", "2013-06-30": "2696.55800", "2013-03-31": "2728.53400", "2012-12-31": "2877.88500", "2012-09-30": "2675.01900", "2012-06-30": "2588.31800", "2012-03-31": "2639.04700", "2011-12-31": "245.87300", "2011-09-30": "217.31900", "2011-06-30": "225.11000", "2011-03-31": "225.65300", "2010-12-31": "200.63600", "2010-09-30": "203.21000", "2010-06-30": "168.61800", "2010-03-31": "174.99500", "2009-12-31": "175.37000", "2009-09-30": "180.61300", "2009-06-30": "177.92300", "2009-03-31": "174.18600", "2008-12-31": "179.04600", "2008-09-30": "181.81600", "2008-06-30": "187.27100", "2008-03-31": "187.68100", "2007-12-31": "185.35300", "2007-09-30": "", "2007-06-30": "", "2007-03-31": ""}, "Other Long-Term Assets": {"2020-09-30": "", "2020-06-30": "", "2020-03-31": "", "2019-12-31": "", "2019-09-30": "", "2019-06-30": "", "2019-03-31": "", "2018-12-31": "1740.70500", "2018-09-30": "", "2018-06-30": "", "2018-03-31": "", "2017-12-31": "", "2017-09-30": "", "2017-06-30": "", "2017-03-31": "", "2016-12-31": "307.05700", "2016-09-30": "", "2016-06-30": "", "2016-03-31": "", "2015-12-31": "", "2015-09-30": "", "2015-06-30": "", "2015-03-31": "", "2014-12-31": "", "2014-09-30": "", "2014-06-30": "", "2014-03-31": "", "2013-12-31": "", "2013-09-30": "", "2013-06-30": "", "2013-03-31": "", "2012-12-31": "", "2012-09-30": "", "2012-06-30": "469.66700", "2012-03-31": "", "2011-12-31": "", "2011-09-30": "320.73700", "2011-06-30": "329.45400", "2011-03-31": "336.67100", "2010-12-31": "340.23400", "2010-09-30": "351.40300", "2010-06-30": "359.05900", "2010-03-31": "356.20800", "2009-12-31": "357.94700", "2009-09-30": "376.67600", "2009-06-30": "271.39000", "2009-03-31": "274.05700", "2008-12-31": "277.54200", "2008-09-30": "277.45700", "2008-06-30": "277.35400", "2008-03-31": "283.03700", "2007-12-31": "286.16900", "2007-09-30": "", "2007-06-30": "", "2007-03-31": ""}, "Total Long-Term Assets": {"2020-09-30": "5866.72200", "2020-06-30": "5894.12100", "2020-03-31": "5873.96200", "2019-12-31": "5982.58700", "2019-09-30": "6092.14000", "2019-06-30": "6262.66000", "2019-03-31": "8093.75000", "2018-12-31": "4657.51700", "2018-09-30": "4494.95700", "2018-06-30": "4515.22300", "2018-03-31": "4715.98700", "2017-12-31": "4639.86500", "2017-09-30": "4523.44700", "2017-06-30": "4771.86200", "2017-03-31": "4649.16800", "2016-12-31": "4599.86200", "2016-09-30": "4739.15100", "2016-06-30": "4789.10000", "2016-03-31": "4939.00200", "2015-12-31": "5002.02600", "2015-09-30": "5040.80400", "2015-06-30": "5004.79100", "2015-03-31": "4922.63000", "2014-12-31": "5137.23900", "2014-09-30": "5311.24300", "2014-06-30": "5517.08100", "2014-03-31": "4429.18300", "2013-12-31": "4469.02600", "2013-09-30": "3966.95800", "2013-06-30": "3807.45900", "2013-03-31": "3859.77900", "2012-12-31": "4016.54100", "2012-09-30": "3822.20800", "2012-06-30": "3708.98500", "2012-03-31": "3791.52900", "2011-12-31": "737.33500", "2011-09-30": "693.92800", "2011-06-30": "721.11600", "2011-03-31": "728.26100", "2010-12-31": "701.02100", "2010-09-30": "719.31200", "2010-06-30": "685.62000", "2010-03-31": "704.61000", "2009-12-31": "708.65300", "2009-09-30": "717.15000", "2009-06-30": "609.86600", "2009-03-31": "605.80200", "2008-12-31": "618.21900", "2008-09-30": "620.91390", "2008-06-30": "626.60400", "2008-03-31": "614.01900", "2007-12-31": "609.47300", "2007-09-30": "", "2007-06-30": "", "2007-03-31": ""}, "Total Assets": {"2020-09-30": "7154.23400", "2020-06-30": "7122.52500", "2020-03-31": "7455.57200", "2019-12-31": "7386.83200", "2019-09-30": "9591.27200", "2019-06-30": "9899.25300", "2019-03-31": "10502.41000", "2018-12-31": "6615.95800", "2018-09-30": "6446.22900", "2018-06-30": "6462.70300", "2018-03-31": "6879.21400", "2017-12-31": "6709.69700", "2017-09-30": "6838.31600", "2017-06-30": "6730.27900", "2017-03-31": "6429.74500", "2016-12-31": "6338.44000", "2016-09-30": "6542.39200", "2016-06-30": "6576.16000", "2016-03-31": "6723.74800", "2015-12-31": "6732.91900", "2015-09-30": "7039.89600", "2015-06-30": "7010.01700", "2015-03-31": "6945.23200", "2014-12-31": "7211.51700", "2014-09-30": "7529.31500", "2014-06-30": "7927.83300", "2014-03-31": "6771.22400", "2013-12-31": "6601.18400", "2013-09-30": "6333.88800", "2013-06-30": "6094.40000", "2013-03-31": "5846.32100", "2012-12-31": "6148.28700", "2012-09-30": "6055.72400", "2012-06-30": "6004.86800", "2012-03-31": "6130.08100", "2011-12-31": "1088.54300", "2011-09-30": "1038.88700", "2011-06-30": "1063.58500", "2011-03-31": "1062.28900", "2010-12-31": "1022.07700", "2010-09-30": "1004.20500", "2010-06-30": "965.93600", "2010-03-31": "989.26400", "2009-12-31": "1006.30100", "2009-09-30": "1025.20400", "2009-06-30": "900.10700", "2009-03-31": "889.15400", "2008-12-31": "913.07600", "2008-09-30": "939.61700", "2008-06-30": "939.37800", "2008-03-31": "914.20700", "2007-12-31": "896.54000", "2007-09-30": "0.00000", "2007-06-30": "0.00000", "2007-03-31": "0.00000"}, "Total Current Liabilities": {"2020-09-30": "784.53300", "2020-06-30": "758.73100", "2020-03-31": "819.09900", "2019-12-31": "857.31400", "2019-09-30": "1505.67700", "2019-06-30": "1598.55500", "2019-03-31": "1571.62800", "2018-12-31": "1199.34500", "2018-09-30": "1068.88000", "2018-06-30": "1074.52100", "2018-03-31": "1095.47800", "2017-12-31": "1097.38000", "2017-09-30": "1288.63000", "2017-06-30": "1146.75500", "2017-03-31": "1081.85400", "2016-12-31": "1059.65500", "2016-09-30": "1074.84700", "2016-06-30": "1087.90400", "2016-03-31": "1097.66100", "2015-12-31": "1116.34400", "2015-09-30": "1205.42600", "2015-06-30": "1203.34100", "2015-03-31": "1255.02000", "2014-12-31": "1280.12500", "2014-09-30": "1368.78500", "2014-06-30": "1417.28100", "2014-03-31": "1313.24000", "2013-12-31": "1384.26800", "2013-09-30": "1320.99500", "2013-06-30": "1248.97600", "2013-03-31": "1267.45100", "2012-12-31": "1181.64500", "2012-09-30": "1220.61400", "2012-06-30": "1236.90500", "2012-03-31": "1200.66600", "2011-12-31": "240.04200", "2011-09-30": "212.02700", "2011-06-30": "205.23300", "2011-03-31": "207.65900", "2010-12-31": "191.51000", "2010-09-30": "166.10900", "2010-06-30": "143.92300", "2010-03-31": "146.89800", "2009-12-31": "151.09900", "2009-09-30": "154.74000", "2009-06-30": "140.57100", "2009-03-31": "140.25100", "2008-12-31": "154.28600", "2008-09-30": "168.86200", "2008-06-30": "161.40200", "2008-03-31": "189.70300", "2007-12-31": "148.37400", "2007-09-30": "", "2007-06-30": "", "2007-03-31": ""}, "Long Term Debt": {"2020-09-30": "2191.72500", "2020-06-30": "2220.93000", "2020-03-31": "2513.02200", "2019-12-31": "2284.18400", "2019-09-30": "4002.36500", "2019-06-30": "4078.23200", "2019-03-31": "4037.14600", "2018-12-31": "1192.40800", "2018-09-30": "1135.62400", "2018-06-30": "1067.41500", "2018-03-31": "1122.07700", "2017-12-31": "1055.30500", "2017-09-30": "1334.62700", "2017-06-30": "1322.44200", "2017-03-31": "1244.90200", "2016-12-31": "1286.73800", "2016-09-30": "1379.05800", "2016-06-30": "1399.85100", "2016-03-31": "1440.30900", "2015-12-31": "1411.75500", "2015-09-30": "1532.26700", "2015-06-30": "1376.93200", "2015-03-31": "1428.22700", "2014-12-31": "1526.95500", "2014-09-30": "1608.16500", "2014-06-30": "1811.57900", "2014-03-31": "1107.53200", "2013-12-31": "1457.64200", "2013-09-30": "1389.47500", "2013-06-30": "1410.91300", "2013-03-31": "1445.65700", "2012-12-31": "1693.51200", "2012-09-30": "1659.07000", "2012-06-30": "1657.96400", "2012-03-31": "1695.79300", "2011-12-31": "101.51800", "2011-09-30": "65.00000", "2011-06-30": "70.50000", "2011-03-31": "73.80000", "2010-12-31": "72.50000", "2010-09-30": "75.00000", "2010-06-30": "77.50000", "2010-03-31": "80.00000", "2009-12-31": "82.51600", "2009-09-30": "85.23600", "2009-06-30": "87.72700", "2009-03-31": "90.20900", "2008-12-31": "91.70100", "2008-09-30": "93.00400", "2008-06-30": "94.36200", "2008-03-31": "205.10700", "2007-12-31": "203.85300", "2007-09-30": "", "2007-06-30": "", "2007-03-31": ""}, "Other Non-Current Liabilities": {"2020-09-30": "589.56000", "2020-06-30": "616.07400", "2020-03-31": "650.11800", "2019-12-31": "619.30700", "2019-09-30": "827.05400", "2019-06-30": "846.71900", "2019-03-31": "999.31600", "2018-12-31": "747.25900", "2018-09-30": "763.40300", "2018-06-30": "783.32700", "2018-03-31": "820.41500", "2017-12-31": "829.74800", "2017-09-30": "701.26100", "2017-06-30": "888.67500", "2017-03-31": "891.55700", "2016-12-31": "898.70300", "2016-09-30": "919.82800", "2016-06-30": "930.36800", "2016-03-31": "946.57800", "2015-12-31": "948.26400", "2015-09-30": "998.17200", "2015-06-30": "1001.10400", "2015-03-31": "1013.36900", "2014-12-31": "1051.99300", "2014-09-30": "1015.27000", "2014-06-30": "1049.56700", "2014-03-31": "953.72900", "2013-12-31": "1018.15100", "2013-09-30": "1053.38800", "2013-06-30": "1030.44500", "2013-03-31": "1068.89300", "2012-12-31": "1116.84400", "2012-09-30": "996.34300", "2012-06-30": "1006.05400", "2012-03-31": "1013.94400", "2011-12-31": "557.70800", "2011-09-30": "393.40800", "2011-06-30": "404.29800", "2011-03-31": "411.89400", "2010-12-31": "415.91000", "2010-09-30": "429.10600", "2010-06-30": "440.20600", "2010-03-31": "438.36200", "2009-12-31": "440.25600", "2009-09-30": "450.77000", "2009-06-30": "352.62800", "2009-03-31": "357.49600", "2008-12-31": "362.28500", "2008-09-30": "360.42900", "2008-06-30": "368.25100", "2008-03-31": "372.05500", "2007-12-31": "409.98900", "2007-09-30": "", "2007-06-30": "", "2007-03-31": ""}, "Total Long Term Liabilities": {"2020-09-30": "2912.23200", "2020-06-30": "2968.21800", "2020-03-31": "3298.70900", "2019-12-31": "3039.89000", "2019-09-30": "4952.65700", "2019-06-30": "5044.34900", "2019-03-31": "5189.06300", "2018-12-31": "1939.66700", "2018-09-30": "1899.02700", "2018-06-30": "1850.74200", "2018-03-31": "1942.49200", "2017-12-31": "1885.05300", "2017-09-30": "2035.88800", "2017-06-30": "2211.11700", "2017-03-31": "2136.45900", "2016-12-31": "2185.44100", "2016-09-30": "2298.88600", "2016-06-30": "2330.21900", "2016-03-31": "2386.88700", "2015-12-31": "2360.01900", "2015-09-30": "2530.43900", "2015-06-30": "2378.03600", "2015-03-31": "2441.59600", "2014-12-31": "2578.94800", "2014-09-30": "2623.43500", "2014-06-30": "2861.14600", "2014-03-31": "2061.26100", "2013-12-31": "2475.79300", "2013-09-30": "2442.86300", "2013-06-30": "2441.35800", "2013-03-31": "2514.55000", "2012-12-31": "2810.35600", "2012-09-30": "2655.41300", "2012-06-30": "2664.01800", "2012-03-31": "2709.73700", "2011-12-31": "659.22600", "2011-09-30": "581.36400", "2011-06-30": "604.05600", "2011-03-31": "616.84800", "2010-12-31": "614.19600", "2010-09-30": "612.04500", "2010-06-30": "637.42800", "2010-03-31": "649.13900", "2009-12-31": "638.37700", "2009-09-30": "673.83900", "2009-06-30": "576.10200", "2009-03-31": "580.31700", "2008-12-31": "591.85900", "2008-09-30": "533.13800", "2008-06-30": "545.48600", "2008-03-31": "660.32700", "2007-12-31": "695.11500", "2007-09-30": "", "2007-06-30": "", "2007-03-31": ""}, "Total Liabilities": {"2020-09-30": "3696.76500", "2020-06-30": "3726.94900", "2020-03-31": "4117.80800", "2019-12-31": "3897.20400", "2019-09-30": "6458.33400", "2019-06-30": "6642.90400", "2019-03-31": "6760.69100", "2018-12-31": "3139.01200", "2018-09-30": "2967.90700", "2018-06-30": "2925.26300", "2018-03-31": "3037.97000", "2017-12-31": "2982.43300", "2017-09-30": "3324.51800", "2017-06-30": "3357.87200", "2017-03-31": "3218.31300", "2016-12-31": "3245.09600", "2016-09-30": "3373.73300", "2016-06-30": "3418.12300", "2016-03-31": "3484.54800", "2015-12-31": "3476.36300", "2015-09-30": "3735.86500", "2015-06-30": "3581.37700", "2015-03-31": "3696.61600", "2014-12-31": "3859.07300", "2014-09-30": "3992.22000", "2014-06-30": "4278.42700", "2014-03-31": "3374.50100", "2013-12-31": "3860.06100", "2013-09-30": "3763.85800", "2013-06-30": "3690.33400", "2013-03-31": "3782.00100", "2012-12-31": "3992.00100", "2012-09-30": "3876.02700", "2012-06-30": "3900.92300", "2012-03-31": "3910.40300", "2011-12-31": "899.26800", "2011-09-30": "793.39100", "2011-06-30": "809.28900", "2011-03-31": "824.50700", "2010-12-31": "805.70600", "2010-09-30": "778.15400", "2010-06-30": "781.35100", "2010-03-31": "796.03700", "2009-12-31": "789.47600", "2009-09-30": "828.57900", "2009-06-30": "716.67300", "2009-03-31": "720.56800", "2008-12-31": "746.14500", "2008-09-30": "702.00000", "2008-06-30": "706.88800", "2008-03-31": "850.03000", "2007-12-31": "843.48900", "2007-09-30": "", "2007-06-30": "", "2007-03-31": ""}, "Common Stock Net": {"2020-09-30": "0.11800", "2020-06-30": "0.11800", "2020-03-31": "0.11800", "2019-12-31": "0.11800", "2019-09-30": "0.11800", "2019-06-30": "0.11800", "2019-03-31": "0.11800", "2018-12-31": "0.11700", "2018-09-30": "0.11700", "2018-06-30": "0.11900", "2018-03-31": "0.12300", "2017-12-31": "0.12300", "2017-09-30": "0.12300", "2017-06-30": "0.12300", "2017-03-31": "0.12300", "2016-12-31": "0.12300", "2016-09-30": "0.12300", "2016-06-30": "0.12300", "2016-03-31": "0.12300", "2015-12-31": "0.12300", "2015-09-30": "0.12400", "2015-06-30": "0.12400", "2015-03-31": "0.12400", "2014-12-31": "0.12400", "2014-09-30": "0.12400", "2014-06-30": "0.12400", "2014-03-31": "0.12400", "2013-12-31": "0.10200", "2013-09-30": "0.10200", "2013-06-30": "0.10200", "2013-03-31": "0.09400", "2012-12-31": "0.09400", "2012-09-30": "0.09400", "2012-06-30": "0.09400", "2012-03-31": "0.09400", "2011-12-31": "0.04400", "2011-09-30": "0.04400", "2011-06-30": "0.04400", "2011-03-31": "0.04400", "2010-12-31": "0.04300", "2010-09-30": "0.04300", "2010-06-30": "0.04300", "2010-03-31": "0.04300", "2009-12-31": "0.04300", "2009-09-30": "0.04300", "2009-06-30": "0.04300", "2009-03-31": "0.04300", "2008-12-31": "0.04300", "2008-09-30": "0.04400", "2008-06-30": "0.04400", "2008-03-31": "0.02200", "2007-12-31": "0.02200", "2007-09-30": "", "2007-06-30": "", "2007-03-31": ""}, "Retained Earnings (Accumulated Deficit)": {"2020-09-30": "484.15500", "2020-06-30": "470.74900", "2020-03-31": "479.22300", "2019-12-31": "479.56000", "2019-09-30": "496.42300", "2019-06-30": "485.94900", "2019-03-31": "955.18300", "2018-12-31": "991.83800", "2018-09-30": "945.94400", "2018-06-30": "914.63400", "2018-03-31": "876.17700", "2017-12-31": "846.49000", "2017-09-30": "833.20000", "2017-06-30": "787.33600", "2017-03-31": "733.94200", "2016-12-31": "685.41100", "2016-09-30": "647.63900", "2016-06-30": "619.66900", "2016-03-31": "579.91500", "2015-12-31": "557.30000", "2015-09-30": "513.10300", "2015-06-30": "494.74400", "2015-03-31": "441.61700", "2014-12-31": "389.56100", "2014-09-30": "309.42700", "2014-06-30": "236.03800", "2014-03-31": "44.25300", "2013-12-31": "19.37600", "2013-09-30": "-12.60800", "2013-06-30": "-62.99700", "2013-03-31": "-116.30300", "2012-12-31": "-138.85600", "2012-09-30": "-153.52000", "2012-06-30": "-157.54200", "2012-03-31": "-164.83500", "2011-12-31": "-55.50300", "2011-09-30": "-39.42300", "2011-06-30": "-43.11300", "2011-03-31": "-53.50300", "2010-12-31": "-60.05800", "2010-09-30": "-68.70800", "2010-06-30": "-90.19400", "2010-03-31": "-92.23200", "2009-12-31": "-76.27300", "2009-09-30": "-96.69900", "2009-06-30": "-102.07400", "2009-03-31": "-106.44000", "2008-12-31": "-113.30100", "2008-09-30": "-123.68000", "2008-06-30": "-137.33100", "2008-03-31": "-102.44000", "2007-12-31": "-109.23800", "2007-09-30": "", "2007-06-30": "", "2007-03-31": ""}, "Comprehensive Income": {"2020-09-30": "-541.99600", "2020-06-30": "-581.48400", "2020-03-31": "-642.14200", "2019-12-31": "-483.84500", "2019-09-30": "-949.15000", "2019-06-30": "-819.24800", "2019-03-31": "-798.86400", "2018-12-31": "-780.17700", "2018-09-30": "-735.89400", "2018-06-30": "-698.68000", "2018-03-31": "-508.07700", "2017-12-31": "-574.37200", "2017-09-30": "-753.77200", "2017-06-30": "-839.09200", "2017-03-31": "-931.40200", "2016-12-31": "-988.34500", "2016-09-30": "-867.61000", "2016-06-30": "-844.61500", "2016-03-31": "-718.34200", "2015-12-31": "-686.71500", "2015-09-30": "-629.43500", "2015-06-30": "-491.21700", "2015-03-31": "-604.03300", "2014-12-31": "-443.69100", "2014-09-30": "-177.91100", "2014-06-30": "4.07000", "2014-03-31": "-47.30400", "2013-12-31": "-46.60000", "2013-09-30": "-180.95000", "2013-06-30": "-299.46700", "2013-03-31": "-264.44400", "2012-12-31": "-146.59400", "2012-09-30": "-81.14100", "2012-06-30": "-147.10700", "2012-03-31": "-53.21500", "2011-12-31": "-170.79300", "2011-09-30": "-128.13800", "2011-06-30": "-114.32100", "2011-03-31": "-118.50000", "2010-12-31": "-130.51500", "2010-09-30": "-110.81200", "2010-06-30": "-130.57800", "2010-03-31": "-118.40000", "2009-12-31": "-109.79700", "2009-09-30": "-108.94800", "2009-06-30": "-116.03200", "2009-03-31": "-125.83500", "2008-12-31": "-120.07000", "2008-09-30": "-44.22000", "2008-06-30": "-35.19700", "2008-03-31": "", "2007-12-31": "-39.39400", "2007-09-30": "", "2007-06-30": "", "2007-03-31": ""}, "Other Share Holders Equity": {"2020-09-30": "", "2020-06-30": "", "2020-03-31": "", "2019-12-31": "", "2019-09-30": "", "2019-06-30": "", "2019-03-31": "", "2018-12-31": "", "2018-09-30": "", "2018-06-30": "", "2018-03-31": "", "2017-12-31": "", "2017-09-30": "", "2017-06-30": "", "2017-03-31": "", "2016-12-31": "", "2016-09-30": "", "2016-06-30": "", "2016-03-31": "", "2015-12-31": "", "2015-09-30": "", "2015-06-30": "", "2015-03-31": "", "2014-12-31": "", "2014-09-30": "", "2014-06-30": "", "2014-03-31": "", "2013-12-31": "", "2013-09-30": "", "2013-06-30": "", "2013-03-31": "", "2012-12-31": "", "2012-09-30": "", "2012-06-30": "", "2012-03-31": "", "2011-12-31": "", "2011-09-30": "", "2011-06-30": "", "2011-03-31": "", "2010-12-31": "", "2010-09-30": "", "2010-06-30": "", "2010-03-31": "", "2009-12-31": "", "2009-09-30": "", "2009-06-30": "", "2009-03-31": "", "2008-12-31": "", "2008-09-30": "", "2008-06-30": "", "2008-03-31": "-35.06600", "2007-12-31": "", "2007-09-30": "", "2007-06-30": "", "2007-03-31": ""}, "Share Holder Equity": {"2020-09-30": "3457.46900", "2020-06-30": "3395.57600", "2020-03-31": "3337.76400", "2019-12-31": "3489.62800", "2019-09-30": "3132.93800", "2019-06-30": "3256.34900", "2019-03-31": "3741.71600", "2018-12-31": "3476.94600", "2018-09-30": "3478.32200", "2018-06-30": "3537.44000", "2018-03-31": "3841.24400", "2017-12-31": "3727.26400", "2017-09-30": "3513.79800", "2017-06-30": "3372.40700", "2017-03-31": "3211.43200", "2016-12-31": "3093.34400", "2016-09-30": "3168.65900", "2016-06-30": "3158.03700", "2016-03-31": "3239.20000", "2015-12-31": "3256.55600", "2015-09-30": "3304.03100", "2015-06-30": "3428.64000", "2015-03-31": "3248.61600", "2014-12-31": "3352.44400", "2014-09-30": "3537.09500", "2014-06-30": "3649.40600", "2014-03-31": "3396.72300", "2013-12-31": "2741.12300", "2013-09-30": "2570.03000", "2013-06-30": "2404.06600", "2013-03-31": "2064.32000", "2012-12-31": "2156.28600", "2012-09-30": "2179.69700", "2012-06-30": "2103.94500", "2012-03-31": "2219.67800", "2011-12-31": "189.27500", "2011-09-30": "245.49600", "2011-06-30": "254.29600", "2011-03-31": "237.78200", "2010-12-31": "216.37100", "2010-09-30": "226.05100", "2010-06-30": "184.58500", "2010-03-31": "193.22700", "2009-12-31": "216.82500", "2009-09-30": "196.62500", "2009-06-30": "183.43400", "2009-03-31": "168.58600", "2008-12-31": "166.93100", "2008-09-30": "237.61700", "2008-06-30": "232.49000", "2008-03-31": "64.17700", "2007-12-31": "53.05100", "2007-09-30": "", "2007-06-30": "", "2007-03-31": ""}, "Total Liabilities And Share Holders Equity": {"2020-09-30": "7154.23400", "2020-06-30": "7122.52500", "2020-03-31": "7455.57200", "2019-12-31": "7386.83200", "2019-09-30": "9591.27200", "2019-06-30": "9899.25300", "2019-03-31": "10502.41000", "2018-12-31": "6615.95800", "2018-09-30": "6446.22900", "2018-06-30": "6462.70300", "2018-03-31": "6879.21400", "2017-12-31": "6709.69700", "2017-09-30": "6838.31600", "2017-06-30": "6730.27900", "2017-03-31": "6429.74500", "2016-12-31": "6338.44000", "2016-09-30": "6542.39200", "2016-06-30": "6576.16000", "2016-03-31": "6723.74800", "2015-12-31": "6732.91900", "2015-09-30": "7039.89600", "2015-06-30": "7010.01700", "2015-03-31": "6945.23200", "2014-12-31": "7211.51700", "2014-09-30": "7529.31500", "2014-06-30": "7927.83300", "2014-03-31": "6771.22400", "2013-12-31": "6601.18400", "2013-09-30": "6333.88800", "2013-06-30": "6094.40000", "2013-03-31": "5846.32100", "2012-12-31": "6148.28700", "2012-09-30": "6055.72400", "2012-06-30": "6004.86800", "2012-03-31": "6130.08100", "2011-12-31": "1088.54300", "2011-09-30": "1038.88700", "2011-06-30": "1063.58500", "2011-03-31": "1062.28900", "2010-12-31": "1022.07700", "2010-09-30": "1004.20500", "2010-06-30": "965.93600", "2010-03-31": "989.26400", "2009-12-31": "1006.30100", "2009-09-30": "1025.20400", "2009-06-30": "900.10700", "2009-03-31": "889.15400", "2008-12-31": "913.07600", "2008-09-30": "939.61700", "2008-06-30": "939.37800", "2008-03-31": "914.20700", "2007-12-31": "896.54000", "2007-09-30": "", "2007-06-30": "", "2007-03-31": ""}}, "cash flow statement": {"Net Income/Loss": {"2019-12-31": "-517.14600", "2018-12-31": "154.47300", "2017-12-31": "169.50700", "2016-12-31": "145.19100", "2015-12-31": "187.17800", "2014-12-31": "420.27300", "2013-12-31": "209.14300", "2012-12-31": "-42.26400", "2011-12-31": "4.55500", "2010-12-31": "16.21500", "2009-12-31": "23.79700", "2008-12-31": "0.53100", "2007-12-31": "64.88200", "2006-12-31": "0.09400"}, "Total Depreciation And Amortization - Cash Flow": {"2019-12-31": "236.02600", "2018-12-31": "148.96300", "2017-12-31": "315.95400", "2016-12-31": "143.25800", "2015-12-31": "154.54200", "2014-12-31": "174.72400", "2013-12-31": "119.25800", "2012-12-31": "183.40300", "2011-12-31": "22.59800", "2010-12-31": "16.80700", "2009-12-31": "15.75100", "2008-12-31": "15.72200", "2007-12-31": "16.88300", "2006-12-31": "13.13600"}, "Other Non-Cash Items": {"2019-12-31": "543.52500", "2018-12-31": "-43.73700", "2017-12-31": "-234.56500", "2016-12-31": "22.09300", "2015-12-31": "3.70500", "2014-12-31": "-112.81400", "2013-12-31": "53.87300", "2012-12-31": "33.59200", "2011-12-31": "25.06700", "2010-12-31": "2.84100", "2009-12-31": "5.21800", "2008-12-31": "2.67400", "2007-12-31": "22.15100", "2006-12-31": "-5.15900"}, "Total Non-Cash Items": {"2019-12-31": "779.55100", "2018-12-31": "105.22600", "2017-12-31": "81.38900", "2016-12-31": "165.35100", "2015-12-31": "158.24700", "2014-12-31": "61.91000", "2013-12-31": "173.13100", "2012-12-31": "216.99500", "2011-12-31": "47.66500", "2010-12-31": "19.64800", "2009-12-31": "20.96900", "2008-12-31": "18.39600", "2007-12-31": "39.03400", "2006-12-31": "7.97700"}, "Change In Accounts Receivable": {"2019-12-31": "49.92400", "2018-12-31": "-72.40500", "2017-12-31": "-44.34500", "2016-12-31": "-50.95800", "2015-12-31": "64.04800", "2014-12-31": "-19.91600", "2013-12-31": "-98.91200", "2012-12-31": "-37.33800", "2011-12-31": "-5.97200", "2010-12-31": "-6.06000", "2009-12-31": "16.28000", "2008-12-31": "-20.61200", "2007-12-31": "-3.14900", "2006-12-31": "-10.00200"}, "Change In Inventories": {"2019-12-31": "-44.88700", "2018-12-31": "-47.15600", "2017-12-31": "-34.02300", "2016-12-31": "19.66500", "2015-12-31": "-0.39000", "2014-12-31": "57.84700", "2013-12-31": "79.98700", "2012-12-31": "26.69400", "2011-12-31": "10.84400", "2010-12-31": "11.59800", "2009-12-31": "10.76300", "2008-12-31": "-15.55600", "2007-12-31": "-2.27900", "2006-12-31": "-12.46600"}, "Change In Accounts Payable": {"2019-12-31": "", "2018-12-31": "", "2017-12-31": "", "2016-12-31": "", "2015-12-31": "", "2014-12-31": "", "2013-12-31": "", "2012-12-31": "", "2011-12-31": "", "2010-12-31": "", "2009-12-31": "", "2008-12-31": "", "2007-12-31": "", "2006-12-31": ""}, "Change In Assets/Liabilities": {"2019-12-31": "-17.16900", "2018-12-31": "16.14400", "2017-12-31": "35.97600", "2016-12-31": "-69.35800", "2015-12-31": "-106.23500", "2014-12-31": "-108.31800", "2013-12-31": "-130.06900", "2012-12-31": "-78.99400", "2011-12-31": "7.35900", "2010-12-31": "7.94900", "2009-12-31": "-12.20600", "2008-12-31": "-22.78400", "2007-12-31": "-32.77700", "2006-12-31": "-17.06200"}, "Total Change In Assets/Liabilities": {"2019-12-31": "-131.45700", "2018-12-31": "-33.33200", "2017-12-31": "-32.12600", "2016-12-31": "-63.56800", "2015-12-31": "-41.61200", "2014-12-31": "-96.42500", "2013-12-31": "-20.10500", "2012-12-31": "-0.71100", "2011-12-31": "4.93300", "2010-12-31": "26.10200", "2009-12-31": "-6.06200", "2008-12-31": "-51.90800", "2007-12-31": "-29.43300", "2006-12-31": "-25.42600"}, "Cash Flow From Operating Activities": {"2019-12-31": "130.94800", "2018-12-31": "226.36700", "2017-12-31": "218.77000", "2016-12-31": "246.97400", "2015-12-31": "303.81300", "2014-12-31": "385.75800", "2013-12-31": "362.16900", "2012-12-31": "174.02000", "2011-12-31": "57.15300", "2010-12-31": "61.96500", "2009-12-31": "38.70400", "2008-12-31": "-32.98100", "2007-12-31": "74.48300", "2006-12-31": "-17.35500"}, "Net Change In Property, Plant, And Equipment": {"2019-12-31": "-117.62100", "2018-12-31": "-34.81700", "2017-12-31": "-47.54100", "2016-12-31": "-56.00200", "2015-12-31": "-69.87700", "2014-12-31": "-84.45800", "2013-12-31": "-71.48200", "2012-12-31": "-83.18700", "2011-12-31": "-13.62400", "2010-12-31": "-12.45300", "2009-12-31": "-10.78700", "2008-12-31": "-18.62200", "2007-12-31": "-13.53800", "2006-12-31": "-10.07900"}, "Net Change In Intangible Assets": {"2019-12-31": "", "2018-12-31": "", "2017-12-31": "", "2016-12-31": "", "2015-12-31": "", "2014-12-31": "", "2013-12-31": "", "2012-12-31": "", "2011-12-31": "", "2010-12-31": "", "2009-12-31": "", "2008-12-31": "", "2007-12-31": "", "2006-12-31": ""}, "Net Acquisitions/Divestitures": {"2019-12-31": "-1515.13600", "2018-12-31": "-272.51400", "2017-12-31": "143.54400", "2016-12-31": "-25.99200", "2015-12-31": "-196.00700", "2014-12-31": "-948.80000", "2013-12-31": "-372.47600", "2012-12-31": "-1859.64500", "2011-12-31": "-56.34600", "2010-12-31": "-27.96000", "2009-12-31": "-1.67800", "2008-12-31": "-0.43900", "2007-12-31": "-32.98700", "2006-12-31": ""}, "Net Change In Short-term Investments": {"2019-12-31": "", "2018-12-31": "139.48000", "2017-12-31": "", "2016-12-31": "", "2015-12-31": "", "2014-12-31": "", "2013-12-31": "", "2012-12-31": "", "2011-12-31": "", "2010-12-31": "", "2009-12-31": "", "2008-12-31": "", "2007-12-31": "", "2006-12-31": ""}, "Net Change In Long-Term Investments": {"2019-12-31": "", "2018-12-31": "", "2017-12-31": "", "2016-12-31": "", "2015-12-31": "", "2014-12-31": "", "2013-12-31": "", "2012-12-31": "", "2011-12-31": "", "2010-12-31": "", "2009-12-31": "", "2008-12-31": "", "2007-12-31": "", "2006-12-31": ""}, "Net Change In Investments - Total": {"2019-12-31": "", "2018-12-31": "139.48000", "2017-12-31": "", "2016-12-31": "", "2015-12-31": "", "2014-12-31": "", "2013-12-31": "", "2012-12-31": "", "2011-12-31": "", "2010-12-31": "", "2009-12-31": "", "2008-12-31": "", "2007-12-31": "", "2006-12-31": ""}, "Investing Activities - Other": {"2019-12-31": "", "2018-12-31": "", "2017-12-31": "-6.12700", "2016-12-31": "", "2015-12-31": "18.92700", "2014-12-31": "3.11500", "2013-12-31": "-31.01200", "2012-12-31": "1.85700", "2011-12-31": "", "2010-12-31": "", "2009-12-31": "", "2008-12-31": "", "2007-12-31": "", "2006-12-31": ""}, "Cash Flow From Investing Activities": {"2019-12-31": "-1632.75700", "2018-12-31": "-167.85100", "2017-12-31": "89.87600", "2016-12-31": "-81.99400", "2015-12-31": "-246.95700", "2014-12-31": "-1030.14300", "2013-12-31": "-474.97000", "2012-12-31": "-1940.97500", "2011-12-31": "-69.97000", "2010-12-31": "-40.41300", "2009-12-31": "-12.46500", "2008-12-31": "-19.06100", "2007-12-31": "-46.52500", "2006-12-31": "-10.07900"}, "Net Long-Term Debt": {"2019-12-31": "1337.50000", "2018-12-31": "-131.25000", "2017-12-31": "308.82200", "2016-12-31": "-37.50000", "2015-12-31": "-482.87190", "2014-12-31": "134.45800", "2013-12-31": "-628.89400", "2012-12-31": "1200.10800", "2011-12-31": "-10.00000", "2010-12-31": "-8.95500", "2009-12-31": "-5.41700", "2008-12-31": "-110.58700", "2007-12-31": "42.76000", "2006-12-31": "-1.93900"}, "Net Current Debt": {"2019-12-31": "-228.71900", "2018-12-31": "289.48800", "2017-12-31": "-586.20090", "2016-12-31": "-81.28200", "2015-12-31": "393.98390", "2014-12-31": "-43.52000", "2013-12-31": "319.86700", "2012-12-31": "-40.26500", "2011-12-31": "39.02300", "2010-12-31": "", "2009-12-31": "", "2008-12-31": "0.02700", "2007-12-31": "-28.50000", "2006-12-31": "28.50000"}, "Debt Issuance/Retirement Net - Total": {"2019-12-31": "1108.78100", "2018-12-31": "158.23800", "2017-12-31": "-277.37890", "2016-12-31": "-118.78200", "2015-12-31": "-88.88810", "2014-12-31": "90.93800", "2013-12-31": "-309.02700", "2012-12-31": "1159.84300", "2011-12-31": "29.02300", "2010-12-31": "-8.95500", "2009-12-31": "-5.41700", "2008-12-31": "-110.56000", "2007-12-31": "14.26000", "2006-12-31": "26.56100"}, "Net Common Equity Issued/Repurchased": {"2019-12-31": "296.18800", "2018-12-31": "-195.30100", "2017-12-31": "6.94400", "2016-12-31": "-18.60600", "2015-12-31": "-21.31500", "2014-12-31": "613.92700", "2013-12-31": "324.15300", "2012-12-31": "756.76200", "2011-12-31": "3.71900", "2010-12-31": "0.91200", "2009-12-31": "", "2008-12-31": "187.28900", "2007-12-31": "", "2006-12-31": ""}, "Net Total Equity Issued/Repurchased": {"2019-12-31": "296.18800", "2018-12-31": "-195.30100", "2017-12-31": "6.94400", "2016-12-31": "-18.60600", "2015-12-31": "-21.31500", "2014-12-31": "594.36200", "2013-12-31": "324.15300", "2012-12-31": "756.76200", "2011-12-31": "3.71900", "2010-12-31": "0.91200", "2009-12-31": "", "2008-12-31": "187.28900", "2007-12-31": "", "2006-12-31": ""}, "Total Common And Preferred Stock Dividends Paid": {"2019-12-31": "", "2018-12-31": "", "2017-12-31": "", "2016-12-31": "", "2015-12-31": "", "2014-12-31": "-3.85300", "2013-12-31": "-20.39600", "2012-12-31": "315.52300", "2011-12-31": "", "2010-12-31": "", "2009-12-31": "", "2008-12-31": "-38.54600", "2007-12-31": "", "2006-12-31": ""}, "Financial Activities - Other": {"2019-12-31": "-35.47500", "2018-12-31": "-10.09000", "2017-12-31": "-10.01200", "2016-12-31": "-7.83000", "2015-12-31": "-21.06600", "2014-12-31": "-31.39800", "2013-12-31": "-39.78300", "2012-12-31": "-48.90000", "2011-12-31": "", "2010-12-31": "", "2009-12-31": "", "2008-12-31": "-3.34700", "2007-12-31": "-2.52300", "2006-12-31": ""}, "Cash Flow From Financial Activities": {"2019-12-31": "1369.49400", "2018-12-31": "-47.15300", "2017-12-31": "-280.44700", "2016-12-31": "-145.21800", "2015-12-31": "-131.26900", "2014-12-31": "650.04900", "2013-12-31": "-45.05300", "2012-12-31": "2183.22800", "2011-12-31": "32.74200", "2010-12-31": "-8.04300", "2009-12-31": "-5.41700", "2008-12-31": "34.83600", "2007-12-31": "11.73700", "2006-12-31": "26.56100"}, "Net Cash Flow": {"2019-12-31": "-135.38700", "2018-12-31": "-17.00000", "2017-12-31": "40.28900", "2016-12-31": "24.26100", "2015-12-31": "-107.97900", "2014-12-31": "-5.85300", "2013-12-31": "-171.14800", "2012-12-31": "407.34100", "2011-12-31": "14.56600", "2010-12-31": "10.57900", "2009-12-31": "21.20100", "2008-12-31": "-19.33100", "2007-12-31": "40.48500", "2006-12-31": "-0.21300"}, "Stock-Based Compensation": {"2019-12-31": "21.96000", "2018-12-31": "25.10300", "2017-12-31": "21.54800", "2016-12-31": "19.02000", "2015-12-31": "16.32100", "2014-12-31": "17.58000", "2013-12-31": "13.33400", "2012-12-31": "9.37300", "2011-12-31": "4.90800", "2010-12-31": "3.13700", "2009-12-31": "2.59300", "2008-12-31": "11.33000", "2007-12-31": "", "2006-12-31": ""}, "Common Stock Dividends Paid": {"2019-12-31": "", "2018-12-31": "", "2017-12-31": "", "2016-12-31": "", "2015-12-31": "", "2014-12-31": "", "2013-12-31": "", "2012-12-31": "", "2011-12-31": "", "2010-12-31": "", "2009-12-31": "", "2008-12-31": "", "2007-12-31": "", "2006-12-31": ""}}, "cash flow statement, quarterly": {"Net Income/Loss": {"2020-09-30": 14.195, "2020-06-30": -8.047, "2020-03-31": "5.50800", "2019-12-31": -15.333, "2019-09-30": 12.794, "2019-06-30": -466.605, "2019-03-31": "-48.00200", "2018-12-31": 48.45, "2018-09-30": 35.202, "2018-06-30": 41.779, "2018-03-31": "29.04200", "2017-12-31": 17.84, "2017-09-30": 51.705, "2017-06-30": 58.475, "2017-03-31": "41.48700", "2016-12-31": 42.819, "2016-09-30": 32.199, "2016-06-30": 43.963, "2016-03-31": "26.21000", "2015-12-31": 48.529, "2015-09-30": 23.545, "2015-06-30": 58.829, "2015-03-31": "56.27500", "2014-12-31": 85.789, "2014-09-30": 81.303, "2014-06-30": 198.344, "2014-03-31": "54.83700", "2013-12-31": 44.193, "2013-09-30": 65.475, "2013-06-30": 67.2, "2013-03-31": "32.27500", "2012-12-31": 25.066, "2012-09-30": 14.499, "2012-06-30": 18.632, "2012-03-31": "-100.46100", "2011-12-31": -16.08, "2011-09-30": 3.69, "2011-06-30": 10.39, "2011-03-31": "6.55500", "2010-12-31": 8.65, "2010-09-30": 5.851, "2010-06-30": 2.088, "2010-03-31": "-0.37400", "2009-12-31": 6.726, "2009-09-30": 5.844, "2009-06-30": 4.366, "2009-03-31": "6.86100", "2008-12-31": 11.481, "2008-09-30": 13.651, "2008-06-30": -31.399, "2008-03-31": "6.79800", "2007-12-31": 28.992, "2007-09-30": 25.011, "2007-06-30": 4.841, "2007-03-31": "6.03800"}, "Total Depreciation And Amortization - Cash Flow": {"2020-09-30": 61.076, "2020-06-30": 61.702, "2020-03-31": "58.33600", "2019-12-31": 45.449, "2019-09-30": 70.108, "2019-06-30": 75.637, "2019-03-31": "44.83200", "2018-12-31": 38.366, "2018-09-30": 38.639, "2018-06-30": 34.971, "2018-03-31": "36.98700", "2017-12-31": 214.111, "2017-09-30": 33.237, "2017-06-30": 36.634, "2017-03-31": "31.97200", "2016-12-31": 36.157, "2016-09-30": 33.1, "2016-06-30": 36.284, "2016-03-31": "37.71700", "2015-12-31": 43.766, "2015-09-30": 39.663, "2015-06-30": 34.187, "2015-03-31": "36.92600", "2014-12-31": 45.276, "2014-09-30": 42.694, "2014-06-30": 55.546, "2014-03-31": "31.20800", "2013-12-31": 32.634, "2013-09-30": 31.045, "2013-06-30": 25.669, "2013-03-31": "29.91000", "2012-12-31": 32.125, "2012-09-30": 46.251, "2012-06-30": 43.223, "2012-03-31": "61.80400", "2011-12-31": 4.432, "2011-09-30": 5.606, "2011-06-30": 7.033, "2011-03-31": "5.52700", "2010-12-31": 5.057, "2010-09-30": 4.102, "2010-06-30": 3.744, "2010-03-31": "3.90400", "2009-12-31": 4.004, "2009-09-30": 4.328, "2009-06-30": 3.708, "2009-03-31": "3.71100", "2008-12-31": 3.608, "2008-09-30": 3.857, "2008-06-30": 4.179, "2008-03-31": "4.07800", "2007-12-31": 4.324, "2007-09-30": 4.014, "2007-06-30": 4.767, "2007-03-31": "3.77800"}, "Other Non-Cash Items": {"2020-09-30": 1.301, "2020-06-30": -13.673, "2020-03-31": "7.84400", "2019-12-31": -18.731, "2019-09-30": 38.9, "2019-06-30": 481.49, "2019-03-31": "41.86600", "2018-12-31": -50.46, "2018-09-30": 4.675, "2018-06-30": -11.647, "2018-03-31": "13.69500", "2017-12-31": -236.935, "2017-09-30": 3.703, "2017-06-30": -6.302, "2017-03-31": "4.96900", "2016-12-31": 6.218, "2016-09-30": 3.33, "2016-06-30": 6.512, "2016-03-31": "6.03300", "2015-12-31": -18.295, "2015-09-30": 3.822, "2015-06-30": 10.219, "2015-03-31": "7.95900", "2014-12-31": 18.903, "2014-09-30": 7.555, "2014-06-30": -144.08, "2014-03-31": "4.80800", "2013-12-31": 24.281, "2013-09-30": 8.636, "2013-06-30": 13.598, "2013-03-31": "7.35800", "2012-12-31": -13.013, "2012-09-30": -3.949, "2012-06-30": 0.303, "2012-03-31": "50.25100", "2011-12-31": 18.989, "2011-09-30": 4.545, "2011-06-30": 1.067, "2011-03-31": "0.46600", "2010-12-31": 5.346, "2010-09-30": -0.322, "2010-06-30": -0.746, "2010-03-31": "-1.43700", "2009-12-31": 1.341, "2009-09-30": 3.459, "2009-06-30": 1.537, "2009-03-31": "-1.11900", "2008-12-31": 5.262, "2008-09-30": 1.371, "2008-06-30": -1.551, "2008-03-31": "-2.40800", "2007-12-31": 11.555, "2007-09-30": 11.229, "2007-06-30": -1.318, "2007-03-31": "0.68500"}, "Total Non-Cash Items": {"2020-09-30": 62.377, "2020-06-30": 48.029, "2020-03-31": "66.18000", "2019-12-31": 26.718, "2019-09-30": 109.008, "2019-06-30": 557.127, "2019-03-31": "86.69800", "2018-12-31": -12.094, "2018-09-30": 43.314, "2018-06-30": 23.324, "2018-03-31": "50.68200", "2017-12-31": -22.824, "2017-09-30": 36.94, "2017-06-30": 30.332, "2017-03-31": "36.94100", "2016-12-31": 42.375, "2016-09-30": 36.43, "2016-06-30": 42.796, "2016-03-31": "43.75000", "2015-12-31": 25.471, "2015-09-30": 43.485, "2015-06-30": 44.406, "2015-03-31": "44.88500", "2014-12-31": 64.179, "2014-09-30": 50.249, "2014-06-30": -88.534, "2014-03-31": "36.01600", "2013-12-31": 56.915, "2013-09-30": 39.681, "2013-06-30": 39.267, "2013-03-31": "37.26800", "2012-12-31": 19.112, "2012-09-30": 42.302, "2012-06-30": 43.526, "2012-03-31": "112.05500", "2011-12-31": 23.421, "2011-09-30": 10.151, "2011-06-30": 8.1, "2011-03-31": "5.99300", "2010-12-31": 10.403, "2010-09-30": 3.78, "2010-06-30": 2.998, "2010-03-31": "2.46700", "2009-12-31": 5.345, "2009-09-30": 7.787, "2009-06-30": 5.245, "2009-03-31": "2.59200", "2008-12-31": 8.87, "2008-09-30": 5.228, "2008-06-30": 2.628, "2008-03-31": "1.67000", "2007-12-31": 15.879, "2007-09-30": 15.243, "2007-06-30": 3.449, "2007-03-31": "4.46300"}, "Change In Accounts Receivable": {"2020-09-30": -44.639, "2020-06-30": 59.786, "2020-03-31": "29.44500", "2019-12-31": 20.853, "2019-09-30": 35.66, "2019-06-30": -8.465, "2019-03-31": "1.87600", "2018-12-31": -20.683, "2018-09-30": 13.464, "2018-06-30": -47.29, "2018-03-31": "-17.89600", "2017-12-31": 52.127, "2017-09-30": -37.053, "2017-06-30": -57.991, "2017-03-31": "-1.42800", "2016-12-31": -22.617, "2016-09-30": -14.534, "2016-06-30": -37.566, "2016-03-31": "23.75900", "2015-12-31": 103.02, "2015-09-30": -3.855, "2015-06-30": 0.587, "2015-03-31": "-35.70400", "2014-12-31": 18.75, "2014-09-30": 10.802, "2014-06-30": -9.634, "2014-03-31": "-39.83400", "2013-12-31": 15.819, "2013-09-30": -28.633, "2013-06-30": -20.159, "2013-03-31": "-65.93900", "2012-12-31": 32.966, "2012-09-30": 30.626, "2012-06-30": -34.458, "2012-03-31": "-66.47200", "2011-12-31": -7.772, "2011-09-30": -1.412, "2011-06-30": 3.709, "2011-03-31": "-0.49700", "2010-12-31": -6.985, "2010-09-30": -8.151, "2010-06-30": 3.13, "2010-03-31": "5.94600", "2009-12-31": 0.395, "2009-09-30": 1.277, "2009-06-30": 4.315, "2009-03-31": "10.29300", "2008-12-31": -5.773, "2008-09-30": -6.525, "2008-06-30": -7.706, "2008-03-31": "-0.60800", "2007-12-31": -5.343, "2007-09-30": -5.351, "2007-06-30": 3.057, "2007-03-31": "4.48800"}, "Change In Inventories": {"2020-09-30": 28.204, "2020-06-30": 16.783, "2020-03-31": "-16.43100", "2019-12-31": 9.369, "2019-09-30": -14.856, "2019-06-30": -3.269, "2019-03-31": "-36.13100", "2018-12-31": 9.795, "2018-09-30": -2.958, "2018-06-30": -11.557, "2018-03-31": "-42.43600", "2017-12-31": 4.47, "2017-09-30": -8.561, "2017-06-30": -11.971, "2017-03-31": "-17.96100", "2016-12-31": 16.733, "2016-09-30": 10.288, "2016-06-30": 16.888, "2016-03-31": "-24.24400", "2015-12-31": 20.577, "2015-09-30": 0.555, "2015-06-30": 12.531, "2015-03-31": "-34.05300", "2014-12-31": 52.647, "2014-09-30": 24.82, "2014-06-30": 10.271, "2014-03-31": "-29.89100", "2013-12-31": 57.495, "2013-09-30": 18.075, "2013-06-30": 23.585, "2013-03-31": "-19.16800", "2012-12-31": 54.321, "2012-09-30": 12.837, "2012-06-30": 15.598, "2012-03-31": "-56.06200", "2011-12-31": 22.073, "2011-09-30": -0.6, "2011-06-30": -2.869, "2011-03-31": "-7.76000", "2010-12-31": -0.729, "2010-09-30": 3.082, "2010-06-30": 5.559, "2010-03-31": "3.68600", "2009-12-31": 4.986, "2009-09-30": 6.43, "2009-06-30": 2.763, "2009-03-31": "-3.41600", "2008-12-31": 1.734, "2008-09-30": 2.272, "2008-06-30": -3.809, "2008-03-31": "-15.75300", "2007-12-31": 1.446, "2007-09-30": -3.141, "2007-06-30": -1.352, "2007-03-31": "0.76800"}, "Change In Accounts Payable": {"2020-09-30": 0, "2020-06-30": 0, "2020-03-31": "", "2019-12-31": 0, "2019-09-30": 0, "2019-06-30": 0, "2019-03-31": "", "2018-12-31": 0, "2018-09-30": 0, "2018-06-30": 0, "2018-03-31": "", "2017-12-31": 0, "2017-09-30": 0, "2017-06-30": 0, "2017-03-31": "", "2016-12-31": 0, "2016-09-30": 0, "2016-06-30": 0, "2016-03-31": "", "2015-12-31": 0, "2015-09-30": 0, "2015-06-30": 0, "2015-03-31": "", "2014-12-31": 0, "2014-09-30": 0, "2014-06-30": 0, "2014-03-31": "", "2013-12-31": 0, "2013-09-30": 0, "2013-06-30": 0, "2013-03-31": "", "2012-12-31": 0, "2012-09-30": 0, "2012-06-30": 0, "2012-03-31": "", "2011-12-31": 0, "2011-09-30": 0, "2011-06-30": 0, "2011-03-31": "", "2010-12-31": 0, "2010-09-30": 0, "2010-06-30": 0, "2010-03-31": "", "2009-12-31": 0, "2009-09-30": 0, "2009-06-30": 0, "2009-03-31": "", "2008-12-31": 0, "2008-09-30": 0, "2008-06-30": 0, "2008-03-31": "", "2007-12-31": 0, "2007-09-30": 0, "2007-06-30": 0, "2007-03-31": ""}, "Change In Assets/Liabilities": {"2020-09-30": 15.215, "2020-06-30": -1.538, "2020-03-31": "-59.06500", "2019-12-31": 43.997, "2019-09-30": -51.2, "2019-06-30": 21.014, "2019-03-31": "-30.98000", "2018-12-31": 36.492, "2018-09-30": -8.484, "2018-06-30": -8.651, "2018-03-31": "-3.21300", "2017-12-31": 38.892, "2017-09-30": -18.12, "2017-06-30": 25.734, "2017-03-31": "-10.53000", "2016-12-31": 4.828, "2016-09-30": 3.247, "2016-06-30": -60.586, "2016-03-31": "-16.84700", "2015-12-31": -43.177, "2015-09-30": 4.233, "2015-06-30": -14.54, "2015-03-31": "-52.75100", "2014-12-31": -93.965, "2014-09-30": 14.798, "2014-06-30": -18.437, "2014-03-31": "-10.71400", "2013-12-31": -81.146, "2013-09-30": -4.677, "2013-06-30": -25.106, "2013-03-31": "-19.14000", "2012-12-31": -67.736, "2012-09-30": -35.733, "2012-06-30": 10.073, "2012-03-31": "14.40200", "2011-12-31": 1.131, "2011-09-30": 1.429, "2011-06-30": 4.378, "2011-03-31": "0.42100", "2010-12-31": 8.755, "2010-09-30": -5.433, "2010-06-30": -2.137, "2010-03-31": "6.76400", "2009-12-31": -6.577, "2009-09-30": -10.445, "2009-06-30": -2.828, "2009-03-31": "7.64400", "2008-12-31": -19.832, "2008-09-30": 0.913, "2008-06-30": 2.322, "2008-03-31": "-6.18700", "2007-12-31": 9.44, "2007-09-30": -33.033, "2007-06-30": -5.183, "2007-03-31": "-4.00100"}, "Total Change In Assets/Liabilities": {"2020-09-30": 3.347, "2020-06-30": -2.997, "2020-03-31": "-15.45900", "2019-12-31": 53.814, "2019-09-30": -66.485, "2019-06-30": -7.802, "2019-03-31": "-110.98400", "2018-12-31": 89.203, "2018-09-30": -11.37, "2018-06-30": -28.784, "2018-03-31": "-82.38100", "2017-12-31": 109.063, "2017-09-30": -72.512, "2017-06-30": -30.654, "2017-03-31": "-38.02300", "2016-12-31": 59.926, "2016-09-30": -23.187, "2016-06-30": -45.863, "2016-03-31": "-54.44400", "2015-12-31": 77.675, "2015-09-30": 18.239, "2015-06-30": -34.316, "2015-03-31": "-103.21000", "2014-12-31": 34.268, "2014-09-30": 32.898, "2014-06-30": -5.703, "2014-03-31": "-157.88800", "2013-12-31": 74.216, "2013-09-30": -3.993, "2013-06-30": -7.371, "2013-03-31": "-82.95700", "2012-12-31": 120.504, "2012-09-30": -16.412, "2012-06-30": 16.069, "2012-03-31": "-120.87200", "2011-12-31": 8.134, "2011-09-30": -0.583, "2011-06-30": 5.218, "2011-03-31": "-7.83600", "2010-12-31": 7.612, "2010-09-30": -1.766, "2010-06-30": 6.26, "2010-03-31": "13.99600", "2009-12-31": -7.369, "2009-09-30": 2.439, "2009-06-30": -2.347, "2009-03-31": "1.21500", "2008-12-31": -22.641, "2008-09-30": 7.389, "2008-06-30": -17.092, "2008-03-31": "-19.56400", "2007-12-31": 21.355, "2007-09-30": -41.356, "2007-06-30": -0.239, "2007-03-31": "-9.19300"}, "Cash Flow From Operating Activities": {"2020-09-30": 79.919, "2020-06-30": 36.985, "2020-03-31": "56.22900", "2019-12-31": 65.199, "2019-09-30": 55.317, "2019-06-30": 82.72, "2019-03-31": "-72.28800", "2018-12-31": 125.559, "2018-09-30": 67.146, "2018-06-30": 36.319, "2018-03-31": "-2.65700", "2017-12-31": 104.079, "2017-09-30": 16.133, "2017-06-30": 58.153, "2017-03-31": "40.40500", "2016-12-31": 145.12, "2016-09-30": 45.442, "2016-06-30": 40.896, "2016-03-31": "15.51600", "2015-12-31": 151.675, "2015-09-30": 85.269, "2015-06-30": 68.919, "2015-03-31": "-2.05000", "2014-12-31": 184.236, "2014-09-30": 164.45, "2014-06-30": 104.107, "2014-03-31": "-67.03500", "2013-12-31": 175.324, "2013-09-30": 101.163, "2013-06-30": 99.096, "2013-03-31": "-13.41400", "2012-12-31": 164.682, "2012-09-30": 40.389, "2012-06-30": 78.227, "2012-03-31": "-109.27800", "2011-12-31": 15.475, "2011-09-30": 13.258, "2011-06-30": 23.708, "2011-03-31": "4.71200", "2010-12-31": 26.665, "2010-09-30": 7.865, "2010-06-30": 11.346, "2010-03-31": "16.08900", "2009-12-31": 4.702, "2009-09-30": 16.07, "2009-06-30": 7.264, "2009-03-31": "10.66800", "2008-12-31": -2.29, "2008-09-30": 26.268, "2008-06-30": -45.863, "2008-03-31": "-11.09600", "2007-12-31": 66.226, "2007-09-30": -1.102, "2007-06-30": 8.051, "2007-03-31": "1.30800"}, "Net Change In Property, Plant, And Equipment": {"2020-09-30": -31.224, "2020-06-30": -16.005, "2020-03-31": "-29.42500", "2019-12-31": -24.712, "2019-09-30": -32.209, "2019-06-30": -37.627, "2019-03-31": "-23.07300", "2018-12-31": -12.328, "2018-09-30": -12.315, "2018-06-30": -8.111, "2018-03-31": "-2.06300", "2017-12-31": -26.891, "2017-09-30": 6.105, "2017-06-30": -15.046, "2017-03-31": "-11.70900", "2016-12-31": -14.331, "2016-09-30": -16.174, "2016-06-30": -10.108, "2016-03-31": "-15.38900", "2015-12-31": -37.148, "2015-09-30": -14.411, "2015-06-30": -7.157, "2015-03-31": "-11.16100", "2014-12-31": -25.408, "2014-09-30": -16.841, "2014-06-30": -29.616, "2014-03-31": "-12.59300", "2013-12-31": -20.567, "2013-09-30": -15.272, "2013-06-30": -17.668, "2013-03-31": "-17.97500", "2012-12-31": -24.552, "2012-09-30": -17.623, "2012-06-30": -22.114, "2012-03-31": "-18.89800", "2011-12-31": -2.907, "2011-09-30": -4.34, "2011-06-30": -3.341, "2011-03-31": "-3.03600", "2010-12-31": -3.168, "2010-09-30": -3.859, "2010-06-30": -2.94, "2010-03-31": "-2.48600", "2009-12-31": -3.246, "2009-09-30": -1.727, "2009-06-30": -2.728, "2009-03-31": "-3.08600", "2008-12-31": -5.316, "2008-09-30": -4.276, "2008-06-30": -6.099, "2008-03-31": "-2.93100", "2007-12-31": -4.5, "2007-09-30": -3.449, "2007-06-30": -4.075, "2007-03-31": "-1.51400"}, "Net Change In Intangible Assets": {"2020-09-30": 0, "2020-06-30": 0, "2020-03-31": "", "2019-12-31": 0, "2019-09-30": 0, "2019-06-30": 0, "2019-03-31": "", "2018-12-31": 0, "2018-09-30": 0, "2018-06-30": 0, "2018-03-31": "", "2017-12-31": 0, "2017-09-30": 0, "2017-06-30": 0, "2017-03-31": "", "2016-12-31": 0, "2016-09-30": 0, "2016-06-30": 0, "2016-03-31": "", "2015-12-31": 0, "2015-09-30": 0, "2015-06-30": 0, "2015-03-31": "", "2014-12-31": 0, "2014-09-30": 0, "2014-06-30": 0, "2014-03-31": "", "2013-12-31": 0, "2013-09-30": 0, "2013-06-30": 0, "2013-03-31": "", "2012-12-31": 0, "2012-09-30": 0, "2012-06-30": 0, "2012-03-31": "", "2011-12-31": 0, "2011-09-30": 0, "2011-06-30": 0, "2011-03-31": "", "2010-12-31": 0, "2010-09-30": 0, "2010-06-30": 0, "2010-03-31": "", "2009-12-31": 0, "2009-09-30": 0, "2009-06-30": 0, "2009-03-31": "", "2008-12-31": 0, "2008-09-30": 0, "2008-06-30": 0, "2008-03-31": "", "2007-12-31": 0, "2007-09-30": 0, "2007-06-30": 0, "2007-03-31": ""}, "Net Acquisitions/Divestitures": {"2020-09-30": 0.071, "2020-06-30": 0.282, "2020-03-31": "-7.83000", "2019-12-31": 1621.641, "2019-09-30": 11.058, "2019-06-30": 0, "2019-03-31": "-3147.83500", "2018-12-31": -207.294, "2018-09-30": -32.911, "2018-06-30": 19.703, "2018-03-31": "-52.01200", "2017-12-31": 200.475, "2017-09-30": -6.932, "2017-06-30": -49.999, "2017-03-31": "", "2016-12-31": -25.992, "2016-09-30": 0, "2016-06-30": 0, "2016-03-31": "", "2015-12-31": -11.507, "2015-09-30": -184.5, "2015-06-30": 0, "2015-03-31": "", "2014-12-31": 0, "2014-09-30": 0, "2014-06-30": -948.8, "2014-03-31": "", "2013-12-31": -358.754, "2013-09-30": -13.722, "2013-06-30": 0, "2013-03-31": "", "2012-12-31": -167.663, "2012-09-30": -30.332, "2012-06-30": -7.894, "2012-03-31": "-1653.75600", "2011-12-31": -34.047, "2011-09-30": 0, "2011-06-30": 0, "2011-03-31": "-22.29900", "2010-12-31": -0.949, "2010-09-30": -27.011, "2010-06-30": 0, "2010-03-31": "", "2009-12-31": -0.418, "2009-09-30": -1.26, "2009-06-30": 0, "2009-03-31": "", "2008-12-31": -0.439, "2008-09-30": 0, "2008-06-30": 0, "2008-03-31": "", "2007-12-31": -3.311, "2007-09-30": -1.176, "2007-06-30": 0, "2007-03-31": "-28.50000"}, "Net Change In Short-term Investments": {"2020-09-30": 0, "2020-06-30": 0, "2020-03-31": "", "2019-12-31": 0, "2019-09-30": 0, "2019-06-30": 0, "2019-03-31": "", "2018-12-31": 0, "2018-09-30": 0, "2018-06-30": 139.48, "2018-03-31": "", "2017-12-31": 0, "2017-09-30": 0, "2017-06-30": 0, "2017-03-31": "", "2016-12-31": 0, "2016-09-30": 0, "2016-06-30": 0, "2016-03-31": "", "2015-12-31": 0, "2015-09-30": 0, "2015-06-30": 0, "2015-03-31": "", "2014-12-31": 0, "2014-09-30": 0, "2014-06-30": 0, "2014-03-31": "", "2013-12-31": 0, "2013-09-30": 0, "2013-06-30": 0, "2013-03-31": "", "2012-12-31": 0, "2012-09-30": 0, "2012-06-30": 0, "2012-03-31": "", "2011-12-31": 0, "2011-09-30": 0, "2011-06-30": 0, "2011-03-31": "", "2010-12-31": 0, "2010-09-30": 0, "2010-06-30": 0, "2010-03-31": "", "2009-12-31": 0, "2009-09-30": 0, "2009-06-30": 0, "2009-03-31": "", "2008-12-31": 0, "2008-09-30": 0, "2008-06-30": 0, "2008-03-31": "", "2007-12-31": 0, "2007-09-30": 0, "2007-06-30": 0, "2007-03-31": ""}, "Net Change In Long-Term Investments": {"2020-09-30": 0, "2020-06-30": 0, "2020-03-31": "", "2019-12-31": 0, "2019-09-30": 0, "2019-06-30": 0, "2019-03-31": "", "2018-12-31": 0, "2018-09-30": 0, "2018-06-30": 0, "2018-03-31": "", "2017-12-31": 0, "2017-09-30": -16.106, "2017-06-30": 16.106, "2017-03-31": "", "2016-12-31": 0, "2016-09-30": 0, "2016-06-30": 0, "2016-03-31": "", "2015-12-31": 0, "2015-09-30": 0, "2015-06-30": 0, "2015-03-31": "", "2014-12-31": 0, "2014-09-30": 0, "2014-06-30": 0, "2014-03-31": "", "2013-12-31": 0, "2013-09-30": 0, "2013-06-30": 0, "2013-03-31": "", "2012-12-31": 0, "2012-09-30": 0, "2012-06-30": 0, "2012-03-31": "", "2011-12-31": 0, "2011-09-30": 0, "2011-06-30": 0, "2011-03-31": "", "2010-12-31": 0, "2010-09-30": 0, "2010-06-30": 0, "2010-03-31": "", "2009-12-31": 0, "2009-09-30": 0, "2009-06-30": 0, "2009-03-31": "", "2008-12-31": 0, "2008-09-30": 0, "2008-06-30": 0, "2008-03-31": "", "2007-12-31": 0, "2007-09-30": 0, "2007-06-30": 0, "2007-03-31": ""}, "Net Change In Investments - Total": {"2020-09-30": 0, "2020-06-30": 0, "2020-03-31": "", "2019-12-31": 0, "2019-09-30": 0, "2019-06-30": 0, "2019-03-31": "", "2018-12-31": 0, "2018-09-30": 0, "2018-06-30": 139.48, "2018-03-31": "", "2017-12-31": 0, "2017-09-30": -16.106, "2017-06-30": 16.106, "2017-03-31": "", "2016-12-31": 0, "2016-09-30": 0, "2016-06-30": 0, "2016-03-31": "", "2015-12-31": 0, "2015-09-30": 0, "2015-06-30": 0, "2015-03-31": "", "2014-12-31": 0, "2014-09-30": 0, "2014-06-30": 0, "2014-03-31": "", "2013-12-31": 0, "2013-09-30": 0, "2013-06-30": 0, "2013-03-31": "", "2012-12-31": 0, "2012-09-30": 0, "2012-06-30": 0, "2012-03-31": "", "2011-12-31": 0, "2011-09-30": 0, "2011-06-30": 0, "2011-03-31": "", "2010-12-31": 0, "2010-09-30": 0, "2010-06-30": 0, "2010-03-31": "", "2009-12-31": 0, "2009-09-30": 0, "2009-06-30": 0, "2009-03-31": "", "2008-12-31": 0, "2008-09-30": 0, "2008-06-30": 0, "2008-03-31": "", "2007-12-31": 0, "2007-09-30": 0, "2007-06-30": 0, "2007-03-31": ""}, "Investing Activities - Other": {"2020-09-30": 0, "2020-06-30": 0, "2020-03-31": "", "2019-12-31": 0, "2019-09-30": 0, "2019-06-30": 0, "2019-03-31": "", "2018-12-31": 0, "2018-09-30": 0, "2018-06-30": 0, "2018-03-31": "", "2017-12-31": -6.127, "2017-09-30": 0, "2017-06-30": 0, "2017-03-31": "", "2016-12-31": 0, "2016-09-30": 0, "2016-06-30": 0, "2016-03-31": "", "2015-12-31": 18.927, "2015-09-30": 0, "2015-06-30": 0, "2015-03-31": "", "2014-12-31": 3.115, "2014-09-30": 0, "2014-06-30": 0, "2014-03-31": "", "2013-12-31": -31.012, "2013-09-30": 0, "2013-06-30": 0, "2013-03-31": "", "2012-12-31": 1.857, "2012-09-30": 0, "2012-06-30": 0, "2012-03-31": "", "2011-12-31": 0, "2011-09-30": 0, "2011-06-30": 0, "2011-03-31": "", "2010-12-31": 0, "2010-09-30": 0, "2010-06-30": 0, "2010-03-31": "", "2009-12-31": 0, "2009-09-30": 0, "2009-06-30": 0, "2009-03-31": "", "2008-12-31": 0, "2008-09-30": 0, "2008-06-30": 0, "2008-03-31": "", "2007-12-31": 0, "2007-09-30": 0, "2007-06-30": 0, "2007-03-31": ""}, "Cash Flow From Investing Activities": {"2020-09-30": -31.153, "2020-06-30": -15.723, "2020-03-31": "-37.25500", "2019-12-31": 1596.929, "2019-09-30": -21.151, "2019-06-30": -37.627, "2019-03-31": "-3170.90800", "2018-12-31": -219.622, "2018-09-30": -45.226, "2018-06-30": 151.072, "2018-03-31": "-54.07500", "2017-12-31": 167.457, "2017-09-30": -16.933, "2017-06-30": -48.939, "2017-03-31": "-11.70900", "2016-12-31": -40.323, "2016-09-30": -16.174, "2016-06-30": -10.108, "2016-03-31": "-15.38900", "2015-12-31": -29.728, "2015-09-30": -198.911, "2015-06-30": -7.157, "2015-03-31": "-11.16100", "2014-12-31": -22.293, "2014-09-30": -16.841, "2014-06-30": -978.416, "2014-03-31": "-12.59300", "2013-12-31": -410.333, "2013-09-30": -28.994, "2013-06-30": -17.668, "2013-03-31": "-17.97500", "2012-12-31": -190.358, "2012-09-30": -47.955, "2012-06-30": -30.008, "2012-03-31": "-1672.65400", "2011-12-31": -36.954, "2011-09-30": -4.34, "2011-06-30": -3.341, "2011-03-31": "-25.33500", "2010-12-31": -4.117, "2010-09-30": -30.87, "2010-06-30": -2.94, "2010-03-31": "-2.48600", "2009-12-31": -3.664, "2009-09-30": -2.987, "2009-06-30": -2.728, "2009-03-31": "-3.08600", "2008-12-31": -5.755, "2008-09-30": -4.276, "2008-06-30": -6.099, "2008-03-31": "-2.93100", "2007-12-31": -7.811, "2007-09-30": -4.625, "2007-06-30": -4.075, "2007-03-31": "-30.01400"}, "Net Long-Term Debt": {"2020-09-30": -40, "2020-06-30": 0, "2020-03-31": "", "2019-12-31": -854.063, "2019-09-30": -15.312, "2019-06-30": -15.312, "2019-03-31": "2222.18700", "2018-12-31": -37.5, "2018-09-30": -37.5, "2018-06-30": -37.5, "2018-03-31": "-18.75000", "2017-12-31": -18.75, "2017-09-30": -18.753, "2017-06-30": 355.7, "2017-03-31": "-9.37500", "2016-12-31": -9.375, "2016-09-30": -9.375, "2016-06-30": -9.375, "2016-03-31": "-9.37500", "2015-12-31": -9.375, "2015-09-30": -9.375, "2015-06-30": -448.9809, "2015-03-31": "-15.14100", "2014-12-31": -15.542, "2014-09-30": 0, "2014-06-30": 150, "2014-03-31": "", "2013-12-31": -405.06, "2013-09-30": 0, "2013-06-30": -14.062, "2013-03-31": "-209.77200", "2012-12-31": -10.316, "2012-09-30": -2.25, "2012-06-30": -28.5, "2012-03-31": "1241.17400", "2011-12-31": -2.5, "2011-09-30": -2.5, "2011-06-30": -2.5, "2011-03-31": "-2.50000", "2010-12-31": -2.502, "2010-09-30": -2.498, "2010-06-30": -2.649, "2010-03-31": "-1.30600", "2009-12-31": -1.22, "2009-09-30": -1.334, "2009-06-30": -1.349, "2009-03-31": "-1.51400", "2008-12-31": -2.612, "2008-09-30": -1.26, "2008-06-30": -106.592, "2008-03-31": "-0.12300", "2007-12-31": -10.455, "2007-09-30": -0.598, "2007-06-30": -0.605, "2007-03-31": "54.41800"}, "Net Current Debt": {"2020-09-30": -8.3051, "2020-06-30": -307.502, "2020-03-31": "244.27000", "2019-12-31": -872.6179, "2019-09-30": -66.2301, "2019-06-30": -46.5609, "2019-03-31": "756.68990", "2018-12-31": 100.289, "2018-09-30": 107.042, "2018-06-30": 7.871, "2018-03-31": "74.28600", "2017-12-31": -268.8979, "2017-09-30": 18.913, "2017-06-30": -298.552, "2017-03-31": "-37.66400", "2016-12-31": -64.494, "2016-09-30": -14.059, "2016-06-30": -26.073, "2016-03-31": "23.34400", "2015-12-31": -99.1161, "2015-09-30": 163.833, "2015-06-30": 383.477, "2015-03-31": "-54.21000", "2014-12-31": -113.106, "2014-09-30": -167.402, "2014-06-30": 574.027, "2014-03-31": "-337.03900", "2013-12-31": 329.572, "2013-09-30": -2.108, "2013-06-30": -17.033, "2013-03-31": "9.43600", "2012-12-31": -0.777, "2012-09-30": -1.259, "2012-06-30": 0.789, "2012-03-31": "-39.01800", "2011-12-31": 39.023, "2011-09-30": -3, "2011-06-30": -0.8, "2011-03-31": "3.80000", "2010-12-31": 0, "2010-09-30": 0, "2010-06-30": 0, "2010-03-31": "", "2009-12-31": 0, "2009-09-30": 0, "2009-06-30": 0, "2009-03-31": "", "2008-12-31": 0, "2008-09-30": 0, "2008-06-30": 0.027, "2008-03-31": "", "2007-12-31": -11.5, "2007-09-30": 10.5, "2007-06-30": -9.5, "2007-03-31": "-18.00000"}, "Debt Issuance/Retirement Net - Total": {"2020-09-30": -48.305, "2020-06-30": -307.502, "2020-03-31": "244.27000", "2019-12-31": -1726.681, "2019-09-30": -81.542, "2019-06-30": -61.873, "2019-03-31": "2978.87700", "2018-12-31": 62.789, "2018-09-30": 69.542, "2018-06-30": -29.629, "2018-03-31": "55.53600", "2017-12-31": -287.6479, "2017-09-30": 0.16, "2017-06-30": 57.148, "2017-03-31": "-47.03900", "2016-12-31": -73.869, "2016-09-30": -23.434, "2016-06-30": -35.448, "2016-03-31": "13.96900", "2015-12-31": -108.4912, "2015-09-30": 154.458, "2015-06-30": -65.5039, "2015-03-31": "-69.35100", "2014-12-31": -128.648, "2014-09-30": -167.402, "2014-06-30": 724.027, "2014-03-31": "-337.03900", "2013-12-31": -75.488, "2013-09-30": -2.108, "2013-06-30": -31.095, "2013-03-31": "-200.33600", "2012-12-31": -11.093, "2012-09-30": -3.509, "2012-06-30": -27.711, "2012-03-31": "1202.15600", "2011-12-31": 36.523, "2011-09-30": -5.5, "2011-06-30": -3.3, "2011-03-31": "1.30000", "2010-12-31": -2.502, "2010-09-30": -2.498, "2010-06-30": -2.649, "2010-03-31": "-1.30600", "2009-12-31": -1.22, "2009-09-30": -1.334, "2009-06-30": -1.349, "2009-03-31": "-1.51400", "2008-12-31": -2.612, "2008-09-30": -1.26, "2008-06-30": -106.565, "2008-03-31": "-0.12300", "2007-12-31": -21.955, "2007-09-30": 9.902, "2007-06-30": -10.105, "2007-03-31": "36.41800"}, "Net Common Equity Issued/Repurchased": {"2020-09-30": 0.68, "2020-06-30": 0.03, "2020-03-31": "2.22000", "2019-12-31": 6.674, "2019-09-30": 0.799, "2019-06-30": 1.183, "2019-03-31": "287.53200", "2018-12-31": 0.051, "2018-09-30": -54.54, "2018-06-30": -143.377, "2018-03-31": "2.56500", "2017-12-31": 2.186, "2017-09-30": 1.624, "2017-06-30": 0.89, "2017-03-31": "2.24400", "2016-12-31": 1.793, "2016-09-30": 0, "2016-06-30": 0.083, "2016-03-31": "-20.48200", "2015-12-31": -24.431, "2015-09-30": 0.129, "2015-06-30": 2.298, "2015-03-31": "0.68900", "2014-12-31": 0.945, "2014-09-30": 0.319, "2014-06-30": 0.915, "2014-03-31": "611.74800", "2013-12-31": 0.864, "2013-09-30": 0.477, "2013-06-30": 322.027, "2013-03-31": "0.78500", "2012-12-31": 1.649, "2012-09-30": 1.127, "2012-06-30": 0.751, "2012-03-31": "753.23500", "2011-12-31": 1.524, "2011-09-30": 0.424, "2011-06-30": 0.646, "2011-03-31": "1.12500", "2010-12-31": 0.108, "2010-09-30": 0.063, "2010-06-30": 0.715, "2010-03-31": "0.02600", "2009-12-31": 0, "2009-09-30": 0, "2009-06-30": 0, "2009-03-31": "", "2008-12-31": -5.731, "2008-09-30": 0, "2008-06-30": 193.02, "2008-03-31": "", "2007-12-31": 0, "2007-09-30": 0, "2007-06-30": 0, "2007-03-31": ""}, "Net Total Equity Issued/Repurchased": {"2020-09-30": 0.68, "2020-06-30": 0.03, "2020-03-31": "2.22000", "2019-12-31": 6.674, "2019-09-30": 0.799, "2019-06-30": 1.183, "2019-03-31": "287.53200", "2018-12-31": 0.051, "2018-09-30": -54.54, "2018-06-30": -143.377, "2018-03-31": "2.56500", "2017-12-31": 2.186, "2017-09-30": 1.624, "2017-06-30": 0.89, "2017-03-31": "2.24400", "2016-12-31": 1.793, "2016-09-30": 0, "2016-06-30": 0.083, "2016-03-31": "-20.48200", "2015-12-31": -24.431, "2015-09-30": 0.129, "2015-06-30": 2.298, "2015-03-31": "0.68900", "2014-12-31": 0.945, "2014-09-30": 0.319, "2014-06-30": 0.915, "2014-03-31": "592.18300", "2013-12-31": 0.864, "2013-09-30": 0.477, "2013-06-30": 322.027, "2013-03-31": "0.78500", "2012-12-31": 1.649, "2012-09-30": 1.127, "2012-06-30": 0.751, "2012-03-31": "753.23500", "2011-12-31": 1.524, "2011-09-30": 0.424, "2011-06-30": 0.646, "2011-03-31": "1.12500", "2010-12-31": 0.108, "2010-09-30": 0.063, "2010-06-30": 0.715, "2010-03-31": "0.02600", "2009-12-31": 0, "2009-09-30": 0, "2009-06-30": 0, "2009-03-31": "", "2008-12-31": -5.731, "2008-09-30": 0, "2008-06-30": 193.02, "2008-03-31": "", "2007-12-31": 0, "2007-09-30": 0, "2007-06-30": 0, "2007-03-31": ""}, "Total Common And Preferred Stock Dividends Paid": {"2020-09-30": 0, "2020-06-30": 0, "2020-03-31": "", "2019-12-31": 0, "2019-09-30": 0, "2019-06-30": 0, "2019-03-31": "", "2018-12-31": 0, "2018-09-30": 0, "2018-06-30": 0, "2018-03-31": "", "2017-12-31": 0, "2017-09-30": 0, "2017-06-30": 0, "2017-03-31": "", "2016-12-31": 0, "2016-09-30": 0, "2016-06-30": 0, "2016-03-31": "", "2015-12-31": 0, "2015-09-30": 0, "2015-06-30": 0, "2015-03-31": "", "2014-12-31": 0, "2014-09-30": 0, "2014-06-30": 0, "2014-03-31": "-3.85300", "2013-12-31": -5.086, "2013-09-30": -5.142, "2013-06-30": -5.142, "2013-03-31": "-5.02600", "2012-12-31": -5.072, "2012-09-30": -5.128, "2012-06-30": -5.244, "2012-03-31": "330.96700", "2011-12-31": 0, "2011-09-30": 0, "2011-06-30": 0, "2011-03-31": "", "2010-12-31": 0, "2010-09-30": 0, "2010-06-30": 0, "2010-03-31": "", "2009-12-31": 0, "2009-09-30": 0, "2009-06-30": 0, "2009-03-31": "", "2008-12-31": 0, "2008-09-30": 0, "2008-06-30": -38.546, "2008-03-31": "", "2007-12-31": 0, "2007-09-30": 0, "2007-06-30": 0, "2007-03-31": ""}, "Financial Activities - Other": {"2020-09-30": -0.54, "2020-06-30": -15.078, "2020-03-31": "-1.35300", "2019-12-31": -1.393, "2019-09-30": -7.385, "2019-06-30": 0.686, "2019-03-31": "-27.38300", "2018-12-31": -9.052, "2018-09-30": -0.2, "2018-06-30": -0.148, "2018-03-31": "-0.69000", "2017-12-31": -1.161, "2017-09-30": -0.522, "2017-06-30": -5.839, "2017-03-31": "-2.49000", "2016-12-31": 0, "2016-09-30": -2.552, "2016-06-30": -6.504, "2016-03-31": "1.22600", "2015-12-31": -11.27, "2015-09-30": -6.171, "2015-06-30": -1.115, "2015-03-31": "-2.51000", "2014-12-31": -9.148, "2014-09-30": -12.474, "2014-06-30": -5.608, "2014-03-31": "-4.16800", "2013-12-31": -9.717, "2013-09-30": -18.895, "2013-06-30": -5.115, "2013-03-31": "-6.05600", "2012-12-31": -1.598, "2012-09-30": -8.415, "2012-06-30": -34.274, "2012-03-31": "-4.61300", "2011-12-31": 0, "2011-09-30": 0, "2011-06-30": 0, "2011-03-31": "", "2010-12-31": 0, "2010-09-30": 0, "2010-06-30": 0, "2010-03-31": "", "2009-12-31": 0, "2009-09-30": 0, "2009-06-30": 0, "2009-03-31": "", "2008-12-31": -0.098, "2008-09-30": -0.386, "2008-06-30": -1.718, "2008-03-31": "-1.14500", "2007-12-31": -2.523, "2007-09-30": 0.358, "2007-06-30": 0, "2007-03-31": "-0.35800"}, "Cash Flow From Financial Activities": {"2020-09-30": -48.165, "2020-06-30": -322.55, "2020-03-31": "245.13700", "2019-12-31": -1721.4, "2019-09-30": -88.128, "2019-06-30": -60.004, "2019-03-31": "3239.02600", "2018-12-31": 53.788, "2018-09-30": 14.802, "2018-06-30": -173.154, "2018-03-31": "57.41100", "2017-12-31": -286.623, "2017-09-30": 1.262, "2017-06-30": 52.199, "2017-03-31": "-47.28500", "2016-12-31": -72.076, "2016-09-30": -25.986, "2016-06-30": -41.869, "2016-03-31": "-5.28700", "2015-12-31": -144.192, "2015-09-30": 148.416, "2015-06-30": -64.321, "2015-03-31": "-71.17200", "2014-12-31": -136.851, "2014-09-30": -179.557, "2014-06-30": 719.334, "2014-03-31": "247.12300", "2013-12-31": -89.427, "2013-09-30": -25.668, "2013-06-30": 280.675, "2013-03-31": "-210.63300", "2012-12-31": -16.114, "2012-09-30": -15.925, "2012-06-30": -66.478, "2012-03-31": "2281.74500", "2011-12-31": 38.047, "2011-09-30": -5.076, "2011-06-30": -2.654, "2011-03-31": "2.42500", "2010-12-31": -2.394, "2010-09-30": -2.435, "2010-06-30": -1.934, "2010-03-31": "-1.28000", "2009-12-31": -1.22, "2009-09-30": -1.334, "2009-06-30": -1.349, "2009-03-31": "-1.51400", "2008-12-31": -8.441, "2008-09-30": -1.646, "2008-06-30": 46.191, "2008-03-31": "-1.26800", "2007-12-31": -24.478, "2007-09-30": 10.26, "2007-06-30": -10.105, "2007-03-31": "36.06000"}, "Net Cash Flow": {"2020-09-30": 0.027, "2020-06-30": -299.208, "2020-03-31": "255.97200", "2019-12-31": -57.128, "2019-09-30": -65.446, "2019-06-30": -10.212, "2019-03-31": "-2.60100", "2018-12-31": -40.881, "2018-09-30": 28.2, "2018-06-30": -10.646, "2018-03-31": "6.32700", "2017-12-31": -10.431, "2017-09-30": 0.225, "2017-06-30": 64.385, "2017-03-31": "-13.89000", "2016-12-31": 30.07, "2016-09-30": 6.988, "2016-06-30": -11.37, "2016-03-31": "-1.42700", "2015-12-31": -23.778, "2015-09-30": 9.037, "2015-06-30": 5.292, "2015-03-31": "-98.53000", "2014-12-31": 18.828, "2014-09-30": -47.349, "2014-06-30": -148.215, "2014-03-31": "170.88300", "2013-12-31": -327.954, "2013-09-30": 51.318, "2013-06-30": 353.112, "2013-03-31": "-247.62400", "2012-12-31": -34.894, "2012-09-30": -21.613, "2012-06-30": -40.974, "2012-03-31": "504.82200", "2011-12-31": 10.661, "2011-09-30": 0.232, "2011-06-30": 18.755, "2011-03-31": "-15.08200", "2010-12-31": 17.764, "2010-09-30": -20.196, "2010-06-30": 2.759, "2010-03-31": "10.25200", "2009-12-31": -0.87, "2009-09-30": 12.786, "2009-06-30": 3.676, "2009-03-31": "5.60900", "2008-12-31": -19.167, "2008-09-30": 20.796, "2008-06-30": -6.12, "2008-03-31": "-14.84000", "2007-12-31": 34.206, "2007-09-30": 5.781, "2007-06-30": -7.96, "2007-03-31": "8.45800"}, "Stock-Based Compensation": {"2020-09-30": 6.957, "2020-06-30": 8.561, "2020-03-31": "6.12400", "2019-12-31": 4.955, "2019-09-30": 5.836, "2019-06-30": 5.931, "2019-03-31": "5.23800", "2018-12-31": 6.236, "2018-09-30": 6.032, "2018-06-30": 7.24, "2018-03-31": "5.59500", "2017-12-31": 5.915, "2017-09-30": 3.702, "2017-06-30": 6.132, "2017-03-31": "5.79900", "2016-12-31": 5.1, "2016-09-30": 2.953, "2016-06-30": 5.857, "2016-03-31": "5.11000", "2015-12-31": 4.435, "2015-09-30": 3.17, "2015-06-30": 4.342, "2015-03-31": "4.37400", "2014-12-31": 4.499, "2014-09-30": 4.719, "2014-06-30": 4.683, "2014-03-31": "3.67900", "2013-12-31": 3.546, "2013-09-30": 3.641, "2013-06-30": 3.364, "2013-03-31": "2.78300", "2012-12-31": 2.944, "2012-09-30": 2.441, "2012-06-30": 2.793, "2012-03-31": "1.19500", "2011-12-31": 1.023, "2011-09-30": 1.058, "2011-06-30": 1.111, "2011-03-31": "1.71600", "2010-12-31": 1.265, "2010-09-30": 0.151, "2010-06-30": 0.654, "2010-03-31": "1.06700", "2009-12-31": 0.623, "2009-09-30": 0.732, "2009-06-30": 0.679, "2009-03-31": "0.55900", "2008-12-31": 0.516, "2008-09-30": 0.499, "2008-06-30": 10.315, "2008-03-31": "", "2007-12-31": 0, "2007-09-30": 0, "2007-06-30": 0, "2007-03-31": ""}, "Common Stock Dividends Paid": {"2020-09-30": 0, "2020-06-30": 0, "2020-03-31": "", "2019-12-31": 0, "2019-09-30": 0, "2019-06-30": 0, "2019-03-31": "", "2018-12-31": 0, "2018-09-30": 0, "2018-06-30": 0, "2018-03-31": "", "2017-12-31": 0, "2017-09-30": 0, "2017-06-30": 0, "2017-03-31": "", "2016-12-31": 0, "2016-09-30": 0, "2016-06-30": 0, "2016-03-31": "", "2015-12-31": 0, "2015-09-30": 0, "2015-06-30": 0, "2015-03-31": "", "2014-12-31": 0, "2014-09-30": 0, "2014-06-30": 0, "2014-03-31": "", "2013-12-31": 0, "2013-09-30": 0, "2013-06-30": 0, "2013-03-31": "", "2012-12-31": 0, "2012-09-30": 0, "2012-06-30": 0, "2012-03-31": "", "2011-12-31": 0, "2011-09-30": 0, "2011-06-30": 0, "2011-03-31": "", "2010-12-31": 0, "2010-09-30": 0, "2010-06-30": 0, "2010-03-31": "", "2009-12-31": 0, "2009-09-30": 0, "2009-06-30": 0, "2009-03-31": "", "2008-12-31": 0, "2008-09-30": 0, "2008-06-30": 0, "2008-03-31": "", "2007-12-31": 0, "2007-09-30": 0, "2007-06-30": 0, "2007-03-31": ""}}, "financial ratios": {"Current Ratio": {"2019-12-31": "1.63800", "2018-12-31": "1.63290", "2017-12-31": "1.88620", "2016-12-31": "1.64070", "2015-12-31": "1.55050", "2014-12-31": "1.62040", "2013-12-31": "1.54030", "2012-12-31": "1.80400", "2011-12-31": "1.46310", "2010-12-31": "1.67640", "2009-12-31": "1.96990", "2008-12-31": "1.91110", "2007-12-31": "1.93480", "2006-12-31": ""}, "Long-term Debt / Capital": {"2019-12-31": "0.39560", "2018-12-31": "0.25540", "2017-12-31": "0.22070", "2016-12-31": "0.29380", "2015-12-31": "0.30240", "2014-12-31": "0.31290", "2013-12-31": "0.34720", "2012-12-31": "0.43990", "2011-12-31": "0.34910", "2010-12-31": "0.25100", "2009-12-31": "0.27570", "2008-12-31": "0.35460", "2007-12-31": "0.79350", "2006-12-31": ""}, "Debt/Equity Ratio": {"2019-12-31": "0.66250", "2018-12-31": "0.34440", "2017-12-31": "0.28470", "2016-12-31": "0.41770", "2015-12-31": "0.43530", "2014-12-31": "0.45840", "2013-12-31": "0.54250", "2012-12-31": "0.80150", "2011-12-31": "0.58920", "2010-12-31": "0.38130", "2009-12-31": "0.42190", "2008-12-31": "0.58180", "2007-12-31": "3.89230", "2006-12-31": ""}, "Gross Margin": {"2019-12-31": "42.10590", "2018-12-31": "33.25800", "2017-12-31": "34.66600", "2016-12-31": "31.15060", "2015-12-31": "31.20490", "2014-12-31": "31.97870", "2013-12-31": "31.04720", "2012-12-31": "29.43710", "2011-12-31": "34.62670", "2010-12-31": "35.31600", "2009-12-31": "35.38640", "2008-12-31": "35.90730", "2007-12-31": "34.68090", "2006-12-31": "34.75520"}, "Operating Margin": {"2019-12-31": "6.11910", "2018-12-31": "6.90970", "2017-12-31": "6.99940", "2016-12-31": "7.43310", "2015-12-31": "7.73420", "2014-12-31": "8.85620", "2013-12-31": "9.65940", "2012-12-31": "3.57730", "2011-12-31": "3.73610", "2010-12-31": "6.34190", "2009-12-31": "7.54820", "2008-12-31": "2.94580", "2007-12-31": "24.34800", "2006-12-31": "4.96510"}, "EBIT Margin": {"2019-12-31": "6.11910", "2018-12-31": "6.90970", "2017-12-31": "6.99940", "2016-12-31": "7.43310", "2015-12-31": "7.73420", "2014-12-31": "8.85620", "2013-12-31": "9.65940", "2012-12-31": "3.57730", "2011-12-31": "3.73610", "2010-12-31": "6.34190", "2009-12-31": "7.54820", "2008-12-31": "2.94580", "2007-12-31": "24.34800", "2006-12-31": "4.96510"}, "EBITDA Margin": {"2019-12-31": "13.21240", "2018-12-31": "13.70210", "2017-12-31": "23.30850", "2016-12-31": "11.92990", "2015-12-31": "12.23410", "2014-12-31": "12.63440", "2013-12-31": "12.49400", "2012-12-31": "8.26330", "2011-12-31": "6.99520", "2010-12-31": "9.44280", "2009-12-31": "10.54830", "2008-12-31": "5.54510", "2007-12-31": "27.68250", "2006-12-31": "8.30250"}, "Pre-Tax Profit Margin": {"2019-12-31": "1.51750", "2018-12-31": "4.21160", "2017-12-31": "2.50660", "2016-12-31": "6.48270", "2015-12-31": "6.35110", "2014-12-31": "7.74680", "2013-12-31": "7.19710", "2012-12-31": "1.23760", "2011-12-31": "2.88250", "2010-12-31": "5.10860", "2009-12-31": "6.17460", "2008-12-31": "0.99130", "2007-12-31": "20.54670", "2006-12-31": "1.36100"}, "Net Profit Margin": {"2019-12-31": "-15.85730", "2018-12-31": "6.39260", "2017-12-31": "7.79910", "2016-12-31": "4.02140", "2015-12-31": "4.88420", "2014-12-31": "8.00490", "2013-12-31": "3.76100", "2012-12-31": "-2.12970", "2011-12-31": "0.65690", "2010-12-31": "2.99180", "2009-12-31": "4.53260", "2008-12-31": "-0.48950", "2007-12-31": "7.71590", "2006-12-31": "0.02390"}, "Asset Turnover": {"2019-12-31": "0.45050", "2018-12-31": "0.33150", "2017-12-31": "0.28870", "2016-12-31": "0.50260", "2015-12-31": "0.51010", "2014-12-31": "0.64130", "2013-12-31": "0.63730", "2012-12-31": "0.63660", "2011-12-31": "0.63700", "2010-12-31": "0.53030", "2009-12-31": "0.52170", "2008-12-31": "0.66240", "2007-12-31": "0.56470", "2006-12-31": ""}, "Inventory Turnover Ratio": {"2019-12-31": "3.37040", "2018-12-31": "4.06980", "2017-12-31": "2.94610", "2016-12-31": "6.00970", "2015-12-31": "5.62020", "2014-12-31": "7.10500", "2013-12-31": "6.54060", "2012-12-31": "5.59450", "2011-12-31": "8.07490", "2010-12-31": "6.05060", "2009-12-31": "4.76790", "2008-12-31": "4.82610", "2007-12-31": "4.84300", "2006-12-31": ""}, "Receiveable Turnover": {"2019-12-31": "5.92220", "2018-12-31": "5.67290", "2017-12-31": "1.99680", "2016-12-31": "3.79800", "2015-12-31": "3.86680", "2014-12-31": "4.49350", "2013-12-31": "4.10970", "2012-12-31": "4.48130", "2011-12-31": "5.90250", "2010-12-31": "5.52650", "2009-12-31": "5.93290", "2008-12-31": "5.98490", "2007-12-31": "5.99670", "2006-12-31": ""}, "Days Sales In Receivables": {"2019-12-31": "61.63290", "2018-12-31": "64.34080", "2017-12-31": "182.79350", "2016-12-31": "96.10300", "2015-12-31": "94.39350", "2014-12-31": "81.22860", "2013-12-31": "88.81470", "2012-12-31": "81.45020", "2011-12-31": "61.83860", "2010-12-31": "66.04500", "2009-12-31": "61.52090", "2008-12-31": "60.98720", "2007-12-31": "60.86640", "2006-12-31": ""}, "ROE - Return On Equity": {"2019-12-31": "0.54050", "2018-12-31": "3.50510", "2017-12-31": "1.23620", "2016-12-31": "5.00270", "2015-12-31": "5.43370", "2014-12-31": "12.53630", "2013-12-31": "7.62990", "2012-12-31": "-1.96010", "2011-12-31": "2.40660", "2010-12-31": "7.49410", "2009-12-31": "10.97520", "2008-12-31": "0.31810", "2007-12-31": "122.30350", "2006-12-31": ""}, "Return On Tangible Equity": {"2019-12-31": "-1.31730", "2018-12-31": "9.02210", "2017-12-31": "26.86390", "2016-12-31": "-88.93840", "2015-12-31": "-31.77740", "2014-12-31": "-74.49510", "2013-12-31": "-41.73440", "2012-12-31": "5.85700", "2011-12-31": "-8.04800", "2010-12-31": "103.05030", "2009-12-31": "57.40440", "2008-12-31": "-4.38300", "2007-12-31": "-49.04080", "2006-12-31": ""}, "ROA - Return On Assets": {"2019-12-31": "0.25540", "2018-12-31": "1.84210", "2017-12-31": "0.68670", "2016-12-31": "2.44150", "2015-12-31": "2.62810", "2014-12-31": "5.82780", "2013-12-31": "3.16830", "2012-12-31": "-0.68740", "2011-12-31": "0.41840", "2010-12-31": "1.58650", "2009-12-31": "2.36480", "2008-12-31": "0.05820", "2007-12-31": "7.23690", "2006-12-31": ""}, "ROI - Return On Investment": {"2019-12-31": "0.32670", "2018-12-31": "2.61000", "2017-12-31": "0.96340", "2016-12-31": "3.53310", "2015-12-31": "3.79050", "2014-12-31": "8.61320", "2013-12-31": "4.98110", "2012-12-31": "-1.09780", "2011-12-31": "1.56640", "2010-12-31": "5.61320", "2009-12-31": "7.94980", "2008-12-31": "0.20530", "2007-12-31": "25.25540", "2006-12-31": ""}, "Book Value Per Share": {"2019-12-31": "29.55830", "2018-12-31": "29.64780", "2017-12-31": "30.24250", "2016-12-31": "25.19420", "2015-12-31": "26.37190", "2014-12-31": "27.09460", "2013-12-31": "26.89430", "2012-12-31": "22.92290", "2011-12-31": "4.33140", "2010-12-31": "4.98390", "2009-12-31": "5.01570", "2008-12-31": "3.86320", "2007-12-31": "2.42400", "2006-12-31": ""}, "Operating Cash Flow Per Share": {"2019-12-31": -0.9158, "2018-12-31": 0.1097, "2017-12-31": -0.2404, "2016-12-31": -0.4283, "2015-12-31": -0.7118, "2014-12-31": -0.4637, "2013-12-31": 1.6977, "2012-12-31": 0.6197, "2011-12-31": -0.1279, "2010-12-31": 0.5257, "2009-12-31": 1.8034, "2008-12-31": -4.3133, "2007-12-31": 4.1962, "2006-12-31": -0.793}, "Free Cash Flow Per Share": {"2019-12-31": -1.4882, "2018-12-31": 0.2048, "2017-12-31": -0.1692, "2016-12-31": -0.3233, "2015-12-31": -0.5829, "2014-12-31": -0.44, "2013-12-31": 1.8989, "2012-12-31": 0.0141, "2011-12-31": -0.1506, "2010-12-31": 0.4896, "2009-12-31": 2.0682, "2008-12-31": -4.2086, "2007-12-31": 4.0382, "2006-12-31": -1.2535}}, "financial ratios, quarterly": {"Current Ratio": {"2020-09-30": "1.64110", "2020-06-30": "1.61900", "2020-03-31": "1.93090", "2019-12-31": "1.63800", "2019-09-30": "2.32400", "2019-06-30": "2.27490", "2019-03-31": "1.53260", "2018-12-31": "1.63290", "2018-09-30": "1.82550", "2018-06-30": "1.81240", "2018-03-31": "1.97470", "2017-12-31": "1.88620", "2017-09-30": "1.79640", "2017-06-30": "1.70780", "2017-03-31": "1.64590", "2016-12-31": "1.64070", "2016-09-30": "1.67770", "2016-06-30": "1.64270", "2016-03-31": "1.62600", "2015-12-31": "1.55050", "2015-09-30": "1.65840", "2015-06-30": "1.66640", "2015-03-31": "1.61160", "2014-12-31": "1.62040", "2014-09-30": "1.62050", "2014-06-30": "1.70100", "2014-03-31": "1.78340", "2013-12-31": "1.54030", "2013-09-30": "1.79180", "2013-06-30": "1.83110", "2013-03-31": "1.56740", "2012-12-31": "1.80400", "2012-09-30": "1.82980", "2012-06-30": "1.85620", "2012-03-31": "1.94770", "2011-12-31": "1.46310", "2011-09-30": "1.62700", "2011-06-30": "1.66870", "2011-03-31": "1.60850", "2010-12-31": "1.67640", "2010-09-30": "1.71510", "2010-06-30": "1.94770", "2010-03-31": "1.93780", "2009-12-31": "1.96990", "2009-09-30": "1.99080", "2009-06-30": "2.06470", "2009-03-31": "2.02030", "2008-12-31": "1.91110", "2008-09-30": "1.88740", "2008-06-30": "1.93790", "2008-03-31": "1.58240", "2007-12-31": "1.93480", "2007-09-30": "", "2007-06-30": "", "2007-03-31": ""}, "Long-term Debt / Capital": {"2020-09-30": "0.38800", "2020-06-30": "0.39540", "2020-03-31": "0.42950", "2019-12-31": "0.39560", "2019-09-30": "0.56090", "2019-06-30": "0.55600", "2019-03-31": "0.51900", "2018-12-31": "0.25540", "2018-09-30": "0.24610", "2018-06-30": "0.23180", "2018-03-31": "0.22610", "2017-12-31": "0.22070", "2017-09-30": "0.27530", "2017-06-30": "0.28170", "2017-03-31": "0.27940", "2016-12-31": "0.29380", "2016-09-30": "0.30320", "2016-06-30": "0.30710", "2016-03-31": "0.30780", "2015-12-31": "0.30240", "2015-09-30": "0.31680", "2015-06-30": "0.28650", "2015-03-31": "0.30540", "2014-12-31": "0.31290", "2014-09-30": "0.31260", "2014-06-30": "0.33170", "2014-03-31": "0.24590", "2013-12-31": "0.34720", "2013-09-30": "0.35090", "2013-06-30": "0.36980", "2013-03-31": "0.41190", "2012-12-31": "0.43990", "2012-09-30": "0.43220", "2012-06-30": "0.44070", "2012-03-31": "0.43310", "2011-12-31": "0.34910", "2011-09-30": "0.20930", "2011-06-30": "0.21710", "2011-03-31": "0.23690", "2010-12-31": "0.25100", "2010-09-30": "0.24910", "2010-06-30": "0.29570", "2010-03-31": "0.29280", "2009-12-31": "0.27570", "2009-09-30": "0.30240", "2009-06-30": "0.32350", "2009-03-31": "0.34860", "2008-12-31": "0.35460", "2008-09-30": "0.28130", "2008-06-30": "0.28870", "2008-03-31": "0.76170", "2007-12-31": "0.79350", "2007-09-30": "", "2007-06-30": "", "2007-03-31": ""}, "Debt/Equity Ratio": {"2020-09-30": "0.64170", "2020-06-30": "0.66190", "2020-03-31": "0.76100", "2019-12-31": "0.66250", "2019-09-30": "1.28700", "2019-06-30": "1.26450", "2019-03-31": "1.11540", "2018-12-31": "0.34440", "2018-09-30": "0.32830", "2018-06-30": "0.30350", "2018-03-31": "0.29370", "2017-12-31": "0.28470", "2017-09-30": "0.38150", "2017-06-30": "0.39390", "2017-03-31": "0.38950", "2016-12-31": "0.41770", "2016-09-30": "0.43710", "2016-06-30": "0.44500", "2016-03-31": "0.44640", "2015-12-31": "0.43530", "2015-09-30": "0.46880", "2015-06-30": "0.40360", "2015-03-31": "0.44280", "2014-12-31": "0.45840", "2014-09-30": "0.47550", "2014-06-30": "0.51300", "2014-03-31": "0.33830", "2013-12-31": "0.54250", "2013-09-30": "0.59190", "2013-06-30": "0.62640", "2013-03-31": "0.74110", "2012-12-31": "0.80150", "2012-09-30": "0.77680", "2012-06-30": "0.80360", "2012-03-31": "0.77720", "2011-12-31": "0.58920", "2011-09-30": "0.30550", "2011-06-30": "0.31660", "2011-03-31": "0.35240", "2010-12-31": "0.38130", "2010-09-30": "0.37600", "2010-06-30": "0.47400", "2010-03-31": "0.46660", "2009-12-31": "0.42190", "2009-09-30": "0.47260", "2009-06-30": "0.51370", "2009-03-31": "0.56680", "2008-12-31": "0.58180", "2008-09-30": "0.41970", "2008-06-30": "0.43500", "2008-03-31": "3.23780", "2007-12-31": "3.89230", "2007-09-30": "", "2007-06-30": "", "2007-03-31": ""}, "Gross Margin": {"2020-09-30": "42.69840", "2020-06-30": "38.86230", "2020-03-31": "42.65470", "2019-12-31": "44.55820", "2019-09-30": "43.48890", "2019-06-30": "41.38660", "2019-03-31": "38.16430", "2018-12-31": "42.04430", "2018-09-30": "32.68430", "2018-06-30": "34.22000", "2018-03-31": "30.72000", "2017-12-31": "18.45530", "2017-09-30": "31.24880", "2017-06-30": "30.43340", "2017-03-31": "32.69070", "2016-12-31": "29.47020", "2016-09-30": "31.09030", "2016-06-30": "31.45520", "2016-03-31": "31.99220", "2015-12-31": "28.99920", "2015-09-30": "30.52940", "2015-06-30": "31.99190", "2015-03-31": "32.31780", "2014-12-31": "32.48190", "2014-09-30": "32.04900", "2014-06-30": "32.36550", "2014-03-31": "30.88520", "2013-12-31": "30.50950", "2013-09-30": "31.56940", "2013-06-30": "31.45110", "2013-03-31": "30.69490", "2012-12-31": "29.93680", "2012-09-30": "30.17340", "2012-06-30": "30.11150", "2012-03-31": "27.26930", "2011-12-31": "34.61590", "2011-09-30": "35.60140", "2011-06-30": "34.63150", "2011-03-31": "33.58650", "2010-12-31": "35.74780", "2010-09-30": "35.57260", "2010-06-30": "34.95300", "2010-03-31": "34.80510", "2009-12-31": "35.89420", "2009-09-30": "35.94540", "2009-06-30": "34.48930", "2009-03-31": "35.22150", "2008-12-31": "36.25240", "2008-09-30": "35.49960", "2008-06-30": "35.17110", "2008-03-31": "36.87530", "2007-12-31": "34.24770", "2007-09-30": "35.50710", "2007-06-30": "35.16000", "2007-03-31": "33.81000"}, "Operating Margin": {"2020-09-30": "7.68440", "2020-06-30": "-0.79330", "2020-03-31": "5.73730", "2019-12-31": "10.34300", "2019-09-30": "8.01650", "2019-06-30": "4.57100", "2019-03-31": "0.34110", "2018-12-31": "3.90890", "2018-09-30": "6.68980", "2018-06-30": "8.09900", "2018-03-31": "7.05760", "2017-12-31": "14.22060", "2017-09-30": "8.85320", "2017-06-30": "8.26950", "2017-03-31": "8.20890", "2016-12-31": "9.66620", "2016-09-30": "7.65940", "2016-06-30": "7.63250", "2016-03-31": "5.52730", "2015-12-31": "8.70670", "2015-09-30": "4.70050", "2015-06-30": "9.41840", "2015-03-31": "8.50130", "2014-12-31": "8.89790", "2014-09-30": "10.20270", "2014-06-30": "7.97680", "2014-03-31": "8.32170", "2013-12-31": "10.21150", "2013-09-30": "10.13220", "2013-06-30": "10.39480", "2013-03-31": "7.63630", "2012-12-31": "5.07770", "2012-09-30": "5.41320", "2012-06-30": "5.76730", "2012-03-31": "-2.72250", "2011-12-31": "-4.25950", "2011-09-30": "3.19450", "2011-06-30": "8.94620", "2011-03-31": "7.14690", "2010-12-31": "11.73410", "2010-09-30": "6.49940", "2010-06-30": "4.00750", "2010-03-31": "1.07030", "2009-12-31": "7.53680", "2009-09-30": "7.51100", "2009-06-30": "6.42020", "2009-03-31": "8.66320", "2008-12-31": "14.34680", "2008-09-30": "13.63930", "2008-06-30": "-25.30000", "2008-03-31": "11.38380", "2007-12-31": "35.86360", "2007-09-30": "35.61240", "2007-06-30": "10.08610", "2007-03-31": "12.84330"}, "EBIT Margin": {"2020-09-30": "7.68440", "2020-06-30": "-0.79330", "2020-03-31": "5.73730", "2019-12-31": "10.34300", "2019-09-30": "8.01650", "2019-06-30": "4.57100", "2019-03-31": "0.34110", "2018-12-31": "3.90890", "2018-09-30": "6.68980", "2018-06-30": "8.09900", "2018-03-31": "7.05760", "2017-12-31": "14.22060", "2017-09-30": "8.85320", "2017-06-30": "8.26950", "2017-03-31": "8.20890", "2016-12-31": "9.66610", "2016-09-30": "7.65940", "2016-06-30": "7.63250", "2016-03-31": "5.52730", "2015-12-31": "8.70670", "2015-09-30": "4.70050", "2015-06-30": "9.41840", "2015-03-31": "8.50130", "2014-12-31": "8.89790", "2014-09-30": "10.20270", "2014-06-30": "7.97680", "2014-03-31": "8.32170", "2013-12-31": "10.21150", "2013-09-30": "10.13220", "2013-06-30": "10.39480", "2013-03-31": "7.63630", "2012-12-31": "5.07770", "2012-09-30": "5.41320", "2012-06-30": "5.76730", "2012-03-31": "-2.72250", "2011-12-31": "-4.25950", "2011-09-30": "3.19450", "2011-06-30": "8.94620", "2011-03-31": "7.14690", "2010-12-31": "11.73410", "2010-09-30": "6.49940", "2010-06-30": "4.00750", "2010-03-31": "1.07030", "2009-12-31": "7.53680", "2009-09-30": "7.51100", "2009-06-30": "6.42020", "2009-03-31": "8.66320", "2008-12-31": "14.34680", "2008-09-30": "13.63930", "2008-06-30": "-25.30000", "2008-03-31": "11.38380", "2007-12-31": "35.86360", "2007-09-30": "35.61240", "2007-06-30": "10.08610", "2007-03-31": "12.84330"}, "EBITDA Margin": {"2020-09-30": "", "2020-06-30": "", "2020-03-31": "", "2019-12-31": "", "2019-09-30": "", "2019-06-30": "", "2019-03-31": "", "2018-12-31": "", "2018-09-30": "", "2018-06-30": "", "2018-03-31": "", "2017-12-31": "", "2017-09-30": "", "2017-06-30": "", "2017-03-31": "", "2016-12-31": "", "2016-09-30": "", "2016-06-30": "", "2016-03-31": "", "2015-12-31": "", "2015-09-30": "", "2015-06-30": "", "2015-03-31": "", "2014-12-31": "", "2014-09-30": "", "2014-06-30": "", "2014-03-31": "", "2013-12-31": "", "2013-09-30": "", "2013-06-30": "", "2013-03-31": "", "2012-12-31": "", "2012-09-30": "", "2012-06-30": "", "2012-03-31": "", "2011-12-31": "", "2011-09-30": "", "2011-06-30": "", "2011-03-31": "", "2010-12-31": "", "2010-09-30": "", "2010-06-30": "", "2010-03-31": "", "2009-12-31": "", "2009-09-30": "", "2009-06-30": "", "2009-03-31": "", "2008-12-31": "", "2008-09-30": "", "2008-06-30": "", "2008-03-31": "", "2007-12-31": "", "2007-09-30": "", "2007-06-30": "", "2007-03-31": ""}, "Pre-Tax Profit Margin": {"2020-09-30": "4.51200", "2020-06-30": "-5.35250", "2020-03-31": "2.69990", "2019-12-31": "6.66400", "2019-09-30": "0.28550", "2019-06-30": "0.92040", "2019-03-31": "-2.84950", "2018-12-31": "-2.65090", "2018-09-30": "4.47400", "2018-06-30": "6.61110", "2018-03-31": "4.29830", "2017-12-31": "26.07220", "2017-09-30": "7.51180", "2017-06-30": "7.26420", "2017-03-31": "6.94750", "2016-12-31": "8.71720", "2016-09-30": "6.76030", "2016-06-30": "6.72250", "2016-03-31": "4.48720", "2015-12-31": "6.74900", "2015-09-30": "3.58030", "2015-06-30": "8.02880", "2015-03-31": "7.17940", "2014-12-31": "8.03390", "2014-09-30": "8.92020", "2014-06-30": "6.84080", "2014-03-31": "7.15300", "2013-12-31": "6.39390", "2013-09-30": "8.40380", "2013-06-30": "8.71390", "2013-03-31": "5.17750", "2012-12-31": "2.81080", "2012-09-30": "2.94510", "2012-06-30": "3.30560", "2012-03-31": "-4.86400", "2011-12-31": "-5.05370", "2011-09-30": "2.47920", "2011-06-30": "8.16340", "2011-03-31": "5.99470", "2010-12-31": "10.76860", "2010-09-30": "5.33320", "2010-06-30": "2.61040", "2010-03-31": "-0.44090", "2009-12-31": "6.20370", "2009-09-30": "6.08430", "2009-06-30": "5.03770", "2009-03-31": "7.30910", "2008-12-31": "13.00480", "2008-09-30": "12.36800", "2008-06-30": "-27.30450", "2008-03-31": "7.94180", "2007-12-31": "32.50250", "2007-09-30": "31.46430", "2007-06-30": "6.44470", "2007-03-31": "8.69920"}, "Net Profit Margin": {"2020-09-30": "1.66340", "2020-06-30": "-1.36600", "2020-03-31": "0.54890", "2019-12-31": "-1.89820", "2019-09-30": "1.23730", "2019-06-30": "-51.64100", "2019-03-31": "-7.60660", "2018-12-31": "20.19280", "2018-09-30": "5.97490", "2018-06-30": "6.85680", "2018-03-31": "2.78510", "2017-12-31": "-2.71900", "2017-09-30": "5.43070", "2017-06-30": "6.29670", "2017-03-31": "5.25360", "2016-12-31": "6.45520", "2016-09-30": "3.64900", "2016-06-30": "4.15290", "2016-03-31": "2.57910", "2015-12-31": "8.35860", "2015-09-30": "1.89440", "2015-06-30": "5.18120", "2015-03-31": "5.71370", "2014-12-31": "6.64260", "2014-09-30": "6.30240", "2014-06-30": "15.99090", "2014-03-31": "2.35950", "2013-12-31": "2.97760", "2013-09-30": "4.96650", "2013-06-30": "4.96280", "2013-03-31": "2.07550", "2012-12-31": "1.42730", "2012-09-30": "0.42140", "2012-06-30": "0.69750", "2012-03-31": "-12.33490", "2011-12-31": "-9.04430", "2011-09-30": "2.16680", "2011-06-30": "5.56360", "2011-03-31": "4.13410", "2010-12-31": "5.19050", "2010-09-30": "4.41930", "2010-06-30": "1.69800", "2010-03-31": "-0.31170", "2009-12-31": "5.37520", "2009-09-30": "4.30200", "2009-06-30": "3.37970", "2009-03-31": "5.03290", "2008-12-31": "7.20670", "2008-09-30": "8.89540", "2008-06-30": "-21.61360", "2008-03-31": "5.20320", "2007-12-31": "2.21010", "2007-09-30": "19.95120", "2007-06-30": "3.95420", "2007-03-31": "5.25890"}, "Asset Turnover": {"2020-09-30": "0.11270", "2020-06-30": "0.08710", "2020-03-31": "0.10950", "2019-12-31": "0.12030", "2019-09-30": "0.08830", "2019-06-30": "0.09180", "2019-03-31": "0.06510", "2018-12-31": "0.03440", "2018-09-30": "0.08130", "2018-06-30": "0.08680", "2018-03-31": "0.12810", "2017-12-31": "-0.07290", "2017-09-30": "0.12350", "2017-06-30": "0.12600", "2017-03-31": "0.11410", "2016-12-31": "0.09230", "2016-09-30": "0.11720", "2016-06-30": "0.14560", "2016-03-31": "0.13040", "2015-12-31": "0.07850", "2015-09-30": "0.13770", "2015-06-30": "0.14630", "2015-03-31": "0.13120", "2014-12-31": "0.16730", "2014-09-30": "0.15470", "2014-06-30": "0.15130", "2014-03-31": "0.15570", "2013-12-31": "0.17740", "2013-09-30": "0.16020", "2013-06-30": "0.17620", "2013-03-31": "0.16200", "2012-12-31": "0.16710", "2012-09-30": "0.15760", "2012-06-30": "0.17410", "2012-03-31": "0.14460", "2011-12-31": "0.16330", "2011-09-30": "0.16390", "2011-06-30": "0.17560", "2011-03-31": "0.14930", "2010-12-31": "0.16310", "2010-09-30": "0.13180", "2010-06-30": "0.12730", "2010-03-31": "0.12130", "2009-12-31": "0.13020", "2009-09-30": "0.12540", "2009-06-30": "0.14350", "2009-03-31": "0.15330", "2008-12-31": "0.17450", "2008-09-30": "0.16330", "2008-06-30": "0.17180", "2008-03-31": "0.14290", "2007-12-31": "0.16030", "2007-09-30": "", "2007-06-30": "", "2007-03-31": ""}, "Inventory Turnover Ratio": {"2020-09-30": "0.86150", "2020-06-30": "0.68130", "2020-03-31": "0.83350", "2019-12-31": "0.86170", "2019-09-30": "0.81860", "2019-06-30": "0.89540", "2019-03-31": "0.57190", "2018-12-31": "0.36620", "2018-09-30": "0.72850", "2018-06-30": "0.75270", "2018-03-31": "1.22180", "2017-12-31": "-0.92780", "2017-09-30": "1.40060", "2017-06-30": "1.29760", "2017-03-31": "1.15560", "2016-12-31": "1.13080", "2016-09-30": "1.24610", "2016-06-30": "1.51800", "2016-03-31": "1.31470", "2015-12-31": "0.89310", "2015-09-30": "1.49650", "2015-06-30": "1.55900", "2015-03-31": "1.35320", "2014-12-31": "1.83970", "2014-09-30": "1.51480", "2014-06-30": "1.42510", "2014-03-31": "1.54120", "2013-12-31": "1.83520", "2013-09-30": "1.53190", "2013-06-30": "1.57570", "2013-03-31": "1.30060", "2012-12-31": "1.45820", "2012-09-30": "1.28320", "2012-06-30": "1.37790", "2012-03-31": "1.16070", "2011-12-31": "2.07080", "2011-09-30": "1.38500", "2011-06-30": "1.55400", "2011-03-31": "1.37370", "2010-12-31": "1.84800", "2010-09-30": "1.45810", "2010-06-30": "1.41990", "2010-03-31": "1.19630", "2009-12-31": "1.18000", "2009-09-30": "1.06420", "2009-06-30": "1.03760", "2009-03-31": "1.10180", "2008-12-31": "1.26430", "2008-09-30": "1.17320", "2008-06-30": "1.15570", "2008-03-31": "0.95370", "2007-12-31": "1.38370", "2007-09-30": "", "2007-06-30": "", "2007-03-31": ""}, "Receiveable Turnover": {"2020-09-30": "1.61720", "2020-06-30": "1.37960", "2020-03-31": "1.63470", "2019-12-31": "1.58110", "2019-09-30": "1.46930", "2019-06-30": "1.47440", "2019-03-31": "0.59310", "2018-12-31": "0.58790", "2018-09-30": "0.54940", "2018-06-30": "0.56870", "2018-03-31": "0.88710", "2017-12-31": "-0.50380", "2017-09-30": "0.88230", "2017-06-30": "0.86650", "2017-03-31": "0.81390", "2016-12-31": "0.69760", "2016-09-30": "0.83110", "2016-06-30": "1.05620", "2016-03-31": "0.99450", "2015-12-31": "0.59530", "2015-09-30": "0.97850", "2015-06-30": "1.00050", "2015-03-31": "0.89770", "2014-12-31": "1.17220", "2014-09-30": "1.05910", "2014-06-30": "1.04030", "2014-03-31": "0.99090", "2013-12-31": "1.14420", "2013-09-30": "1.04090", "2013-06-30": "1.15040", "2013-03-31": "1.02210", "2012-12-31": "1.17630", "2012-09-30": "1.08110", "2012-06-30": "1.15570", "2012-03-31": "1.01440", "2011-12-31": "1.51340", "2011-09-30": "1.62510", "2011-06-30": "1.80760", "2011-03-31": "1.47890", "2010-12-31": "1.69930", "2010-09-30": "1.42990", "2010-06-30": "1.69410", "2010-03-31": "1.49890", "2009-12-31": "1.48000", "2009-09-30": "1.43460", "2009-06-30": "1.48030", "2009-03-31": "1.56940", "2008-12-31": "1.57630", "2008-09-30": "1.56320", "2008-06-30": "1.68920", "2008-03-31": "1.49030", "2007-12-31": "1.70200", "2007-09-30": "", "2007-06-30": "", "2007-03-31": ""}, "Days Sales In Receivables": {"2020-09-30": "55.65260", "2020-06-30": "65.23710", "2020-03-31": "55.05710", "2019-12-31": "56.92190", "2019-09-30": "61.25380", "2019-06-30": "61.03980", "2019-03-31": "151.73590", "2018-12-31": "153.08450", "2018-09-30": "163.82770", "2018-06-30": "158.26560", "2018-03-31": "101.45710", "2017-12-31": "-178.63030", "2017-09-30": "102.01120", "2017-06-30": "103.86610", "2017-03-31": "110.57270", "2016-12-31": "129.01470", "2016-09-30": "108.28440", "2016-06-30": "85.21320", "2016-03-31": "90.49760", "2015-12-31": "151.17350", "2015-09-30": "91.97880", "2015-06-30": "89.95090", "2015-03-31": "100.25730", "2014-12-31": "76.77960", "2014-09-30": "84.97940", "2014-06-30": "86.51650", "2014-03-31": "90.82710", "2013-12-31": "78.65600", "2013-09-30": "86.46550", "2013-06-30": "78.23490", "2013-03-31": "88.05070", "2012-12-31": "76.50830", "2012-09-30": "83.25090", "2012-06-30": "77.87330", "2012-03-31": "88.72430", "2011-12-31": "59.46730", "2011-09-30": "55.38080", "2011-06-30": "49.79020", "2011-03-31": "60.85580", "2010-12-31": "52.96280", "2010-09-30": "62.94370", "2010-06-30": "53.12630", "2010-03-31": "60.04300", "2009-12-31": "60.81020", "2009-09-30": "62.73360", "2009-06-30": "60.79680", "2009-03-31": "57.34600", "2008-12-31": "57.09440", "2008-09-30": "57.57420", "2008-06-30": "53.27990", "2008-03-31": "60.38940", "2007-12-31": "52.87780", "2007-09-30": "", "2007-06-30": "", "2007-03-31": ""}, "ROE - Return On Equity": {"2020-09-30": "0.48690", "2020-06-30": "-0.09250", "2020-03-31": "0.26570", "2019-12-31": "0.98610", "2019-09-30": "0.12030", "2019-06-30": "0.06790", "2019-03-31": "-0.57540", "2018-12-31": "0.73320", "2018-09-30": "0.47890", "2018-06-30": "1.35250", "2018-03-31": "0.82990", "2017-12-31": "-2.24830", "2017-09-30": "1.41220", "2017-06-30": "1.24140", "2017-03-31": "1.19540", "2016-12-31": "1.42340", "2016-09-30": "1.27970", "2016-06-30": "1.39210", "2016-03-31": "0.80920", "2015-12-31": "1.17610", "2015-09-30": "0.71260", "2015-06-30": "1.71580", "2015-03-31": "1.73230", "2014-12-31": "2.55900", "2014-09-30": "2.29860", "2014-06-30": "5.43500", "2014-03-31": "1.61440", "2013-12-31": "1.61220", "2013-09-30": "2.54760", "2013-06-30": "2.79530", "2013-03-31": "1.56350", "2012-12-31": "1.16250", "2012-09-30": "0.66520", "2012-06-30": "0.88560", "2012-03-31": "-4.52600", "2011-12-31": "-8.49560", "2011-09-30": "1.50310", "2011-06-30": "4.08580", "2011-03-31": "2.75670", "2010-12-31": "3.99780", "2010-09-30": "2.58840", "2010-06-30": "1.13120", "2010-03-31": "-0.19360", "2009-12-31": "3.24690", "2009-09-30": "2.81250", "2009-06-30": "2.38010", "2009-03-31": "4.06970", "2008-12-31": "6.87770", "2008-09-30": "5.74500", "2008-06-30": "-13.50550", "2008-03-31": "10.59270", "2007-12-31": "54.65030", "2007-09-30": "", "2007-06-30": "", "2007-03-31": ""}, "Return On Tangible Equity": {"2020-09-30": "-1.18290", "2020-06-30": "0.21450", "2020-03-31": "-0.59050", "2019-12-31": "-2.40320", "2019-09-30": "-0.19700", "2019-06-30": "-0.11760", "2019-03-31": "0.72200", "2018-12-31": "1.88720", "2018-09-30": "128.71130", "2018-06-30": "66.53250", "2018-03-31": "14.97530", "2017-12-31": "-48.85880", "2017-09-30": "97.57970", "2017-06-30": "-15.84480", "2017-03-31": "-12.52080", "2016-12-31": "-25.30530", "2016-09-30": "-10.02700", "2016-06-30": "-9.40920", "2016-03-31": "-5.01760", "2015-12-31": "-6.87820", "2015-09-30": "-4.08620", "2015-06-30": "-14.18490", "2015-03-31": "-11.32250", "2014-12-31": "-15.20650", "2014-09-30": "-15.72360", "2014-06-30": "-34.29330", "2014-03-31": "28.70230", "2013-12-31": "-8.81870", "2013-09-30": "-25.80890", "2013-06-30": "-22.97500", "2013-03-31": "-4.85910", "2012-12-31": "-3.47370", "2012-09-30": "-2.92720", "2012-06-30": "-3.84660", "2012-03-31": "23.95530", "2011-12-31": "28.41090", "2011-09-30": "13.09580", "2011-06-30": "35.59930", "2011-03-31": "54.04440", "2010-12-31": "54.97290", "2010-09-30": "25.61620", "2010-06-30": "13.07700", "2010-03-31": "-2.05130", "2009-12-31": "16.98230", "2009-09-30": "34.53660", "2009-06-30": "79.22290", "2009-03-31": "-122.51770", "2008-12-31": "-94.76650", "2008-09-30": "24.46370", "2008-06-30": "-69.43760", "2008-03-31": "-5.50430", "2007-12-31": "-21.91350", "2007-09-30": "", "2007-06-30": "", "2007-03-31": ""}, "ROA - Return On Assets": {"2020-09-30": "0.23530", "2020-06-30": "-0.04410", "2020-03-31": "0.11890", "2019-12-31": "0.46580", "2019-09-30": "0.03930", "2019-06-30": "0.02230", "2019-03-31": "-0.20500", "2018-12-31": "0.38530", "2018-09-30": "0.25840", "2018-06-30": "0.74030", "2018-03-31": "0.46340", "2017-12-31": "-1.24900", "2017-09-30": "0.72560", "2017-06-30": "0.62200", "2017-03-31": "0.59710", "2016-12-31": "0.69470", "2016-09-30": "0.61980", "2016-06-30": "0.66850", "2016-03-31": "0.38980", "2015-12-31": "0.56890", "2015-09-30": "0.33450", "2015-06-30": "0.83920", "2015-03-31": "0.81030", "2014-12-31": "1.18960", "2014-09-30": "1.07980", "2014-06-30": "2.50190", "2014-03-31": "0.80990", "2013-12-31": "0.66950", "2013-09-30": "1.03370", "2013-06-30": "1.10270", "2013-03-31": "0.55210", "2012-12-31": "0.40770", "2012-09-30": "0.23940", "2012-06-30": "0.31030", "2012-03-31": "-1.63880", "2011-12-31": "-1.47720", "2011-09-30": "0.35520", "2011-06-30": "0.97690", "2011-03-31": "0.61710", "2010-12-31": "0.84630", "2010-09-30": "0.58260", "2010-06-30": "0.21620", "2010-03-31": "-0.03780", "2009-12-31": "0.69960", "2009-09-30": "0.53940", "2009-06-30": "0.48510", "2009-03-31": "0.77160", "2008-12-31": "1.25740", "2008-09-30": "1.45280", "2008-06-30": "-3.34250", "2008-03-31": "0.74360", "2007-12-31": "3.23380", "2007-09-30": "", "2007-06-30": "", "2007-03-31": ""}, "ROI - Return On Investment": {"2020-09-30": "0.29800", "2020-06-30": "-0.05590", "2020-03-31": "0.15160", "2019-12-31": "0.59600", "2019-09-30": "0.05280", "2019-06-30": "0.03020", "2019-03-31": "-0.27680", "2018-12-31": "0.54590", "2018-09-30": "0.36100", "2018-06-30": "1.03900", "2018-03-31": "0.64230", "2017-12-31": "-1.75220", "2017-09-30": "1.02350", "2017-06-30": "0.89170", "2017-03-31": "0.86150", "2016-12-31": "1.00530", "2016-09-30": "0.89160", "2016-06-30": "0.96450", "2016-03-31": "0.56010", "2015-12-31": "0.82040", "2015-09-30": "0.48680", "2015-06-30": "1.22420", "2015-03-31": "1.20330", "2014-12-31": "1.75820", "2014-09-30": "1.58020", "2014-06-30": "3.63200", "2014-03-31": "1.21740", "2013-12-31": "1.05250", "2013-09-30": "1.65360", "2013-06-30": "1.76150", "2013-03-31": "0.91950", "2012-12-31": "0.65110", "2012-09-30": "0.37770", "2012-06-30": "0.49530", "2012-03-31": "-2.56570", "2011-12-31": "-5.52970", "2011-09-30": "1.18840", "2011-06-30": "3.19890", "2011-03-31": "2.10380", "2010-12-31": "2.99440", "2010-09-30": "1.94350", "2010-06-30": "0.79670", "2010-03-31": "-0.13690", "2009-12-31": "2.35180", "2009-09-30": "1.96200", "2009-06-30": "1.61010", "2009-03-31": "2.65110", "2008-12-31": "4.43910", "2008-09-30": "4.12890", "2008-06-30": "-9.60650", "2008-03-31": "2.52450", "2007-12-31": "11.28520", "2007-09-30": "", "2007-06-30": "", "2007-03-31": ""}, "Book Value Per Share": {"2020-09-30": "29.18750", "2020-06-30": "28.68150", "2020-03-31": "28.20800", "2019-12-31": "29.55830", "2019-09-30": "26.60510", "2019-06-30": "27.67430", "2019-03-31": "31.82870", "2018-12-31": "29.64780", "2018-09-30": "29.67880", "2018-06-30": "29.74490", "2018-03-31": "31.10870", "2017-12-31": "30.24250", "2017-09-30": "28.54060", "2017-06-30": "27.40990", "2017-03-31": "26.11090", "2016-12-31": "25.19420", "2016-09-30": "25.83240", "2016-06-30": "25.74630", "2016-03-31": "26.41270", "2015-12-31": "26.37190", "2015-09-30": "26.59570", "2015-06-30": "27.60000", "2015-03-31": "26.23390", "2014-12-31": "27.09460", "2014-09-30": "28.59740", "2014-06-30": "29.50900", "2014-03-31": "27.49000", "2013-12-31": "26.89430", "2013-09-30": "25.22040", "2013-06-30": "23.61910", "2013-03-31": "21.93330", "2012-12-31": "22.92290", "2012-09-30": "23.19370", "2012-06-30": "22.41120", "2012-03-31": "23.66700", "2011-12-31": "4.33140", "2011-09-30": "5.63030", "2011-06-30": "5.83640", "2011-03-31": "5.46560", "2010-12-31": "4.98390", "2010-09-30": "5.20910", "2010-06-30": "4.25440", "2010-03-31": "4.46800", "2009-12-31": "5.01570", "2009-09-30": "4.54850", "2009-06-30": "4.24330", "2009-03-31": "3.90150", "2008-12-31": "3.86320", "2008-09-30": "5.39970", "2008-06-30": "5.28310", "2008-03-31": "2.93230", "2007-12-31": "2.42400", "2007-09-30": "", "2007-06-30": "", "2007-03-31": ""}, "Operating Cash Flow Per Share": {"2020-09-30": 0.5722, "2020-06-30": 0.2841, "2020-03-31": "0.39750", "2019-12-31": 0.4785, "2019-09-30": 0.4035, "2019-06-30": 0.6168, "2019-03-31": "-0.54060", "2018-12-31": 1.023, "2018-09-30": 0.5773, "2018-06-30": 0.2951, "2018-03-31": "-0.02140", "2017-12-31": 0.84, "2017-09-30": 0.1292, "2017-06-30": 0.4687, "2017-03-31": "0.32640", "2016-12-31": 1.1773, "2016-09-30": 0.3689, "2016-06-30": 0.3326, "2016-03-31": "0.12590", "2015-12-31": 1.2162, "2015-09-30": 0.683, "2015-06-30": 0.5502, "2015-03-31": "-0.01640", "2014-12-31": 1.5375, "2014-09-30": 1.3119, "2014-06-30": 0.8829, "2014-03-31": "-0.58750", "2013-12-31": 1.9892, "2013-09-30": 0.851, "2013-06-30": 0.9093, "2013-03-31": "-0.14100", "2012-12-31": 1.8123, "2012-09-30": 0.4263, "2012-06-30": 1.006, "2012-03-31": "-1.33380", "2011-12-31": 0.3527, "2011-09-30": 0.2965, "2011-06-30": 0.5351, "2011-03-31": "0.10680", "2010-12-31": 0.6097, "2010-09-30": 0.1796, "2010-06-30": 0.2576, "2010-03-31": "0.37210", "2009-12-31": 0.1085, "2009-09-30": 0.3701, "2009-06-30": 0.1684, "2009-03-31": "0.24630", "2008-12-31": -0.2136, "2008-09-30": 0.9532, "2008-06-30": -1.1427, "2008-03-31": "-0.50700", "2007-12-31": 3.0259, "2007-09-30": -0.0503, "2007-06-30": 0.3678, "2007-03-31": "0.05980"}, "Free Cash Flow Per Share": {"2020-09-30": 0.3493, "2020-06-30": 0.1599, "2020-03-31": "0.18950", "2019-12-31": 0.2957, "2019-09-30": 0.1689, "2019-06-30": 0.3461, "2019-03-31": "-0.71320", "2018-12-31": 0.9245, "2018-09-30": 0.4702, "2018-06-30": 0.229, "2018-03-31": "-0.03800", "2017-12-31": 0.623, "2017-09-30": 0.1786, "2017-06-30": 0.3475, "2017-03-31": "0.23180", "2016-12-31": 1.0612, "2016-09-30": 0.2376, "2016-06-30": 0.2503, "2016-03-31": "0.00100", "2015-12-31": 0.9184, "2015-09-30": 0.5674, "2015-06-30": 0.4932, "2015-03-31": "-0.10560", "2014-12-31": 1.32, "2014-09-30": 1.1772, "2014-06-30": 0.657, "2014-03-31": "-0.69790", "2013-12-31": 1.7182, "2013-09-30": 0.7294, "2013-06-30": 0.7786, "2013-03-31": "-0.32990", "2012-12-31": 1.5175, "2012-09-30": 0.2406, "2012-06-30": 0.8038, "2012-03-31": "-1.56450", "2011-12-31": 0.2862, "2011-09-30": 0.1993, "2011-06-30": 0.4598, "2011-03-31": "0.03800", "2010-12-31": 0.5375, "2010-09-30": 0.0912, "2010-06-30": 0.1906, "2010-03-31": "0.31460", "2009-12-31": 0.0335, "2009-09-30": 0.3306, "2009-06-30": 0.1051, "2009-03-31": "0.17510", "2008-12-31": -0.4255, "2008-09-30": 0.9129, "2008-06-30": -1.2704, "2008-03-31": "-0.64090", "2007-12-31": 2.8204, "2007-09-30": -0.208, "2007-06-30": 0.1817, "2007-03-31": "-0.00940"}}, "revenue": {"Colfax Annual Revenue (Millions of US $)": {"2019": "$3,327", "2018": "$2,193", "2017": "$1,937", "2016": "$3,186", "2015": "$3,434", "2014": "$4,624", "2013": "$4,207", "2012": "$3,914", "2011": "$693", "2010": "$542", "2009": "$525", "2008": "$605", "2007": "$506", "2006": "$394"}, "Colfax Quarterly Revenue (Millions of US $)": {"2020-09-30": "$806", "2020-06-30": "$620", "2020-03-31": "$816", "2019-12-31": "$888", "2019-09-30": "$847", "2019-06-30": "$909", "2019-03-31": "$684", "2018-12-31": "$227", "2018-09-30": "$524", "2018-06-30": "$561", "2018-03-31": "$881", "2017-12-31": "$-489", "2017-09-30": "$845", "2017-06-30": "$848", "2017-03-31": "$734", "2016-12-31": "$585", "2016-09-30": "$767", "2016-06-30": "$957", "2016-03-31": "$877", "2015-12-31": "$529", "2015-09-30": "$969", "2015-06-30": "$1,025", "2015-03-31": "$911", "2014-12-31": "$1,206", "2014-09-30": "$1,164", "2014-06-30": "$1,199", "2014-03-31": "$1,054", "2013-12-31": "$1,171", "2013-09-30": "$1,015", "2013-06-30": "$1,074", "2013-03-31": "$947", "2012-12-31": "$1,027", "2012-09-30": "$954", "2012-06-30": "$1,046", "2012-03-31": "$886", "2011-12-31": "$178", "2011-09-30": "$170", "2011-06-30": "$187", "2011-03-31": "$159", "2010-12-31": "$167", "2010-09-30": "$132", "2010-06-30": "$123", "2010-03-31": "$120", "2009-12-31": "$131", "2009-09-30": "$129", "2009-06-30": "$129", "2009-03-31": "$136", "2008-12-31": "$159", "2008-09-30": "$153", "2008-06-30": "$161", "2008-03-31": "$131", "2007-12-31": "$144", "2007-09-30": "$125", "2007-06-30": "$122", "2007-03-31": "$115"}}, "gross-profit": {"Colfax Annual Gross Profit (Millions of US $)": {"2019": "$1,401", "2018": "$729", "2017": "$672", "2016": "$992", "2015": "$1,072", "2014": "$1,479", "2013": "$1,306", "2012": "$1,152", "2011": "$240", "2010": "$191", "2009": "$186", "2008": "$217", "2007": "$176", "2006": "$137"}, "Colfax Quarterly Gross Profit (Millions of US $)": {"2020-09-30": "$344", "2020-06-30": "$241", "2020-03-31": "$348", "2019-12-31": "$396", "2019-09-30": "$368", "2019-06-30": "$376", "2019-03-31": "$261", "2018-12-31": "$96", "2018-09-30": "$171", "2018-06-30": "$192", "2018-03-31": "$271", "2017-12-31": "$-90", "2017-09-30": "$264", "2017-06-30": "$258", "2017-03-31": "$240", "2016-12-31": "$172", "2016-09-30": "$238", "2016-06-30": "$301", "2016-03-31": "$281", "2015-12-31": "$153", "2015-09-30": "$296", "2015-06-30": "$328", "2015-03-31": "$294", "2014-12-31": "$392", "2014-09-30": "$373", "2014-06-30": "$388", "2014-03-31": "$326", "2013-12-31": "$357", "2013-09-30": "$320", "2013-06-30": "$338", "2013-03-31": "$291", "2012-12-31": "$308", "2012-09-30": "$288", "2012-06-30": "$315", "2012-03-31": "$242", "2011-12-31": "$62", "2011-09-30": "$61", "2011-06-30": "$65", "2011-03-31": "$53", "2010-12-31": "$60", "2010-09-30": "$47", "2010-06-30": "$43", "2010-03-31": "$42", "2009-12-31": "$47", "2009-09-30": "$46", "2009-06-30": "$45", "2009-03-31": "$48", "2008-12-31": "$58", "2008-09-30": "$54", "2008-06-30": "$57", "2008-03-31": "$48", "2007-12-31": "$49", "2007-09-30": "$45", "2007-06-30": "$43", "2007-03-31": "$39"}}, "operating-income": {"Colfax Annual Operating Income (Millions of US $)": {"2019": "$204", "2018": "$152", "2017": "$136", "2016": "$237", "2015": "$266", "2014": "$410", "2013": "$406", "2012": "$140", "2011": "$26", "2010": "$34", "2009": "$40", "2008": "$18", "2007": "$123", "2006": "$20"}, "Colfax Quarterly Operating Income (Millions of US $)": {"2020-09-30": "$62", "2020-06-30": "$-5", "2020-03-31": "$47", "2019-12-31": "$92", "2019-09-30": "$68", "2019-06-30": "$42", "2019-03-31": "$2", "2018-12-31": "$9", "2018-09-30": "$35", "2018-06-30": "$45", "2018-03-31": "$62", "2017-12-31": "$-70", "2017-09-30": "$75", "2017-06-30": "$70", "2017-03-31": "$60", "2016-12-31": "$57", "2016-09-30": "$59", "2016-06-30": "$73", "2016-03-31": "$48", "2015-12-31": "$46", "2015-09-30": "$46", "2015-06-30": "$97", "2015-03-31": "$77", "2014-12-31": "$107", "2014-09-30": "$119", "2014-06-30": "$96", "2014-03-31": "$88", "2013-12-31": "$120", "2013-09-30": "$103", "2013-06-30": "$112", "2013-03-31": "$72", "2012-12-31": "$52", "2012-09-30": "$52", "2012-06-30": "$60", "2012-03-31": "$-24", "2011-12-31": "$-8", "2011-09-30": "$5", "2011-06-30": "$17", "2011-03-31": "$11", "2010-12-31": "$20", "2010-09-30": "$9", "2010-06-30": "$5", "2010-03-31": "$1", "2009-12-31": "$10", "2009-09-30": "$10", "2009-06-30": "$8", "2009-03-31": "$12", "2008-12-31": "$23", "2008-09-30": "$21", "2008-06-30": "$-41", "2008-03-31": "$15", "2007-12-31": "$52", "2007-09-30": "$45", "2007-06-30": "$12", "2007-03-31": "$15"}}, "ebitda": {"Colfax Annual EBITDA (Millions of US $)": {"2019": "$440", "2018": "$300", "2017": "$452", "2016": "$380", "2015": "$420", "2014": "$584", "2013": "$526", "2012": "$323", "2011": "$49", "2010": "$51", "2009": "$55", "2008": "$34", "2007": "$140", "2006": "$33"}, "Colfax Quarterly EBITDA (Millions of US $)": {"2020-09-30": "$123", "2020-06-30": "$57", "2020-03-31": "$105", "2019-12-31": "$137", "2019-09-30": "$138", "2019-06-30": "$117", "2019-03-31": "$47", "2018-12-31": "$47", "2018-09-30": "$74", "2018-06-30": "$80", "2018-03-31": "$99", "2017-12-31": "$145", "2017-09-30": "$108", "2017-06-30": "$107", "2017-03-31": "$92", "2016-12-31": "$93", "2016-09-30": "$92", "2016-06-30": "$109", "2016-03-31": "$86", "2015-12-31": "$90", "2015-09-30": "$85", "2015-06-30": "$131", "2015-03-31": "$114", "2014-12-31": "$153", "2014-09-30": "$162", "2014-06-30": "$151", "2014-03-31": "$119", "2013-12-31": "$152", "2013-09-30": "$134", "2013-06-30": "$137", "2013-03-31": "$102", "2012-12-31": "$84", "2012-09-30": "$98", "2012-06-30": "$104", "2012-03-31": "$38", "2011-12-31": "$-3", "2011-09-30": "$11", "2011-06-30": "$24", "2011-03-31": "$17", "2010-12-31": "$25", "2010-09-30": "$13", "2010-06-30": "$9", "2010-03-31": "$5", "2009-12-31": "$14", "2009-09-30": "$14", "2009-06-30": "$12", "2009-03-31": "$16", "2008-12-31": "$26", "2008-09-30": "$25", "2008-06-30": "$-37", "2008-03-31": "$19", "2007-12-31": "$56", "2007-09-30": "$49", "2007-06-30": "$17", "2007-03-31": "$19"}}, "net-income": {"Colfax Annual Net Income (Millions of US $)": {"2019": "$-528", "2018": "$140", "2017": "$151", "2016": "$128", "2015": "$168", "2014": "$370", "2013": "$158", "2012": "$-83", "2011": "$5", "2010": "$16", "2009": "$24", "2008": "$-3", "2007": "$39", "2006": "$0"}, "Colfax Quarterly Net Income (Millions of US $)": {"2020-09-30": "$13", "2020-06-30": "$-8", "2020-03-31": "$4", "2019-12-31": "$-17", "2019-09-30": "$10", "2019-06-30": "$-469", "2019-03-31": "$-52", "2018-12-31": "$46", "2018-09-30": "$31", "2018-06-30": "$38", "2018-03-31": "$25", "2017-12-31": "$13", "2017-09-30": "$46", "2017-06-30": "$53", "2017-03-31": "$39", "2016-12-31": "$38", "2016-09-30": "$28", "2016-06-30": "$40", "2016-03-31": "$23", "2015-12-31": "$44", "2015-09-30": "$18", "2015-06-30": "$53", "2015-03-31": "$52", "2014-12-31": "$80", "2014-09-30": "$73", "2014-06-30": "$192", "2014-03-31": "$25", "2013-12-31": "$35", "2013-09-30": "$50", "2013-06-30": "$53", "2013-03-31": "$20", "2012-12-31": "$15", "2012-09-30": "$4", "2012-06-30": "$7", "2012-03-31": "$-109", "2011-12-31": "$-16", "2011-09-30": "$4", "2011-06-30": "$10", "2011-03-31": "$7", "2010-12-31": "$9", "2010-09-30": "$6", "2010-06-30": "$2", "2010-03-31": "$-0", "2009-12-31": "$7", "2009-09-30": "$6", "2009-06-30": "$4", "2009-03-31": "$7", "2008-12-31": "$11", "2008-09-30": "$14", "2008-06-30": "$-35", "2008-03-31": "$7", "2007-12-31": "$3", "2007-09-30": "$25", "2007-06-30": "$5", "2007-03-31": "$6"}}, "eps-earnings-per-share-diluted": {"Colfax Annual EPS": {"2019": "$-3.89", "2018": "$1.16", "2017": "$1.22", "2016": "$1.04", "2015": "$1.34", "2014": "$3.02", "2013": "$1.54", "2012": "$-0.92", "2011": "$0.10", "2010": "$0.37", "2009": "$0.55", "2008": "$-0.08", "2007": "$1.79", "2006": "$0.01"}, "Colfax Quarterly EPS": {"2020-09-30": "$0.10", "2020-06-30": "$-0.06", "2020-03-31": "$0.03", "2019-12-31": "$-0.13", "2019-09-30": "$0.08", "2019-06-30": "$-3.45", "2019-03-31": "$-0.39", "2018-12-31": "$0.39", "2018-09-30": "$0.26", "2018-06-30": "$0.31", "2018-03-31": "$0.20", "2017-12-31": "$0.11", "2017-09-30": "$0.37", "2017-06-30": "$0.43", "2017-03-31": "$0.31", "2016-12-31": "$0.31", "2016-09-30": "$0.23", "2016-06-30": "$0.32", "2016-03-31": "$0.18", "2015-12-31": "$0.35", "2015-09-30": "$0.15", "2015-06-30": "$0.42", "2015-03-31": "$0.42", "2014-12-31": "$0.68", "2014-09-30": "$0.59", "2014-06-30": "$1.53", "2014-03-31": "$0.22", "2013-12-31": "$0.33", "2013-09-30": "$0.48", "2013-06-30": "$0.52", "2013-03-31": "$0.21", "2012-12-31": "$0.30", "2012-09-30": "$0.04", "2012-06-30": "$0.07", "2012-03-31": "$-1.33", "2011-12-31": "$-0.36", "2011-09-30": "$0.08", "2011-06-30": "$0.23", "2011-03-31": "$0.15", "2010-12-31": "$0.20", "2010-09-30": "$0.13", "2010-06-30": "$0.05", "2010-03-31": "$-0.01", "2009-12-31": "$0.16", "2009-09-30": "$0.13", "2009-06-30": "$0.10", "2009-03-31": "$0.16", "2008-12-31": "$0.31", "2008-09-30": "$0.31", "2008-06-30": "$-1.01", "2008-03-31": "$0.31", "2007-12-31": "$0.15", "2007-09-30": "$1.14", "2007-06-30": "$0.22", "2007-03-31": "$0.28"}}, "shares-outstanding": {"Colfax Annual Shares Outstanding (Millions of Shares)": {"2019": "137", "2018": "121", "2017": "124", "2016": "123", "2015": "125", "2014": "123", "2013": "100", "2012": "91", "2011": "44", "2010": "44", "2009": "43", "2008": "36", "2007": "22", "2006": "22"}, "Colfax Quarterly Shares Outstanding (Millions of Shares)": {"2020-09-30": "138", "2020-06-30": "137", "2020-03-31": "141", "2019-12-31": "137", "2019-09-30": "137", "2019-06-30": "137", "2019-03-31": "134", "2018-12-31": "121", "2018-09-30": "118", "2018-06-30": "123", "2018-03-31": "124", "2017-12-31": "124", "2017-09-30": "124", "2017-06-30": "124", "2017-03-31": "124", "2016-12-31": "123", "2016-09-30": "123", "2016-06-30": "123", "2016-03-31": "123", "2015-12-31": "125", "2015-09-30": "125", "2015-06-30": "125", "2015-03-31": "125", "2014-12-31": "123", "2014-09-30": "125", "2014-06-30": "125", "2014-03-31": "114", "2013-12-31": "100", "2013-09-30": "115", "2013-06-30": "112", "2013-03-31": "95", "2012-12-31": "91", "2012-09-30": "95", "2012-06-30": "95", "2012-03-31": "82", "2011-12-31": "44", "2011-09-30": "44", "2011-06-30": "44", "2011-03-31": "44", "2010-12-31": "44", "2010-09-30": "44", "2010-06-30": "44", "2010-03-31": "43", "2009-12-31": "43", "2009-09-30": "43", "2009-06-30": "43", "2009-03-31": "43", "2008-12-31": "36", "2008-09-30": "44", "2008-06-30": "35", "2008-03-31": "22", "2007-12-31": "22", "2007-09-30": "22", "2007-06-30": "22", "2007-03-31": "22"}}, "total-assets": {"Colfax Annual Total Assets (Millions of US $)": {"2019": "$7,387", "2018": "$6,616", "2017": "$6,710", "2016": "$6,338", "2015": "$6,733", "2014": "$7,212", "2013": "$6,601", "2012": "$6,148", "2011": "$1,089", "2010": "$1,022", "2009": "$1,006", "2008": "$913", "2007": "$897", "2006": "$0"}, "Colfax Quarterly Total Assets (Millions of US $)": {"2020-09-30": "$7,154", "2020-06-30": "$7,123", "2020-03-31": "$7,456", "2019-12-31": "$7,387", "2019-09-30": "$9,591", "2019-06-30": "$9,899", "2019-03-31": "$10,502", "2018-12-31": "$6,616", "2018-09-30": "$6,446", "2018-06-30": "$6,463", "2018-03-31": "$6,879", "2017-12-31": "$6,710", "2017-09-30": "$6,838", "2017-06-30": "$6,730", "2017-03-31": "$6,430", "2016-12-31": "$6,338", "2016-09-30": "$6,542", "2016-06-30": "$6,576", "2016-03-31": "$6,724", "2015-12-31": "$6,733", "2015-09-30": "$7,040", "2015-06-30": "$7,010", "2015-03-31": "$6,945", "2014-12-31": "$7,212", "2014-09-30": "$7,529", "2014-06-30": "$7,928", "2014-03-31": "$6,771", "2013-12-31": "$6,601", "2013-09-30": "$6,334", "2013-06-30": "$6,094", "2013-03-31": "$5,846", "2012-12-31": "$6,148", "2012-09-30": "$6,056", "2012-06-30": "$6,005", "2012-03-31": "$6,130", "2011-12-31": "$1,089", "2011-09-30": "$1,039", "2011-06-30": "$1,064", "2011-03-31": "$1,062", "2010-12-31": "$1,022", "2010-09-30": "$1,004", "2010-06-30": "$966", "2010-03-31": "$989", "2009-12-31": "$1,006", "2009-09-30": "$1,025", "2009-06-30": "$900", "2009-03-31": "$889", "2008-12-31": "$913", "2008-09-30": "$940", "2008-06-30": "$939", "2008-03-31": "$914", "2007-12-31": "$897", "2007-09-30": "$0", "2007-06-30": "$0", "2007-03-31": "$0"}}, "cash-on-hand": {"Colfax Annual Cash on Hand (Millions of US $)": {"2019": "$110", "2018": "$77", "2017": "$412", "2016": "$209", "2015": "$197", "2014": "$305", "2013": "$311", "2012": "$482", "2011": "$75", "2010": "$61", "2009": "$50", "2008": "$29", "2007": "$48", "2006": "$"}, "Colfax Quarterly Cash on Hand (Millions of US $)": {"2020-09-30": "$66", "2020-06-30": "$66", "2020-03-31": "$366", "2019-12-31": "$110", "2019-09-30": "$127", "2019-06-30": "$132", "2019-03-31": "$242", "2018-12-31": "$77", "2018-09-30": "$286", "2018-06-30": "$258", "2018-03-31": "$403", "2017-12-31": "$412", "2017-09-30": "$260", "2017-06-30": "$272", "2017-03-31": "$208", "2016-12-31": "$209", "2016-09-30": "$192", "2016-06-30": "$185", "2016-03-31": "$196", "2015-12-31": "$197", "2015-09-30": "$221", "2015-06-30": "$212", "2015-03-31": "$207", "2014-12-31": "$305", "2014-09-30": "$287", "2014-06-30": "$334", "2014-03-31": "$482", "2013-12-31": "$311", "2013-09-30": "$639", "2013-06-30": "$588", "2013-03-31": "$235", "2012-12-31": "$482", "2012-09-30": "$517", "2012-06-30": "$539", "2012-03-31": "$580", "2011-12-31": "$75", "2011-09-30": "$64", "2011-06-30": "$64", "2011-03-31": "$45", "2010-12-31": "$61", "2010-09-30": "$43", "2010-06-30": "$63", "2010-03-31": "$60", "2009-12-31": "$50", "2009-09-30": "$51", "2009-06-30": "$38", "2009-03-31": "$34", "2008-12-31": "$29", "2008-09-30": "$48", "2008-06-30": "$27", "2008-03-31": "$33", "2007-12-31": "$48", "2007-09-30": "", "2007-06-30": "", "2007-03-31": ""}}, "long-term-debt": {"Colfax Annual Long Term Debt (Millions of US $)": {"2019": "$2,284", "2018": "$1,192", "2017": "$1,055", "2016": "$1,287", "2015": "$1,412", "2014": "$1,527", "2013": "$1,458", "2012": "$1,694", "2011": "$102", "2010": "$73", "2009": "$83", "2008": "$92", "2007": "$204", "2006": "$"}, "Colfax Quarterly Long Term Debt (Millions of US $)": {"2020-09-30": "$2,192", "2020-06-30": "$2,221", "2020-03-31": "$2,513", "2019-12-31": "$2,284", "2019-09-30": "$4,002", "2019-06-30": "$4,078", "2019-03-31": "$4,037", "2018-12-31": "$1,192", "2018-09-30": "$1,136", "2018-06-30": "$1,067", "2018-03-31": "$1,122", "2017-12-31": "$1,055", "2017-09-30": "$1,335", "2017-06-30": "$1,322", "2017-03-31": "$1,245", "2016-12-31": "$1,287", "2016-09-30": "$1,379", "2016-06-30": "$1,400", "2016-03-31": "$1,440", "2015-12-31": "$1,412", "2015-09-30": "$1,532", "2015-06-30": "$1,377", "2015-03-31": "$1,428", "2014-12-31": "$1,527", "2014-09-30": "$1,608", "2014-06-30": "$1,812", "2014-03-31": "$1,108", "2013-12-31": "$1,458", "2013-09-30": "$1,389", "2013-06-30": "$1,411", "2013-03-31": "$1,446", "2012-12-31": "$1,694", "2012-09-30": "$1,659", "2012-06-30": "$1,658", "2012-03-31": "$1,696", "2011-12-31": "$102", "2011-09-30": "$65", "2011-06-30": "$71", "2011-03-31": "$74", "2010-12-31": "$73", "2010-09-30": "$75", "2010-06-30": "$78", "2010-03-31": "$80", "2009-12-31": "$83", "2009-09-30": "$85", "2009-06-30": "$88", "2009-03-31": "$90", "2008-12-31": "$92", "2008-09-30": "$93", "2008-06-30": "$94", "2008-03-31": "$205", "2007-12-31": "$204", "2007-09-30": "", "2007-06-30": "", "2007-03-31": ""}}, "total-liabilities": {"Colfax Annual Total Liabilities (Millions of US $)": {"2019": "$3,897", "2018": "$3,139", "2017": "$2,982", "2016": "$3,245", "2015": "$3,476", "2014": "$3,859", "2013": "$3,860", "2012": "$3,992", "2011": "$899", "2010": "$806", "2009": "$789", "2008": "$746", "2007": "$843", "2006": "$"}, "Colfax Quarterly Total Liabilities (Millions of US $)": {"2020-09-30": "$3,697", "2020-06-30": "$3,727", "2020-03-31": "$4,118", "2019-12-31": "$3,897", "2019-09-30": "$6,458", "2019-06-30": "$6,643", "2019-03-31": "$6,761", "2018-12-31": "$3,139", "2018-09-30": "$2,968", "2018-06-30": "$2,925", "2018-03-31": "$3,038", "2017-12-31": "$2,982", "2017-09-30": "$3,325", "2017-06-30": "$3,358", "2017-03-31": "$3,218", "2016-12-31": "$3,245", "2016-09-30": "$3,374", "2016-06-30": "$3,418", "2016-03-31": "$3,485", "2015-12-31": "$3,476", "2015-09-30": "$3,736", "2015-06-30": "$3,581", "2015-03-31": "$3,697", "2014-12-31": "$3,859", "2014-09-30": "$3,992", "2014-06-30": "$4,278", "2014-03-31": "$3,375", "2013-12-31": "$3,860", "2013-09-30": "$3,764", "2013-06-30": "$3,690", "2013-03-31": "$3,782", "2012-12-31": "$3,992", "2012-09-30": "$3,876", "2012-06-30": "$3,901", "2012-03-31": "$3,910", "2011-12-31": "$899", "2011-09-30": "$793", "2011-06-30": "$809", "2011-03-31": "$825", "2010-12-31": "$806", "2010-09-30": "$778", "2010-06-30": "$781", "2010-03-31": "$796", "2009-12-31": "$789", "2009-09-30": "$829", "2009-06-30": "$717", "2009-03-31": "$721", "2008-12-31": "$746", "2008-09-30": "$702", "2008-06-30": "$707", "2008-03-31": "$850", "2007-12-31": "$843", "2007-09-30": "", "2007-06-30": "", "2007-03-31": ""}}, "total-share-holder-equity": {"Colfax Annual Share Holder Equity (Millions of US $)": {"2019": "$3,490", "2018": "$3,477", "2017": "$3,727", "2016": "$3,093", "2015": "$3,257", "2014": "$3,352", "2013": "$2,741", "2012": "$2,156", "2011": "$189", "2010": "$216", "2009": "$217", "2008": "$167", "2007": "$53", "2006": "$"}, "Colfax Quarterly Share Holder Equity (Millions of US $)": {"2020-09-30": "$3,457", "2020-06-30": "$3,396", "2020-03-31": "$3,338", "2019-12-31": "$3,490", "2019-09-30": "$3,133", "2019-06-30": "$3,256", "2019-03-31": "$3,742", "2018-12-31": "$3,477", "2018-09-30": "$3,478", "2018-06-30": "$3,537", "2018-03-31": "$3,841", "2017-12-31": "$3,727", "2017-09-30": "$3,514", "2017-06-30": "$3,372", "2017-03-31": "$3,211", "2016-12-31": "$3,093", "2016-09-30": "$3,169", "2016-06-30": "$3,158", "2016-03-31": "$3,239", "2015-12-31": "$3,257", "2015-09-30": "$3,304", "2015-06-30": "$3,429", "2015-03-31": "$3,249", "2014-12-31": "$3,352", "2014-09-30": "$3,537", "2014-06-30": "$3,649", "2014-03-31": "$3,397", "2013-12-31": "$2,741", "2013-09-30": "$2,570", "2013-06-30": "$2,404", "2013-03-31": "$2,064", "2012-12-31": "$2,156", "2012-09-30": "$2,180", "2012-06-30": "$2,104", "2012-03-31": "$2,220", "2011-12-31": "$189", "2011-09-30": "$245", "2011-06-30": "$254", "2011-03-31": "$238", "2010-12-31": "$216", "2010-09-30": "$226", "2010-06-30": "$185", "2010-03-31": "$193", "2009-12-31": "$217", "2009-09-30": "$197", "2009-06-30": "$183", "2009-03-31": "$169", "2008-12-31": "$167", "2008-09-30": "$238", "2008-06-30": "$232", "2008-03-31": "$64", "2007-12-31": "$53", "2007-09-30": "", "2007-06-30": "", "2007-03-31": ""}}, "profit-margins": {"current": "-0.24%"}, "gross margin": {"2020-09-30": "42.46%", "2020-06-30": "42.67%", "2020-03-31": "43.01%", "2019-12-31": "42.10%", "2019-09-30": "41.28%", "2019-06-30": "38.57%", "2019-03-31": "36.07%", "2018-12-31": "33.29%", "2018-09-30": "36.83%", "2018-06-30": "35.43%", "2018-03-31": "33.72%", "2017-12-31": "34.67%", "2017-09-30": "31.01%", "2017-06-30": "30.95%", "2017-03-31": "31.25%", "2016-12-31": "31.14%", "2016-09-30": "31.09%", "2016-06-30": "30.94%", "2016-03-31": "31.12%", "2015-12-31": "31.19%", "2015-09-30": "31.87%", "2015-06-30": "32.21%", "2015-03-31": "32.30%", "2014-12-31": "31.99%", "2014-09-30": "31.47%", "2014-06-30": "31.34%", "2014-03-31": "31.08%", "2013-12-31": "31.04%", "2013-09-30": "30.94%", "2013-06-30": "30.61%", "2013-03-31": "30.25%", "2012-12-31": "29.47%", "2012-09-30": "29.60%", "2012-06-30": "29.82%", "2012-03-31": "30.26%", "2011-12-31": "34.73%", "2011-09-30": "34.99%", "2011-06-30": "34.88%", "2011-03-31": "34.94%", "2010-12-31": "35.42%", "2010-09-30": "35.38%", "2010-06-30": "35.39%", "2010-03-31": "35.36%", "2009-12-31": "35.43%", "2009-09-30": "35.62%", "2009-06-30": "35.53%", "2009-03-31": "35.63%", "2008-12-31": "35.93%", "2008-09-30": "35.31%", "2008-06-30": "35.47%", "2008-03-31": "35.44%", "2007-12-31": "34.78%"}, "operating margin": {"2020-09-30": "6.26%", "2020-06-30": "6.37%", "2020-03-31": "7.20%", "2019-12-31": "6.13%", "2019-09-30": "4.54%", "2019-06-30": "3.75%", "2019-03-31": "4.56%", "2018-12-31": "6.89%", "2018-09-30": "4.87%", "2018-06-30": "6.23%", "2018-03-31": "6.57%", "2017-12-31": "6.97%", "2017-09-30": "8.70%", "2017-06-30": "8.38%", "2017-03-31": "8.18%", "2016-12-31": "7.44%", "2016-09-30": "7.22%", "2016-06-30": "6.39%", "2016-03-31": "6.97%", "2015-12-31": "7.75%", "2015-09-30": "7.95%", "2015-06-30": "9.29%", "2015-03-31": "8.91%", "2014-12-31": "8.87%", "2014-09-30": "9.22%", "2014-06-30": "9.17%", "2014-03-31": "9.81%", "2013-12-31": "9.67%", "2013-09-30": "8.34%", "2013-06-30": "7.20%", "2013-03-31": "5.94%", "2012-12-31": "3.58%", "2012-09-30": "2.61%", "2012-06-30": "1.45%", "2012-03-31": "-0.70%", "2011-12-31": "3.60%", "2011-09-30": "7.76%", "2011-06-30": "8.84%", "2011-03-31": "7.75%", "2010-12-31": "6.46%", "2010-09-30": "4.94%", "2010-06-30": "5.17%", "2010-03-31": "5.70%", "2009-12-31": "7.62%", "2009-09-30": "9.58%", "2009-06-30": "11.09%", "2009-03-31": "2.46%", "2008-12-31": "2.98%", "2008-09-30": "7.98%", "2008-06-30": "12.66%", "2008-03-31": "23.75%", "2007-12-31": "24.51%"}, "ebitda margin": {"2020-09-30": "13.48%", "2020-06-30": "13.78%", "2020-03-31": "14.36%", "2019-12-31": "13.19%", "2019-09-30": "13.09%", "2019-06-30": "12.16%", "2019-03-31": "12.42%", "2018-12-31": "13.68%", "2018-09-30": "26.95%", "2018-06-30": "24.03%", "2018-03-31": "22.01%", "2017-12-31": "23.32%", "2017-09-30": "13.28%", "2017-06-30": "13.09%", "2017-03-31": "12.68%", "2016-12-31": "11.93%", "2016-09-30": "12.04%", "2016-06-30": "11.10%", "2016-03-31": "11.53%", "2015-12-31": "12.23%", "2015-09-30": "11.75%", "2015-06-30": "13.01%", "2015-03-31": "12.95%", "2014-12-31": "12.65%", "2014-09-30": "12.73%", "2014-06-30": "12.53%", "2014-03-31": "12.56%", "2013-12-31": "12.48%", "2013-09-30": "11.25%", "2013-06-30": "10.52%", "2013-03-31": "9.76%", "2012-12-31": "8.28%", "2012-09-30": "7.73%", "2012-06-30": "6.58%", "2012-03-31": "4.93%", "2011-12-31": "7.06%", "2011-09-30": "11.27%", "2011-06-30": "12.25%", "2011-03-31": "11.02%", "2010-12-31": "9.59%", "2010-09-30": "8.10%", "2010-06-30": "8.35%", "2010-03-31": "8.84%", "2009-12-31": "10.67%", "2009-09-30": "12.30%", "2009-06-30": "13.69%", "2009-03-31": "4.93%", "2008-12-31": "5.46%", "2008-09-30": "10.70%", "2008-06-30": "15.51%", "2008-03-31": "27.01%", "2007-12-31": "27.87%"}, "pre tax profit margin": {"2020-09-30": "2.68%", "2020-06-30": "1.58%", "2020-03-31": "2.63%", "2019-12-31": "1.50%", "2019-09-30": "-0.56%", "2019-06-30": "0.26%", "2019-03-31": "1.75%", "2018-12-31": "4.20%", "2018-09-30": "-1.96%", "2018-06-30": "0.61%", "2018-03-31": "1.73%", "2017-12-31": "2.53%", "2017-09-30": "7.54%", "2017-06-30": "7.36%", "2017-03-31": "7.16%", "2016-12-31": "6.47%", "2016-09-30": "6.10%", "2016-06-30": "5.22%", "2016-03-31": "5.65%", "2015-12-31": "6.35%", "2015-09-30": "6.79%", "2015-06-30": "8.08%", "2015-03-31": "7.77%", "2014-12-31": "7.74%", "2014-09-30": "7.32%", "2014-06-30": "7.14%", "2014-03-31": "7.63%", "2013-12-31": "7.20%", "2013-09-30": "6.33%", "2013-06-30": "5.00%", "2013-03-31": "3.55%", "2012-12-31": "1.25%", "2012-09-30": "0.36%", "2012-06-30": "-0.57%", "2012-03-31": "-2.32%", "2011-12-31": "2.88%", "2011-09-30": "6.88%", "2011-06-30": "7.75%", "2011-03-31": "6.54%", "2010-12-31": "4.98%", "2010-09-30": "3.36%", "2010-06-30": "3.58%", "2010-03-31": "4.32%", "2009-12-31": "6.29%", "2009-09-30": "8.32%", "2009-06-30": "9.88%", "2009-03-31": "0.99%", "2008-12-31": "0.99%", "2008-09-30": "5.43%", "2008-06-30": "9.27%", "2008-03-31": "19.92%", "2007-12-31": "20.55%"}, "net profit margin": {"2020-09-30": "-0.26%", "2020-06-30": "-0.35%", "2020-03-31": "-13.64%", "2019-12-31": "-15.87%", "2019-09-30": "-17.44%", "2019-06-30": "-18.94%", "2019-03-31": "3.16%", "2018-12-31": "6.38%", "2018-09-30": "7.24%", "2018-06-30": "6.79%", "2018-03-31": "6.57%", "2017-12-31": "7.79%", "2017-09-30": "5.84%", "2017-06-30": "5.39%", "2017-03-31": "4.77%", "2016-12-31": "4.05%", "2016-09-30": "4.31%", "2016-06-30": "3.75%", "2016-03-31": "4.06%", "2015-12-31": "4.86%", "2015-09-30": "4.94%", "2015-06-30": "5.99%", "2015-03-31": "8.86%", "2014-12-31": "8.00%", "2014-09-30": "7.08%", "2014-06-30": "6.80%", "2014-03-31": "3.78%", "2013-12-31": "3.76%", "2013-09-30": "3.40%", "2013-06-30": "2.30%", "2013-03-31": "1.16%", "2012-12-31": "-2.12%", "2012-09-30": "-3.72%", "2012-06-30": "-5.00%", "2012-03-31": "-7.81%", "2011-12-31": "0.72%", "2011-09-30": "4.39%", "2011-06-30": "4.96%", "2011-03-31": "4.13%", "2010-12-31": "3.14%", "2010-09-30": "2.96%", "2010-06-30": "2.98%", "2010-03-31": "3.34%", "2009-12-31": "4.57%", "2009-09-30": "5.06%", "2009-06-30": "6.24%", "2009-03-31": "-0.49%", "2008-12-31": "-0.50%", "2008-09-30": "-1.87%", "2008-06-30": "0.00%", "2008-03-31": "7.66%", "2007-12-31": "7.71%"}, "pe ratio": {"current": "26.58", "2021-02-05": "0.00", "2020-09-30": "0.00", "2020-06-30": "0.00", "2020-03-31": "0.00", "2019-12-31": "0.00", "2019-09-30": "0.00", "2019-06-30": "0.00", "2019-03-31": "52.07", "2018-12-31": "18.02", "2018-09-30": "41.45", "2018-06-30": "31.28", "2018-03-31": "29.00", "2017-12-31": "32.74", "2017-09-30": "29.32", "2017-06-30": "30.76", "2017-03-31": "33.56", "2016-12-31": "34.55", "2016-09-30": "28.83", "2016-06-30": "26.20", "2016-03-31": "25.76", "2015-12-31": "17.30", "2015-09-30": "18.35", "2015-06-30": "22.29", "2015-03-31": "15.01", "2014-12-31": "17.31", "2014-09-30": "21.50", "2014-06-30": "29.35", "2014-03-31": "46.62", "2013-12-31": "41.90", "2013-09-30": "42.16", "2013-06-30": "57.90", "2013-03-31": "103.42", "2012-12-31": "0.00", "2012-09-30": "0.00", "2012-06-30": "0.00", "2012-03-31": "0.00", "2011-12-31": "316.44", "2011-09-30": "30.70", "2011-06-30": "34.93", "2011-03-31": "43.30", "2010-12-31": "51.14", "2010-09-30": "53.11", "2010-06-30": "54.79", "2010-03-31": "49.04", "2009-12-31": "28.67", "2009-09-30": "19.69", "2009-06-30": "9.53", "2009-03-31": "0.00"}, "price sales": {"2021-02-05": "1.75", "2020-09-30": "1.38", "2020-06-30": "1.21", "2020-03-31": "0.79", "2019-12-31": "1.49", "2019-09-30": "1.47", "2019-06-30": "1.55", "2019-03-31": "1.86", "2018-12-31": "1.16", "2018-09-30": "2.97", "2018-06-30": "2.11", "2018-03-31": "1.90", "2017-12-31": "2.53", "2017-09-30": "1.71", "2017-06-30": "1.66", "2017-03-31": "1.59", "2016-12-31": "1.39", "2016-09-30": "1.24", "2016-06-30": "0.98", "2016-03-31": "1.05", "2015-12-31": "0.85", "2015-09-30": "0.90", "2015-06-30": "1.33", "2015-03-31": "1.33", "2014-12-31": "1.36", "2014-09-30": "1.43", "2014-06-30": "1.90", "2014-03-31": "1.81", "2013-12-31": "1.59", "2013-09-30": "1.42", "2013-06-30": "1.27", "2013-03-31": "1.10", "2012-12-31": "0.93", "2012-09-30": "1.02", "2012-06-30": "0.93", "2012-03-31": "1.54", "2011-12-31": "1.82", "2011-09-30": "1.31", "2011-06-30": "1.69", "2011-03-31": "1.73", "2010-12-31": "1.48", "2010-09-30": "1.28", "2010-06-30": "0.90", "2010-03-31": "1.00", "2009-12-31": "0.99", "2009-09-30": "0.79", "2009-06-30": "0.55", "2009-03-31": "0.44"}, "price book": {"current": "1.36", "2021-02-05": "1.36", "2020-09-30": "1.07", "2020-06-30": "0.97", "2020-03-31": "0.70", "2019-12-31": "1.23", "2019-09-30": "1.09", "2019-06-30": "1.01", "2019-03-31": "0.93", "2018-12-31": "0.70", "2018-09-30": "1.22", "2018-06-30": "1.03", "2018-03-31": "1.03", "2017-12-31": "1.31", "2017-09-30": "1.46", "2017-06-30": "1.44", "2017-03-31": "1.50", "2016-12-31": "1.43", "2016-09-30": "1.22", "2016-06-30": "1.03", "2016-03-31": "1.08", "2015-12-31": "0.89", "2015-09-30": "1.12", "2015-06-30": "1.67", "2015-03-31": "1.82", "2014-12-31": "1.90", "2014-09-30": "1.99", "2014-06-30": "2.53", "2014-03-31": "2.59", "2013-12-31": "2.37", "2013-09-30": "2.24", "2013-06-30": "2.21", "2013-03-31": "2.12", "2012-12-31": "1.76", "2012-09-30": "1.58", "2012-06-30": "1.23", "2012-03-31": "1.49", "2011-12-31": "6.58", "2011-09-30": "3.60", "2011-06-30": "4.25", "2011-03-31": "4.20", "2010-12-31": "3.69", "2010-09-30": "2.85", "2010-06-30": "2.45", "2010-03-31": "2.63", "2009-12-31": "2.40", "2009-09-30": "2.34", "2009-06-30": "1.82", "2009-03-31": "1.76", "2008-12-31": "2.69", "2008-09-30": "3.09", "2008-06-30": "4.75"}, "price fcf": {"2021-02-05": "", "2020-09-30": "$0.99", "2020-06-30": "$0.81", "2020-03-31": "$1.00", "2019-12-31": "$0.10", "2019-09-30": "$0.73", "2019-06-30": "$1.03", "2019-03-31": "$0.91", "2018-12-31": "$1.59", "2018-09-30": "$1.28", "2018-06-30": "$0.99", "2018-03-31": "$1.11", "2017-12-31": "$1.38", "2017-09-30": "$1.82", "2017-06-30": "$1.88", "2017-03-31": "$1.78", "2016-12-31": "$1.55", "2016-09-30": "$1.41", "2016-06-30": "$1.74", "2016-03-31": "$1.98", "2015-12-31": "$1.87", "2015-09-30": "$2.28", "2015-06-30": "$2.88", "2015-03-31": "$3.05", "2014-12-31": "$2.46", "2014-09-30": "$2.85", "2014-06-30": "$2.41", "2014-03-31": "$2.53", "2013-12-31": "$2.90", "2013-09-30": "$2.70", "2013-06-30": "$2.21", "2013-03-31": "$2.23", "2012-12-31": "$1.00", "2012-09-30": "$-0.23", "2012-06-30": "$-0.28", "2012-03-31": "$-0.62", "2011-12-31": "$0.98", "2011-09-30": "$1.23", "2011-06-30": "$1.13", "2011-03-31": "$0.86", "2010-12-31": "$1.13", "2010-09-30": "$0.63", "2010-06-30": "$0.87", "2010-03-31": "$0.78", "2009-12-31": "$0.64", "2009-09-30": "$0.19", "2009-06-30": "$0.77", "2009-03-31": "$-1.25"}, "net worth": {"value": "$4.69B"}, "current ratio": {"2020-09-30": "1.64", "2020-06-30": "1.62", "2020-03-31": "1.93", "2019-12-31": "1.64", "2019-09-30": "2.32", "2019-06-30": "2.28", "2019-03-31": "1.53", "2018-12-31": "1.63", "2018-09-30": "1.83", "2018-06-30": "1.81", "2018-03-31": "1.98", "2017-12-31": "1.89", "2017-09-30": "1.80", "2017-06-30": "1.71", "2017-03-31": "1.65", "2016-12-31": "1.64", "2016-09-30": "1.68", "2016-06-30": "1.64", "2016-03-31": "1.63", "2015-12-31": "1.55", "2015-09-30": "1.66", "2015-06-30": "1.67", "2015-03-31": "1.61", "2014-12-31": "1.62", "2014-09-30": "1.62", "2014-06-30": "1.70", "2014-03-31": "1.78", "2013-12-31": "1.54", "2013-09-30": "1.79", "2013-06-30": "1.83", "2013-03-31": "1.57", "2012-12-31": "1.80", "2012-09-30": "1.83", "2012-06-30": "1.86", "2012-03-31": "1.95", "2011-12-31": "1.46", "2011-09-30": "1.63", "2011-06-30": "1.67", "2011-03-31": "1.61", "2010-12-31": "1.68", "2010-09-30": "1.72", "2010-06-30": "1.95", "2010-03-31": "1.94", "2009-12-31": "1.97", "2009-09-30": "1.99", "2009-06-30": "2.07", "2009-03-31": "2.02", "2008-12-31": "1.91", "2008-09-30": "1.89", "2008-06-30": "1.94", "2008-03-31": "1.58", "2007-12-31": "1.94", "2007-09-30": "0.00", "2007-06-30": "0.00", "2007-03-31": "0.00"}, "quick ratio": {"2020-09-30": "0.96", "2020-06-30": "0.89", "2020-03-31": "1.25", "2019-12-31": "0.97", "2019-09-30": "1.94", "2019-06-30": "1.90", "2019-03-31": "1.06", "2018-12-31": "1.33", "2018-09-30": "1.37", "2018-06-30": "1.36", "2018-03-31": "1.52", "2017-12-31": "1.50", "2017-09-30": "1.48", "2017-06-30": "1.31", "2017-03-31": "1.25", "2016-12-31": "1.30", "2016-09-30": "1.28", "2016-06-30": "1.25", "2016-03-31": "1.21", "2015-12-31": "1.17", "2015-09-30": "1.29", "2015-06-30": "1.30", "2015-03-31": "1.25", "2014-12-31": "1.28", "2014-09-30": "1.24", "2014-06-30": "1.30", "2014-03-31": "1.42", "2013-12-31": "1.22", "2013-09-30": "1.45", "2013-06-30": "1.46", "2013-03-31": "1.17", "2012-12-31": "1.39", "2012-09-30": "1.40", "2012-06-30": "1.43", "2012-03-31": "1.49", "2011-12-31": "1.23", "2011-09-30": "1.25", "2011-06-30": "1.29", "2011-03-31": "1.24", "2010-12-31": "1.37", "2010-09-30": "1.36", "2010-06-30": "1.56", "2010-03-31": "1.49", "2009-12-31": "1.50", "2009-09-30": "1.49", "2009-06-30": "1.49", "2009-03-31": "1.45", "2008-12-31": "1.39", "2008-09-30": "1.39", "2008-06-30": "1.38", "2008-03-31": "1.13", "2007-12-31": "1.48", "2007-09-30": "0.00", "2007-06-30": "0.00", "2007-03-31": "0.00"}, "debt equity ratio": {"current": "0.63", "2020-09-30": "1.07", "2020-06-30": "1.10", "2020-03-31": "1.23", "2019-12-31": "1.12", "2019-09-30": "2.06", "2019-06-30": "2.04", "2019-03-31": "1.81", "2018-12-31": "0.90", "2018-09-30": "0.85", "2018-06-30": "0.83", "2018-03-31": "0.79", "2017-12-31": "0.80", "2017-09-30": "0.95", "2017-06-30": "1.00", "2017-03-31": "1.00", "2016-12-31": "1.05", "2016-09-30": "1.07", "2016-06-30": "1.08", "2016-03-31": "1.08", "2015-12-31": "1.07", "2015-09-30": "1.13", "2015-06-30": "1.05", "2015-03-31": "1.14", "2014-12-31": "1.15", "2014-09-30": "1.13", "2014-06-30": "1.17", "2014-03-31": "0.99", "2013-12-31": "1.41", "2013-09-30": "1.47", "2013-06-30": "1.54", "2013-03-31": "1.83", "2012-12-31": "1.85", "2012-09-30": "1.78", "2012-06-30": "1.85", "2012-03-31": "1.76", "2011-12-31": "4.75", "2011-09-30": "3.23", "2011-06-30": "3.18", "2011-03-31": "3.47", "2010-12-31": "3.72", "2010-09-30": "3.44", "2010-06-30": "4.23", "2010-03-31": "4.12", "2009-12-31": "3.64", "2009-09-30": "4.21", "2009-06-30": "3.91", "2009-03-31": "4.27", "2008-12-31": "4.47", "2008-09-30": "2.95", "2008-06-30": "3.04", "2008-03-31": "13.25", "2007-12-31": "15.90", "2007-09-30": "0.00", "2007-06-30": "0.00", "2007-03-31": "0.00"}, "return on equity": {"2020-09-30": "-0.23%", "2020-06-30": "-0.33%", "2020-03-31": "-14.28%", "2019-12-31": "-15.51%", "2019-09-30": "-13.67%", "2019-06-30": "-12.73%", "2019-03-31": "1.77%", "2018-12-31": "3.91%", "2018-09-30": "2.93%", "2018-06-30": "3.34%", "2018-03-31": "3.79%", "2017-12-31": "4.37%", "2017-09-30": "5.34%", "2017-06-30": "4.92%", "2017-03-31": "4.59%", "2016-12-31": "4.08%", "2016-09-30": "4.21%", "2016-06-30": "3.86%", "2016-03-31": "4.17%", "2015-12-31": "5.05%", "2015-09-30": "6.09%", "2015-06-30": "7.61%", "2015-03-31": "11.52%", "2014-12-31": "10.62%", "2014-09-30": "9.76%", "2014-06-30": "9.78%", "2014-03-31": "5.87%", "2013-12-31": "6.46%", "2013-09-30": "6.00%", "2013-06-30": "4.18%", "2013-03-31": "2.16%", "2012-12-31": "-3.83%", "2012-09-30": "-6.81%", "2012-06-30": "-9.58%", "2012-03-31": "-15.27%", "2011-12-31": "2.16%", "2011-09-30": "12.59%", "2011-06-30": "13.70%", "2011-03-31": "11.10%", "2010-12-31": "8.29%", "2010-09-30": "7.31%", "2010-06-30": "7.58%", "2010-03-31": "8.61%", "2009-12-31": "12.53%", "2009-09-30": "15.64%", "2009-06-30": "19.02%", "2009-03-31": "-1.49%", "2008-12-31": "-1.71%", "2008-09-30": "-7.50%", "2008-06-30": "0.00%", "2008-03-31": "136.75%", "2007-12-31": "294.34%"}, "return on assets": {"2020-09-30": "-0.11%", "2020-06-30": "-0.14%", "2020-03-31": "-5.50%", "2019-12-31": "-5.65%", "2019-09-30": "-5.08%", "2019-06-30": "-5.31%", "2019-03-31": "0.84%", "2018-12-31": "2.12%", "2018-09-30": "1.62%", "2018-06-30": "1.81%", "2018-03-31": "2.02%", "2017-12-31": "2.26%", "2017-09-30": "2.67%", "2017-06-30": "2.43%", "2017-03-31": "2.24%", "2016-12-31": "1.97%", "2016-09-30": "2.03%", "2016-06-30": "1.85%", "2016-03-31": "2.01%", "2015-12-31": "2.41%", "2015-09-30": "2.88%", "2015-06-30": "3.60%", "2015-03-31": "5.36%", "2014-12-31": "5.03%", "2014-09-30": "4.51%", "2014-06-30": "4.37%", "2014-03-31": "2.53%", "2013-12-31": "2.54%", "2013-09-30": "2.26%", "2013-06-30": "1.52%", "2013-03-31": "0.76%", "2012-12-31": "-1.36%", "2012-09-30": "-2.37%", "2012-06-30": "-3.20%", "2012-03-31": "-4.76%", "2011-12-31": "0.47%", "2011-09-30": "2.87%", "2011-06-30": "3.08%", "2011-03-31": "2.37%", "2010-12-31": "1.71%", "2010-09-30": "1.51%", "2010-06-30": "1.51%", "2010-03-31": "1.73%", "2009-12-31": "2.51%", "2009-09-30": "3.01%", "2009-06-30": "3.95%", "2009-03-31": "-0.33%", "2008-12-31": "-0.32%", "2008-09-30": "-1.19%", "2008-06-30": "0.00%", "2008-03-31": "8.83%", "2007-12-31": "17.39%"}, "return on investments": {"2020-09-30": "3.42%", "2020-06-30": "3.31%", "2020-03-31": "3.82%", "2019-12-31": "2.91%", "2019-09-30": "1.80%", "2019-06-30": "1.44%", "2019-03-31": "1.68%", "2018-12-31": "3.20%", "2018-09-30": "1.52%", "2018-06-30": "2.33%", "2018-03-31": "2.84%", "2017-12-31": "2.88%", "2017-09-30": "5.70%", "2017-06-30": "5.44%", "2017-03-31": "5.55%", "2016-12-31": "5.22%", "2016-09-30": "4.90%", "2016-06-30": "4.55%", "2016-03-31": "4.99%", "2015-12-31": "5.60%", "2015-09-30": "6.81%", "2015-06-30": "8.20%", "2015-03-31": "7.92%", "2014-12-31": "8.20%", "2014-09-30": "8.76%", "2014-06-30": "8.98%", "2014-03-31": "10.27%", "2013-12-31": "10.51%", "2013-09-30": "8.96%", "2013-06-30": "7.67%", "2013-03-31": "6.31%", "2012-12-31": "3.64%", "2012-09-30": "2.71%", "2012-06-30": "1.59%", "2012-03-31": "-0.83%", "2011-12-31": "8.08%", "2011-09-30": "17.15%", "2011-06-30": "18.58%", "2011-03-31": "15.46%", "2010-12-31": "12.44%", "2010-09-30": "8.81%", "2010-06-30": "9.32%", "2010-03-31": "10.31%", "2009-12-31": "14.40%", "2009-09-30": "19.79%", "2009-06-30": "22.86%", "2009-03-31": "5.10%", "2008-12-31": "6.07%", "2008-09-30": "15.88%", "2008-06-30": "33.29%", "2008-03-31": "94.30%", "2007-12-31": "193.00%"}, "return on tangible equity": {"2020-09-30": "0.55%", "2020-06-30": "0.70%", "2020-03-31": "28.06%", "2019-12-31": "25.73%", "2019-09-30": "34.29%", "2019-06-30": "50.77%", "2019-03-31": "-16.30%", "2018-12-31": "33.96%", "2018-09-30": "91.06%", "2018-06-30": "96.06%", "2018-03-31": "318.60%", "2017-12-31": "-173.56%", "2017-09-30": "-101.44%", "2017-06-30": "-55.00%", "2017-03-31": "-42.90%", "2016-12-31": "-32.93%", "2016-09-30": "-27.69%", "2016-06-30": "-23.56%", "2016-03-31": "-26.67%", "2015-12-31": "-32.67%", "2015-09-30": "-39.57%", "2015-06-30": "-51.78%", "2015-03-31": "-73.65%", "2014-12-31": "-100.82%", "2014-09-30": "-92.53%", "2014-06-30": "-105.78%", "2014-03-31": "-76.17%", "2013-12-31": "-36.94%", "2013-09-30": "-28.57%", "2013-06-30": "-16.94%", "2013-03-31": "-7.78%", "2012-12-31": "15.66%", "2012-09-30": "31.34%", "2012-06-30": "48.93%", "2012-03-31": "105.97%", "2011-12-31": "166.67%", "2011-09-30": "141.18%", "2011-06-30": "160.00%", "2011-03-31": "143.28%", "2010-12-31": "93.15%", "2010-09-30": "61.22%", "2010-06-30": "65.93%", "2010-03-31": "83.95%", "2009-12-31": "168.42%", "2009-09-30": "2800.00%", "2009-06-30": "327.27%", "2009-03-31": "-14.46%", "2008-12-31": "34.29%", "2008-09-30": "28.39%", "2008-06-30": "0.00%", "2008-03-31": "-62.50%", "2007-12-31": "-118.18%"}, "dividend yield history": {"last payout": "$0.00", "last yield": "0.00%"}}