{"ticker": "CLNY", "price": {"title": "COLONY CAPITAL, INC Historical Annual Stock Price Data", "value": 5.44, "historical": {"2020": {"Average Stock Price": "3.1370", "Year Open": "4.6900", "Year High": "5.1100", "Year Low": "1.4100", "Year Close": "4.8100", "Annual % Change": "1.26%"}, "2019": {"Average Stock Price": "5.2689", "Year Open": "4.7800", "Year High": "6.1500", "Year Low": "4.3600", "Year Close": "4.7500", "Annual % Change": "1.50%"}, "2018": {"Average Stock Price": "6.4767", "Year Open": "11.3700", "Year High": "11.3700", "Year Low": "4.6000", "Year Close": "4.6800", "Annual % Change": "-58.98%"}, "2017": {"Average Stock Price": "13.3908", "Year Open": "15.8600", "Year High": "16.0000", "Year Low": "11.4100", "Year Close": "11.4100", "Annual % Change": "-23.53%"}, "2016": {"Average Stock Price": "12.2470", "Year Open": "12.0800", "Year High": "15.1200", "Year Low": "9.3100", "Year Close": "14.9200", "Annual % Change": "22.90%"}, "2015": {"Average Stock Price": "18.6557", "Year Open": "22.5600", "Year High": "24.7500", "Year Low": "10.6100", "Year Close": "12.1400", "Annual % Change": "-46.21%"}, "2014": {"Average Stock Price": "20.5877", "Year Open": "20.2400", "Year High": "23.2900", "Year Low": "16.4600", "Year Close": "22.5700", "Annual % Change": "11.24%"}, "2013": {"Average Stock Price": "20.9588", "Year Open": "19.8500", "Year High": "23.4700", "Year Low": "19.2700", "Year Close": "20.2900", "Annual % Change": "4.05%"}, "2012": {"Average Stock Price": "17.9673", "Year Open": "16.1000", "Year High": "20.1400", "Year Low": "15.8500", "Year Close": "19.5000", "Annual % Change": "24.12%"}, "2011": {"Average Stock Price": "17.3088", "Year Open": "20.0800", "Year High": "21.3200", "Year Low": "12.0600", "Year Close": "15.7100", "Annual % Change": "-21.53%"}, "2010": {"Average Stock Price": "18.9149", "Year Open": "20.5000", "Year High": "20.9900", "Year Low": "16.9000", "Year Close": "20.0200", "Annual % Change": "-1.72%"}, "2009": {"Average Stock Price": "19.6115", "Year Open": "19.5000", "Year High": "20.7500", "Year Low": "18.6700", "Year Close": "20.3700", "Annual % Change": "0.00%"}}}, "market cap": {"value": "$2.62B"}, "income statement": {"Revenue": {"2019-12-31": "2326.35400", "2018-12-31": "2366.94200", "2017-12-31": "2549.54000", "2016-12-31": "838.85700", "2015-12-31": "794.37100", "2014-12-31": "259.14200", "2013-12-31": "89.93800", "2012-12-31": "50.76100", "2011-12-31": "13.05500"}, "Cost Of Goods Sold": {"2019-12-31": "1090.90900", "2018-12-31": "1150.65600", "2017-12-31": "1046.31300", "2016-12-31": "118.46100", "2015-12-31": "132.77500", "2014-12-31": "104.42800", "2013-12-31": "57.32500", "2012-12-31": "38.50600", "2011-12-31": "10.76400"}, "Gross Profit": {"2019-12-31": "1235.44500", "2018-12-31": "1216.28600", "2017-12-31": "1503.22700", "2016-12-31": "720.39600", "2015-12-31": "661.59590", "2014-12-31": "154.71400", "2013-12-31": "32.61300", "2012-12-31": "12.25500", "2011-12-31": "2.29100"}, "Research And Development Expenses": {"2019-12-31": "", "2018-12-31": "", "2017-12-31": "", "2016-12-31": "", "2015-12-31": "", "2014-12-31": "", "2013-12-31": "", "2012-12-31": "", "2011-12-31": ""}, "SG&A Expenses": {"2019-12-31": "321.74600", "2018-12-31": "313.79800", "2017-12-31": "445.04500", "2016-12-31": "162.63700", "2015-12-31": "122.74400", "2014-12-31": "106.57200", "2013-12-31": "32.87300", "2012-12-31": "29.28700", "2011-12-31": "27.81400"}, "Other Operating Income Or Expenses": {"2019-12-31": "-1801.52800", "2018-12-31": "-1265.14100", "2017-12-31": "-1140.45100", "2016-12-31": "-281.97600", "2015-12-31": "-244.01800", "2014-12-31": "-25.07700", "2013-12-31": "-1.73500", "2012-12-31": "-0.29000", "2011-12-31": "-0.15900"}, "Operating Expenses": {"2019-12-31": "3703.97500", "2018-12-31": "3172.89700", "2017-12-31": "3140.32300", "2016-12-31": "734.75600", "2015-12-31": "640.51400", "2014-12-31": "236.97100", "2013-12-31": "91.93300", "2012-12-31": "68.08300", "2011-12-31": "38.73700"}, "Operating Income": {"2019-12-31": "-1377.62100", "2018-12-31": "-805.95510", "2017-12-31": "-590.78300", "2016-12-31": "104.10100", "2015-12-31": "153.85700", "2014-12-31": "22.17100", "2013-12-31": "-1.99500", "2012-12-31": "-17.32200", "2011-12-31": "-25.68200"}, "Total Non-Operating Income/Expense": {"2019-12-31": "-259.08800", "2018-12-31": "211.22800", "2017-12-31": "370.22700", "2016-12-31": "191.40700", "2015-12-31": "92.88300", "2014-12-31": "-1.44900", "2013-12-31": "", "2012-12-31": "", "2011-12-31": ""}, "Pre-Tax Income": {"2019-12-31": "-1636.70900", "2018-12-31": "-594.72700", "2017-12-31": "-220.55600", "2016-12-31": "295.50800", "2015-12-31": "246.74000", "2014-12-31": "20.72200", "2013-12-31": "-1.99500", "2012-12-31": "-17.32200", "2011-12-31": "-25.68200"}, "Income Taxes": {"2019-12-31": "14.00300", "2018-12-31": "-59.97000", "2017-12-31": "-100.49500", "2016-12-31": "4.78200", "2015-12-31": "-9.29600", "2014-12-31": "1.62200", "2013-12-31": "", "2012-12-31": "", "2011-12-31": ""}, "Income After Taxes": {"2019-12-31": "-1650.71200", "2018-12-31": "-534.75700", "2017-12-31": "-120.06100", "2016-12-31": "290.72600", "2015-12-31": "256.03600", "2014-12-31": "19.10000", "2013-12-31": "-1.99500", "2012-12-31": "-17.32200", "2011-12-31": "-25.68200"}, "Other Income": {"2019-12-31": "", "2018-12-31": "", "2017-12-31": "", "2016-12-31": "", "2015-12-31": "", "2014-12-31": "", "2013-12-31": "", "2012-12-31": "", "2011-12-31": ""}, "Income From Continuous Operations": {"2019-12-31": "-1650.71200", "2018-12-31": "-534.75700", "2017-12-31": "-120.06100", "2016-12-31": "290.72600", "2015-12-31": "256.03600", "2014-12-31": "19.10000", "2013-12-31": "-1.99500", "2012-12-31": "-17.32200", "2011-12-31": "-25.68200"}, "Income From Discontinued Operations": {"2019-12-31": "1501.79700", "2018-12-31": "39.58200", "2017-12-31": "55.44800", "2016-12-31": "", "2015-12-31": "0.00000", "2014-12-31": "", "2013-12-31": "", "2012-12-31": "", "2011-12-31": ""}, "Net Income": {"2019-12-31": "-1152.20700", "2018-12-31": "-632.70900", "2017-12-31": "-333.09300", "2016-12-31": "67.15900", "2015-12-31": "107.41100", "2014-12-31": "19.10000", "2013-12-31": "-1.99500", "2012-12-31": "-17.32200", "2011-12-31": "-25.68200"}, "EBITDA": {"2019-12-31": "70.76290", "2018-12-31": "-173.96610", "2017-12-31": "356.33700", "2016-12-31": "271.21100", "2015-12-31": "258.30100", "2014-12-31": "23.06500", "2013-12-31": "-1.92100", "2012-12-31": "-17.25700", "2011-12-31": "-25.62000"}, "EBIT": {"2019-12-31": "-1377.62100", "2018-12-31": "-805.95510", "2017-12-31": "-590.78300", "2016-12-31": "104.10100", "2015-12-31": "153.85700", "2014-12-31": "22.17100", "2013-12-31": "-1.99500", "2012-12-31": "-17.32200", "2011-12-31": "-25.68200"}, "Basic Shares Outstanding": {"2019-12-31": "479.58800", "2018-12-31": "496.99300", "2017-12-31": "532.60000", "2016-12-31": "164.57000", "2015-12-31": "162.65800", "2014-12-31": "187.85300", "2013-12-31": "187.81600", "2012-12-31": "187.81600", "2011-12-31": ""}, "Shares Outstanding": {"2019-12-31": "479.58800", "2018-12-31": "496.99300", "2017-12-31": "532.60000", "2016-12-31": "164.57000", "2015-12-31": "162.65800", "2014-12-31": "190.44100", "2013-12-31": "187.81600", "2012-12-31": "187.81600", "2011-12-31": ""}, "Basic EPS": {"2019-12-31": "-2.41000", "2018-12-31": "-1.28000", "2017-12-31": "-0.64000", "2016-12-31": "0.39000", "2015-12-31": "0.65000", "2014-12-31": "0.10000", "2013-12-31": "-0.01000", "2012-12-31": "-0.09000", "2011-12-31": ""}, "EPS - Earnings Per Share": {"2019-12-31": "-2.41000", "2018-12-31": "-1.28000", "2017-12-31": "-0.64000", "2016-12-31": "0.39000", "2015-12-31": "0.65000", "2014-12-31": "0.10000", "2013-12-31": "-0.01000", "2012-12-31": "-0.09000", "2011-12-31": "0.00000"}}, "income statement, quarterly": {"Revenue": {"2020-09-30": "316.67700", "2020-06-30": "372.36600", "2020-03-31": "507.51300", "2019-12-31": "845.85600", "2019-09-30": "359.00000", "2019-06-30": "573.43900", "2019-03-31": "548.05900", "2018-12-31": "486.06280", "2018-09-30": "598.72700", "2018-06-30": "615.48800", "2018-03-31": "666.66400", "2017-12-31": "473.15000", "2017-09-30": "789.85300", "2017-06-30": "679.37200", "2017-03-31": "607.16500", "2016-12-31": "208.47300", "2016-09-30": "212.06700", "2016-06-30": "217.52800", "2016-03-31": "200.78900", "2015-12-31": "475.42500", "2015-09-30": "108.11500", "2015-06-30": "119.12900", "2015-03-31": "91.70200", "2014-12-31": "119.13300", "2014-09-30": "83.98800", "2014-06-30": "32.68300", "2014-03-31": "23.33800", "2013-12-31": "", "2013-09-30": "8.85300", "2013-06-30": "38.59100", "2012-12-31": "", "2011-12-31": ""}, "Cost Of Goods Sold": {"2020-09-30": "108.39300", "2020-06-30": "193.64300", "2020-03-31": "263.63300", "2019-12-31": "460.05000", "2019-09-30": "80.87700", "2019-06-30": "279.24000", "2019-03-31": "270.74200", "2018-12-31": "258.30900", "2018-09-30": "286.38600", "2018-06-30": "300.19100", "2018-03-31": "305.77000", "2017-12-31": "244.24100", "2017-09-30": "332.00600", "2017-06-30": "253.71700", "2017-03-31": "216.34900", "2016-12-31": "28.99200", "2016-09-30": "28.90300", "2016-06-30": "29.78000", "2016-03-31": "30.78600", "2015-12-31": "", "2015-09-30": "26.97800", "2015-06-30": "26.33800", "2015-03-31": "27.69500", "2014-12-31": "47.03900", "2014-09-30": "25.69100", "2014-06-30": "18.13800", "2014-03-31": "13.56000", "2013-12-31": "", "2013-09-30": "1.62900", "2013-06-30": "29.50600", "2012-12-31": "", "2011-12-31": ""}, "Gross Profit": {"2020-09-30": "208.28400", "2020-06-30": "178.72300", "2020-03-31": "243.88000", "2019-12-31": "385.80600", "2019-09-30": "278.12300", "2019-06-30": "294.19900", "2019-03-31": "277.31700", "2018-12-31": "227.75380", "2018-09-30": "312.34100", "2018-06-30": "315.29700", "2018-03-31": "360.89400", "2017-12-31": "228.90890", "2017-09-30": "457.84700", "2017-06-30": "425.65500", "2017-03-31": "390.81600", "2016-12-31": "179.48100", "2016-09-30": "183.16400", "2016-06-30": "187.74800", "2016-03-31": "170.00300", "2015-12-31": "475.42500", "2015-09-30": "81.13700", "2015-06-30": "92.79100", "2015-03-31": "64.00700", "2014-12-31": "72.09400", "2014-09-30": "58.29700", "2014-06-30": "14.54500", "2014-03-31": "9.77800", "2013-12-31": "", "2013-09-30": "7.22400", "2013-06-30": "9.08500", "2012-12-31": "", "2011-12-31": ""}, "Research And Development Expenses": {"2020-09-30": "", "2020-06-30": "", "2020-03-31": "", "2019-12-31": "", "2019-09-30": "", "2019-06-30": "", "2019-03-31": "", "2018-12-31": "", "2018-09-30": "", "2018-06-30": "", "2018-03-31": "", "2017-12-31": "", "2017-09-30": "", "2017-06-30": "", "2017-03-31": "", "2016-12-31": "", "2016-09-30": "", "2016-06-30": "", "2016-03-31": "", "2015-12-31": "", "2015-09-30": "", "2015-06-30": "", "2015-03-31": "", "2014-12-31": "", "2014-09-30": "", "2014-06-30": "", "2014-03-31": "", "2013-12-31": "", "2013-09-30": "", "2013-06-30": "", "2012-12-31": "", "2011-12-31": ""}, "SG&A Expenses": {"2020-09-30": "78.19200", "2020-06-30": "83.75600", "2020-03-31": "76.61100", "2019-12-31": "83.92700", "2019-09-30": "118.61400", "2019-06-30": "63.72200", "2019-03-31": "55.48300", "2018-12-31": "94.22700", "2018-09-30": "68.42500", "2018-06-30": "76.06300", "2018-03-31": "75.08300", "2017-12-31": "104.88500", "2017-09-30": "111.52400", "2017-06-30": "110.90400", "2017-03-31": "117.73200", "2016-12-31": "43.18800", "2016-09-30": "42.47300", "2016-06-30": "37.33800", "2016-03-31": "39.63800", "2015-12-31": "7.94400", "2015-09-30": "40.97000", "2015-06-30": "41.96200", "2015-03-31": "31.86800", "2014-12-31": "43.51000", "2014-09-30": "32.71900", "2014-06-30": "14.84000", "2014-03-31": "15.50300", "2013-12-31": "", "2013-09-30": "5.57900", "2013-06-30": "11.39700", "2012-12-31": "", "2011-12-31": ""}, "Other Operating Income Or Expenses": {"2020-09-30": "-141.86000", "2020-06-30": "-2119.81200", "2020-03-31": "-528.37000", "2019-12-31": "-721.12130", "2019-09-30": "-633.56090", "2019-06-30": "-261.77100", "2019-03-31": "-185.07500", "2018-12-31": "-447.95810", "2018-09-30": "-234.28100", "2018-06-30": "-255.74800", "2018-03-31": "-327.15400", "2017-12-31": "-525.21500", "2017-09-30": "-204.30000", "2017-06-30": "-170.26800", "2017-03-31": "-240.66800", "2016-12-31": "-96.38200", "2016-09-30": "-61.01100", "2016-06-30": "-64.58200", "2016-03-31": "-60.00100", "2015-12-31": "-241.40700", "2015-09-30": "-1.76700", "2015-06-30": "-0.28600", "2015-03-31": "-0.55800", "2014-12-31": "-0.18200", "2014-09-30": "-0.36300", "2014-06-30": "-21.95200", "2014-03-31": "-2.58000", "2013-12-31": "", "2013-09-30": "-0.02700", "2013-06-30": "-0.03600", "2012-12-31": "", "2011-12-31": ""}, "Operating Expenses": {"2020-09-30": "454.17800", "2020-06-30": "2532.11600", "2020-03-31": "1005.47200", "2019-12-31": "1417.22400", "2019-09-30": "949.98390", "2019-06-30": "714.11500", "2019-03-31": "622.65200", "2018-12-31": "881.87010", "2018-09-30": "700.89900", "2018-06-30": "737.41600", "2018-03-31": "852.71200", "2017-12-31": "929.63010", "2017-09-30": "810.52400", "2017-06-30": "688.00000", "2017-03-31": "712.16890", "2016-12-31": "210.96800", "2016-09-30": "175.98000", "2016-06-30": "171.24100", "2016-03-31": "176.56700", "2015-12-31": "440.73000", "2015-09-30": "70.19300", "2015-06-30": "69.01500", "2015-03-31": "60.57600", "2014-12-31": "91.62500", "2014-09-30": "58.77300", "2014-06-30": "54.93000", "2014-03-31": "31.64300", "2013-12-31": "", "2013-09-30": "7.23500", "2013-06-30": "40.93900", "2012-12-31": "", "2011-12-31": ""}, "Operating Income": {"2020-09-30": "-137.50100", "2020-06-30": "-2159.75000", "2020-03-31": "-497.95900", "2019-12-31": "-571.36820", "2019-09-30": "-590.98390", "2019-06-30": "-140.67600", "2019-03-31": "-74.59300", "2018-12-31": "-395.80730", "2018-09-30": "-102.17200", "2018-06-30": "-121.92800", "2018-03-31": "-186.04800", "2017-12-31": "-456.48020", "2017-09-30": "-20.67100", "2017-06-30": "-8.62800", "2017-03-31": "-105.00400", "2016-12-31": "-2.49510", "2016-09-30": "36.08700", "2016-06-30": "46.28700", "2016-03-31": "24.22200", "2015-12-31": "34.69500", "2015-09-30": "37.92200", "2015-06-30": "50.11400", "2015-03-31": "31.12600", "2014-12-31": "27.50800", "2014-09-30": "25.21500", "2014-06-30": "-22.24700", "2014-03-31": "-8.30500", "2013-12-31": "", "2013-09-30": "1.61800", "2013-06-30": "-2.34800", "2012-12-31": "", "2011-12-31": ""}, "Total Non-Operating Income/Expense": {"2020-09-30": "-56.63700", "2020-06-30": "-545.02100", "2020-03-31": "101.75200", "2019-12-31": "52.86600", "2019-09-30": "9.58400", "2019-06-30": "-340.88100", "2019-03-31": "19.34300", "2018-12-31": "-57.02300", "2018-09-30": "71.56100", "2018-06-30": "70.72500", "2018-03-31": "125.96500", "2017-12-31": "26.98400", "2017-09-30": "81.16600", "2017-06-30": "113.73400", "2017-03-31": "148.34300", "2016-12-31": "32.79700", "2016-09-30": "32.40800", "2016-06-30": "58.60900", "2016-03-31": "67.59300", "2015-12-31": "94.14100", "2015-09-30": "-0.19300", "2015-06-30": "0.15300", "2015-03-31": "-1.21800", "2014-12-31": "-1.06500", "2014-09-30": "-0.38400", "2014-06-30": "", "2014-03-31": "", "2013-12-31": "", "2013-09-30": "", "2013-06-30": "", "2012-12-31": "", "2011-12-31": ""}, "Pre-Tax Income": {"2020-09-30": "-194.13800", "2020-06-30": "-2704.77100", "2020-03-31": "-396.20700", "2019-12-31": "-518.50200", "2019-09-30": "-581.40000", "2019-06-30": "-481.55700", "2019-03-31": "-55.25000", "2018-12-31": "-452.83000", "2018-09-30": "-30.61100", "2018-06-30": "-51.20300", "2018-03-31": "-60.08300", "2017-12-31": "-429.49600", "2017-09-30": "60.49500", "2017-06-30": "105.10600", "2017-03-31": "43.33900", "2016-12-31": "30.30200", "2016-09-30": "68.49500", "2016-06-30": "104.89600", "2016-03-31": "91.81500", "2015-12-31": "128.83600", "2015-09-30": "37.72900", "2015-06-30": "50.26700", "2015-03-31": "29.90800", "2014-12-31": "26.44300", "2014-09-30": "24.83100", "2014-06-30": "-22.24700", "2014-03-31": "-8.30500", "2013-12-31": "", "2013-09-30": "1.61800", "2013-06-30": "-2.34800", "2012-12-31": "", "2011-12-31": ""}, "Income Taxes": {"2020-09-30": "-9.92200", "2020-06-30": "7.72000", "2020-03-31": "8.32400", "2019-12-31": "0.12400", "2019-09-30": "10.09600", "2019-06-30": "2.58500", "2019-03-31": "1.19800", "2018-12-31": "-24.67600", "2018-09-30": "-1.95500", "2018-06-30": "-0.53100", "2018-03-31": "-32.80800", "2017-12-31": "-93.50500", "2017-09-30": "-10.61300", "2017-06-30": "-0.08600", "2017-03-31": "3.70900", "2016-12-31": "5.64700", "2016-09-30": "-3.40900", "2016-06-30": "1.76000", "2016-03-31": "0.78400", "2015-12-31": "-25.46400", "2015-09-30": "-3.82500", "2015-06-30": "12.05500", "2015-03-31": "7.93800", "2014-12-31": "-4.46500", "2014-09-30": "6.08700", "2014-06-30": "", "2014-03-31": "", "2013-12-31": "", "2013-09-30": "", "2013-06-30": "", "2012-12-31": "", "2011-12-31": ""}, "Income After Taxes": {"2020-09-30": "-184.21600", "2020-06-30": "-2712.49100", "2020-03-31": "-404.53100", "2019-12-31": "-518.62610", "2019-09-30": "-591.49600", "2019-06-30": "-484.14200", "2019-03-31": "-56.44800", "2018-12-31": "-428.15400", "2018-09-30": "-28.65600", "2018-06-30": "-50.67200", "2018-03-31": "-27.27500", "2017-12-31": "-335.99100", "2017-09-30": "71.10800", "2017-06-30": "105.19200", "2017-03-31": "39.63000", "2016-12-31": "24.65500", "2016-09-30": "71.90400", "2016-06-30": "103.13600", "2016-03-31": "91.03100", "2015-12-31": "154.30000", "2015-09-30": "41.55400", "2015-06-30": "38.21200", "2015-03-31": "21.97000", "2014-12-31": "30.90800", "2014-09-30": "18.74400", "2014-06-30": "-22.24700", "2014-03-31": "-8.30500", "2013-12-31": "", "2013-09-30": "1.61800", "2013-06-30": "-2.34800", "2012-12-31": "", "2011-12-31": ""}, "Other Income": {"2020-09-30": "", "2020-06-30": "", "2020-03-31": "", "2019-12-31": "", "2019-09-30": "", "2019-06-30": "", "2019-03-31": "", "2018-12-31": "", "2018-09-30": "", "2018-06-30": "", "2018-03-31": "", "2017-12-31": "", "2017-09-30": "", "2017-06-30": "", "2017-03-31": "", "2016-12-31": "", "2016-09-30": "", "2016-06-30": "", "2016-03-31": "", "2015-12-31": "", "2015-09-30": "", "2015-06-30": "", "2015-03-31": "", "2014-12-31": "", "2014-09-30": "", "2014-06-30": "", "2014-03-31": "", "2013-12-31": "", "2013-09-30": "", "2013-06-30": "", "2012-12-31": "", "2011-12-31": ""}, "Income From Continuous Operations": {"2020-09-30": "-184.21600", "2020-06-30": "-2712.49100", "2020-03-31": "-404.53100", "2019-12-31": "-518.62610", "2019-09-30": "-591.49600", "2019-06-30": "-484.14200", "2019-03-31": "-56.44800", "2018-12-31": "-428.15400", "2018-09-30": "-28.65600", "2018-06-30": "-50.67200", "2018-03-31": "-27.27500", "2017-12-31": "-335.99100", "2017-09-30": "71.10800", "2017-06-30": "105.19200", "2017-03-31": "39.63000", "2016-12-31": "24.65500", "2016-09-30": "71.90400", "2016-06-30": "103.13600", "2016-03-31": "91.03100", "2015-12-31": "154.30000", "2015-09-30": "41.55400", "2015-06-30": "38.21200", "2015-03-31": "21.97000", "2014-12-31": "30.90800", "2014-09-30": "18.74400", "2014-06-30": "-22.24700", "2014-03-31": "-8.30500", "2013-12-31": "", "2013-09-30": "1.61800", "2013-06-30": "-2.34800", "2012-12-31": "", "2011-12-31": ""}, "Income From Discontinued Operations": {"2020-09-30": "-177.01400", "2020-06-30": "-6.50200", "2020-03-31": "0.47400", "2019-12-31": "1450.35400", "2019-09-30": "25.65400", "2019-06-30": "-0.50400", "2019-03-31": "26.29300", "2018-12-31": "20.45900", "2018-09-30": "11.24200", "2018-06-30": "7.76400", "2018-03-31": "0.11700", "2017-12-31": "41.40700", "2017-09-30": "1.48100", "2017-06-30": "", "2017-03-31": "12.56000", "2016-12-31": "", "2016-09-30": "0.00000", "2016-06-30": "0.00000", "2016-03-31": "", "2015-12-31": "", "2015-09-30": "", "2015-06-30": "", "2015-03-31": "", "2014-12-31": "", "2014-09-30": "", "2014-06-30": "", "2014-03-31": "", "2013-12-31": "", "2013-09-30": "", "2013-06-30": "", "2012-12-31": "", "2011-12-31": ""}, "Net Income": {"2020-09-30": "-205.78400", "2020-06-30": "-2042.79000", "2020-03-31": "-361.63300", "2019-12-31": "-26.25100", "2019-09-30": "-554.95300", "2019-06-30": "-468.89000", "2019-03-31": "-102.11300", "2018-12-31": "-397.21400", "2018-09-30": "-69.97500", "2018-06-30": "-92.80600", "2018-03-31": "-72.71400", "2017-12-31": "-368.08200", "2017-09-30": "1.65000", "2017-06-30": "38.55500", "2017-03-31": "-5.21600", "2016-12-31": "-16.81000", "2016-09-30": "22.87800", "2016-06-30": "42.95600", "2016-03-31": "18.13500", "2015-12-31": "6.44600", "2015-09-30": "41.17300", "2015-06-30": "38.02400", "2015-03-31": "21.76800", "2014-12-31": "30.90800", "2014-09-30": "18.74400", "2014-06-30": "-22.24700", "2014-03-31": "-8.30500", "2013-12-31": "", "2013-09-30": "1.61800", "2013-06-30": "-2.34800", "2012-12-31": "", "2011-12-31": ""}, "EBITDA": {"2020-09-30": "31.78800", "2020-06-30": "-1502.75900", "2020-03-31": "-270.30800", "2019-12-31": "-23.45220", "2019-09-30": "-25.15280", "2019-06-30": "32.63900", "2019-03-31": "86.72900", "2018-12-31": "-235.11130", "2018-09-30": "54.27700", "2018-06-30": "35.32900", "2018-03-31": "-28.46100", "2017-12-31": "35.15880", "2017-09-30": "140.52610", "2017-06-30": "147.66000", "2017-03-31": "32.99200", "2016-12-31": "41.93600", "2016-09-30": "77.06600", "2016-06-30": "77.07400", "2016-03-31": "75.13500", "2015-12-31": "137.77700", "2015-09-30": "38.40000", "2015-06-30": "50.54300", "2015-03-31": "31.58100", "2014-12-31": "27.90500", "2014-09-30": "25.66600", "2014-06-30": "-22.22300", "2014-03-31": "-8.28300", "2013-12-31": "", "2013-09-30": "1.63600", "2013-06-30": "-2.34800", "2012-12-31": "", "2011-12-31": ""}, "EBIT": {"2020-09-30": "-137.50100", "2020-06-30": "-2159.75000", "2020-03-31": "-497.95900", "2019-12-31": "-571.36830", "2019-09-30": "-590.98390", "2019-06-30": "-140.67600", "2019-03-31": "-74.59300", "2018-12-31": "-395.80710", "2018-09-30": "-102.17200", "2018-06-30": "-121.92800", "2018-03-31": "-186.04800", "2017-12-31": "-456.48000", "2017-09-30": "-20.67100", "2017-06-30": "-8.62800", "2017-03-31": "-105.00400", "2016-12-31": "-2.49500", "2016-09-30": "36.08700", "2016-06-30": "46.28700", "2016-03-31": "24.22200", "2015-12-31": "34.69500", "2015-09-30": "37.92200", "2015-06-30": "50.11400", "2015-03-31": "31.12600", "2014-12-31": "27.50800", "2014-09-30": "25.21500", "2014-06-30": "-22.24700", "2014-03-31": "-8.30500", "2013-12-31": "", "2013-09-30": "1.61800", "2013-06-30": "-2.34800", "2012-12-31": "", "2011-12-31": ""}, "Basic Shares Outstanding": {"2020-09-30": "471.73900", "2020-06-30": "471.25300", "2020-03-31": "479.10600", "2019-12-31": "479.58800", "2019-09-30": "479.77600", "2019-06-30": "479.22800", "2019-03-31": "478.87400", "2018-12-31": "496.99300", "2018-09-30": "484.75400", "2018-06-30": "488.67600", "2018-03-31": "530.68000", "2017-12-31": "532.60000", "2017-09-30": "542.85500", "2017-06-30": "544.02300", "2017-03-31": "506.40500", "2016-12-31": "164.57000", "2016-09-30": "164.84600", "2016-06-30": "164.67400", "2016-03-31": "163.72700", "2015-12-31": "162.65800", "2015-09-30": "189.42300", "2015-06-30": "189.60000", "2015-03-31": "189.54100", "2014-12-31": "187.85300", "2014-09-30": "188.63400", "2014-06-30": "188.59700", "2014-03-31": "187.81600", "2013-12-31": "", "2013-09-30": "188.59700", "2013-06-30": "188.59700", "2012-12-31": "", "2011-12-31": ""}, "Shares Outstanding": {"2020-09-30": "471.73900", "2020-06-30": "471.25300", "2020-03-31": "479.10600", "2019-12-31": "479.58800", "2019-09-30": "479.77600", "2019-06-30": "479.22800", "2019-03-31": "478.87400", "2018-12-31": "496.99300", "2018-09-30": "484.75400", "2018-06-30": "488.67600", "2018-03-31": "530.68000", "2017-12-31": "532.60000", "2017-09-30": "542.85500", "2017-06-30": "544.02300", "2017-03-31": "506.40500", "2016-12-31": "164.57000", "2016-09-30": "164.84600", "2016-06-30": "201.25700", "2016-03-31": "163.72700", "2015-12-31": "162.65800", "2015-09-30": "193.80100", "2015-06-30": "193.80900", "2015-03-31": "193.76200", "2014-12-31": "190.44100", "2014-09-30": "193.61000", "2014-06-30": "188.59700", "2014-03-31": "187.81600", "2013-12-31": "", "2013-09-30": "188.59700", "2013-06-30": "188.59700", "2012-12-31": "", "2011-12-31": ""}, "Basic EPS": {"2020-09-30": "-0.44000", "2020-06-30": "-4.33000", "2020-03-31": "-0.76000", "2019-12-31": "-0.06000", "2019-09-30": "-1.16000", "2019-06-30": "-0.98000", "2019-03-31": "-0.21000", "2018-12-31": "-0.80000", "2018-09-30": "-0.15000", "2018-06-30": "-0.19000", "2018-03-31": "-0.14000", "2017-12-31": "-0.70000", "2017-09-30": "0.00000", "2017-06-30": "0.07000", "2017-03-31": "-0.01000", "2016-12-31": "-0.12000", "2016-09-30": "0.14000", "2016-06-30": "0.26000", "2016-03-31": "0.11000", "2015-12-31": "0.14000", "2015-09-30": "0.21000", "2015-06-30": "0.19000", "2015-03-31": "0.11000", "2014-12-31": "0.16000", "2014-09-30": "0.10000", "2014-06-30": "-0.12000", "2014-03-31": "-0.04000", "2013-12-31": "", "2013-09-30": "0.01000", "2013-06-30": "-0.01000", "2012-12-31": "", "2011-12-31": ""}, "EPS - Earnings Per Share": {"2020-09-30": "-0.44000", "2020-06-30": "-4.33000", "2020-03-31": "-0.76000", "2019-12-31": "-0.06000", "2019-09-30": "-1.16000", "2019-06-30": "-0.98000", "2019-03-31": "-0.21000", "2018-12-31": "-0.80000", "2018-09-30": "-0.15000", "2018-06-30": "-0.19000", "2018-03-31": "-0.14000", "2017-12-31": "-0.70000", "2017-09-30": "0.00000", "2017-06-30": "0.07000", "2017-03-31": "-0.01000", "2016-12-31": "-0.10000", "2016-09-30": "0.14000", "2016-06-30": "0.24000", "2016-03-31": "0.11000", "2015-12-31": "0.14000", "2015-09-30": "0.21000", "2015-06-30": "0.19000", "2015-03-31": "0.11000", "2014-12-31": "0.16000", "2014-09-30": "0.10000", "2014-06-30": "-0.12000", "2014-03-31": "-0.04000", "2013-12-31": "0.00000", "2013-09-30": "0.01000", "2013-06-30": "-0.01000", "2012-12-31": "0.00000", "2011-12-31": "0.00000"}}, "balance sheet": {"Cash On Hand": {"2019-12-31": "1409.11300", "2018-12-31": "826.51700", "2017-12-31": "1392.90000", "2016-12-31": "487.96400", "2015-12-31": "121.48700", "2014-12-31": "112.38900", "2013-12-31": "7.53700", "2012-12-31": "6.64300", "2011-12-31": ""}, "Receivables": {"2019-12-31": "1552.82400", "2018-12-31": "1659.21700", "2017-12-31": "3223.76200", "2016-12-31": "3430.60800", "2015-12-31": "93.80900", "2014-12-31": "77.62600", "2013-12-31": "23.18700", "2012-12-31": "13.20800", "2011-12-31": ""}, "Inventory": {"2019-12-31": "", "2018-12-31": "", "2017-12-31": "", "2016-12-31": "", "2015-12-31": "", "2014-12-31": "", "2013-12-31": "", "2012-12-31": "", "2011-12-31": ""}, "Pre-Paid Expenses": {"2019-12-31": "", "2018-12-31": "", "2017-12-31": "", "2016-12-31": "", "2015-12-31": "", "2014-12-31": "", "2013-12-31": "", "2012-12-31": "", "2011-12-31": ""}, "Other Current Assets": {"2019-12-31": "", "2018-12-31": "", "2017-12-31": "", "2016-12-31": "", "2015-12-31": "", "2014-12-31": "", "2013-12-31": "", "2012-12-31": "", "2011-12-31": ""}, "Total Current Assets": {"2019-12-31": "2961.93700", "2018-12-31": "2485.73400", "2017-12-31": "4616.66200", "2016-12-31": "3918.57200", "2015-12-31": "215.29600", "2014-12-31": "190.01500", "2013-12-31": "30.72400", "2012-12-31": "19.85100", "2011-12-31": ""}, "Property, Plant, And Equipment": {"2019-12-31": "10860.52000", "2018-12-31": "10826.01000", "2017-12-31": "14464.26000", "2016-12-31": "3243.63100", "2015-12-31": "", "2014-12-31": "", "2013-12-31": "", "2012-12-31": "", "2011-12-31": ""}, "Long-Term Investments": {"2019-12-31": "", "2018-12-31": "", "2017-12-31": "", "2016-12-31": "", "2015-12-31": "", "2014-12-31": "", "2013-12-31": "", "2012-12-31": "", "2011-12-31": ""}, "Goodwill And Intangible Assets": {"2019-12-31": "1452.89100", "2018-12-31": "1514.56100", "2017-12-31": "1534.56100", "2016-12-31": "680.12700", "2015-12-31": "", "2014-12-31": "", "2013-12-31": "", "2012-12-31": "", "2011-12-31": "0.00000"}, "Other Long-Term Assets": {"2019-12-31": "3917.98500", "2018-12-31": "6943.01400", "2017-12-31": "3317.29700", "2016-12-31": "1639.92100", "2015-12-31": "159.52500", "2014-12-31": "73.85400", "2013-12-31": "0.98500", "2012-12-31": "0.40600", "2011-12-31": ""}, "Total Long-Term Assets": {"2019-12-31": "16870.25000", "2018-12-31": "19729.51000", "2017-12-31": "20168.99000", "2016-12-31": "5842.42000", "2015-12-31": "159.52500", "2014-12-31": "73.85400", "2013-12-31": "0.98500", "2012-12-31": "0.40600", "2011-12-31": ""}, "Total Assets": {"2019-12-31": "19832.18000", "2018-12-31": "22215.25000", "2017-12-31": "24785.65000", "2016-12-31": "9760.99200", "2015-12-31": "374.82100", "2014-12-31": "263.86900", "2013-12-31": "31.70900", "2012-12-31": "20.25700", "2011-12-31": "0.00000"}, "Total Current Liabilities": {"2019-12-31": "1015.89800", "2018-12-31": "634.14400", "2017-12-31": "898.16100", "2016-12-31": "286.95200", "2015-12-31": "190.16000", "2014-12-31": "49.11600", "2013-12-31": "1.37300", "2012-12-31": "2.34300", "2011-12-31": ""}, "Long Term Debt": {"2019-12-31": "8983.90800", "2018-12-31": "8975.37200", "2017-12-31": "10827.81000", "2016-12-31": "3715.61800", "2015-12-31": "", "2014-12-31": "", "2013-12-31": "", "2012-12-31": "", "2011-12-31": ""}, "Other Non-Current Liabilities": {"2019-12-31": "899.85600", "2018-12-31": "1449.97800", "2017-12-31": "676.14300", "2016-12-31": "141.49500", "2015-12-31": "7.91800", "2014-12-31": "13.00500", "2013-12-31": "1.96800", "2012-12-31": "0.03900", "2011-12-31": ""}, "Total Long Term Liabilities": {"2019-12-31": "9889.87200", "2018-12-31": "10434.73000", "2017-12-31": "11538.10000", "2016-12-31": "3857.11300", "2015-12-31": "7.91800", "2014-12-31": "13.00500", "2013-12-31": "1.96800", "2012-12-31": "0.03900", "2011-12-31": ""}, "Total Liabilities": {"2019-12-31": "10905.77000", "2018-12-31": "11068.88000", "2017-12-31": "12436.26000", "2016-12-31": "4144.06500", "2015-12-31": "198.07800", "2014-12-31": "62.12100", "2013-12-31": "3.34100", "2012-12-31": "2.38200", "2011-12-31": "0.00000"}, "Common Stock Net": {"2019-12-31": "4.87800", "2018-12-31": "4.84100", "2017-12-31": "5.43300", "2016-12-31": "1.67200", "2015-12-31": "1.89900", "2014-12-31": "1.96700", "2013-12-31": "", "2012-12-31": "", "2011-12-31": "0.00000"}, "Retained Earnings (Accumulated Deficit)": {"2019-12-31": "-3389.59200", "2018-12-31": "-2018.30200", "2017-12-31": "-1165.41200", "2016-12-31": "-246.06400", "2015-12-31": "-35.15200", "2014-12-31": "-77.09300", "2013-12-31": "-77.13000", "2012-12-31": "", "2011-12-31": ""}, "Comprehensive Income": {"2019-12-31": "47.66800", "2018-12-31": "13.99900", "2017-12-31": "47.31600", "2016-12-31": "-32.10900", "2015-12-31": "", "2014-12-31": "", "2013-12-31": "", "2012-12-31": "", "2011-12-31": ""}, "Other Share Holders Equity": {"2019-12-31": "", "2018-12-31": "", "2017-12-31": "", "2016-12-31": "", "2015-12-31": "", "2014-12-31": "", "2013-12-31": "", "2012-12-31": "", "2011-12-31": "0.00000"}, "Share Holder Equity": {"2019-12-31": "8926.41500", "2018-12-31": "11146.37000", "2017-12-31": "12349.39000", "2016-12-31": "5616.92700", "2015-12-31": "176.74300", "2014-12-31": "201.74800", "2013-12-31": "28.36800", "2012-12-31": "17.87500", "2011-12-31": "0.00000"}, "Total Liabilities And Share Holders Equity": {"2019-12-31": "19832.18000", "2018-12-31": "22215.25000", "2017-12-31": "24785.65000", "2016-12-31": "9760.99200", "2015-12-31": "374.82100", "2014-12-31": "263.86900", "2013-12-31": "31.70900", "2012-12-31": "20.25700", "2011-12-31": "0.00000"}}, "balance sheet, quarterly": {"Cash On Hand": {"2020-09-30": "825.55500", "2020-06-30": "1244.69600", "2020-03-31": "1528.33700", "2019-12-31": "1296.25300", "2019-09-30": "712.76500", "2019-06-30": "690.47500", "2019-03-31": "647.83400", "2018-12-31": "826.51700", "2018-09-30": "830.59800", "2018-06-30": "879.21100", "2018-03-31": "938.19300", "2017-12-31": "1392.90000", "2017-09-30": "1271.98000", "2017-06-30": "900.60000", "2017-03-31": "949.49800", "2016-12-31": "487.96400", "2016-09-30": "112.19200", "2016-06-30": "79.23700", "2016-03-31": "67.18900", "2015-12-31": "121.48700", "2015-09-30": "148.90300", "2015-06-30": "112.61200", "2015-03-31": "58.23300", "2014-12-31": "112.38900", "2014-09-30": "108.15100", "2014-06-30": "121.86000", "2014-03-31": "", "2013-12-31": "", "2013-09-30": "", "2013-06-30": "", "2012-12-31": "6.64000", "2011-12-31": ""}, "Receivables": {"2020-09-30": "1325.14400", "2020-06-30": "1398.08700", "2020-03-31": "1588.42700", "2019-12-31": "1566.32800", "2019-09-30": "1454.19900", "2019-06-30": "1487.61100", "2019-03-31": "1596.67300", "2018-12-31": "1659.21700", "2018-09-30": "1784.49100", "2018-06-30": "1791.88900", "2018-03-31": "1972.17900", "2017-12-31": "3223.76200", "2017-09-30": "3455.90200", "2017-06-30": "4009.08900", "2017-03-31": "4039.99500", "2016-12-31": "3430.60800", "2016-09-30": "109.75300", "2016-06-30": "109.01200", "2016-03-31": "107.43400", "2015-12-31": "93.80900", "2015-09-30": "89.91500", "2015-06-30": "90.14100", "2015-03-31": "84.01900", "2014-12-31": "77.62600", "2014-09-30": "77.97300", "2014-06-30": "16.90700", "2014-03-31": "", "2013-12-31": "", "2013-09-30": "", "2013-06-30": "", "2012-12-31": "13.20000", "2011-12-31": ""}, "Inventory": {"2020-09-30": "", "2020-06-30": "", "2020-03-31": "", "2019-12-31": "", "2019-09-30": "", "2019-06-30": "", "2019-03-31": "", "2018-12-31": "", "2018-09-30": "", "2018-06-30": "", "2018-03-31": "", "2017-12-31": "", "2017-09-30": "", "2017-06-30": "", "2017-03-31": "", "2016-12-31": "", "2016-09-30": "", "2016-06-30": "", "2016-03-31": "", "2015-12-31": "", "2015-09-30": "", "2015-06-30": "", "2015-03-31": "", "2014-12-31": "", "2014-09-30": "", "2014-06-30": "", "2014-03-31": "", "2013-12-31": "", "2013-09-30": "", "2013-06-30": "", "2012-12-31": "", "2011-12-31": ""}, "Pre-Paid Expenses": {"2020-09-30": "", "2020-06-30": "", "2020-03-31": "", "2019-12-31": "", "2019-09-30": "", "2019-06-30": "", "2019-03-31": "", "2018-12-31": "", "2018-09-30": "", "2018-06-30": "", "2018-03-31": "", "2017-12-31": "", "2017-09-30": "", "2017-06-30": "", "2017-03-31": "", "2016-12-31": "", "2016-09-30": "", "2016-06-30": "", "2016-03-31": "", "2015-12-31": "", "2015-09-30": "", "2015-06-30": "", "2015-03-31": "", "2014-12-31": "", "2014-09-30": "", "2014-06-30": "", "2014-03-31": "", "2013-12-31": "", "2013-09-30": "", "2013-06-30": "", "2012-12-31": "", "2011-12-31": ""}, "Other Current Assets": {"2020-09-30": "", "2020-06-30": "", "2020-03-31": "", "2019-12-31": "", "2019-09-30": "", "2019-06-30": "", "2019-03-31": "", "2018-12-31": "", "2018-09-30": "", "2018-06-30": "", "2018-03-31": "", "2017-12-31": "", "2017-09-30": "", "2017-06-30": "", "2017-03-31": "", "2016-12-31": "", "2016-09-30": "", "2016-06-30": "", "2016-03-31": "", "2015-12-31": "", "2015-09-30": "", "2015-06-30": "", "2015-03-31": "", "2014-12-31": "", "2014-09-30": "", "2014-06-30": "", "2014-03-31": "", "2013-12-31": "", "2013-09-30": "", "2013-06-30": "", "2012-12-31": "", "2011-12-31": ""}, "Total Current Assets": {"2020-09-30": "2150.69900", "2020-06-30": "2642.78300", "2020-03-31": "3116.76400", "2019-12-31": "2862.58100", "2019-09-30": "2166.96400", "2019-06-30": "2178.08600", "2019-03-31": "2244.50700", "2018-12-31": "2485.73400", "2018-09-30": "2615.08900", "2018-06-30": "2671.10000", "2018-03-31": "2910.37200", "2017-12-31": "4616.66200", "2017-09-30": "4727.88200", "2017-06-30": "4909.68900", "2017-03-31": "4989.49300", "2016-12-31": "3918.57200", "2016-09-30": "221.94500", "2016-06-30": "188.24900", "2016-03-31": "174.62300", "2015-12-31": "215.29600", "2015-09-30": "238.81800", "2015-06-30": "202.75300", "2015-03-31": "142.25200", "2014-12-31": "190.01500", "2014-09-30": "186.12400", "2014-06-30": "138.76700", "2014-03-31": "", "2013-12-31": "", "2013-09-30": "", "2013-06-30": "", "2012-12-31": "19.84000", "2011-12-31": ""}, "Property, Plant, And Equipment": {"2020-09-30": "7860.47400", "2020-06-30": "8987.90200", "2020-03-31": "10458.06000", "2019-12-31": "6218.19600", "2019-09-30": "9722.42000", "2019-06-30": "10348.43000", "2019-03-31": "14536.04000", "2018-12-31": "10826.01000", "2018-09-30": "13958.52000", "2018-06-30": "14254.11000", "2018-03-31": "14100.87000", "2017-12-31": "14464.26000", "2017-09-30": "14354.54000", "2017-06-30": "13884.20000", "2017-03-31": "13460.87000", "2016-12-31": "3243.63100", "2016-09-30": "", "2016-06-30": "", "2016-03-31": "", "2015-12-31": "", "2015-09-30": "", "2015-06-30": "", "2015-03-31": "", "2014-12-31": "", "2014-09-30": "", "2014-06-30": "", "2014-03-31": "", "2013-12-31": "", "2013-09-30": "", "2013-06-30": "", "2012-12-31": "", "2011-12-31": ""}, "Long-Term Investments": {"2020-09-30": "", "2020-06-30": "", "2020-03-31": "", "2019-12-31": "", "2019-09-30": "", "2019-06-30": "", "2019-03-31": "", "2018-12-31": "", "2018-09-30": "", "2018-06-30": "", "2018-03-31": "", "2017-12-31": "", "2017-09-30": "", "2017-06-30": "", "2017-03-31": "", "2016-12-31": "", "2016-09-30": "", "2016-06-30": "", "2016-03-31": "", "2015-12-31": "", "2015-09-30": "", "2015-06-30": "", "2015-03-31": "", "2014-12-31": "", "2014-09-30": "", "2014-06-30": "", "2014-03-31": "", "2013-12-31": "", "2013-09-30": "", "2013-06-30": "", "2012-12-31": "", "2011-12-31": ""}, "Goodwill And Intangible Assets": {"2020-09-30": "851.75700", "2020-06-30": "851.75700", "2020-03-31": "1373.89100", "2019-12-31": "1452.89100", "2019-09-30": "1374.80900", "2019-06-30": "1514.56100", "2019-03-31": "1534.56100", "2018-12-31": "1514.56100", "2018-09-30": "1534.56100", "2018-06-30": "1534.56100", "2018-03-31": "1534.56100", "2017-12-31": "1534.56100", "2017-09-30": "1828.81600", "2017-06-30": "1808.39300", "2017-03-31": "1717.36500", "2016-12-31": "680.12700", "2016-09-30": "447.05600", "2016-06-30": "450.11100", "2016-03-31": "452.98000", "2015-12-31": "", "2015-09-30": "", "2015-06-30": "", "2015-03-31": "", "2014-12-31": "", "2014-09-30": "", "2014-06-30": "", "2014-03-31": "0.00000", "2013-12-31": "", "2013-09-30": "0.00000", "2013-06-30": "0.00000", "2012-12-31": "0.00000", "2011-12-31": "0.00000"}, "Other Long-Term Assets": {"2020-09-30": "6905.08100", "2020-06-30": "3135.87100", "2020-03-31": "3616.10000", "2019-12-31": "8666.35900", "2019-09-30": "8421.43600", "2019-06-30": "8245.11000", "2019-03-31": "4359.02100", "2018-12-31": "6943.01400", "2018-09-30": "3633.39400", "2018-06-30": "3749.09500", "2018-03-31": "4326.78900", "2017-12-31": "3317.29700", "2017-09-30": "4147.02700", "2017-06-30": "3650.27900", "2017-03-31": "3722.79700", "2016-12-31": "1639.92100", "2016-09-30": "177.32900", "2016-06-30": "177.15300", "2016-03-31": "171.55700", "2015-12-31": "159.52500", "2015-09-30": "108.21100", "2015-06-30": "109.34400", "2015-03-31": "109.59900", "2014-12-31": "73.85400", "2014-09-30": "15.99100", "2014-06-30": "15.10100", "2014-03-31": "", "2013-12-31": "", "2013-09-30": "", "2013-06-30": "", "2012-12-31": "0.40000", "2011-12-31": ""}, "Total Long-Term Assets": {"2020-09-30": "16892.35000", "2020-06-30": "13540.75000", "2020-03-31": "16043.30000", "2019-12-31": "16969.60000", "2019-09-30": "19957.03000", "2019-06-30": "20480.45000", "2019-03-31": "20976.53000", "2018-12-31": "19729.51000", "2018-09-30": "19690.19000", "2018-06-30": "20148.62000", "2018-03-31": "20654.12000", "2017-12-31": "20168.99000", "2017-09-30": "21262.88000", "2017-06-30": "20378.64000", "2017-03-31": "19920.24000", "2016-12-31": "5842.42000", "2016-09-30": "624.38500", "2016-06-30": "627.26400", "2016-03-31": "624.53700", "2015-12-31": "159.52500", "2015-09-30": "108.21100", "2015-06-30": "109.34400", "2015-03-31": "109.59900", "2014-12-31": "73.85400", "2014-09-30": "15.99100", "2014-06-30": "15.10100", "2014-03-31": "", "2013-12-31": "", "2013-09-30": "", "2013-06-30": "", "2012-12-31": "0.40000", "2011-12-31": ""}, "Total Assets": {"2020-09-30": "19043.05000", "2020-06-30": "16183.53000", "2020-03-31": "19160.06000", "2019-12-31": "19832.18000", "2019-09-30": "22123.99000", "2019-06-30": "22658.54000", "2019-03-31": "23221.03000", "2018-12-31": "22215.25000", "2018-09-30": "22305.28000", "2018-06-30": "22819.72000", "2018-03-31": "23564.49000", "2017-12-31": "24785.65000", "2017-09-30": "25990.76000", "2017-06-30": "25288.33000", "2017-03-31": "24909.73000", "2016-12-31": "9760.99200", "2016-09-30": "846.33000", "2016-06-30": "815.51300", "2016-03-31": "799.16000", "2015-12-31": "374.82100", "2015-09-30": "347.02900", "2015-06-30": "312.09700", "2015-03-31": "251.85100", "2014-12-31": "263.86900", "2014-09-30": "202.11500", "2014-06-30": "153.86800", "2014-03-31": "0.00000", "2013-12-31": "0.00000", "2013-09-30": "0.00000", "2013-06-30": "0.00000", "2012-12-31": "20.25000", "2011-12-31": "0.00000"}, "Total Current Liabilities": {"2020-09-30": "789.86600", "2020-06-30": "869.94700", "2020-03-31": "837.28100", "2019-12-31": "887.51900", "2019-09-30": "923.43200", "2019-06-30": "1020.70900", "2019-03-31": "", "2018-12-31": "634.14400", "2018-09-30": "642.90200", "2018-06-30": "", "2018-03-31": "791.43900", "2017-12-31": "898.16100", "2017-09-30": "1019.81600", "2017-06-30": "968.86800", "2017-03-31": "964.02700", "2016-12-31": "286.95200", "2016-09-30": "59.34800", "2016-06-30": "53.84100", "2016-03-31": "40.73500", "2015-12-31": "190.16000", "2015-09-30": "70.35900", "2015-06-30": "55.40300", "2015-03-31": "24.16100", "2014-12-31": "49.11600", "2014-09-30": "34.06000", "2014-06-30": "21.09800", "2014-03-31": "", "2013-12-31": "", "2013-09-30": "", "2013-06-30": "", "2012-12-31": "2.34000", "2011-12-31": ""}, "Long Term Debt": {"2020-09-30": "7085.99400", "2020-06-30": "9211.11400", "2020-03-31": "9453.33800", "2019-12-31": "5517.91800", "2019-09-30": "8666.10800", "2019-06-30": "8739.66700", "2019-03-31": "10712.79000", "2018-12-31": "8975.37200", "2018-09-30": "9867.97600", "2018-06-30": "9994.11500", "2018-03-31": "10495.43000", "2017-12-31": "10827.81000", "2017-09-30": "10791.97000", "2017-06-30": "10418.98000", "2017-03-31": "10249.55000", "2016-12-31": "3715.61800", "2016-09-30": "468.67900", "2016-06-30": "468.94300", "2016-03-31": "469.20200", "2015-12-31": "", "2015-09-30": "", "2015-06-30": "", "2015-03-31": "", "2014-12-31": "", "2014-09-30": "", "2014-06-30": "", "2014-03-31": "", "2013-12-31": "", "2013-09-30": "", "2013-06-30": "", "2012-12-31": "", "2011-12-31": ""}, "Other Non-Current Liabilities": {"2020-09-30": "4037.88500", "2020-06-30": "368.83800", "2020-03-31": "474.56500", "2019-12-31": "4494.22500", "2019-09-30": "2553.01800", "2019-06-30": "2353.11900", "2019-03-31": "1285.34100", "2018-12-31": "1449.97800", "2018-09-30": "302.49900", "2018-06-30": "1405.87600", "2018-03-31": "565.53800", "2017-12-31": "676.14300", "2017-09-30": "1076.94000", "2017-06-30": "647.33600", "2017-03-31": "521.14000", "2016-12-31": "141.49500", "2016-09-30": "31.80700", "2016-06-30": "27.11700", "2016-03-31": "28.91500", "2015-12-31": "7.91800", "2015-09-30": "6.95800", "2015-06-30": "6.61600", "2015-03-31": "6.33200", "2014-12-31": "13.00500", "2014-09-30": "", "2014-06-30": "", "2014-03-31": "", "2013-12-31": "", "2013-09-30": "", "2013-06-30": "", "2012-12-31": "0.03000", "2011-12-31": ""}, "Total Long Term Liabilities": {"2020-09-30": "11411.11000", "2020-06-30": "9609.01900", "2020-03-31": "9931.06500", "2019-12-31": "10018.25000", "2019-09-30": "11225.11000", "2019-06-30": "11100.73000", "2019-03-31": "12005.59000", "2018-12-31": "10434.73000", "2018-09-30": "10204.86000", "2018-06-30": "11433.51000", "2018-03-31": "11092.62000", "2017-12-31": "11538.10000", "2017-09-30": "11977.90000", "2017-06-30": "11145.82000", "2017-03-31": "10850.16000", "2016-12-31": "3857.11300", "2016-09-30": "575.63500", "2016-06-30": "571.24100", "2016-03-31": "572.87600", "2015-12-31": "7.91800", "2015-09-30": "6.95800", "2015-06-30": "6.61600", "2015-03-31": "6.33200", "2014-12-31": "13.00500", "2014-09-30": "", "2014-06-30": "", "2014-03-31": "", "2013-12-31": "", "2013-09-30": "", "2013-06-30": "", "2012-12-31": "0.03000", "2011-12-31": ""}, "Total Liabilities": {"2020-09-30": "12200.98000", "2020-06-30": "10478.96000", "2020-03-31": "10768.35000", "2019-12-31": "10905.76000", "2019-09-30": "12148.54000", "2019-06-30": "12121.44000", "2019-03-31": "12005.59000", "2018-12-31": "11068.88000", "2018-09-30": "10847.77000", "2018-06-30": "11433.51000", "2018-03-31": "11884.05000", "2017-12-31": "12436.26000", "2017-09-30": "12997.72000", "2017-06-30": "12114.68000", "2017-03-31": "11814.19000", "2016-12-31": "4144.06500", "2016-09-30": "634.98300", "2016-06-30": "625.08200", "2016-03-31": "613.61100", "2015-12-31": "198.07800", "2015-09-30": "77.31700", "2015-06-30": "62.01900", "2015-03-31": "30.49300", "2014-12-31": "62.12100", "2014-09-30": "34.06000", "2014-06-30": "21.09800", "2014-03-31": "0.00000", "2013-12-31": "", "2013-09-30": "0.00000", "2013-06-30": "0.00000", "2012-12-31": "2.38000", "2011-12-31": "0.00000"}, "Common Stock Net": {"2020-09-30": "4.82400", "2020-06-30": "4.82100", "2020-03-31": "4.80900", "2019-12-31": "4.87800", "2019-09-30": "4.87800", "2019-06-30": "4.87700", "2019-03-31": "4.85500", "2018-12-31": "4.84100", "2018-09-30": "4.91100", "2018-06-30": "4.90500", "2018-03-31": "5.01400", "2017-12-31": "5.43300", "2017-09-30": "5.48600", "2017-06-30": "5.51900", "2017-03-31": "5.58200", "2016-12-31": "1.67200", "2016-09-30": "1.94200", "2016-06-30": "1.94200", "2016-03-31": "1.94300", "2015-12-31": "1.89900", "2015-09-30": "1.97900", "2015-06-30": "1.97800", "2015-03-31": "1.98000", "2014-12-31": "1.96700", "2014-09-30": "1.88600", "2014-06-30": "1.88600", "2014-03-31": "0.00000", "2013-12-31": "", "2013-09-30": "0.00000", "2013-06-30": "0.00000", "2012-12-31": "0.00000", "2011-12-31": "0.00000"}, "Retained Earnings (Accumulated Deficit)": {"2020-09-30": "-6054.88100", "2020-06-30": "-5849.09800", "2020-03-31": "-3806.30800", "2019-12-31": "-3389.59200", "2019-09-30": "-3307.88600", "2019-06-30": "-2699.27600", "2019-03-31": "-2176.73000", "2018-12-31": "-2018.30200", "2018-09-30": "-1567.66200", "2018-06-30": "-1443.71700", "2018-03-31": "-1294.99600", "2017-12-31": "-1165.41200", "2017-09-30": "-650.13500", "2017-06-30": "-505.55400", "2017-03-31": "-401.06900", "2016-12-31": "-246.06400", "2016-09-30": "-38.55400", "2016-06-30": "-44.84500", "2016-03-31": "-36.80400", "2015-12-31": "-35.15200", "2015-09-30": "-34.67100", "2015-06-30": "-56.62600", "2015-03-31": "-75.05700", "2014-12-31": "-77.09300", "2014-09-30": "-88.93800", "2014-06-30": "-107.68200", "2014-03-31": "", "2013-12-31": "", "2013-09-30": "", "2013-06-30": "", "2012-12-31": "", "2011-12-31": ""}, "Comprehensive Income": {"2020-09-30": "76.61000", "2020-06-30": "44.36700", "2020-03-31": "16.22200", "2019-12-31": "47.66800", "2019-09-30": "20.88800", "2019-06-30": "26.96700", "2019-03-31": "22.13800", "2018-12-31": "13.99900", "2018-09-30": "17.73200", "2018-06-30": "23.93000", "2018-03-31": "49.03700", "2017-12-31": "47.31600", "2017-09-30": "25.83100", "2017-06-30": "6.88400", "2017-03-31": "-23.75000", "2016-12-31": "-32.10900", "2016-09-30": "-0.21000", "2016-06-30": "-0.14100", "2016-03-31": "0.05200", "2015-12-31": "", "2015-09-30": "", "2015-06-30": "", "2015-03-31": "", "2014-12-31": "", "2014-09-30": "", "2014-06-30": "", "2014-03-31": "", "2013-12-31": "", "2013-09-30": "", "2013-06-30": "", "2012-12-31": "", "2011-12-31": ""}, "Other Share Holders Equity": {"2020-09-30": "", "2020-06-30": "", "2020-03-31": "", "2019-12-31": "", "2019-09-30": "", "2019-06-30": "", "2019-03-31": "", "2018-12-31": "", "2018-09-30": "", "2018-06-30": "", "2018-03-31": "", "2017-12-31": "", "2017-09-30": "", "2017-06-30": "", "2017-03-31": "", "2016-12-31": "", "2016-09-30": "", "2016-06-30": "", "2016-03-31": "", "2015-12-31": "", "2015-09-30": "", "2015-06-30": "", "2015-03-31": "", "2014-12-31": "", "2014-09-30": "", "2014-06-30": "", "2014-03-31": "0.00000", "2013-12-31": "", "2013-09-30": "0.00000", "2013-06-30": "0.00000", "2012-12-31": "0.00000", "2011-12-31": "0.00000"}, "Share Holder Equity": {"2020-09-30": "6842.07400", "2020-06-30": "5704.56900", "2020-03-31": "8391.71600", "2019-12-31": "8926.41500", "2019-09-30": "9975.44900", "2019-06-30": "10537.10000", "2019-03-31": "11215.44000", "2018-12-31": "11146.37000", "2018-09-30": "11457.51000", "2018-06-30": "11386.20000", "2018-03-31": "11680.44000", "2017-12-31": "12349.39000", "2017-09-30": "12993.04000", "2017-06-30": "13173.65000", "2017-03-31": "13095.54000", "2016-12-31": "5616.92700", "2016-09-30": "211.34700", "2016-06-30": "190.43100", "2016-03-31": "185.54900", "2015-12-31": "176.74300", "2015-09-30": "269.71200", "2015-06-30": "250.07800", "2015-03-31": "221.35800", "2014-12-31": "201.74800", "2014-09-30": "168.05500", "2014-06-30": "132.77000", "2014-03-31": "0.00000", "2013-12-31": "", "2013-09-30": "0.00000", "2013-06-30": "0.00000", "2012-12-31": "17.87000", "2011-12-31": "0.00000"}, "Total Liabilities And Share Holders Equity": {"2020-09-30": "19043.05000", "2020-06-30": "16183.53000", "2020-03-31": "19160.06000", "2019-12-31": "19832.18000", "2019-09-30": "22123.99000", "2019-06-30": "22658.54000", "2019-03-31": "23221.03000", "2018-12-31": "22215.25000", "2018-09-30": "22305.28000", "2018-06-30": "22819.72000", "2018-03-31": "23564.49000", "2017-12-31": "24785.65000", "2017-09-30": "25990.76000", "2017-06-30": "25288.33000", "2017-03-31": "24909.73000", "2016-12-31": "9760.99200", "2016-09-30": "846.33000", "2016-06-30": "815.51300", "2016-03-31": "799.16000", "2015-12-31": "374.82100", "2015-09-30": "347.02900", "2015-06-30": "312.09700", "2015-03-31": "251.85100", "2014-12-31": "263.86900", "2014-09-30": "202.11500", "2014-06-30": "153.86800", "2014-03-31": "0.00000", "2013-12-31": "", "2013-09-30": "0.00000", "2013-06-30": "0.00000", "2012-12-31": "20.25000", "2011-12-31": "0.00000"}}, "cash flow statement": {"Net Income/Loss": {"2019-12-31": "-148.91500", "2018-12-31": "-495.17500", "2017-12-31": "-64.61300", "2016-12-31": "290.72600", "2015-12-31": "256.03600", "2014-12-31": "19.10000", "2013-12-31": "-1.99500", "2012-12-31": "-17.32200", "2011-12-31": "-25.68200"}, "Total Depreciation And Amortization - Cash Flow": {"2019-12-31": "1448.38400", "2018-12-31": "631.98900", "2017-12-31": "947.12000", "2016-12-31": "167.11000", "2015-12-31": "104.44400", "2014-12-31": "0.89400", "2013-12-31": "0.07400", "2012-12-31": "0.06500", "2011-12-31": "0.06200"}, "Other Non-Cash Items": {"2019-12-31": "-1116.53800", "2018-12-31": "413.32300", "2017-12-31": "-226.59900", "2016-12-31": "-91.77500", "2015-12-31": "-5.86500", "2014-12-31": "56.21600", "2013-12-31": "5.17700", "2012-12-31": "4.22400", "2011-12-31": "4.75800"}, "Total Non-Cash Items": {"2019-12-31": "331.84600", "2018-12-31": "1045.31200", "2017-12-31": "720.52100", "2016-12-31": "75.33500", "2015-12-31": "98.57900", "2014-12-31": "57.11000", "2013-12-31": "5.25100", "2012-12-31": "4.28900", "2011-12-31": "4.82000"}, "Change In Accounts Receivable": {"2019-12-31": "", "2018-12-31": "", "2017-12-31": "", "2016-12-31": "", "2015-12-31": "", "2014-12-31": "-54.43900", "2013-12-31": "-9.97600", "2012-12-31": "-7.40200", "2011-12-31": "-2.44100"}, "Change In Inventories": {"2019-12-31": "", "2018-12-31": "", "2017-12-31": "", "2016-12-31": "", "2015-12-31": "", "2014-12-31": "", "2013-12-31": "", "2012-12-31": "", "2011-12-31": ""}, "Change In Accounts Payable": {"2019-12-31": "", "2018-12-31": "", "2017-12-31": "", "2016-12-31": "", "2015-12-31": "", "2014-12-31": "", "2013-12-31": "", "2012-12-31": "", "2011-12-31": ""}, "Change In Assets/Liabilities": {"2019-12-31": "-23.93700", "2018-12-31": "-40.12300", "2017-12-31": "-66.28700", "2016-12-31": "2.05300", "2015-12-31": "1.07200", "2014-12-31": "-10.59600", "2013-12-31": "1.31100", "2012-12-31": "-0.00800", "2011-12-31": "-0.05400"}, "Total Change In Assets/Liabilities": {"2019-12-31": "-3.95200", "2018-12-31": "-40.59300", "2017-12-31": "-77.45600", "2016-12-31": "47.41800", "2015-12-31": "24.37800", "2014-12-31": "-29.48900", "2013-12-31": "-9.61900", "2012-12-31": "-6.53000", "2011-12-31": "-1.96700"}, "Cash Flow From Operating Activities": {"2019-12-31": "170.86800", "2018-12-31": "506.96500", "2017-12-31": "582.54600", "2016-12-31": "405.17200", "2015-12-31": "373.12600", "2014-12-31": "46.72100", "2013-12-31": "-6.36300", "2012-12-31": "-19.56300", "2011-12-31": "-22.82900"}, "Net Change In Property, Plant, And Equipment": {"2019-12-31": "4189.83600", "2018-12-31": "-485.12010", "2017-12-31": "282.68410", "2016-12-31": "-110.27800", "2015-12-31": "-1053.91400", "2014-12-31": "", "2013-12-31": "", "2012-12-31": "", "2011-12-31": "-0.01800"}, "Net Change In Intangible Assets": {"2019-12-31": "", "2018-12-31": "", "2017-12-31": "", "2016-12-31": "", "2015-12-31": "", "2014-12-31": "", "2013-12-31": "", "2012-12-31": "", "2011-12-31": ""}, "Net Acquisitions/Divestitures": {"2019-12-31": "-356.53200", "2018-12-31": "", "2017-12-31": "422.49200", "2016-12-31": "", "2015-12-31": "", "2014-12-31": "", "2013-12-31": "", "2012-12-31": "", "2011-12-31": ""}, "Net Change In Short-term Investments": {"2019-12-31": "", "2018-12-31": "", "2017-12-31": "", "2016-12-31": "", "2015-12-31": "", "2014-12-31": "", "2013-12-31": "", "2012-12-31": "", "2011-12-31": ""}, "Net Change In Long-Term Investments": {"2019-12-31": "-85.42300", "2018-12-31": "-165.54200", "2017-12-31": "299.74800", "2016-12-31": "-294.35800", "2015-12-31": "-357.43100", "2014-12-31": "-43.58200", "2013-12-31": "", "2012-12-31": "", "2011-12-31": ""}, "Net Change In Investments - Total": {"2019-12-31": "-85.42300", "2018-12-31": "-165.54200", "2017-12-31": "299.74800", "2016-12-31": "-294.35800", "2015-12-31": "-357.43100", "2014-12-31": "-43.58200", "2013-12-31": "", "2012-12-31": "", "2011-12-31": ""}, "Investing Activities - Other": {"2019-12-31": "451.05700", "2018-12-31": "382.44900", "2017-12-31": "661.46300", "2016-12-31": "620.09310", "2015-12-31": "-47.46900", "2014-12-31": "", "2013-12-31": "", "2012-12-31": "", "2011-12-31": ""}, "Cash Flow From Investing Activities": {"2019-12-31": "4198.93800", "2018-12-31": "-268.21300", "2017-12-31": "1666.38700", "2016-12-31": "215.45700", "2015-12-31": "-1458.81400", "2014-12-31": "-43.58200", "2013-12-31": "", "2012-12-31": "", "2011-12-31": "-0.01800"}, "Net Long-Term Debt": {"2019-12-31": "-1081.05900", "2018-12-31": "-244.96900", "2017-12-31": "-548.59620", "2016-12-31": "-421.26700", "2015-12-31": "1215.25500", "2014-12-31": "", "2013-12-31": "", "2012-12-31": "", "2011-12-31": ""}, "Net Current Debt": {"2019-12-31": "", "2018-12-31": "", "2017-12-31": "", "2016-12-31": "", "2015-12-31": "", "2014-12-31": "", "2013-12-31": "", "2012-12-31": "", "2011-12-31": ""}, "Debt Issuance/Retirement Net - Total": {"2019-12-31": "-1081.05900", "2018-12-31": "-244.96900", "2017-12-31": "-548.59620", "2016-12-31": "-421.26700", "2015-12-31": "1215.25500", "2014-12-31": "", "2013-12-31": "", "2012-12-31": "", "2011-12-31": ""}, "Net Common Equity Issued/Repurchased": {"2019-12-31": "-10.73400", "2018-12-31": "-347.97300", "2017-12-31": "-305.26200", "2016-12-31": "-2.55700", "2015-12-31": "", "2014-12-31": "", "2013-12-31": "", "2012-12-31": "", "2011-12-31": ""}, "Net Total Equity Issued/Repurchased": {"2019-12-31": "-10.73400", "2018-12-31": "-547.97300", "2017-12-31": "-302.94700", "2016-12-31": "-2.55700", "2015-12-31": "277.94500", "2014-12-31": "", "2013-12-31": "", "2012-12-31": "", "2011-12-31": ""}, "Total Common And Preferred Stock Dividends Paid": {"2019-12-31": "-322.69700", "2018-12-31": "-431.22100", "2017-12-31": "-612.33800", "2016-12-31": "-229.54400", "2015-12-31": "-203.80300", "2014-12-31": "-19.06300", "2013-12-31": "", "2012-12-31": "", "2011-12-31": ""}, "Financial Activities - Other": {"2019-12-31": "-2365.09600", "2018-12-31": "435.75900", "2017-12-31": "99.50000", "2016-12-31": "162.11700", "2015-12-31": "-228.72300", "2014-12-31": "117.99600", "2013-12-31": "7.25700", "2012-12-31": "24.15900", "2011-12-31": "23.62700"}, "Cash Flow From Financial Activities": {"2019-12-31": "-3779.58600", "2018-12-31": "-788.40400", "2017-12-31": "-1364.38100", "2016-12-31": "-491.25100", "2015-12-31": "1060.67400", "2014-12-31": "98.93300", "2013-12-31": "7.25700", "2012-12-31": "24.15900", "2011-12-31": "23.62700"}, "Net Cash Flow": {"2019-12-31": "591.96800", "2018-12-31": "-561.19000", "2017-12-31": "896.03400", "2016-12-31": "124.82400", "2015-12-31": "43.91800", "2014-12-31": "101.66200", "2013-12-31": "0.89400", "2012-12-31": "4.59600", "2011-12-31": "0.78000"}, "Stock-Based Compensation": {"2019-12-31": "39.57300", "2018-12-31": "41.87600", "2017-12-31": "154.42900", "2016-12-31": "13.63800", "2015-12-31": "13.71400", "2014-12-31": "51.51900", "2013-12-31": "5.17700", "2012-12-31": "4.22400", "2011-12-31": "4.75800"}, "Common Stock Dividends Paid": {"2019-12-31": "-214.14900", "2018-12-31": "-310.51900", "2017-12-31": "-482.15600", "2016-12-31": "-181.17200", "2015-12-31": "-165.55900", "2014-12-31": "-19.06300", "2013-12-31": "0.00000", "2012-12-31": "", "2011-12-31": ""}}, "cash flow statement, quarterly": {"Net Income/Loss": {"2020-09-30": -361.23, "2020-06-30": -2718.993, "2020-03-31": "-404.05700", "2019-12-31": 931.728, "2019-09-30": -565.842, "2019-06-30": -484.646, "2019-03-31": "-30.15500", "2018-12-31": -407.695, "2018-09-30": -17.414, "2018-06-30": -42.908, "2018-03-31": "-27.15800", "2017-12-31": -294.584, "2017-09-30": 72.589, "2017-06-30": 105.192, "2017-03-31": "52.19000", "2016-12-31": 24.655, "2016-09-30": 71.904, "2016-06-30": 103.136, "2016-03-31": "91.03100", "2015-12-31": 154.3, "2015-09-30": 41.554, "2015-06-30": 38.212, "2015-03-31": "21.97000", "2014-12-31": 30.908, "2014-09-30": 18.744, "2014-06-30": -22.247, "2014-03-31": "-8.30500", "2013-12-31": 0.869, "2013-09-30": 1.618, "2013-06-30": 12.843, "2012-12-31": 8.36, "2011-12-31": -25.68}, "Total Depreciation And Amortization - Cash Flow": {"2020-09-30": 169.289, "2020-06-30": 656.991, "2020-03-31": "227.65100", "2019-12-31": 547.916, "2019-09-30": 565.831, "2019-06-30": 173.315, "2019-03-31": "161.32200", "2018-12-31": 160.696, "2018-09-30": 156.449, "2018-06-30": 157.257, "2018-03-31": "157.58700", "2017-12-31": 491.639, "2017-09-30": 161.197, "2017-06-30": 156.288, "2017-03-31": "137.99600", "2016-12-31": 44.431, "2016-09-30": 40.979, "2016-06-30": 30.787, "2016-03-31": "50.91300", "2015-12-31": 103.082, "2015-09-30": 0.478, "2015-06-30": 0.429, "2015-03-31": "0.45500", "2014-12-31": 0.397, "2014-09-30": 0.451, "2014-06-30": 0.024, "2014-03-31": "0.02200", "2013-12-31": 0.018, "2013-09-30": 0.018, "2013-06-30": -0.026, "2012-12-31": 0, "2011-12-31": 0.06}, "Other Non-Cash Items": {"2020-09-30": 204.198, "2020-06-30": 2120.743, "2020-03-31": "206.29700", "2019-12-31": -1513.648, "2019-09-30": 40.257, "2019-06-30": 378.559, "2019-03-31": "-21.70600", "2018-12-31": 350.218, "2018-09-30": 17.861, "2018-06-30": 28.662, "2018-03-31": "16.58200", "2017-12-31": -38.326, "2017-09-30": -30.271, "2017-06-30": -59.313, "2017-03-31": "-98.68900", "2016-12-31": 10.799, "2016-09-30": -7.624, "2016-06-30": -35.407, "2016-03-31": "-59.54300", "2015-12-31": -58.956, "2015-09-30": 16.688, "2015-06-30": 18.441, "2015-03-31": "17.96200", "2014-12-31": 16.448, "2014-09-30": 10.685, "2014-06-30": 23.389, "2014-03-31": "5.69400", "2013-12-31": -4.513, "2013-09-30": 1.006, "2013-06-30": 3.507, "2012-12-31": 0, "2011-12-31": 0}, "Total Non-Cash Items": {"2020-09-30": 373.487, "2020-06-30": 2777.734, "2020-03-31": "433.94800", "2019-12-31": -965.732, "2019-09-30": 606.088, "2019-06-30": 551.874, "2019-03-31": "139.61600", "2018-12-31": 510.9139, "2018-09-30": 174.3101, "2018-06-30": 185.919, "2018-03-31": "174.16900", "2017-12-31": 453.313, "2017-09-30": 130.926, "2017-06-30": 96.975, "2017-03-31": "39.30700", "2016-12-31": 55.23, "2016-09-30": 33.355, "2016-06-30": -4.62, "2016-03-31": "-8.63000", "2015-12-31": 44.126, "2015-09-30": 17.166, "2015-06-30": 18.87, "2015-03-31": "18.41700", "2014-12-31": 16.845, "2014-09-30": 11.136, "2014-06-30": 23.413, "2014-03-31": "5.71600", "2013-12-31": -4.495, "2013-09-30": 1.024, "2013-06-30": 3.481, "2012-12-31": 0, "2011-12-31": 0.06}, "Change In Accounts Receivable": {"2020-09-30": 0, "2020-06-30": 0, "2020-03-31": "", "2019-12-31": 0, "2019-09-30": 0, "2019-06-30": 0, "2019-03-31": "", "2018-12-31": 0, "2018-09-30": 0, "2018-06-30": 0, "2018-03-31": "", "2017-12-31": 0, "2017-09-30": 0, "2017-06-30": 0, "2017-03-31": "", "2016-12-31": 0, "2016-09-30": 0, "2016-06-30": 0, "2016-03-31": "", "2015-12-31": 12.289, "2015-09-30": 0.226, "2015-06-30": -6.122, "2015-03-31": "-6.39300", "2014-12-31": 0.347, "2014-09-30": -60.885, "2014-06-30": 10.276, "2014-03-31": "-4.17700", "2013-12-31": 0.08, "2013-09-30": 2.377, "2013-06-30": -2.457, "2012-12-31": 0, "2011-12-31": 0}, "Change In Inventories": {"2020-09-30": 0, "2020-06-30": 0, "2020-03-31": "", "2019-12-31": 0, "2019-09-30": 0, "2019-06-30": 0, "2019-03-31": "", "2018-12-31": 0, "2018-09-30": 0, "2018-06-30": 0, "2018-03-31": "", "2017-12-31": 0, "2017-09-30": 0, "2017-06-30": 0, "2017-03-31": "", "2016-12-31": 0, "2016-09-30": 0, "2016-06-30": 0, "2016-03-31": "", "2015-12-31": 0, "2015-09-30": 0, "2015-06-30": 0, "2015-03-31": "", "2014-12-31": 0, "2014-09-30": 0, "2014-06-30": 0, "2014-03-31": "", "2013-12-31": 0, "2013-09-30": 0, "2013-06-30": 0, "2012-12-31": 0, "2011-12-31": 0}, "Change In Accounts Payable": {"2020-09-30": 0, "2020-06-30": 0, "2020-03-31": "", "2019-12-31": 0, "2019-09-30": 0, "2019-06-30": 0, "2019-03-31": "", "2018-12-31": 0, "2018-09-30": 0, "2018-06-30": 0, "2018-03-31": "", "2017-12-31": 0, "2017-09-30": 0, "2017-06-30": 0, "2017-03-31": "", "2016-12-31": 0, "2016-09-30": 0, "2016-06-30": 0, "2016-03-31": "", "2015-12-31": 0, "2015-09-30": 0, "2015-06-30": 0, "2015-03-31": "", "2014-12-31": 0, "2014-09-30": 0, "2014-06-30": 0, "2014-03-31": "", "2013-12-31": 0, "2013-09-30": 0, "2013-06-30": 0, "2012-12-31": 0, "2011-12-31": 0}, "Change In Assets/Liabilities": {"2020-09-30": -1.037, "2020-06-30": 17.787, "2020-03-31": "-6.40600", "2019-12-31": -7.45, "2019-09-30": -0.136, "2019-06-30": -12.767, "2019-03-31": "-3.58400", "2018-12-31": 9.764, "2018-09-30": 2.675, "2018-06-30": -33.82, "2018-03-31": "-18.74200", "2017-12-31": -20.614, "2017-09-30": -12.268, "2017-06-30": 27.314, "2017-03-31": "-60.71900", "2016-12-31": -0.915, "2016-09-30": -11.365, "2016-06-30": 7.515, "2016-03-31": "6.81800", "2015-12-31": 31.898, "2015-09-30": -10.576, "2015-06-30": -11.14, "2015-03-31": "-9.11000", "2014-12-31": -1.89, "2014-09-30": -1.581, "2014-06-30": -5.846, "2014-03-31": "-1.27900", "2013-12-31": 5.372, "2013-09-30": -5.426, "2013-06-30": 0.054, "2012-12-31": 0, "2011-12-31": 0}, "Total Change In Assets/Liabilities": {"2020-09-30": 36.386, "2020-06-30": 45.007, "2020-03-31": "-87.81300", "2019-12-31": -26.503, "2019-09-30": 55.88, "2019-06-30": 7.46, "2019-03-31": "-40.78900", "2018-12-31": 12.241, "2018-09-30": 26.727, "2018-06-30": -31.622, "2018-03-31": "-47.93900", "2017-12-31": 18.919, "2017-09-30": 15.993, "2017-06-30": -45.069, "2017-03-31": "-67.29900", "2016-12-31": 28.279, "2016-09-30": 2.694, "2016-06-30": 13.753, "2016-03-31": "2.69200", "2015-12-31": 52.829, "2015-09-30": -6.944, "2015-06-30": 9.082, "2015-03-31": "-30.58900", "2014-12-31": 13.573, "2014-09-30": -43.278, "2014-06-30": 5.163, "2014-03-31": "-4.94700", "2013-12-31": -2.9, "2013-09-30": -7.358, "2013-06-30": 7.298, "2012-12-31": -4.55, "2011-12-31": -1.96}, "Cash Flow From Operating Activities": {"2020-09-30": 47.574, "2020-06-30": 101.981, "2020-03-31": "-59.66900", "2019-12-31": -63.722, "2019-09-30": 95.439, "2019-06-30": 72.515, "2019-03-31": "66.63600", "2018-12-31": 113.666, "2018-09-30": 181.919, "2018-06-30": 111.428, "2018-03-31": "99.95200", "2017-12-31": 176.469, "2017-09-30": 224.527, "2017-06-30": 157.43, "2017-03-31": "24.12000", "2016-12-31": 104.453, "2016-09-30": 107.735, "2016-06-30": 112.445, "2016-03-31": "80.53900", "2015-12-31": 245.388, "2015-09-30": 51.776, "2015-06-30": 66.164, "2015-03-31": "9.79800", "2014-12-31": 61.326, "2014-09-30": -13.398, "2014-06-30": 6.329, "2014-03-31": "-7.53600", "2013-12-31": -1.366, "2013-09-30": -4.716, "2013-06-30": 19.762, "2012-12-31": 2.91, "2011-12-31": -22.82}, "Net Change In Property, Plant, And Equipment": {"2020-09-30": -1058.567, "2020-06-30": -10.408, "2020-03-31": "48.45800", "2019-12-31": 5328.63, "2019-09-30": 9.008, "2019-06-30": -174.707, "2019-03-31": "-973.09500", "2018-12-31": -321.815, "2018-09-30": -49.2951, "2018-06-30": 9.82, "2018-03-31": "-123.83000", "2017-12-31": 136.8692, "2017-09-30": -36.0091, "2017-06-30": -546.82, "2017-03-31": "728.64400", "2016-12-31": -81.544, "2016-09-30": -24.779, "2016-06-30": -52.736, "2016-03-31": "48.78100", "2015-12-31": -1053.914, "2015-09-30": 0, "2015-06-30": 0, "2015-03-31": "", "2014-12-31": 0, "2014-09-30": 0, "2014-06-30": 0, "2014-03-31": "", "2013-12-31": 0, "2013-09-30": 0, "2013-06-30": 0, "2012-12-31": 0, "2011-12-31": 0}, "Net Change In Intangible Assets": {"2020-09-30": 0, "2020-06-30": 0, "2020-03-31": "", "2019-12-31": 0, "2019-09-30": 0, "2019-06-30": 0, "2019-03-31": "", "2018-12-31": 0, "2018-09-30": 0, "2018-06-30": 0, "2018-03-31": "", "2017-12-31": 0, "2017-09-30": 0, "2017-06-30": 0, "2017-03-31": "", "2016-12-31": 0, "2016-09-30": 0, "2016-06-30": 0, "2016-03-31": "", "2015-12-31": 0, "2015-09-30": 0, "2015-06-30": 0, "2015-03-31": "", "2014-12-31": 0, "2014-09-30": 0, "2014-06-30": 0, "2014-03-31": "", "2013-12-31": 0, "2013-09-30": 0, "2013-06-30": 0, "2012-12-31": 0, "2011-12-31": 0}, "Net Acquisitions/Divestitures": {"2020-09-30": -32.5, "2020-06-30": 0, "2020-03-31": "", "2019-12-31": -174.594, "2019-09-30": -181.938, "2019-06-30": 0.451, "2019-03-31": "-0.45100", "2018-12-31": 99.656, "2018-09-30": -99.656, "2018-06-30": 68.007, "2018-03-31": "-68.00700", "2017-12-31": 1013.914, "2017-09-30": -568.311, "2017-06-30": 538.136, "2017-03-31": "-561.24700", "2016-12-31": 23.324, "2016-09-30": 0, "2016-06-30": -23.324, "2016-03-31": "", "2015-12-31": 0, "2015-09-30": 0, "2015-06-30": 0, "2015-03-31": "", "2014-12-31": 0, "2014-09-30": 0, "2014-06-30": 0, "2014-03-31": "", "2013-12-31": 0, "2013-09-30": 0, "2013-06-30": 0, "2012-12-31": 0, "2011-12-31": 0}, "Net Change In Short-term Investments": {"2020-09-30": 0, "2020-06-30": 0, "2020-03-31": "", "2019-12-31": 0, "2019-09-30": 0, "2019-06-30": 0, "2019-03-31": "", "2018-12-31": 0, "2018-09-30": 0, "2018-06-30": 0, "2018-03-31": "", "2017-12-31": 0, "2017-09-30": 0, "2017-06-30": 0, "2017-03-31": "", "2016-12-31": 0, "2016-09-30": 0, "2016-06-30": 0, "2016-03-31": "", "2015-12-31": 0, "2015-09-30": 0, "2015-06-30": 0, "2015-03-31": "", "2014-12-31": 0, "2014-09-30": 0, "2014-06-30": 0, "2014-03-31": "", "2013-12-31": 0, "2013-09-30": 0, "2013-06-30": 0, "2012-12-31": 0, "2011-12-31": 0}, "Net Change In Long-Term Investments": {"2020-09-30": -115.969, "2020-06-30": -24.143, "2020-03-31": "102.27100", "2019-12-31": -11.894, "2019-09-30": 29.043, "2019-06-30": -9.786, "2019-03-31": "-92.78600", "2018-12-31": -273.209, "2018-09-30": 52.666, "2018-06-30": 132.741, "2018-03-31": "-77.74000", "2017-12-31": -112.9021, "2017-09-30": 108.7761, "2017-06-30": 58.156, "2017-03-31": "245.71800", "2016-12-31": -144.19, "2016-09-30": -117.636, "2016-06-30": -18.254, "2016-03-31": "-14.27800", "2015-12-31": -321.8, "2015-09-30": 0, "2015-06-30": 0, "2015-03-31": "-35.63100", "2014-12-31": -39.582, "2014-09-30": 0, "2014-06-30": -4, "2014-03-31": "", "2013-12-31": 0, "2013-09-30": 0, "2013-06-30": 0, "2012-12-31": 0, "2011-12-31": 0}, "Net Change In Investments - Total": {"2020-09-30": -115.969, "2020-06-30": -24.143, "2020-03-31": "102.27100", "2019-12-31": -11.894, "2019-09-30": 29.043, "2019-06-30": -9.786, "2019-03-31": "-92.78600", "2018-12-31": -273.209, "2018-09-30": 52.666, "2018-06-30": 132.741, "2018-03-31": "-77.74000", "2017-12-31": -112.9021, "2017-09-30": 108.7761, "2017-06-30": 58.156, "2017-03-31": "245.71800", "2016-12-31": -144.19, "2016-09-30": -117.636, "2016-06-30": -18.254, "2016-03-31": "-14.27800", "2015-12-31": -321.8, "2015-09-30": 0, "2015-06-30": 0, "2015-03-31": "-35.63100", "2014-12-31": -39.582, "2014-09-30": 0, "2014-06-30": -4, "2014-03-31": "", "2013-12-31": -0.19, "2013-09-30": 0, "2013-06-30": 0.01, "2012-12-31": 0, "2011-12-31": -0.01}, "Investing Activities - Other": {"2020-09-30": 110.548, "2020-06-30": -17.805, "2020-03-31": "16.19200", "2019-12-31": -5.537, "2019-09-30": 64.41, "2019-06-30": 250.803, "2019-03-31": "141.38100", "2018-12-31": 145.173, "2018-09-30": 114.91, "2018-06-30": -6.969, "2018-03-31": "129.33500", "2017-12-31": -248.166, "2017-09-30": 937.794, "2017-06-30": -308.836, "2017-03-31": "280.67100", "2016-12-31": 234.3891, "2016-09-30": 170.925, "2016-06-30": 115.893, "2016-03-31": "98.88600", "2015-12-31": -52.122, "2015-09-30": 1.464, "2015-06-30": 0.639, "2015-03-31": "2.55000", "2014-12-31": 0, "2014-09-30": 0, "2014-06-30": 0, "2014-03-31": "", "2013-12-31": 0, "2013-09-30": 0, "2013-06-30": 0, "2012-12-31": 0, "2011-12-31": 0}, "Cash Flow From Investing Activities": {"2020-09-30": -1096.488, "2020-06-30": -52.356, "2020-03-31": "166.92100", "2019-12-31": 5136.605, "2019-09-30": -79.477, "2019-06-30": 66.761, "2019-03-31": "-924.95100", "2018-12-31": -350.195, "2018-09-30": 18.625, "2018-06-30": 203.599, "2018-03-31": "-140.24200", "2017-12-31": 789.715, "2017-09-30": 442.25, "2017-06-30": -259.364, "2017-03-31": "693.78600", "2016-12-31": 31.979, "2016-09-30": 28.51, "2016-06-30": 21.579, "2016-03-31": "133.38900", "2015-12-31": -1427.836, "2015-09-30": 1.464, "2015-06-30": 0.639, "2015-03-31": "-33.08100", "2014-12-31": -39.582, "2014-09-30": 0, "2014-06-30": -4, "2014-03-31": "", "2013-12-31": -0.19, "2013-09-30": 0, "2013-06-30": 0.01, "2012-12-31": 0, "2011-12-31": -0.01}, "Net Long-Term Debt": {"2020-09-30": -596.955, "2020-06-30": -269.16, "2020-03-31": "496.37400", "2019-12-31": -1887.5632, "2019-09-30": 91.4034, "2019-06-30": 43.5829, "2019-03-31": "671.51790", "2018-12-31": 194.8249, "2018-09-30": -123.0239, "2018-06-30": -317.849, "2018-03-31": "1.07900", "2017-12-31": -5.9851, "2017-09-30": -267.978, "2017-06-30": 223.6449, "2017-03-31": "-498.27800", "2016-12-31": 198.42, "2016-09-30": -639.915, "2016-06-30": 183.201, "2016-03-31": "-162.97300", "2015-12-31": 1215.255, "2015-09-30": 0, "2015-06-30": 0, "2015-03-31": "", "2014-12-31": 0, "2014-09-30": 0, "2014-06-30": 0, "2014-03-31": "", "2013-12-31": 0, "2013-09-30": 0, "2013-06-30": 0, "2012-12-31": 0, "2011-12-31": 0}, "Net Current Debt": {"2020-09-30": 0, "2020-06-30": 0, "2020-03-31": "", "2019-12-31": 0, "2019-09-30": 0, "2019-06-30": 0, "2019-03-31": "", "2018-12-31": 0, "2018-09-30": 0, "2018-06-30": 0, "2018-03-31": "", "2017-12-31": 0, "2017-09-30": 0, "2017-06-30": 0, "2017-03-31": "", "2016-12-31": -505, "2016-09-30": 505, "2016-06-30": -152, "2016-03-31": "152.00000", "2015-12-31": 0, "2015-09-30": 0, "2015-06-30": 0, "2015-03-31": "", "2014-12-31": 0, "2014-09-30": 0, "2014-06-30": 0, "2014-03-31": "", "2013-12-31": 0, "2013-09-30": 0, "2013-06-30": 0, "2012-12-31": 0, "2011-12-31": 0}, "Debt Issuance/Retirement Net - Total": {"2020-09-30": -596.955, "2020-06-30": -269.16, "2020-03-31": "496.37400", "2019-12-31": -1887.5632, "2019-09-30": 91.4034, "2019-06-30": 43.5829, "2019-03-31": "671.51790", "2018-12-31": 194.8249, "2018-09-30": -123.0239, "2018-06-30": -317.849, "2018-03-31": "1.07900", "2017-12-31": -5.9851, "2017-09-30": -267.978, "2017-06-30": 223.6449, "2017-03-31": "-498.27800", "2016-12-31": -306.58, "2016-09-30": -134.915, "2016-06-30": 31.201, "2016-03-31": "-10.97300", "2015-12-31": 1215.255, "2015-09-30": 0, "2015-06-30": 0, "2015-03-31": "", "2014-12-31": 0, "2014-09-30": 0, "2014-06-30": 0, "2014-03-31": "", "2013-12-31": 0, "2013-09-30": 0, "2013-06-30": 0, "2012-12-31": 0, "2011-12-31": 0}, "Net Common Equity Issued/Repurchased": {"2020-09-30": 0, "2020-06-30": 0, "2020-03-31": "-24.74900", "2019-12-31": 0, "2019-09-30": 0, "2019-06-30": 0, "2019-03-31": "-10.73400", "2018-12-31": -24.114, "2018-09-30": -2.734, "2018-06-30": -110.851, "2018-03-31": "-210.27400", "2017-12-31": -75.565, "2017-09-30": -56.627, "2017-06-30": -117.061, "2017-03-31": "-56.00900", "2016-12-31": -2.557, "2016-09-30": 2.557, "2016-06-30": -2.557, "2016-03-31": "", "2015-12-31": 17.965, "2015-09-30": -5.218, "2015-06-30": -0.323, "2015-03-31": "-12.42400", "2014-12-31": 0, "2014-09-30": 0, "2014-06-30": 0, "2014-03-31": "", "2013-12-31": 0, "2013-09-30": 0, "2013-06-30": 0, "2012-12-31": 0, "2011-12-31": 0}, "Net Total Equity Issued/Repurchased": {"2020-09-30": 0, "2020-06-30": 0, "2020-03-31": "-427.60400", "2019-12-31": 0, "2019-09-30": 0, "2019-06-30": 0, "2019-03-31": "-10.73400", "2018-12-31": -24.114, "2018-09-30": -202.734, "2018-06-30": -110.851, "2018-03-31": "-210.27400", "2017-12-31": -397.713, "2017-09-30": 248.043, "2017-06-30": -97.268, "2017-03-31": "-56.00900", "2016-12-31": -2.557, "2016-09-30": 2.557, "2016-06-30": -2.557, "2016-03-31": "", "2015-12-31": 295.91, "2015-09-30": -5.218, "2015-06-30": -0.323, "2015-03-31": "-12.42400", "2014-12-31": 0, "2014-09-30": 0, "2014-06-30": 0, "2014-03-31": "", "2013-12-31": 0, "2013-09-30": 0, "2013-06-30": 0, "2012-12-31": 0, "2011-12-31": 0}, "Total Common And Preferred Stock Dividends Paid": {"2020-09-30": -18.516, "2020-06-30": -71.369, "2020-03-31": "-77.44200", "2019-12-31": -80.796, "2019-09-30": -80.791, "2019-06-30": -80.547, "2019-03-31": "-80.56300", "2018-12-31": -81.152, "2018-09-30": -83.309, "2018-06-30": -87.239, "2018-03-31": "-179.52100", "2017-12-31": -178.488, "2017-09-30": -178.056, "2017-06-30": -171.919, "2017-03-31": "-83.87500", "2016-12-31": -57.609, "2016-09-30": -57.609, "2016-06-30": -57.337, "2016-03-31": "-56.98900", "2015-12-31": -145.253, "2015-09-30": -19.515, "2015-06-30": -19.514, "2015-03-31": "-19.52100", "2014-12-31": -19.063, "2014-09-30": 0, "2014-06-30": 0, "2014-03-31": "", "2013-12-31": 0, "2013-09-30": 0, "2013-06-30": 0, "2012-12-31": 0, "2011-12-31": 0}, "Financial Activities - Other": {"2020-09-30": 1308.186, "2020-06-30": 6.157, "2020-03-31": "13.55400", "2019-12-31": -2417.1, "2019-09-30": 15.526, "2019-06-30": -59.976, "2019-03-31": "96.45400", "2018-12-31": 151.302, "2018-09-30": 162.279, "2018-06-30": 152.198, "2018-03-31": "-30.02000", "2017-12-31": -287.602, "2017-09-30": -83.578, "2017-06-30": 86.029, "2017-03-31": "384.65100", "2016-12-31": 105.791, "2016-09-30": 266.029, "2016-06-30": -47.43, "2016-03-31": "-162.27300", "2015-12-31": -228.298, "2015-09-30": -0.425, "2015-06-30": 0, "2015-03-31": "", "2014-12-31": 1.599, "2014-09-30": -0.001, "2014-06-30": 106.821, "2014-03-31": "9.57700", "2013-12-31": 0.455, "2013-09-30": 5.829, "2013-06-30": -23.474, "2012-12-31": 0.9, "2011-12-31": 23.62}, "Cash Flow From Financial Activities": {"2020-09-30": 692.715, "2020-06-30": -334.372, "2020-03-31": "4.88200", "2019-12-31": -4385.459, "2019-09-30": 26.138, "2019-06-30": -96.94, "2019-03-31": "676.67500", "2018-12-31": 240.861, "2018-09-30": -246.788, "2018-06-30": -363.741, "2018-03-31": "-418.73600", "2017-12-31": -869.788, "2017-09-30": -281.569, "2017-06-30": 40.487, "2017-03-31": "-253.51100", "2016-12-31": -260.955, "2016-09-30": 76.062, "2016-06-30": -76.123, "2016-03-31": "-230.23500", "2015-12-31": 1137.614, "2015-09-30": -25.158, "2015-06-30": -19.837, "2015-03-31": "-31.94500", "2014-12-31": -17.464, "2014-09-30": -0.001, "2014-06-30": 106.821, "2014-03-31": "9.57700", "2013-12-31": 0.455, "2013-09-30": 5.829, "2013-06-30": -23.474, "2012-12-31": 0.9, "2011-12-31": 23.62}, "Net Cash Flow": {"2020-09-30": -350.231, "2020-06-30": -283.565, "2020-03-31": "108.48400", "2019-12-31": 695.621, "2019-09-30": 35.286, "2019-06-30": 43.897, "2019-03-31": "-182.83600", "2018-12-31": -0.314, "2018-09-30": -48.216, "2018-06-30": -58.466, "2018-03-31": "-454.19400", "2017-12-31": 97.29, "2017-09-30": 387.593, "2017-06-30": -54.271, "2017-03-31": "465.42200", "2016-12-31": -129.495, "2016-09-30": 212.969, "2016-06-30": 55.904, "2016-03-31": "-14.55400", "2015-12-31": 24.52, "2015-09-30": 27.945, "2015-06-30": 47.029, "2015-03-31": "-55.57600", "2014-12-31": 4.18, "2014-09-30": -13.709, "2014-06-30": 109.15, "2014-03-31": "2.04100", "2013-12-31": -1.121, "2013-09-30": 1.113, "2013-06-30": -3.692, "2012-12-31": 3.81, "2011-12-31": 0.78}, "Stock-Based Compensation": {"2020-09-30": 7.744, "2020-06-30": 10.422, "2020-03-31": "8.24900", "2019-12-31": 14.522, "2019-09-30": 10.122, "2019-06-30": 8.266, "2019-03-31": "6.66300", "2018-12-31": 11.753, "2018-09-30": 8.557, "2018-06-30": 9.397, "2018-03-31": "12.16900", "2017-12-31": 43.125, "2017-09-30": 41.206, "2017-06-30": 37.914, "2017-03-31": "32.18400", "2016-12-31": 3.312, "2016-09-30": 3.484, "2016-06-30": 3.423, "2016-03-31": "3.41900", "2015-12-31": -29.128, "2015-09-30": 14.454, "2015-06-30": 14.9, "2015-03-31": "13.48800", "2014-12-31": 21.233, "2014-09-30": 16.541, "2014-06-30": 8.051, "2014-03-31": "5.69400", "2013-12-31": -4.513, "2013-09-30": 1.006, "2013-06-30": 3.507, "2012-12-31": 0, "2011-12-31": 0}, "Common Stock Dividends Paid": {"2020-09-30": 0, "2020-06-30": -52.853, "2020-03-31": "-53.65700", "2019-12-31": -53.659, "2019-09-30": -53.654, "2019-06-30": -53.41, "2019-03-31": "-53.42600", "2018-12-31": -54.015, "2018-09-30": -53.952, "2018-06-30": -55.852, "2018-03-31": "-146.70000", "2017-12-31": -148.26, "2017-09-30": -149.022, "2017-06-30": -134.15, "2017-03-31": "-50.72400", "2016-12-31": -45.516, "2016-09-30": -45.516, "2016-06-30": -45.244, "2016-03-31": "-44.89600", "2015-12-31": -107.009, "2015-09-30": -19.515, "2015-06-30": -19.514, "2015-03-31": "-19.52100", "2014-12-31": -19.063, "2014-09-30": 0, "2014-06-30": 0, "2014-03-31": "0.00000", "2013-12-31": 0, "2013-09-30": 0, "2013-06-30": 0, "2012-12-31": 0, "2011-12-31": 0}}, "financial ratios": {"Current Ratio": {"2019-12-31": "", "2018-12-31": "", "2017-12-31": "", "2016-12-31": "", "2015-12-31": "", "2014-12-31": "", "2013-12-31": "", "2012-12-31": "", "2011-12-31": ""}, "Long-term Debt / Capital": {"2019-12-31": "0.50160", "2018-12-31": "0.44610", "2017-12-31": "0.46720", "2016-12-31": "0.39810", "2015-12-31": "", "2014-12-31": "", "2013-12-31": "", "2012-12-31": "", "2011-12-31": ""}, "Debt/Equity Ratio": {"2019-12-31": "1.00640", "2018-12-31": "0.80520", "2017-12-31": "0.87680", "2016-12-31": "0.66150", "2015-12-31": "0.56580", "2014-12-31": "", "2013-12-31": "", "2012-12-31": "", "2011-12-31": ""}, "Gross Margin": {"2019-12-31": "", "2018-12-31": "", "2017-12-31": "", "2016-12-31": "", "2015-12-31": "", "2014-12-31": "", "2013-12-31": "", "2012-12-31": "", "2011-12-31": ""}, "Operating Margin": {"2019-12-31": "-59.21800", "2018-12-31": "-34.05050", "2017-12-31": "-23.17210", "2016-12-31": "12.40990", "2015-12-31": "19.36840", "2014-12-31": "8.55550", "2013-12-31": "-2.21820", "2012-12-31": "-34.12460", "2011-12-31": "-196.72160"}, "EBIT Margin": {"2019-12-31": "-59.21800", "2018-12-31": "-34.05050", "2017-12-31": "-23.17210", "2016-12-31": "12.40990", "2015-12-31": "19.36840", "2014-12-31": "8.55550", "2013-12-31": "-2.21820", "2012-12-31": "-34.12460", "2011-12-31": "-196.72160"}, "EBITDA Margin": {"2019-12-31": "3.04180", "2018-12-31": "-7.34980", "2017-12-31": "13.97650", "2016-12-31": "32.33100", "2015-12-31": "32.51640", "2014-12-31": "8.90050", "2013-12-31": "-2.13590", "2012-12-31": "-33.99660", "2011-12-31": "-196.24660"}, "Pre-Tax Profit Margin": {"2019-12-31": "-70.35510", "2018-12-31": "-25.12640", "2017-12-31": "-8.65080", "2016-12-31": "35.22750", "2015-12-31": "31.06110", "2014-12-31": "7.99640", "2013-12-31": "-2.21820", "2012-12-31": "-34.12460", "2011-12-31": "-196.72160"}, "Net Profit Margin": {"2019-12-31": "-49.52850", "2018-12-31": "-26.73110", "2017-12-31": "-13.06480", "2016-12-31": "8.00600", "2015-12-31": "13.52150", "2014-12-31": "7.37050", "2013-12-31": "-2.21820", "2012-12-31": "-34.12460", "2011-12-31": "-196.72160"}, "Asset Turnover": {"2019-12-31": "0.11730", "2018-12-31": "0.10650", "2017-12-31": "0.10290", "2016-12-31": "0.08590", "2015-12-31": "2.11930", "2014-12-31": "0.98210", "2013-12-31": "2.83640", "2012-12-31": "2.50590", "2011-12-31": ""}, "Inventory Turnover Ratio": {"2019-12-31": "", "2018-12-31": "", "2017-12-31": "", "2016-12-31": "", "2015-12-31": "", "2014-12-31": "", "2013-12-31": "", "2012-12-31": "", "2011-12-31": ""}, "Receiveable Turnover": {"2019-12-31": "", "2018-12-31": "", "2017-12-31": "", "2016-12-31": "", "2015-12-31": "", "2014-12-31": "", "2013-12-31": "", "2012-12-31": "", "2011-12-31": ""}, "Days Sales In Receivables": {"2019-12-31": "", "2018-12-31": "", "2017-12-31": "", "2016-12-31": "", "2015-12-31": "", "2014-12-31": "", "2013-12-31": "", "2012-12-31": "", "2011-12-31": ""}, "ROE - Return On Equity": {"2019-12-31": "-20.82410", "2018-12-31": "-5.49100", "2017-12-31": "-1.11760", "2016-12-31": "5.80320", "2015-12-31": "144.86340", "2014-12-31": "9.46730", "2013-12-31": "-7.03260", "2012-12-31": "", "2011-12-31": ""}, "Return On Tangible Equity": {"2019-12-31": "-22.08750", "2018-12-31": "-5.55200", "2017-12-31": "-1.11020", "2016-12-31": "5.88900", "2015-12-31": "144.86340", "2014-12-31": "9.46730", "2013-12-31": "-7.03260", "2012-12-31": "-96.90630", "2011-12-31": ""}, "ROA - Return On Assets": {"2019-12-31": "-8.32340", "2018-12-31": "-2.40720", "2017-12-31": "-0.48440", "2016-12-31": "2.97840", "2015-12-31": "68.30890", "2014-12-31": "7.23840", "2013-12-31": "-6.29160", "2012-12-31": "-85.51120", "2011-12-31": ""}, "ROI - Return On Investment": {"2019-12-31": "-9.21650", "2018-12-31": "-2.65760", "2017-12-31": "-0.51800", "2016-12-31": "3.11520", "2015-12-31": "144.86340", "2014-12-31": "9.46730", "2013-12-31": "-7.03260", "2012-12-31": "-96.90630", "2011-12-31": ""}, "Book Value Per Share": {"2019-12-31": "18.30020", "2018-12-31": "23.02580", "2017-12-31": "22.72890", "2016-12-31": "33.59210", "2015-12-31": "0.93080", "2014-12-31": "1.04560", "2013-12-31": "", "2012-12-31": "", "2011-12-31": ""}, "Operating Cash Flow Per Share": {"2019-12-31": -0.6638, "2018-12-31": -0.0737, "2017-12-31": -1.3682, "2016-12-31": 0.1681, "2015-12-31": 2.0486, "2014-12-31": 0.2792, "2013-12-31": 0.0703, "2012-12-31": -0.1042, "2011-12-31": 0}, "Free Cash Flow Per Share": {"2019-12-31": 9.0486, "2018-12-31": -1.5805, "2017-12-31": -0.1674, "2016-12-31": 5.9773, "2015-12-31": -4.4307, "2014-12-31": 0.2792, "2013-12-31": 0.0703, "2012-12-31": -0.1042, "2011-12-31": 0}}, "financial ratios, quarterly": {"Current Ratio": {"2020-09-30": "", "2020-06-30": "", "2020-03-31": "", "2019-12-31": "", "2019-09-30": "", "2019-06-30": "", "2019-03-31": "", "2018-12-31": "", "2018-09-30": "", "2018-06-30": "", "2018-03-31": "", "2017-12-31": "", "2017-09-30": "", "2017-06-30": "", "2017-03-31": "", "2016-12-31": "", "2016-09-30": "", "2016-06-30": "", "2016-03-31": "", "2015-12-31": "", "2015-09-30": "", "2015-06-30": "", "2015-03-31": "", "2014-12-31": "", "2014-09-30": "", "2014-06-30": "", "2014-03-31": "", "2013-12-31": "", "2013-09-30": "", "2013-06-30": "", "2012-12-31": "", "2011-12-31": ""}, "Long-term Debt / Capital": {"2020-09-30": "0.50880", "2020-06-30": "0.61750", "2020-03-31": "0.52970", "2019-12-31": "0.38200", "2019-09-30": "0.46490", "2019-06-30": "0.45340", "2019-03-31": "0.48850", "2018-12-31": "0.44610", "2018-09-30": "0.46270", "2018-06-30": "0.46740", "2018-03-31": "0.47330", "2017-12-31": "0.46720", "2017-09-30": "0.45370", "2017-06-30": "0.44160", "2017-03-31": "0.43900", "2016-12-31": "0.39810", "2016-09-30": "0.68920", "2016-06-30": "0.71120", "2016-03-31": "0.71660", "2015-12-31": "", "2015-09-30": "", "2015-06-30": "", "2015-03-31": "", "2014-12-31": "", "2014-09-30": "", "2014-06-30": "", "2014-03-31": "", "2013-12-31": "", "2013-09-30": "", "2013-06-30": "", "2012-12-31": "", "2011-12-31": ""}, "Debt/Equity Ratio": {"2020-09-30": "1.03570", "2020-06-30": "1.61470", "2020-03-31": "1.12650", "2019-12-31": "0.61820", "2019-09-30": "0.86870", "2019-06-30": "0.82940", "2019-03-31": "0.95520", "2018-12-31": "0.80520", "2018-09-30": "0.86130", "2018-06-30": "0.87770", "2018-03-31": "0.89850", "2017-12-31": "0.87680", "2017-09-30": "0.83060", "2017-06-30": "0.79090", "2017-03-31": "0.78270", "2016-12-31": "0.66150", "2016-09-30": "2.21760", "2016-06-30": "2.46250", "2016-03-31": "2.52870", "2015-12-31": "0.56580", "2015-09-30": "", "2015-06-30": "", "2015-03-31": "", "2014-12-31": "", "2014-09-30": "", "2014-06-30": "", "2014-03-31": "", "2013-12-31": "", "2013-09-30": "", "2013-06-30": "", "2012-12-31": "", "2011-12-31": ""}, "Gross Margin": {"2020-09-30": "", "2020-06-30": "", "2020-03-31": "", "2019-12-31": "", "2019-09-30": "", "2019-06-30": "", "2019-03-31": "", "2018-12-31": "", "2018-09-30": "", "2018-06-30": "", "2018-03-31": "", "2017-12-31": "", "2017-09-30": "", "2017-06-30": "", "2017-03-31": "", "2016-12-31": "", "2016-09-30": "", "2016-06-30": "", "2016-03-31": "", "2015-12-31": "", "2015-09-30": "", "2015-06-30": "", "2015-03-31": "", "2014-12-31": "", "2014-09-30": "", "2014-06-30": "", "2014-03-31": "", "2013-12-31": "", "2013-09-30": "", "2013-06-30": "", "2012-12-31": "", "2011-12-31": ""}, "Operating Margin": {"2020-09-30": "-43.41990", "2020-06-30": "-580.00730", "2020-03-31": "-98.11750", "2019-12-31": "-67.54910", "2019-09-30": "-164.61950", "2019-06-30": "-24.53200", "2019-03-31": "-13.61040", "2018-12-31": "-81.43130", "2018-09-30": "-17.06490", "2018-06-30": "-19.81000", "2018-03-31": "-27.90730", "2017-12-31": "-96.47680", "2017-09-30": "-2.61710", "2017-06-30": "-1.27000", "2017-03-31": "-17.29410", "2016-12-31": "-1.19680", "2016-09-30": "17.01680", "2016-06-30": "21.27860", "2016-03-31": "12.06340", "2015-12-31": "7.29770", "2015-09-30": "35.07560", "2015-06-30": "42.06700", "2015-03-31": "33.94260", "2014-12-31": "23.09020", "2014-09-30": "30.02210", "2014-06-30": "-68.06900", "2014-03-31": "-35.58570", "2013-12-31": "", "2013-09-30": "18.27630", "2013-06-30": "-6.08430", "2012-12-31": "", "2011-12-31": ""}, "EBIT Margin": {"2020-09-30": "-43.41990", "2020-06-30": "-580.00730", "2020-03-31": "-98.11750", "2019-12-31": "-67.54910", "2019-09-30": "-164.61950", "2019-06-30": "-24.53200", "2019-03-31": "-13.61040", "2018-12-31": "-81.43130", "2018-09-30": "-17.06490", "2018-06-30": "-19.81000", "2018-03-31": "-27.90730", "2017-12-31": "-96.47680", "2017-09-30": "-2.61710", "2017-06-30": "-1.27000", "2017-03-31": "-17.29410", "2016-12-31": "-1.19680", "2016-09-30": "17.01680", "2016-06-30": "21.27860", "2016-03-31": "12.06340", "2015-12-31": "7.29770", "2015-09-30": "35.07560", "2015-06-30": "42.06700", "2015-03-31": "33.94260", "2014-12-31": "23.09020", "2014-09-30": "30.02210", "2014-06-30": "-68.06900", "2014-03-31": "-35.58570", "2013-12-31": "", "2013-09-30": "18.27630", "2013-06-30": "-6.08430", "2012-12-31": "", "2011-12-31": ""}, "EBITDA Margin": {"2020-09-30": "", "2020-06-30": "", "2020-03-31": "", "2019-12-31": "", "2019-09-30": "", "2019-06-30": "", "2019-03-31": "", "2018-12-31": "", "2018-09-30": "", "2018-06-30": "", "2018-03-31": "", "2017-12-31": "", "2017-09-30": "", "2017-06-30": "", "2017-03-31": "", "2016-12-31": "", "2016-09-30": "", "2016-06-30": "", "2016-03-31": "", "2015-12-31": "", "2015-09-30": "", "2015-06-30": "", "2015-03-31": "", "2014-12-31": "", "2014-09-30": "", "2014-06-30": "", "2014-03-31": "", "2013-12-31": "", "2013-09-30": "", "2013-06-30": "", "2012-12-31": "", "2011-12-31": ""}, "Pre-Tax Profit Margin": {"2020-09-30": "-61.30470", "2020-06-30": "-726.37430", "2020-03-31": "-78.06830", "2019-12-31": "-61.29910", "2019-09-30": "-161.94990", "2019-06-30": "-83.97700", "2019-03-31": "-10.08100", "2018-12-31": "-93.16290", "2018-09-30": "-5.11270", "2018-06-30": "-8.31910", "2018-03-31": "-9.01250", "2017-12-31": "-90.77380", "2017-09-30": "7.65900", "2017-06-30": "15.47110", "2017-03-31": "7.13790", "2016-12-31": "14.53520", "2016-09-30": "32.29880", "2016-06-30": "48.22180", "2016-03-31": "45.72710", "2015-12-31": "27.09910", "2015-09-30": "34.89710", "2015-06-30": "42.19540", "2015-03-31": "32.61430", "2014-12-31": "22.19620", "2014-09-30": "29.56490", "2014-06-30": "-68.06900", "2014-03-31": "-35.58570", "2013-12-31": "", "2013-09-30": "18.27630", "2013-06-30": "-6.08430", "2012-12-31": "", "2011-12-31": ""}, "Net Profit Margin": {"2020-09-30": "-64.98230", "2020-06-30": "-548.59740", "2020-03-31": "-71.25590", "2019-12-31": "-3.10350", "2019-09-30": "-154.58300", "2019-06-30": "-81.76810", "2019-03-31": "-18.63180", "2018-12-31": "-81.72070", "2018-09-30": "-11.68730", "2018-06-30": "-15.07840", "2018-03-31": "-10.90710", "2017-12-31": "-77.79390", "2017-09-30": "0.20890", "2017-06-30": "5.67510", "2017-03-31": "-0.85910", "2016-12-31": "-8.06340", "2016-09-30": "10.78810", "2016-06-30": "19.74730", "2016-03-31": "9.03190", "2015-12-31": "1.35580", "2015-09-30": "38.08260", "2015-06-30": "31.91830", "2015-03-31": "23.73780", "2014-12-31": "25.94410", "2014-09-30": "22.31750", "2014-06-30": "-68.06900", "2014-03-31": "-35.58570", "2013-12-31": "", "2013-09-30": "18.27630", "2013-06-30": "-6.08430", "2012-12-31": "", "2011-12-31": ""}, "Asset Turnover": {"2020-09-30": "0.01660", "2020-06-30": "0.02300", "2020-03-31": "0.02650", "2019-12-31": "0.04270", "2019-09-30": "0.01620", "2019-06-30": "0.02530", "2019-03-31": "0.02360", "2018-12-31": "0.02190", "2018-09-30": "0.02680", "2018-06-30": "0.02700", "2018-03-31": "0.02830", "2017-12-31": "0.01910", "2017-09-30": "0.03040", "2017-06-30": "0.02690", "2017-03-31": "0.02440", "2016-12-31": "0.02140", "2016-09-30": "0.25060", "2016-06-30": "0.26670", "2016-03-31": "0.25130", "2015-12-31": "1.26840", "2015-09-30": "0.31150", "2015-06-30": "0.38170", "2015-03-31": "0.36410", "2014-12-31": "0.45150", "2014-09-30": "0.41550", "2014-06-30": "0.21240", "2014-03-31": "", "2013-12-31": "", "2013-09-30": "", "2013-06-30": "", "2012-12-31": "", "2011-12-31": ""}, "Inventory Turnover Ratio": {"2020-09-30": "", "2020-06-30": "", "2020-03-31": "", "2019-12-31": "", "2019-09-30": "", "2019-06-30": "", "2019-03-31": "", "2018-12-31": "", "2018-09-30": "", "2018-06-30": "", "2018-03-31": "", "2017-12-31": "", "2017-09-30": "", "2017-06-30": "", "2017-03-31": "", "2016-12-31": "", "2016-09-30": "", "2016-06-30": "", "2016-03-31": "", "2015-12-31": "", "2015-09-30": "", "2015-06-30": "", "2015-03-31": "", "2014-12-31": "", "2014-09-30": "", "2014-06-30": "", "2014-03-31": "", "2013-12-31": "", "2013-09-30": "", "2013-06-30": "", "2012-12-31": "", "2011-12-31": ""}, "Receiveable Turnover": {"2020-09-30": "", "2020-06-30": "", "2020-03-31": "", "2019-12-31": "", "2019-09-30": "", "2019-06-30": "", "2019-03-31": "", "2018-12-31": "", "2018-09-30": "", "2018-06-30": "", "2018-03-31": "", "2017-12-31": "", "2017-09-30": "", "2017-06-30": "", "2017-03-31": "", "2016-12-31": "", "2016-09-30": "", "2016-06-30": "", "2016-03-31": "", "2015-12-31": "", "2015-09-30": "", "2015-06-30": "", "2015-03-31": "", "2014-12-31": "", "2014-09-30": "", "2014-06-30": "", "2014-03-31": "", "2013-12-31": "", "2013-09-30": "", "2013-06-30": "", "2012-12-31": "", "2011-12-31": ""}, "Days Sales In Receivables": {"2020-09-30": "", "2020-06-30": "", "2020-03-31": "", "2019-12-31": "", "2019-09-30": "", "2019-06-30": "", "2019-03-31": "", "2018-12-31": "", "2018-09-30": "", "2018-06-30": "", "2018-03-31": "", "2017-12-31": "", "2017-09-30": "", "2017-06-30": "", "2017-03-31": "", "2016-12-31": "", "2016-09-30": "", "2016-06-30": "", "2016-03-31": "", "2015-12-31": "", "2015-09-30": "", "2015-06-30": "", "2015-03-31": "", "2014-12-31": "", "2014-09-30": "", "2014-06-30": "", "2014-03-31": "", "2013-12-31": "", "2013-09-30": "", "2013-06-30": "", "2012-12-31": "", "2011-12-31": ""}, "ROE - Return On Equity": {"2020-09-30": "-3.15300", "2020-06-30": "-57.65030", "2020-03-31": "-5.47240", "2019-12-31": "-6.54260", "2019-09-30": "-6.90360", "2019-06-30": "-5.30300", "2019-03-31": "-0.57550", "2018-12-31": "-4.39630", "2018-09-30": "-0.28510", "2018-06-30": "-0.50780", "2018-03-31": "-0.27080", "2017-12-31": "-3.12770", "2017-09-30": "0.62450", "2017-06-30": "0.91080", "2017-03-31": "0.34490", "2016-12-31": "0.49210", "2016-09-30": "34.02180", "2016-06-30": "54.15930", "2016-03-31": "49.06040", "2015-12-31": "87.30190", "2015-09-30": "15.40680", "2015-06-30": "15.28000", "2015-03-31": "9.92510", "2014-12-31": "15.32010", "2014-09-30": "11.15350", "2014-06-30": "-16.75610", "2014-03-31": "", "2013-12-31": "", "2013-09-30": "", "2013-06-30": "", "2012-12-31": "", "2011-12-31": ""}, "Return On Tangible Equity": {"2020-09-30": "-3.07520", "2020-06-30": "-55.89520", "2020-03-31": "-5.76430", "2019-12-31": "-6.93950", "2019-09-30": "-6.87730", "2019-06-30": "-5.36590", "2019-03-31": "-0.58310", "2018-12-31": "-4.44520", "2018-09-30": "-0.28880", "2018-06-30": "-0.51440", "2018-03-31": "-0.26880", "2017-12-31": "-3.10680", "2017-09-30": "0.63690", "2017-06-30": "0.92560", "2017-03-31": "0.34830", "2016-12-31": "0.49940", "2016-09-30": "-30.50540", "2016-06-30": "-39.71660", "2016-03-31": "-34.03910", "2015-12-31": "87.30190", "2015-09-30": "15.40680", "2015-06-30": "15.28000", "2015-03-31": "9.92510", "2014-12-31": "15.32010", "2014-09-30": "11.15350", "2014-06-30": "-16.75610", "2014-03-31": "", "2013-12-31": "", "2013-09-30": "", "2013-06-30": "", "2012-12-31": "", "2011-12-31": ""}, "ROA - Return On Assets": {"2020-09-30": "-0.96740", "2020-06-30": "-16.76080", "2020-03-31": "-2.11130", "2019-12-31": "-2.61510", "2019-09-30": "-2.67360", "2019-06-30": "-2.13670", "2019-03-31": "-0.24310", "2018-12-31": "-1.92730", "2018-09-30": "-0.12850", "2018-06-30": "-0.22210", "2018-03-31": "-0.11570", "2017-12-31": "-1.35560", "2017-09-30": "0.27360", "2017-06-30": "0.41600", "2017-03-31": "0.15910", "2016-12-31": "0.25260", "2016-09-30": "8.49600", "2016-06-30": "12.64680", "2016-03-31": "11.39080", "2015-12-31": "41.16630", "2015-09-30": "11.97420", "2015-06-30": "12.24360", "2015-03-31": "8.72340", "2014-12-31": "11.71340", "2014-09-30": "9.27390", "2014-06-30": "-14.45850", "2014-03-31": "", "2013-12-31": "", "2013-09-30": "", "2013-06-30": "", "2012-12-31": "", "2011-12-31": ""}, "ROI - Return On Investment": {"2020-09-30": "-1.32260", "2020-06-30": "-18.18550", "2020-03-31": "-2.26690", "2019-12-31": "-3.59050", "2019-09-30": "-3.17300", "2019-06-30": "-2.51150", "2019-03-31": "-0.25740", "2018-12-31": "-2.12780", "2018-09-30": "-0.13440", "2018-06-30": "-0.23700", "2018-03-31": "-0.12300", "2017-12-31": "-1.44970", "2017-09-30": "0.29900", "2017-06-30": "0.44590", "2017-03-31": "0.16980", "2016-12-31": "0.26420", "2016-09-30": "10.57370", "2016-06-30": "15.64150", "2016-03-31": "13.90320", "2015-12-31": "87.30190", "2015-09-30": "15.40680", "2015-06-30": "15.28000", "2015-03-31": "9.92510", "2014-12-31": "15.32010", "2014-09-30": "11.15350", "2014-06-30": "-16.75600", "2014-03-31": "", "2013-12-31": "", "2013-09-30": "", "2013-06-30": "", "2012-12-31": "", "2011-12-31": ""}, "Book Value Per Share": {"2020-09-30": "14.18350", "2020-06-30": "11.83210", "2020-03-31": "17.45180", "2019-12-31": "18.30020", "2019-09-30": "20.45190", "2019-06-30": "21.60360", "2019-03-31": "23.10040", "2018-12-31": "23.02580", "2018-09-30": "23.33250", "2018-06-30": "23.21480", "2018-03-31": "23.29660", "2017-12-31": "22.72890", "2017-09-30": "23.68460", "2017-06-30": "23.86820", "2017-03-31": "23.46140", "2016-12-31": "33.59210", "2016-09-30": "1.08830", "2016-06-30": "0.98030", "2016-03-31": "0.95500", "2015-12-31": "0.93080", "2015-09-30": "1.36270", "2015-06-30": "1.26420", "2015-03-31": "1.11760", "2014-12-31": "1.04560", "2014-09-30": "0.89090", "2014-06-30": "0.70400", "2014-03-31": "", "2013-12-31": "", "2013-09-30": "", "2013-06-30": "", "2012-12-31": "", "2011-12-31": ""}, "Operating Cash Flow Per Share": {"2020-09-30": 0.1007, "2020-06-30": 0.2143, "2020-03-31": "-0.12450", "2019-12-31": -0.1327, "2019-09-30": 0.1986, "2019-06-30": 0.1512, "2019-03-31": "0.13920", "2018-12-31": 0.2088, "2018-09-30": 0.3787, "2018-06-30": 0.2443, "2018-03-31": "0.18830", "2017-12-31": 0.3458, "2017-09-30": 0.4143, "2017-06-30": 0.2861, "2017-03-31": "0.04760", "2016-12-31": 0.6378, "2016-09-30": 0.8653, "2016-06-30": 0.467, "2016-03-31": "0.49190", "2015-12-31": 1.6348, "2015-09-30": 0.2672, "2015-06-30": 0.3413, "2015-03-31": "0.05060", "2014-12-31": 0.3207, "2014-09-30": -0.069, "2014-06-30": 0.0337, "2014-03-31": "-0.04010", "2013-12-31": 0.0258, "2013-09-30": -0.025, "2013-06-30": -0.0008, "2012-12-31": 0, "2011-12-31": 0}, "Free Cash Flow Per Share": {"2020-09-30": -2.1433, "2020-06-30": 0.1939, "2020-03-31": "-0.02340", "2019-12-31": 10.9772, "2019-09-30": 0.2201, "2019-06-30": -0.2118, "2019-03-31": "-1.89290", "2018-12-31": -0.4305, "2018-09-30": 0.2752, "2018-06-30": 0.2443, "2018-03-31": "-0.04500", "2017-12-31": 0.6079, "2017-09-30": 0.3487, "2017-06-30": -0.8186, "2017-03-31": "1.48650", "2016-12-31": 0.142, "2016-09-30": 0.7107, "2016-06-30": 0.1493, "2016-03-31": "0.78990", "2015-12-31": -4.8445, "2015-09-30": 0.2672, "2015-06-30": 0.3413, "2015-03-31": "0.05060", "2014-12-31": 0.3207, "2014-09-30": -0.069, "2014-06-30": 0.0337, "2014-03-31": "-0.04010", "2013-12-31": 0.0258, "2013-09-30": -0.025, "2013-06-30": -0.0008, "2012-12-31": 0, "2011-12-31": 0}}, "revenue": {"COLONY CAPITAL, INC Annual Revenue (Millions of US $)": {"2019": "$2,326", "2018": "$2,367", "2017": "$2,550", "2016": "$839", "2015": "$794", "2014": "$259", "2013": "$90", "2012": "$51", "2011": "$13"}, "COLONY CAPITAL, INC Quarterly Revenue (Millions of US $)": {"2020-09-30": "$317", "2020-06-30": "$372", "2020-03-31": "$508", "2019-12-31": "$846", "2019-09-30": "$359", "2019-06-30": "$573", "2019-03-31": "$548", "2018-12-31": "$486", "2018-09-30": "$599", "2018-06-30": "$615", "2018-03-31": "$667", "2017-12-31": "$473", "2017-09-30": "$790", "2017-06-30": "$679", "2017-03-31": "$607", "2016-12-31": "$208", "2016-09-30": "$212", "2016-06-30": "$218", "2016-03-31": "$201", "2015-12-31": "$475", "2015-09-30": "$108", "2015-06-30": "$119", "2015-03-31": "$92", "2014-12-31": "$119", "2014-09-30": "$84", "2014-06-30": "$33", "2014-03-31": "$23", "2013-12-31": "", "2013-09-30": "$9", "2013-06-30": "$39", "2012-12-31": "", "2011-12-31": ""}}, "gross-profit": {"COLONY CAPITAL, INC Annual Gross Profit (Millions of US $)": {"2019": "$1,235", "2018": "$1,216", "2017": "$1,503", "2016": "$720", "2015": "$662", "2014": "$155", "2013": "$33", "2012": "$12", "2011": "$2"}, "COLONY CAPITAL, INC Quarterly Gross Profit (Millions of US $)": {"2020-09-30": "$208", "2020-06-30": "$179", "2020-03-31": "$244", "2019-12-31": "$386", "2019-09-30": "$278", "2019-06-30": "$294", "2019-03-31": "$277", "2018-12-31": "$228", "2018-09-30": "$312", "2018-06-30": "$315", "2018-03-31": "$361", "2017-12-31": "$229", "2017-09-30": "$458", "2017-06-30": "$426", "2017-03-31": "$391", "2016-12-31": "$179", "2016-09-30": "$183", "2016-06-30": "$188", "2016-03-31": "$170", "2015-12-31": "$475", "2015-09-30": "$81", "2015-06-30": "$93", "2015-03-31": "$64", "2014-12-31": "$72", "2014-09-30": "$58", "2014-06-30": "$15", "2014-03-31": "$10", "2013-12-31": "", "2013-09-30": "$7", "2013-06-30": "$9", "2012-12-31": "", "2011-12-31": ""}}, "operating-income": {"COLONY CAPITAL, INC Annual Operating Income (Millions of US $)": {"2019": "$-1,378", "2018": "$-806", "2017": "$-591", "2016": "$104", "2015": "$154", "2014": "$22", "2013": "$-2", "2012": "$-17", "2011": "$-26"}, "COLONY CAPITAL, INC Quarterly Operating Income (Millions of US $)": {"2020-09-30": "$-138", "2020-06-30": "$-2,160", "2020-03-31": "$-498", "2019-12-31": "$-571", "2019-09-30": "$-591", "2019-06-30": "$-141", "2019-03-31": "$-75", "2018-12-31": "$-396", "2018-09-30": "$-102", "2018-06-30": "$-122", "2018-03-31": "$-186", "2017-12-31": "$-456", "2017-09-30": "$-21", "2017-06-30": "$-9", "2017-03-31": "$-105", "2016-12-31": "$-2", "2016-09-30": "$36", "2016-06-30": "$46", "2016-03-31": "$24", "2015-12-31": "$35", "2015-09-30": "$38", "2015-06-30": "$50", "2015-03-31": "$31", "2014-12-31": "$28", "2014-09-30": "$25", "2014-06-30": "$-22", "2014-03-31": "$-8", "2013-12-31": "", "2013-09-30": "$2", "2013-06-30": "$-2", "2012-12-31": "", "2011-12-31": ""}}, "ebitda": {"COLONY CAPITAL, INC Annual EBITDA (Millions of US $)": {"2019": "$71", "2018": "$-174", "2017": "$356", "2016": "$271", "2015": "$258", "2014": "$23", "2013": "$-2", "2012": "$-17", "2011": "$-26"}, "COLONY CAPITAL, INC Quarterly EBITDA (Millions of US $)": {"2020-09-30": "$32", "2020-06-30": "$-1,503", "2020-03-31": "$-270", "2019-12-31": "$-23", "2019-09-30": "$-25", "2019-06-30": "$33", "2019-03-31": "$87", "2018-12-31": "$-235", "2018-09-30": "$54", "2018-06-30": "$35", "2018-03-31": "$-28", "2017-12-31": "$35", "2017-09-30": "$141", "2017-06-30": "$148", "2017-03-31": "$33", "2016-12-31": "$42", "2016-09-30": "$77", "2016-06-30": "$77", "2016-03-31": "$75", "2015-12-31": "$138", "2015-09-30": "$38", "2015-06-30": "$51", "2015-03-31": "$32", "2014-12-31": "$28", "2014-09-30": "$26", "2014-06-30": "$-22", "2014-03-31": "$-8", "2013-12-31": "", "2013-09-30": "$2", "2013-06-30": "$-2", "2012-12-31": "", "2011-12-31": ""}}, "net-income": {"COLONY CAPITAL, INC Annual Net Income (Millions of US $)": {"2019": "$-1,152", "2018": "$-633", "2017": "$-333", "2016": "$67", "2015": "$107", "2014": "$19", "2013": "$-2", "2012": "$-17", "2011": "$-26"}, "COLONY CAPITAL, INC Quarterly Net Income (Millions of US $)": {"2020-09-30": "$-206", "2020-06-30": "$-2,043", "2020-03-31": "$-362", "2019-12-31": "$-26", "2019-09-30": "$-555", "2019-06-30": "$-469", "2019-03-31": "$-102", "2018-12-31": "$-397", "2018-09-30": "$-70", "2018-06-30": "$-93", "2018-03-31": "$-73", "2017-12-31": "$-368", "2017-09-30": "$2", "2017-06-30": "$39", "2017-03-31": "$-5", "2016-12-31": "$-17", "2016-09-30": "$23", "2016-06-30": "$43", "2016-03-31": "$18", "2015-12-31": "$6", "2015-09-30": "$41", "2015-06-30": "$38", "2015-03-31": "$22", "2014-12-31": "$31", "2014-09-30": "$19", "2014-06-30": "$-22", "2014-03-31": "$-8", "2013-12-31": "", "2013-09-30": "$2", "2013-06-30": "$-2", "2012-12-31": "", "2011-12-31": ""}}, "eps-earnings-per-share-diluted": {"COLONY CAPITAL, INC Annual EPS": {"2019": "$-2.41", "2018": "$-1.28", "2017": "$-0.64", "2016": "$0.39", "2015": "$0.65", "2014": "$0.10", "2013": "$-0.01", "2012": "$-0.09", "2011": "$0.00"}, "COLONY CAPITAL, INC Quarterly EPS": {"2020-09-30": "$-0.44", "2020-06-30": "$-4.33", "2020-03-31": "$-0.76", "2019-12-31": "$-0.06", "2019-09-30": "$-1.16", "2019-06-30": "$-0.98", "2019-03-31": "$-0.21", "2018-12-31": "$-0.80", "2018-09-30": "$-0.15", "2018-06-30": "$-0.19", "2018-03-31": "$-0.14", "2017-12-31": "$-0.70", "2017-09-30": "$0.00", "2017-06-30": "$0.07", "2017-03-31": "$-0.01", "2016-12-31": "$-0.10", "2016-09-30": "$0.14", "2016-06-30": "$0.24", "2016-03-31": "$0.11", "2015-12-31": "$0.14", "2015-09-30": "$0.21", "2015-06-30": "$0.19", "2015-03-31": "$0.11", "2014-12-31": "$0.16", "2014-09-30": "$0.10", "2014-06-30": "$-0.12", "2014-03-31": "$-0.04", "2013-12-31": "$0.00", "2013-09-30": "$0.01", "2013-06-30": "$-0.01", "2012-12-31": "$0.00", "2011-12-31": "$0.00"}}, "shares-outstanding": {"COLONY CAPITAL, INC Annual Shares Outstanding (Millions of Shares)": {"2019": "480", "2018": "497", "2017": "533", "2016": "165", "2015": "163", "2014": "190", "2013": "188", "2012": "188", "2011": ""}, "COLONY CAPITAL, INC Quarterly Shares Outstanding (Millions of Shares)": {"2020-09-30": "472", "2020-06-30": "471", "2020-03-31": "479", "2019-12-31": "480", "2019-09-30": "480", "2019-06-30": "479", "2019-03-31": "479", "2018-12-31": "497", "2018-09-30": "485", "2018-06-30": "489", "2018-03-31": "531", "2017-12-31": "533", "2017-09-30": "543", "2017-06-30": "544", "2017-03-31": "506", "2016-12-31": "165", "2016-09-30": "165", "2016-06-30": "201", "2016-03-31": "164", "2015-12-31": "163", "2015-09-30": "194", "2015-06-30": "194", "2015-03-31": "194", "2014-12-31": "190", "2014-09-30": "194", "2014-06-30": "189", "2014-03-31": "188", "2013-12-31": "", "2013-09-30": "189", "2013-06-30": "189", "2012-12-31": "", "2011-12-31": ""}}, "total-assets": {"COLONY CAPITAL, INC Annual Total Assets (Millions of US $)": {"2019": "$19,832", "2018": "$22,215", "2017": "$24,786", "2016": "$9,761", "2015": "$375", "2014": "$264", "2013": "$32", "2012": "$20", "2011": "$0"}, "COLONY CAPITAL, INC Quarterly Total Assets (Millions of US $)": {"2020-09-30": "$19,043", "2020-06-30": "$16,184", "2020-03-31": "$19,160", "2019-12-31": "$19,832", "2019-09-30": "$22,124", "2019-06-30": "$22,659", "2019-03-31": "$23,221", "2018-12-31": "$22,215", "2018-09-30": "$22,305", "2018-06-30": "$22,820", "2018-03-31": "$23,564", "2017-12-31": "$24,786", "2017-09-30": "$25,991", "2017-06-30": "$25,288", "2017-03-31": "$24,910", "2016-12-31": "$9,761", "2016-09-30": "$846", "2016-06-30": "$816", "2016-03-31": "$799", "2015-12-31": "$375", "2015-09-30": "$347", "2015-06-30": "$312", "2015-03-31": "$252", "2014-12-31": "$264", "2014-09-30": "$202", "2014-06-30": "$154", "2014-03-31": "$0", "2013-12-31": "$0", "2013-09-30": "$0", "2013-06-30": "$0", "2012-12-31": "$20", "2011-12-31": "$0"}}, "cash-on-hand": {"COLONY CAPITAL, INC Annual Cash on Hand (Millions of US $)": {"2019": "$1,409", "2018": "$827", "2017": "$1,393", "2016": "$488", "2015": "$121", "2014": "$112", "2013": "$8", "2012": "$7", "2011": "$"}, "COLONY CAPITAL, INC Quarterly Cash on Hand (Millions of US $)": {"2020-09-30": "$826", "2020-06-30": "$1,245", "2020-03-31": "$1,528", "2019-12-31": "$1,296", "2019-09-30": "$713", "2019-06-30": "$690", "2019-03-31": "$648", "2018-12-31": "$827", "2018-09-30": "$831", "2018-06-30": "$879", "2018-03-31": "$938", "2017-12-31": "$1,393", "2017-09-30": "$1,272", "2017-06-30": "$901", "2017-03-31": "$949", "2016-12-31": "$488", "2016-09-30": "$112", "2016-06-30": "$79", "2016-03-31": "$67", "2015-12-31": "$121", "2015-09-30": "$149", "2015-06-30": "$113", "2015-03-31": "$58", "2014-12-31": "$112", "2014-09-30": "$108", "2014-06-30": "$122", "2014-03-31": "", "2013-12-31": "", "2013-09-30": "", "2013-06-30": "", "2012-12-31": "$7", "2011-12-31": ""}}, "long-term-debt": {"COLONY CAPITAL, INC Annual Long Term Debt (Millions of US $)": {"2019": "$8,984", "2018": "$8,975", "2017": "$10,828", "2016": "$3,716", "2015": "$", "2014": "$", "2013": "$", "2012": "$", "2011": "$"}, "COLONY CAPITAL, INC Quarterly Long Term Debt (Millions of US $)": {"2020-09-30": "$7,086", "2020-06-30": "$9,211", "2020-03-31": "$9,453", "2019-12-31": "$5,518", "2019-09-30": "$8,666", "2019-06-30": "$8,740", "2019-03-31": "$10,713", "2018-12-31": "$8,975", "2018-09-30": "$9,868", "2018-06-30": "$9,994", "2018-03-31": "$10,495", "2017-12-31": "$10,828", "2017-09-30": "$10,792", "2017-06-30": "$10,419", "2017-03-31": "$10,250", "2016-12-31": "$3,716", "2016-09-30": "$469", "2016-06-30": "$469", "2016-03-31": "$469", "2015-12-31": "", "2015-09-30": "", "2015-06-30": "", "2015-03-31": "", "2014-12-31": "", "2014-09-30": "", "2014-06-30": "", "2014-03-31": "", "2013-12-31": "", "2013-09-30": "", "2013-06-30": "", "2012-12-31": "", "2011-12-31": ""}}, "total-liabilities": {"COLONY CAPITAL, INC Annual Total Liabilities (Millions of US $)": {"2019": "$10,906", "2018": "$11,069", "2017": "$12,436", "2016": "$4,144", "2015": "$198", "2014": "$62", "2013": "$3", "2012": "$2", "2011": "$0"}, "COLONY CAPITAL, INC Quarterly Total Liabilities (Millions of US $)": {"2020-09-30": "$12,201", "2020-06-30": "$10,479", "2020-03-31": "$10,768", "2019-12-31": "$10,906", "2019-09-30": "$12,149", "2019-06-30": "$12,121", "2019-03-31": "$12,006", "2018-12-31": "$11,069", "2018-09-30": "$10,848", "2018-06-30": "$11,434", "2018-03-31": "$11,884", "2017-12-31": "$12,436", "2017-09-30": "$12,998", "2017-06-30": "$12,115", "2017-03-31": "$11,814", "2016-12-31": "$4,144", "2016-09-30": "$635", "2016-06-30": "$625", "2016-03-31": "$614", "2015-12-31": "$198", "2015-09-30": "$77", "2015-06-30": "$62", "2015-03-31": "$30", "2014-12-31": "$62", "2014-09-30": "$34", "2014-06-30": "$21", "2014-03-31": "$0", "2013-12-31": "", "2013-09-30": "$0", "2013-06-30": "$0", "2012-12-31": "$2", "2011-12-31": "$0"}}, "total-share-holder-equity": {"COLONY CAPITAL, INC Annual Share Holder Equity (Millions of US $)": {"2019": "$8,926", "2018": "$11,146", "2017": "$12,349", "2016": "$5,617", "2015": "$177", "2014": "$202", "2013": "$28", "2012": "$18", "2011": "$0"}, "COLONY CAPITAL, INC Quarterly Share Holder Equity (Millions of US $)": {"2020-09-30": "$6,842", "2020-06-30": "$5,705", "2020-03-31": "$8,392", "2019-12-31": "$8,926", "2019-09-30": "$9,975", "2019-06-30": "$10,537", "2019-03-31": "$11,215", "2018-12-31": "$11,146", "2018-09-30": "$11,458", "2018-06-30": "$11,386", "2018-03-31": "$11,680", "2017-12-31": "$12,349", "2017-09-30": "$12,993", "2017-06-30": "$13,174", "2017-03-31": "$13,096", "2016-12-31": "$5,617", "2016-09-30": "$211", "2016-06-30": "$190", "2016-03-31": "$186", "2015-12-31": "$177", "2015-09-30": "$270", "2015-06-30": "$250", "2015-03-31": "$221", "2014-12-31": "$202", "2014-09-30": "$168", "2014-06-30": "$133", "2014-03-31": "$0", "2013-12-31": "", "2013-09-30": "$0", "2013-06-30": "$0", "2012-12-31": "$18", "2011-12-31": "$0"}}, "profit-margins": {"current": "-146.26%"}, "gross margin": {"2020-09-30": "49.78%", "2020-06-30": "52.13%", "2020-03-31": "52.58%", "2019-12-31": "53.10%", "2019-09-30": "54.78%", "2019-06-30": "50.36%", "2019-03-31": "50.36%", "2018-12-31": "51.37%", "2018-09-30": "51.70%", "2018-06-30": "53.56%", "2018-03-31": "56.50%", "2017-12-31": "59.00%", "2017-09-30": "63.66%", "2017-06-30": "69.11%", "2017-03-31": "75.58%", "2016-12-31": "85.82%", "2016-09-30": "91.86%", "2016-06-30": "91.22%", "2016-03-31": "90.70%", "2015-12-31": "89.80%", "2015-09-30": "70.78%", "2015-06-30": "69.32%", "2015-03-31": "63.72%", "2014-12-31": "59.85%", "2014-06-30": "49.23%", "2014-03-31": "36.62%"}, "operating margin": {"2020-09-30": "-164.81%", "2020-06-30": "-183.21%", "2020-03-31": "-78.78%", "2019-12-31": "-59.24%", "2019-09-30": "-61.19%", "2019-06-30": "-32.37%", "2019-03-31": "-30.92%", "2018-12-31": "-34.05%", "2018-09-30": "-36.79%", "2018-06-30": "-30.84%", "2018-03-31": "-25.76%", "2017-12-31": "-23.19%", "2017-09-30": "-6.00%", "2017-06-30": "-4.69%", "2017-03-31": "-2.01%", "2016-12-31": "12.40%", "2016-09-30": "12.75%", "2016-06-30": "14.27%", "2016-03-31": "16.28%", "2015-12-31": "19.40%", "2015-09-30": "33.56%", "2015-06-30": "32.37%", "2015-03-31": "18.90%", "2014-12-31": "8.88%", "2014-06-30": "-43.08%", "2014-03-31": "-11.27%"}, "ebitda margin": {"2020-09-30": "-86.34%", "2020-06-30": "-87.34%", "2020-03-31": "-12.47%", "2019-12-31": "3.10%", "2019-09-30": "-7.12%", "2019-06-30": "-2.77%", "2019-03-31": "-2.62%", "2018-12-31": "-7.35%", "2018-09-30": "4.08%", "2018-06-30": "7.19%", "2018-03-31": "11.35%", "2017-12-31": "14.01%", "2017-09-30": "15.94%", "2017-06-30": "17.58%", "2017-03-31": "18.39%", "2016-12-31": "32.30%", "2016-09-30": "33.18%", "2016-06-30": "32.73%", "2016-03-31": "33.44%", "2015-12-31": "32.62%", "2015-09-30": "34.02%", "2015-06-30": "33.09%", "2015-03-31": "19.51%", "2014-12-31": "9.27%", "2014-06-30": "-43.08%", "2014-03-31": "-11.27%"}, "pre tax profit margin": {"2020-09-30": "-186.69%", "2020-06-30": "-201.49%", "2020-03-31": "-86.53%", "2019-12-31": "-70.38%", "2019-09-30": "-79.91%", "2019-06-30": "-46.28%", "2019-03-31": "-26.25%", "2018-12-31": "-25.14%", "2018-09-30": "-24.26%", "2018-06-30": "-18.86%", "2018-03-31": "-12.42%", "2017-12-31": "-8.67%", "2017-09-30": "10.42%", "2017-06-30": "14.42%", "2017-03-31": "19.76%", "2016-12-31": "35.16%", "2016-09-30": "35.62%", "2016-06-30": "36.33%", "2016-03-31": "34.22%", "2015-12-31": "31.11%", "2015-09-30": "32.88%", "2015-06-30": "31.64%", "2015-03-31": "17.99%", "2014-12-31": "8.11%", "2014-06-30": "-43.08%", "2014-03-31": "-11.27%"}, "net profit margin": {"2020-09-30": "-129.07%", "2020-06-30": "-143.21%", "2020-03-31": "-61.77%", "2019-12-31": "-49.53%", "2019-09-30": "-77.47%", "2019-06-30": "-47.05%", "2019-03-31": "-29.45%", "2018-12-31": "-26.74%", "2018-09-30": "-25.66%", "2018-06-30": "-20.90%", "2018-03-31": "-15.33%", "2017-12-31": "-13.02%", "2017-09-30": "0.83%", "2017-06-30": "2.34%", "2017-03-31": "3.53%", "2016-12-31": "7.99%", "2016-09-30": "8.14%", "2016-06-30": "10.78%", "2016-03-31": "11.41%", "2015-12-31": "13.48%", "2015-09-30": "30.14%", "2015-06-30": "26.57%", "2015-03-31": "15.24%", "2014-12-31": "7.72%", "2014-06-30": "-43.08%", "2014-03-31": "-11.27%"}, "pe ratio": {"current": "272.00", "2021-02-05": "0.00", "2020-09-30": "0.00", "2020-06-30": "0.00", "2020-03-31": "0.00", "2019-12-31": "0.00", "2019-09-30": "0.00", "2019-06-30": "0.00", "2019-03-31": "0.00", "2018-12-31": "0.00", "2018-09-30": "0.00", "2018-06-30": "0.00", "2018-03-31": "0.00", "2017-12-31": "0.00", "2017-09-30": "0.00", "2017-06-30": "83.20", "2017-03-31": "81.02", "2016-12-31": "46.30", "2016-09-30": "23.06", "2016-06-30": "14.92", "2016-03-31": "12.82", "2015-12-31": "13.15", "2015-09-30": "13.64", "2015-06-30": "20.79", "2015-03-31": "56.11", "2014-12-31": "121.58", "2014-09-30": "0.00", "2014-06-30": "0.00", "2014-03-31": "0.00", "2013-12-31": "1621.74", "2013-09-30": "1570.04"}, "price sales": {"2021-02-05": "1.27", "2020-09-30": "0.64", "2020-06-30": "0.55", "2020-03-31": "0.37", "2019-12-31": "0.92", "2019-09-30": "1.36", "2019-06-30": "0.99", "2019-03-31": "1.02", "2018-12-31": "0.86", "2018-09-30": "1.11", "2018-06-30": "1.07", "2018-03-31": "0.95", "2017-12-31": "1.91", "2017-09-30": "1.91", "2017-06-30": "2.16", "2017-03-31": "2.01", "2016-12-31": "2.10", "2016-09-30": "1.34", "2016-06-30": "1.19", "2016-03-31": "1.42", "2015-12-31": "1.76", "2015-09-30": "4.14", "2015-06-30": "5.61", "2015-03-31": "8.88", "2014-12-31": "10.75", "2014-09-30": "16.20", "2014-06-30": "33.04", "2014-03-31": "47.44", "2013-12-31": "64.47", "2013-09-30": "62.41"}, "price book": {"current": "0.45", "2021-02-05": "0.38", "2020-09-30": "0.19", "2020-06-30": "0.20", "2020-03-31": "0.10", "2019-12-31": "0.24", "2019-09-30": "0.27", "2019-06-30": "0.21", "2019-03-31": "0.20", "2018-12-31": "0.18", "2018-09-30": "0.22", "2018-06-30": "0.22", "2018-03-31": "0.20", "2017-12-31": "0.40", "2017-09-30": "0.42", "2017-06-30": "0.45", "2017-03-31": "0.41", "2016-12-31": "0.30", "2016-09-30": "8.05", "2016-06-30": "7.00", "2016-03-31": "7.92", "2015-12-31": "8.62", "2015-09-30": "6.91", "2015-06-30": "9.54", "2015-03-31": "13.55", "2014-12-31": "13.95", "2014-09-30": "13.30", "2014-06-30": "16.17", "2014-03-31": "0.00", "2013-12-31": "0.00", "2013-09-30": "0.00", "2013-06-30": "0.00", "2012-12-31": "0.00", "2011-12-31": "0.00"}, "price fcf": {"2021-02-05": "", "2020-09-30": "$9.00", "2020-06-30": "$11.37", "2020-03-31": "$10.96", "2019-12-31": "$9.09", "2019-09-30": "$-2.32", "2019-06-30": "$-2.26", "2019-03-31": "$-1.80", "2018-12-31": "$0.04", "2018-09-30": "$1.08", "2018-06-30": "$1.16", "2018-03-31": "$0.09", "2017-12-31": "$1.62", "2017-09-30": "$1.16", "2017-06-30": "$1.52", "2017-03-31": "$2.49", "2016-12-31": "$1.79", "2016-09-30": "$-3.19", "2016-06-30": "$-3.64", "2016-03-31": "$-3.45", "2015-12-31": "$-4.19", "2015-09-30": "$0.98", "2015-06-30": "$0.64", "2015-03-31": "$0.34", "2014-12-31": "$0.25", "2014-09-30": "$-0.05", "2014-06-30": "$-0.01", "2014-03-31": "$-0.04", "2013-12-31": "0", "2013-09-30": "$-0.03"}, "net worth": {"value": "$2.62B"}, "current ratio": {"2020-09-30": "2.72", "2020-06-30": "3.04", "2020-03-31": "3.72", "2019-12-31": "3.23", "2019-09-30": "2.35", "2019-06-30": "2.13", "2019-03-31": "0.00", "2018-12-31": "3.92", "2018-09-30": "4.07", "2018-06-30": "0.00", "2018-03-31": "3.68", "2017-12-31": "5.14", "2017-09-30": "4.64", "2017-06-30": "5.07", "2017-03-31": "5.18", "2016-12-31": "13.66", "2016-09-30": "3.74", "2016-06-30": "3.50", "2016-03-31": "4.29", "2015-12-31": "1.13", "2015-09-30": "3.39", "2015-06-30": "3.66", "2015-03-31": "5.89", "2014-12-31": "3.87", "2014-09-30": "5.47", "2014-06-30": "6.58", "2014-03-31": "0.00", "2013-12-31": "0.00", "2013-09-30": "0.00", "2013-06-30": "0.00", "2012-12-31": "8.48", "2011-12-31": "0.00"}, "quick ratio": {"2020-09-30": "0.00", "2020-06-30": "0.00", "2020-03-31": "0.00", "2019-12-31": "0.00", "2019-09-30": "0.00", "2019-06-30": "0.00", "2019-03-31": "0.00", "2018-12-31": "0.00", "2018-09-30": "0.00", "2018-06-30": "0.00", "2018-03-31": "0.00", "2017-12-31": "0.00", "2017-09-30": "0.00", "2017-06-30": "0.00", "2017-03-31": "0.00", "2016-12-31": "0.00", "2016-09-30": "0.00", "2016-06-30": "0.00", "2016-03-31": "0.00", "2015-12-31": "0.00", "2015-09-30": "0.00", "2015-06-30": "0.00", "2015-03-31": "0.00", "2014-12-31": "0.00", "2014-09-30": "0.00", "2014-06-30": "0.00", "2014-03-31": "0.00", "2013-12-31": "0.00", "2013-09-30": "0.00", "2013-06-30": "0.00", "2012-12-31": "0.00", "2011-12-31": "0.00"}, "debt equity ratio": {"current": "1.21", "2020-09-30": "1.78", "2020-06-30": "1.84", "2020-03-31": "1.28", "2019-12-31": "1.22", "2019-09-30": "1.22", "2019-06-30": "1.15", "2019-03-31": "1.07", "2018-12-31": "0.99", "2018-09-30": "0.95", "2018-06-30": "1.00", "2018-03-31": "1.02", "2017-12-31": "1.01", "2017-09-30": "1.00", "2017-06-30": "0.92", "2017-03-31": "0.90", "2016-12-31": "0.74", "2016-09-30": "3.00", "2016-06-30": "3.28", "2016-03-31": "3.31", "2015-12-31": "1.12", "2015-09-30": "0.29", "2015-06-30": "0.25", "2015-03-31": "0.14", "2014-12-31": "0.31", "2014-09-30": "0.20", "2014-06-30": "0.16", "2014-03-31": "0.00", "2013-12-31": "0.00", "2013-09-30": "0.00", "2013-06-30": "0.00", "2012-12-31": "0.13", "2011-12-31": "0.00"}, "return on equity": {"2020-09-30": "-35.32%", "2020-06-30": "-36.20%", "2020-03-31": "-14.93%", "2019-12-31": "-11.33%", "2019-09-30": "-14.21%", "2019-06-30": "-9.36%", "2019-03-31": "-5.86%", "2018-12-31": "-5.54%", "2018-09-30": "-5.15%", "2018-06-30": "-4.40%", "2018-03-31": "-3.19%", "2017-12-31": "-2.57%", "2017-09-30": "0.17%", "2017-06-30": "0.50%", "2017-03-31": "0.92%", "2016-12-31": "4.32%", "2016-09-30": "47.12%", "2016-06-30": "52.49%", "2016-03-31": "46.66%", "2015-12-31": "46.62%", "2015-09-30": "55.99%", "2015-06-30": "52.32%", "2015-03-31": "27.62%", "2014-12-31": "15.90%", "2014-06-30": "-84.21%", "2014-03-31": "inf%"}, "return on assets": {"2020-09-30": "-14.21%", "2020-06-30": "-15.45%", "2020-03-31": "-6.74%", "2019-12-31": "-5.25%", "2019-09-30": "-6.75%", "2019-06-30": "-4.59%", "2019-03-31": "-2.92%", "2018-12-31": "-2.79%", "2018-09-30": "-2.58%", "2018-06-30": "-2.19%", "2018-03-31": "-1.61%", "2017-12-31": "-1.32%", "2017-09-30": "0.09%", "2017-06-30": "0.26%", "2017-03-31": "0.48%", "2016-12-31": "2.19%", "2016-09-30": "12.69%", "2016-06-30": "18.49%", "2016-03-31": "22.48%", "2015-12-31": "33.28%", "2015-09-30": "44.94%", "2015-06-30": "42.72%", "2015-03-31": "22.94%", "2014-12-31": "12.90%", "2014-06-30": "-72.73%", "2014-03-31": "inf%"}, "return on investments": {"2020-09-30": "-22.03%", "2020-06-30": "-23.21%", "2020-03-31": "-10.26%", "2019-12-31": "-7.42%", "2019-09-30": "-6.02%", "2019-06-30": "-3.46%", "2019-03-31": "-3.28%", "2018-12-31": "-3.79%", "2018-09-30": "-3.93%", "2018-06-30": "-3.47%", "2018-03-31": "-2.90%", "2017-12-31": "-2.52%", "2017-09-30": "-0.68%", "2017-06-30": "-0.56%", "2017-03-31": "-0.29%", "2016-12-31": "3.67%", "2016-09-30": "28.28%", "2016-06-30": "43.53%", "2016-03-31": "89.77%", "2015-12-31": "inf%", "2015-09-30": "inf%", "2015-06-30": "inf%", "2015-03-31": "inf%", "2014-12-31": "inf%", "2014-06-30": "inf%", "2014-03-31": "inf%"}, "return on tangible equity": {"2020-09-30": "-41.63%", "2020-06-30": "-42.74%", "2020-03-31": "-17.59%", "2019-12-31": "-13.25%", "2019-09-30": "-16.49%", "2019-06-30": "-10.85%", "2019-03-31": "-6.77%", "2018-12-31": "-6.40%", "2018-09-30": "-5.93%", "2018-06-30": "-5.07%", "2018-03-31": "-3.68%", "2017-12-31": "-2.97%", "2017-09-30": "0.20%", "2017-06-30": "0.58%", "2017-03-31": "1.11%", "2016-12-31": "6.42%", "2016-09-30": "-61.43%", "2016-06-30": "-540.00%", "2016-03-31": "95.81%", "2015-12-31": "46.62%", "2015-09-30": "55.99%", "2015-06-30": "52.32%", "2015-03-31": "27.62%", "2014-12-31": "15.90%", "2014-06-30": "-84.21%", "2014-03-31": "inf%"}, "dividend yield history": {"last payout": "$0.00", "last yield": "0.00%"}}