{"ticker": "CXP", "price": {"title": "Columbia Property Trust Historical Annual Stock Price Data", "value": 14.08, "historical": {"2020": {"Average Stock Price": "14.1135", "Year Open": "20.6900", "Year High": "22.4700", "Year Low": "8.0000", "Year Close": "14.3400", "Annual % Change": "-31.42%"}, "2019": {"Average Stock Price": "21.4029", "Year Open": "18.7300", "Year High": "23.0900", "Year Low": "18.7300", "Year Close": "20.9100", "Annual % Change": "8.06%"}, "2018": {"Average Stock Price": "21.9122", "Year Open": "22.7200", "Year High": "24.2300", "Year Low": "18.1300", "Year Close": "19.3500", "Annual % Change": "-15.69%"}, "2017": {"Average Stock Price": "22.0617", "Year Open": "21.5800", "Year High": "23.4300", "Year Low": "20.6200", "Year Close": "22.9500", "Annual % Change": "6.25%"}, "2016": {"Average Stock Price": "21.9694", "Year Open": "23.0000", "Year High": "24.6300", "Year Low": "19.8100", "Year Close": "21.6000", "Annual % Change": "-8.01%"}, "2015": {"Average Stock Price": "24.9216", "Year Open": "25.7500", "Year High": "27.6700", "Year Low": "21.1600", "Year Close": "23.4800", "Annual % Change": "-7.38%"}, "2014": {"Average Stock Price": "25.7261", "Year Open": "24.7000", "Year High": "29.1300", "Year Low": "23.1200", "Year Close": "25.3500", "Annual % Change": "1.40%"}, "2013": {"Average Stock Price": "23.1716", "Year Open": "22.6000", "Year High": "25.0700", "Year Low": "22.1600", "Year Close": "25.0000", "Annual % Change": "0.00%"}}}, "market cap": {"value": "$1.61B"}, "income statement": {"Revenue": {"2019-12-31": "288.83700", "2018-12-31": "297.94300", "2017-12-31": "289.00000", "2016-12-31": "473.54300", "2015-12-31": "566.06500", "2014-12-31": "540.79700", "2013-12-31": "526.57800", "2012-12-31": "494.27100", "2011-12-31": "492.88700", "2010-12-31": "510.51400", "2009-12-31": "547.91500", "2008-12-31": "533.50900", "2007-12-31": "433.15000", "2006-12-31": "327.71600", "2005-12-31": "164.45400"}, "Cost Of Goods Sold": {"2019-12-31": "93.90400", "2018-12-31": "89.66700", "2017-12-31": "90.81200", "2016-12-31": "175.06900", "2015-12-31": "209.50900", "2014-12-31": "184.77200", "2013-12-31": "179.26300", "2012-12-31": "197.35700", "2011-12-31": "191.68400", "2010-12-31": "202.75900", "2009-12-31": "215.04700", "2008-12-31": "219.85300", "2007-12-31": "188.34500", "2006-12-31": "135.87900", "2005-12-31": "59.44200"}, "Gross Profit": {"2019-12-31": "194.93300", "2018-12-31": "208.27600", "2017-12-31": "198.18800", "2016-12-31": "298.47400", "2015-12-31": "356.55600", "2014-12-31": "356.02500", "2013-12-31": "347.31500", "2012-12-31": "296.91400", "2011-12-31": "301.20300", "2010-12-31": "307.75500", "2009-12-31": "332.86800", "2008-12-31": "313.65600", "2007-12-31": "244.80500", "2006-12-31": "191.83700", "2005-12-31": "105.01200"}, "Research And Development Expenses": {"2019-12-31": "", "2018-12-31": "", "2017-12-31": "", "2016-12-31": "", "2015-12-31": "", "2014-12-31": "", "2013-12-31": "", "2012-12-31": "", "2011-12-31": "", "2010-12-31": "", "2009-12-31": "", "2008-12-31": "", "2007-12-31": "", "2006-12-31": "", "2005-12-31": ""}, "SG&A Expenses": {"2019-12-31": "36.34600", "2018-12-31": "36.08700", "2017-12-31": "36.42000", "2016-12-31": "33.87600", "2015-12-31": "29.68300", "2014-12-31": "31.27500", "2013-12-31": "61.86600", "2012-12-31": "24.61300", "2011-12-31": "21.01700", "2010-12-31": "23.21600", "2009-12-31": "31.21800", "2008-12-31": "23.85600", "2007-12-31": "18.58000", "2006-12-31": "12.15600", "2005-12-31": "9.05600"}, "Other Operating Income Or Expenses": {"2019-12-31": "-43.94100", "2018-12-31": "-30.81200", "2017-12-31": "", "2016-12-31": "0.00000", "2015-12-31": "-3.67500", "2014-12-31": "-39.27200", "2013-12-31": "-4.06000", "2012-12-31": "-1.87600", "2011-12-31": "-11.23900", "2010-12-31": "-10.77900", "2009-12-31": "-19.18300", "2008-12-31": "", "2007-12-31": "", "2006-12-31": "", "2005-12-31": ""}, "Operating Expenses": {"2019-12-31": "286.78900", "2018-12-31": "270.91500", "2017-12-31": "240.02900", "2016-12-31": "374.26300", "2015-12-31": "461.48500", "2014-12-31": "451.92800", "2013-12-31": "432.00400", "2012-12-31": "409.00200", "2011-12-31": "416.56600", "2010-12-31": "432.90400", "2009-12-31": "473.72100", "2008-12-31": "458.03000", "2007-12-31": "383.75400", "2006-12-31": "280.01300", "2005-12-31": "136.21300"}, "Operating Income": {"2019-12-31": "2.04800", "2018-12-31": "27.02800", "2017-12-31": "48.97100", "2016-12-31": "99.28000", "2015-12-31": "104.58000", "2014-12-31": "88.86900", "2013-12-31": "94.57400", "2012-12-31": "85.26900", "2011-12-31": "76.32100", "2010-12-31": "77.61000", "2009-12-31": "74.19400", "2008-12-31": "75.47900", "2007-12-31": "49.39600", "2006-12-31": "47.70300", "2005-12-31": "28.24100"}, "Total Non-Operating Income/Expense": {"2019-12-31": "-42.99700", "2018-12-31": "-25.50300", "2017-12-31": "-51.31200", "2016-12-31": "-79.31800", "2015-12-31": "-82.30100", "2014-12-31": "-68.83000", "2013-12-31": "-68.25400", "2012-12-31": "-63.25500", "2011-12-31": "-44.76900", "2010-12-31": "-58.01600", "2009-12-31": "-31.97700", "2008-12-31": "-98.16000", "2007-12-31": "-53.57400", "2006-12-31": "-36.82300", "2005-12-31": "-15.76100"}, "Pre-Tax Income": {"2019-12-31": "-40.94900", "2018-12-31": "1.52500", "2017-12-31": "-2.34100", "2016-12-31": "19.96200", "2015-12-31": "22.27900", "2014-12-31": "20.03900", "2013-12-31": "26.32000", "2012-12-31": "22.01400", "2011-12-31": "31.55200", "2010-12-31": "19.59400", "2009-12-31": "42.21700", "2008-12-31": "-22.68100", "2007-12-31": "-4.17800", "2006-12-31": "10.88000", "2005-12-31": "12.48000"}, "Income Taxes": {"2019-12-31": "0.02100", "2018-12-31": "0.03700", "2017-12-31": "-0.21300", "2016-12-31": "0.44500", "2015-12-31": "0.37800", "2014-12-31": "0.66200", "2013-12-31": "0.50000", "2012-12-31": "0.57200", "2011-12-31": "-0.39000", "2010-12-31": "-0.22600", "2009-12-31": "0.26500", "2008-12-31": "0.84400", "2007-12-31": "0.46000", "2006-12-31": "-0.38800", "2005-12-31": "-0.04100"}, "Income After Taxes": {"2019-12-31": "-40.97000", "2018-12-31": "1.48800", "2017-12-31": "-2.12800", "2016-12-31": "19.51700", "2015-12-31": "21.90100", "2014-12-31": "19.37700", "2013-12-31": "25.82000", "2012-12-31": "21.44200", "2011-12-31": "31.94200", "2010-12-31": "19.82000", "2009-12-31": "41.95200", "2008-12-31": "-23.52500", "2007-12-31": "-4.63800", "2006-12-31": "11.26800", "2005-12-31": "12.52100"}, "Other Income": {"2019-12-31": "", "2018-12-31": "", "2017-12-31": "", "2016-12-31": "", "2015-12-31": "", "2014-12-31": "", "2013-12-31": "", "2012-12-31": "", "2011-12-31": "", "2010-12-31": "", "2009-12-31": "", "2008-12-31": "", "2007-12-31": "", "2006-12-31": "", "2005-12-31": ""}, "Income From Continuous Operations": {"2019-12-31": "9.06400", "2018-12-31": "9.49100", "2017-12-31": "176.04100", "2016-12-31": "84.28100", "2015-12-31": "44.61900", "2014-12-31": "94.65200", "2013-12-31": "25.82000", "2012-12-31": "21.44200", "2011-12-31": "31.94200", "2010-12-31": "19.82000", "2009-12-31": "41.95200", "2008-12-31": "-23.52500", "2007-12-31": "-4.63800", "2006-12-31": "11.26800", "2005-12-31": "12.52100"}, "Income From Discontinued Operations": {"2019-12-31": "", "2018-12-31": "", "2017-12-31": "", "2016-12-31": "", "2015-12-31": "", "2014-12-31": "-2.01700", "2013-12-31": "-10.10000", "2012-12-31": "26.60100", "2011-12-31": "24.71400", "2010-12-31": "3.52000", "2009-12-31": "-1.20500", "2008-12-31": "0.67900", "2007-12-31": "", "2006-12-31": "", "2005-12-31": ""}, "Net Income": {"2019-12-31": "9.19700", "2018-12-31": "9.49100", "2017-12-31": "176.04100", "2016-12-31": "83.96700", "2015-12-31": "44.61900", "2014-12-31": "92.63500", "2013-12-31": "15.72000", "2012-12-31": "48.03900", "2011-12-31": "56.64200", "2010-12-31": "23.26600", "2009-12-31": "40.59400", "2008-12-31": "-22.67800", "2007-12-31": "-4.66800", "2006-12-31": "11.26800", "2005-12-31": "12.52100"}, "EBITDA": {"2019-12-31": "103.88600", "2018-12-31": "138.22400", "2017-12-31": "161.27200", "2016-12-31": "260.35300", "2015-12-31": "314.07000", "2014-12-31": "280.84700", "2013-12-31": "299.03900", "2012-12-31": "306.05800", "2011-12-31": "318.90000", "2010-12-31": "304.52800", "2009-12-31": "300.69600", "2008-12-31": "296.54200", "2007-12-31": "239.19500", "2006-12-31": "192.67200", "2005-12-31": "99.89200"}, "EBIT": {"2019-12-31": "2.04800", "2018-12-31": "27.02800", "2017-12-31": "48.97100", "2016-12-31": "99.28000", "2015-12-31": "104.58000", "2014-12-31": "88.86900", "2013-12-31": "94.57400", "2012-12-31": "85.26900", "2011-12-31": "76.32100", "2010-12-31": "77.61000", "2009-12-31": "74.19400", "2008-12-31": "75.47900", "2007-12-31": "49.39600", "2006-12-31": "47.70300", "2005-12-31": "28.24100"}, "Basic Shares Outstanding": {"2019-12-31": "116.26100", "2018-12-31": "117.88800", "2017-12-31": "120.79500", "2016-12-31": "123.13000", "2015-12-31": "124.75700", "2014-12-31": "124.86000", "2013-12-31": "134.08500", "2012-12-31": "136.67200", "2011-12-31": "135.68000", "2010-12-31": "524.84800", "2009-12-31": "467.92200", "2008-12-31": "407.05100", "2007-12-31": "328.61500", "2006-12-31": "237.37300", "2005-12-31": "139.68000"}, "Shares Outstanding": {"2019-12-31": "116.45800", "2018-12-31": "118.31100", "2017-12-31": "121.15900", "2016-12-31": "123.22800", "2015-12-31": "124.84700", "2014-12-31": "124.91800", "2013-12-31": "134.08500", "2012-12-31": "136.67200", "2011-12-31": "135.68000", "2010-12-31": "524.84800", "2009-12-31": "467.92200", "2008-12-31": "407.05100", "2007-12-31": "328.61500", "2006-12-31": "237.37300", "2005-12-31": "139.68000"}, "Basic EPS": {"2019-12-31": "0.08000", "2018-12-31": "0.08000", "2017-12-31": "1.45000", "2016-12-31": "0.68000", "2015-12-31": "0.36000", "2014-12-31": "0.74000", "2013-12-31": "0.12000", "2012-12-31": "0.35000", "2011-12-31": "0.42000", "2010-12-31": "0.04000", "2009-12-31": "0.09000", "2008-12-31": "-0.06000", "2007-12-31": "-0.01000", "2006-12-31": "0.05000", "2005-12-31": "0.09000"}, "EPS - Earnings Per Share": {"2019-12-31": "0.08000", "2018-12-31": "0.08000", "2017-12-31": "1.45000", "2016-12-31": "0.68000", "2015-12-31": "0.36000", "2014-12-31": "0.74000", "2013-12-31": "0.12000", "2012-12-31": "0.35000", "2011-12-31": "0.42000", "2010-12-31": "0.04000", "2009-12-31": "0.09000", "2008-12-31": "-0.06000", "2007-12-31": "-0.01000", "2006-12-31": "0.05000", "2005-12-31": "0.09000"}}, "income statement, quarterly": {"Revenue": {"2020-09-30": "82.08400", "2020-06-30": "79.37100", "2020-03-31": "76.25400", "2019-12-31": "68.72500", "2019-09-30": "71.94900", "2019-06-30": "72.73000", "2019-03-31": "75.43300", "2018-12-31": "75.52300", "2018-09-30": "73.34000", "2018-06-30": "75.37000", "2018-03-31": "73.71000", "2017-12-31": "71.62500", "2017-09-30": "60.36200", "2017-06-30": "74.85700", "2017-03-31": "82.15600", "2016-12-31": "105.76800", "2016-09-30": "113.26600", "2016-06-30": "127.93000", "2016-03-31": "126.57900", "2015-12-31": "132.67900", "2015-09-30": "137.71900", "2015-06-30": "148.12400", "2015-03-31": "147.54300", "2014-12-31": "137.89100", "2014-09-30": "136.98100", "2014-06-30": "136.75700", "2014-03-31": "129.16800", "2013-12-31": "133.38700", "2013-09-30": "132.50200", "2013-06-30": "131.89700", "2013-03-31": "128.79200", "2012-12-31": "67.25200", "2012-09-30": "144.70800", "2012-06-30": "140.97100", "2012-03-31": "141.34000", "2011-12-31": "38.89000", "2011-09-30": "157.14400", "2011-06-30": "152.89400", "2011-03-31": "143.95900", "2010-12-31": "90.27100", "2010-09-30": "144.58000", "2010-06-30": "140.08900", "2010-03-31": "135.57400", "2009-12-31": "133.13100", "2009-09-30": "137.79400", "2009-06-30": "139.65300", "2009-03-31": "137.33700", "2008-12-31": "142.18800", "2008-09-30": "141.24800", "2008-06-30": "127.90100", "2008-03-31": "122.17200", "2007-12-31": "118.43700", "2007-09-30": "110.80500", "2007-06-30": "105.48600", "2007-03-31": "98.42200", "2006-12-31": "94.98400", "2006-09-30": "80.15900", "2006-06-30": "79.00500", "2006-03-31": "73.56800", "2005-12-31": "54.09500", "2005-09-30": "44.33300", "2005-06-30": "35.78100", "2005-03-31": "30.24500"}, "Cost Of Goods Sold": {"2020-09-30": "22.02100", "2020-06-30": "30.45100", "2020-03-31": "22.69700", "2019-12-31": "22.78400", "2019-09-30": "23.24900", "2019-06-30": "22.75000", "2019-03-31": "24.49200", "2018-12-31": "22.53600", "2018-09-30": "21.20600", "2018-06-30": "22.65500", "2018-03-31": "23.27000", "2017-12-31": "23.50700", "2017-09-30": "18.75500", "2017-06-30": "22.10000", "2017-03-31": "26.45000", "2016-12-31": "39.01700", "2016-09-30": "44.43400", "2016-06-30": "45.62100", "2016-03-31": "45.99700", "2015-12-31": "48.69300", "2015-09-30": "52.34100", "2015-06-30": "53.73300", "2015-03-31": "54.74200", "2014-12-31": "50.30100", "2014-09-30": "46.86500", "2014-06-30": "44.19600", "2014-03-31": "43.41000", "2013-12-31": "44.97800", "2013-09-30": "44.71500", "2013-06-30": "42.41900", "2013-03-31": "47.15100", "2012-12-31": "29.78500", "2012-09-30": "58.37500", "2012-06-30": "54.34100", "2012-03-31": "54.85600", "2011-12-31": "17.99800", "2011-09-30": "59.94300", "2011-06-30": "58.37900", "2011-03-31": "55.36400", "2010-12-31": "37.21400", "2010-09-30": "56.61000", "2010-06-30": "55.05400", "2010-03-31": "53.88100", "2009-12-31": "46.84300", "2009-09-30": "56.29600", "2009-06-30": "56.07000", "2009-03-31": "55.83800", "2008-12-31": "54.45800", "2008-09-30": "58.54100", "2008-06-30": "53.59500", "2008-03-31": "53.25900", "2007-12-31": "52.72900", "2007-09-30": "48.31600", "2007-06-30": "45.00200", "2007-03-31": "42.29800", "2006-12-31": "38.76200", "2006-09-30": "34.10200", "2006-06-30": "31.87300", "2006-03-31": "31.14200", "2005-12-31": "19.28400", "2005-09-30": "16.63900", "2005-06-30": "13.10800", "2005-03-31": "10.41100"}, "Gross Profit": {"2020-09-30": "60.06300", "2020-06-30": "48.92000", "2020-03-31": "53.55700", "2019-12-31": "45.94100", "2019-09-30": "48.70000", "2019-06-30": "49.98000", "2019-03-31": "50.94100", "2018-12-31": "52.98700", "2018-09-30": "52.13400", "2018-06-30": "52.71500", "2018-03-31": "50.44000", "2017-12-31": "48.11800", "2017-09-30": "41.60700", "2017-06-30": "52.75700", "2017-03-31": "55.70600", "2016-12-31": "66.75100", "2016-09-30": "68.83200", "2016-06-30": "82.30900", "2016-03-31": "80.58200", "2015-12-31": "83.98600", "2015-09-30": "85.37800", "2015-06-30": "94.39100", "2015-03-31": "92.80100", "2014-12-31": "87.59000", "2014-09-30": "90.11600", "2014-06-30": "92.56100", "2014-03-31": "85.75800", "2013-12-31": "88.40900", "2013-09-30": "87.78700", "2013-06-30": "89.47800", "2013-03-31": "81.64100", "2012-12-31": "37.46700", "2012-09-30": "86.33300", "2012-06-30": "86.63000", "2012-03-31": "86.48400", "2011-12-31": "20.89200", "2011-09-30": "97.20100", "2011-06-30": "94.51500", "2011-03-31": "88.59500", "2010-12-31": "53.05700", "2010-09-30": "87.97000", "2010-06-30": "85.03500", "2010-03-31": "81.69300", "2009-12-31": "86.28800", "2009-09-30": "81.49800", "2009-06-30": "83.58300", "2009-03-31": "81.49900", "2008-12-31": "87.73000", "2008-09-30": "82.70700", "2008-06-30": "74.30600", "2008-03-31": "68.91300", "2007-12-31": "65.70800", "2007-09-30": "62.48900", "2007-06-30": "60.48400", "2007-03-31": "56.12400", "2006-12-31": "56.22200", "2006-09-30": "46.05700", "2006-06-30": "47.13200", "2006-03-31": "42.42600", "2005-12-31": "34.81100", "2005-09-30": "27.69400", "2005-06-30": "22.67300", "2005-03-31": "19.83400"}, "Research And Development Expenses": {"2020-09-30": "", "2020-06-30": "", "2020-03-31": "", "2019-12-31": "", "2019-09-30": "", "2019-06-30": "", "2019-03-31": "", "2018-12-31": "", "2018-09-30": "", "2018-06-30": "", "2018-03-31": "", "2017-12-31": "", "2017-09-30": "", "2017-06-30": "", "2017-03-31": "", "2016-12-31": "", "2016-09-30": "", "2016-06-30": "", "2016-03-31": "", "2015-12-31": "", "2015-09-30": "", "2015-06-30": "", "2015-03-31": "", "2014-12-31": "", "2014-09-30": "", "2014-06-30": "", "2014-03-31": "", "2013-12-31": "", "2013-09-30": "", "2013-06-30": "", "2013-03-31": "", "2012-12-31": "", "2012-09-30": "", "2012-06-30": "", "2012-03-31": "", "2011-12-31": "", "2011-09-30": "", "2011-06-30": "", "2011-03-31": "", "2010-12-31": "", "2010-09-30": "", "2010-06-30": "", "2010-03-31": "", "2009-12-31": "", "2009-09-30": "", "2009-06-30": "", "2009-03-31": "", "2008-12-31": "", "2008-09-30": "", "2008-06-30": "", "2008-03-31": "", "2007-12-31": "", "2007-09-30": "", "2007-06-30": "", "2007-03-31": "", "2006-12-31": "", "2006-09-30": "", "2006-06-30": "", "2006-03-31": "", "2005-12-31": "", "2005-09-30": "", "2005-06-30": "", "2005-03-31": ""}, "SG&A Expenses": {"2020-09-30": "19.30000", "2020-06-30": "11.11900", "2020-03-31": "11.78200", "2019-12-31": "10.15300", "2019-09-30": "7.94200", "2019-06-30": "9.01800", "2019-03-31": "9.23300", "2018-12-31": "9.49500", "2018-09-30": "9.04900", "2018-06-30": "9.01800", "2018-03-31": "8.52500", "2017-12-31": "10.70400", "2017-09-30": "7.74700", "2017-06-30": "9.20100", "2017-03-31": "8.76800", "2016-12-31": "8.15800", "2016-09-30": "7.46700", "2016-06-30": "7.76100", "2016-03-31": "10.49000", "2015-12-31": "7.76200", "2015-09-30": "6.79700", "2015-06-30": "7.08000", "2015-03-31": "8.04400", "2014-12-31": "8.08100", "2014-09-30": "7.83600", "2014-06-30": "8.41200", "2014-03-31": "6.94600", "2013-12-31": "8.21000", "2013-09-30": "7.88000", "2013-06-30": "8.95700", "2013-03-31": "36.81900", "2012-12-31": "6.34000", "2012-09-30": "6.78900", "2012-06-30": "6.61400", "2012-03-31": "4.87000", "2011-12-31": "1.86100", "2011-09-30": "6.10700", "2011-06-30": "6.43500", "2011-03-31": "6.61400", "2010-12-31": "4.79600", "2010-09-30": "6.02500", "2010-06-30": "6.35500", "2010-03-31": "6.04000", "2009-12-31": "7.24100", "2009-09-30": "7.95700", "2009-06-30": "9.21400", "2009-03-31": "6.80600", "2008-12-31": "6.42000", "2008-09-30": "5.19000", "2008-06-30": "6.25600", "2008-03-31": "5.99000", "2007-12-31": "5.99900", "2007-09-30": "4.62300", "2007-06-30": "4.46700", "2007-03-31": "3.49100", "2006-12-31": "3.34900", "2006-09-30": "2.91900", "2006-06-30": "2.97000", "2006-03-31": "2.91800", "2005-12-31": "2.92100", "2005-09-30": "1.52300", "2005-06-30": "2.49100", "2005-03-31": "2.12100"}, "Other Operating Income Or Expenses": {"2020-09-30": "0.00000", "2020-06-30": "-0.35800", "2020-03-31": "-6.94500", "2019-12-31": "-20.57700", "2019-09-30": "-23.36400", "2019-06-30": "", "2019-03-31": "", "2018-12-31": "", "2018-09-30": "", "2018-06-30": "-30.81200", "2018-03-31": "", "2017-12-31": "", "2017-09-30": "", "2017-06-30": "0.00000", "2017-03-31": "", "2016-12-31": "", "2016-09-30": "", "2016-06-30": "", "2016-03-31": "", "2015-12-31": "", "2015-09-30": "-1.68000", "2015-06-30": "", "2015-03-31": "-1.99500", "2014-12-31": "-10.19200", "2014-09-30": "-7.99600", "2014-06-30": "-7.53400", "2014-03-31": "-13.55000", "2013-12-31": "-3.30400", "2013-09-30": "-0.75600", "2013-06-30": "", "2013-03-31": "", "2012-12-31": "", "2012-09-30": "", "2012-06-30": "", "2012-03-31": "", "2011-12-31": "0.01000", "2011-09-30": "-0.02900", "2011-06-30": "-1.19400", "2011-03-31": "-10.02600", "2010-12-31": "-1.03000", "2010-09-30": "-2.08100", "2010-06-30": "-4.27800", "2010-03-31": "-3.39000", "2009-12-31": "-3.47700", "2009-09-30": "-3.31000", "2009-06-30": "-3.57200", "2009-03-31": "-8.82400", "2008-12-31": "", "2008-09-30": "", "2008-06-30": "", "2008-03-31": "", "2007-12-31": "", "2007-09-30": "", "2007-06-30": "", "2007-03-31": "", "2006-12-31": "", "2006-09-30": "", "2006-06-30": "", "2006-03-31": "", "2005-12-31": "", "2005-09-30": "", "2005-06-30": "", "2005-03-31": ""}, "Operating Expenses": {"2020-09-30": "68.67400", "2020-06-30": "66.71200", "2020-03-31": "78.55600", "2019-12-31": "82.74000", "2019-09-30": "84.25000", "2019-06-30": "58.20900", "2019-03-31": "61.59000", "2018-12-31": "60.42700", "2018-09-30": "58.05300", "2018-06-30": "91.78900", "2018-03-31": "60.64600", "2017-12-31": "61.96100", "2017-09-30": "51.87300", "2017-06-30": "59.91500", "2017-03-31": "66.28000", "2016-12-31": "85.07400", "2016-09-30": "90.57400", "2016-06-30": "96.76400", "2016-03-31": "101.85100", "2015-12-31": "107.57900", "2015-09-30": "113.53500", "2015-06-30": "118.36400", "2015-03-31": "122.00700", "2014-12-31": "119.51200", "2014-09-30": "112.15300", "2014-06-30": "110.53200", "2014-03-31": "109.73100", "2013-12-31": "102.89800", "2013-09-30": "100.21100", "2013-06-30": "98.31300", "2013-03-31": "130.58200", "2012-12-31": "63.24100", "2012-09-30": "116.74300", "2012-06-30": "115.68800", "2012-03-31": "113.33000", "2011-12-31": "34.01700", "2011-09-30": "125.52800", "2011-06-30": "127.40900", "2011-03-31": "129.61200", "2010-12-31": "77.78300", "2010-09-30": "119.31300", "2010-06-30": "119.79900", "2010-03-31": "116.00900", "2009-12-31": "101.73000", "2009-09-30": "126.71100", "2009-06-30": "121.88900", "2009-03-31": "123.39100", "2008-12-31": "126.72300", "2008-09-30": "116.63900", "2008-06-30": "108.62900", "2008-03-31": "106.03900", "2007-12-31": "105.17900", "2007-09-30": "97.61800", "2007-06-30": "90.06900", "2007-03-31": "90.88800", "2006-12-31": "80.25300", "2006-09-30": "69.43300", "2006-06-30": "66.11900", "2006-03-31": "64.20800", "2005-12-31": "44.48800", "2005-09-30": "36.35900", "2005-06-30": "30.41500", "2005-03-31": "24.95100"}, "Operating Income": {"2020-09-30": "13.41000", "2020-06-30": "12.65900", "2020-03-31": "-2.30200", "2019-12-31": "-14.01500", "2019-09-30": "-12.30100", "2019-06-30": "14.52100", "2019-03-31": "13.84300", "2018-12-31": "15.09600", "2018-09-30": "15.28700", "2018-06-30": "-16.41900", "2018-03-31": "13.06400", "2017-12-31": "9.66400", "2017-09-30": "8.48900", "2017-06-30": "14.94200", "2017-03-31": "15.87600", "2016-12-31": "20.69400", "2016-09-30": "22.69200", "2016-06-30": "31.16600", "2016-03-31": "24.72800", "2015-12-31": "25.10000", "2015-09-30": "24.18400", "2015-06-30": "29.76000", "2015-03-31": "25.53600", "2014-12-31": "18.37890", "2014-09-30": "24.82800", "2014-06-30": "26.22500", "2014-03-31": "19.43700", "2013-12-31": "30.48900", "2013-09-30": "32.29100", "2013-06-30": "33.58400", "2013-03-31": "-1.79000", "2012-12-31": "4.01100", "2012-09-30": "27.96500", "2012-06-30": "25.28300", "2012-03-31": "28.01000", "2011-12-31": "4.87300", "2011-09-30": "31.61600", "2011-06-30": "25.48500", "2011-03-31": "14.34700", "2010-12-31": "12.48800", "2010-09-30": "25.26700", "2010-06-30": "20.29000", "2010-03-31": "19.56500", "2009-12-31": "31.40090", "2009-09-30": "11.08300", "2009-06-30": "17.76400", "2009-03-31": "13.94600", "2008-12-31": "15.46500", "2008-09-30": "24.60900", "2008-06-30": "19.27200", "2008-03-31": "16.13300", "2007-12-31": "13.25800", "2007-09-30": "13.18700", "2007-06-30": "15.41700", "2007-03-31": "7.53400", "2006-12-31": "14.73100", "2006-09-30": "10.72600", "2006-06-30": "12.88600", "2006-03-31": "9.36000", "2005-12-31": "9.60700", "2005-09-30": "7.97400", "2005-06-30": "5.36600", "2005-03-31": "5.29400"}, "Total Non-Operating Income/Expense": {"2020-09-30": "-9.60600", "2020-06-30": "-9.67600", "2020-03-31": "-9.71300", "2019-12-31": "-9.71700", "2019-09-30": "-10.28900", "2019-06-30": "-10.89700", "2019-03-31": "-12.09400", "2018-12-31": "-12.13800", "2018-09-30": "-11.24800", "2018-06-30": "11.21300", "2018-03-31": "-13.33000", "2017-12-31": "-14.34700", "2017-09-30": "-12.17000", "2017-06-30": "-11.98500", "2017-03-31": "-12.81000", "2016-12-31": "-13.35800", "2016-09-30": "-34.20400", "2016-06-30": "-15.66400", "2016-03-31": "-16.09200", "2015-12-31": "-17.22900", "2015-09-30": "-23.97800", "2015-06-30": "-20.96000", "2015-03-31": "-20.13400", "2014-12-31": "-17.83900", "2014-09-30": "-17.49800", "2014-06-30": "-17.16300", "2014-03-31": "-16.33000", "2013-12-31": "-16.65500", "2013-09-30": "-17.86100", "2013-06-30": "-16.77200", "2013-03-31": "-16.96600", "2012-12-31": "-13.62000", "2012-09-30": "-16.76700", "2012-06-30": "-16.52700", "2012-03-31": "-16.34100", "2011-12-31": "26.55700", "2011-09-30": "-33.11900", "2011-06-30": "-28.18600", "2011-03-31": "-10.02100", "2010-12-31": "5.51900", "2010-09-30": "-19.61600", "2010-06-30": "-26.90400", "2010-03-31": "-17.01500", "2009-12-31": "-3.22000", "2009-09-30": "-20.71100", "2009-06-30": "-0.77900", "2009-03-31": "-7.26700", "2008-12-31": "-53.42800", "2008-09-30": "-20.27500", "2008-06-30": "-1.67900", "2008-03-31": "-22.77800", "2007-12-31": "-20.48500", "2007-09-30": "-15.24000", "2007-06-30": "-7.72300", "2007-03-31": "-10.12600", "2006-12-31": "-9.93300", "2006-09-30": "-7.80100", "2006-06-30": "-8.58700", "2006-03-31": "-10.50200", "2005-12-31": "-4.61200", "2005-09-30": "-2.72800", "2005-06-30": "-3.93700", "2005-03-31": "-4.48400"}, "Pre-Tax Income": {"2020-09-30": "3.80400", "2020-06-30": "2.98300", "2020-03-31": "-12.01500", "2019-12-31": "-23.73200", "2019-09-30": "-22.59000", "2019-06-30": "3.62400", "2019-03-31": "1.74900", "2018-12-31": "2.95800", "2018-09-30": "4.03900", "2018-06-30": "-5.20600", "2018-03-31": "-0.26600", "2017-12-31": "-4.68300", "2017-09-30": "-3.68100", "2017-06-30": "2.95700", "2017-03-31": "3.06600", "2016-12-31": "7.33600", "2016-09-30": "-11.51200", "2016-06-30": "15.50200", "2016-03-31": "8.63600", "2015-12-31": "7.87100", "2015-09-30": "0.20600", "2015-06-30": "8.80000", "2015-03-31": "5.40200", "2014-12-31": "0.54000", "2014-09-30": "7.33000", "2014-06-30": "9.06200", "2014-03-31": "3.10700", "2013-12-31": "13.83400", "2013-09-30": "14.43000", "2013-06-30": "16.81200", "2013-03-31": "-18.75600", "2012-12-31": "-9.60900", "2012-09-30": "11.19800", "2012-06-30": "8.75600", "2012-03-31": "11.66900", "2011-12-31": "31.43000", "2011-09-30": "-1.50300", "2011-06-30": "-2.70100", "2011-03-31": "4.32600", "2010-12-31": "18.00700", "2010-09-30": "5.65100", "2010-06-30": "-6.61400", "2010-03-31": "2.55000", "2009-12-31": "28.18100", "2009-09-30": "-9.62800", "2009-06-30": "16.98500", "2009-03-31": "6.67900", "2008-12-31": "-37.96300", "2008-09-30": "4.33400", "2008-06-30": "17.59300", "2008-03-31": "-6.64500", "2007-12-31": "-7.22700", "2007-09-30": "-2.05300", "2007-06-30": "7.69400", "2007-03-31": "-2.59200", "2006-12-31": "4.79800", "2006-09-30": "2.92500", "2006-06-30": "4.29900", "2006-03-31": "-1.14200", "2005-12-31": "4.99500", "2005-09-30": "5.24600", "2005-06-30": "1.42900", "2005-03-31": "0.81000"}, "Income Taxes": {"2020-09-30": "0.38300", "2020-06-30": "-0.18500", "2020-03-31": "-2.24300", "2019-12-31": "0.00300", "2019-09-30": "0.00200", "2019-06-30": "0.00900", "2019-03-31": "0.00700", "2018-12-31": "0.02100", "2018-09-30": "0.00300", "2018-06-30": "0.00600", "2018-03-31": "0.00700", "2017-12-31": "0.16500", "2017-09-30": "0.00300", "2017-06-30": "0.00700", "2017-03-31": "-0.38800", "2016-12-31": "0.05800", "2016-09-30": "0.06500", "2016-06-30": "0.24500", "2016-03-31": "0.07700", "2015-12-31": "0.23800", "2015-09-30": "0.24500", "2015-06-30": "0.09100", "2015-03-31": "-0.19600", "2014-12-31": "0.24600", "2014-09-30": "0.40900", "2014-06-30": "0.35100", "2014-03-31": "-0.34400", "2013-12-31": "-0.14600", "2013-09-30": "0.42400", "2013-06-30": "0.32300", "2013-03-31": "-0.10100", "2012-12-31": "0.01900", "2012-09-30": "0.25200", "2012-06-30": "0.39800", "2012-03-31": "-0.09700", "2011-12-31": "-0.05300", "2011-09-30": "0.06200", "2011-06-30": "-0.16800", "2011-03-31": "-0.23100", "2010-12-31": "-0.12100", "2010-09-30": "0.11100", "2010-06-30": "0.02000", "2010-03-31": "-0.23600", "2009-12-31": "0.19500", "2009-09-30": "0.14600", "2009-06-30": "0.14000", "2009-03-31": "-0.21600", "2008-12-31": "0.10400", "2008-09-30": "0.25100", "2008-06-30": "0.78200", "2008-03-31": "-0.29300", "2007-12-31": "0.02400", "2007-09-30": "0.40000", "2007-06-30": "0.01800", "2007-03-31": "0.01800", "2006-12-31": "-0.62800", "2006-09-30": "0.28800", "2006-06-30": "0.21300", "2006-03-31": "-0.26100", "2005-12-31": "", "2005-09-30": "", "2005-06-30": "", "2005-03-31": ""}, "Income After Taxes": {"2020-09-30": "3.42100", "2020-06-30": "3.16800", "2020-03-31": "-9.77200", "2019-12-31": "-23.73500", "2019-09-30": "-22.59200", "2019-06-30": "3.61500", "2019-03-31": "1.74200", "2018-12-31": "2.93700", "2018-09-30": "4.03600", "2018-06-30": "-5.21200", "2018-03-31": "-0.27300", "2017-12-31": "-4.84800", "2017-09-30": "-3.68400", "2017-06-30": "2.95000", "2017-03-31": "3.45400", "2016-12-31": "7.27800", "2016-09-30": "-11.57700", "2016-06-30": "15.25700", "2016-03-31": "8.55900", "2015-12-31": "7.63300", "2015-09-30": "-0.03900", "2015-06-30": "8.70900", "2015-03-31": "5.59800", "2014-12-31": "0.29400", "2014-09-30": "6.92100", "2014-06-30": "8.71100", "2014-03-31": "3.45100", "2013-12-31": "13.98000", "2013-09-30": "14.00600", "2013-06-30": "16.48900", "2013-03-31": "-18.65500", "2012-12-31": "-9.62800", "2012-09-30": "10.94600", "2012-06-30": "8.35800", "2012-03-31": "11.76600", "2011-12-31": "31.48300", "2011-09-30": "-1.56500", "2011-06-30": "-2.53300", "2011-03-31": "4.55700", "2010-12-31": "18.12800", "2010-09-30": "5.54000", "2010-06-30": "-6.63400", "2010-03-31": "2.78600", "2009-12-31": "27.98600", "2009-09-30": "-9.77400", "2009-06-30": "16.84500", "2009-03-31": "6.89500", "2008-12-31": "-38.06700", "2008-09-30": "4.08300", "2008-06-30": "16.81100", "2008-03-31": "-6.35200", "2007-12-31": "-7.25100", "2007-09-30": "-2.45300", "2007-06-30": "7.67600", "2007-03-31": "-2.61000", "2006-12-31": "5.42600", "2006-09-30": "2.63700", "2006-06-30": "4.08600", "2006-03-31": "-0.88100", "2005-12-31": "5.03600", "2005-09-30": "5.24600", "2005-06-30": "1.42900", "2005-03-31": "0.81000"}, "Other Income": {"2020-09-30": "", "2020-06-30": "", "2020-03-31": "", "2019-12-31": "", "2019-09-30": "", "2019-06-30": "", "2019-03-31": "", "2018-12-31": "", "2018-09-30": "", "2018-06-30": "", "2018-03-31": "", "2017-12-31": "", "2017-09-30": "", "2017-06-30": "", "2017-03-31": "", "2016-12-31": "", "2016-09-30": "", "2016-06-30": "", "2016-03-31": "", "2015-12-31": "", "2015-09-30": "", "2015-06-30": "", "2015-03-31": "", "2014-12-31": "", "2014-09-30": "", "2014-06-30": "", "2014-03-31": "", "2013-12-31": "", "2013-09-30": "", "2013-06-30": "", "2013-03-31": "", "2012-12-31": "", "2012-09-30": "", "2012-06-30": "", "2012-03-31": "", "2011-12-31": "", "2011-09-30": "", "2011-06-30": "", "2011-03-31": "", "2010-12-31": "", "2010-09-30": "", "2010-06-30": "", "2010-03-31": "", "2009-12-31": "", "2009-09-30": "", "2009-06-30": "", "2009-03-31": "", "2008-12-31": "", "2008-09-30": "", "2008-06-30": "", "2008-03-31": "", "2007-12-31": "", "2007-09-30": "", "2007-06-30": "", "2007-03-31": "", "2006-12-31": "", "2006-09-30": "", "2006-06-30": "", "2006-03-31": "", "2005-12-31": "", "2005-09-30": "", "2005-06-30": "", "2005-03-31": ""}, "Income From Continuous Operations": {"2020-09-30": "5.42300", "2020-06-30": "5.07500", "2020-03-31": "6.22800", "2019-12-31": "-21.91000", "2019-09-30": "-20.28600", "2019-06-30": "47.74700", "2019-03-31": "3.51300", "2018-12-31": "5.00300", "2018-09-30": "6.42900", "2018-06-30": "-3.43900", "2018-03-31": "1.49800", "2017-12-31": "-1.34800", "2017-09-30": "101.53400", "2017-06-30": "1.13300", "2017-03-31": "74.72200", "2016-12-31": "27.40000", "2016-09-30": "36.89800", "2016-06-30": "13.28600", "2016-03-31": "6.69700", "2015-12-31": "10.16900", "2015-09-30": "20.14300", "2015-06-30": "8.70900", "2015-03-31": "5.59800", "2014-12-31": "56.96200", "2014-09-30": "25.52800", "2014-06-30": "8.71100", "2014-03-31": "3.45100", "2013-12-31": "13.98000", "2013-09-30": "14.00600", "2013-06-30": "16.48900", "2013-03-31": "-18.65500", "2012-12-31": "-9.62800", "2012-09-30": "10.94600", "2012-06-30": "8.35800", "2012-03-31": "11.76600", "2011-12-31": "31.48300", "2011-09-30": "-1.56500", "2011-06-30": "-2.53300", "2011-03-31": "4.55700", "2010-12-31": "18.12800", "2010-09-30": "5.54000", "2010-06-30": "-6.63400", "2010-03-31": "2.78600", "2009-12-31": "27.98600", "2009-09-30": "-9.77400", "2009-06-30": "16.84500", "2009-03-31": "6.89500", "2008-12-31": "-38.06700", "2008-09-30": "4.08300", "2008-06-30": "16.81100", "2008-03-31": "-6.35200", "2007-12-31": "-7.25100", "2007-09-30": "-2.45300", "2007-06-30": "7.67600", "2007-03-31": "-2.61000", "2006-12-31": "5.42600", "2006-09-30": "2.63700", "2006-06-30": "4.08600", "2006-03-31": "-0.88100", "2005-12-31": "5.03600", "2005-09-30": "5.24600", "2005-06-30": "1.42900", "2005-03-31": "0.81000"}, "Income From Discontinued Operations": {"2020-09-30": "", "2020-06-30": "", "2020-03-31": "", "2019-12-31": "", "2019-09-30": "", "2019-06-30": "", "2019-03-31": "", "2018-12-31": "", "2018-09-30": "", "2018-06-30": "", "2018-03-31": "", "2017-12-31": "", "2017-09-30": "", "2017-06-30": "", "2017-03-31": "", "2016-12-31": "", "2016-09-30": "", "2016-06-30": "", "2016-03-31": "", "2015-12-31": "", "2015-09-30": "", "2015-06-30": "", "2015-03-31": "", "2014-12-31": "-0.73600", "2014-09-30": "-0.54000", "2014-06-30": "-0.69000", "2014-03-31": "-0.05100", "2013-12-31": "-1.05300", "2013-09-30": "-9.20600", "2013-06-30": "4.11200", "2013-03-31": "-3.95300", "2012-12-31": "21.48100", "2012-09-30": "-16.80500", "2012-06-30": "2.55600", "2012-03-31": "19.36900", "2011-12-31": "22.13000", "2011-09-30": "6.67100", "2011-06-30": "-1.94500", "2011-03-31": "-2.14200", "2010-12-31": "4.82800", "2010-09-30": "-0.81900", "2010-06-30": "-0.23000", "2010-03-31": "-0.25900", "2009-12-31": "-1.34100", "2009-09-30": "0.13600", "2009-06-30": "", "2009-03-31": "", "2008-12-31": "", "2008-09-30": "", "2008-06-30": "", "2008-03-31": "", "2007-12-31": "", "2007-09-30": "", "2007-06-30": "", "2007-03-31": "", "2006-12-31": "", "2006-09-30": "", "2006-06-30": "", "2006-03-31": "", "2005-12-31": "", "2005-09-30": "", "2005-06-30": "", "2005-03-31": ""}, "Net Income": {"2020-09-30": "5.36700", "2020-06-30": "5.08500", "2020-03-31": "6.29000", "2019-12-31": "-21.77700", "2019-09-30": "-20.28600", "2019-06-30": "47.74700", "2019-03-31": "3.51300", "2018-12-31": "5.00300", "2018-09-30": "6.42900", "2018-06-30": "-3.43900", "2018-03-31": "1.49800", "2017-12-31": "-1.34800", "2017-09-30": "101.53400", "2017-06-30": "1.13300", "2017-03-31": "74.72200", "2016-12-31": "27.08600", "2016-09-30": "36.89800", "2016-06-30": "13.28600", "2016-03-31": "6.69700", "2015-12-31": "10.16900", "2015-09-30": "20.14300", "2015-06-30": "8.70900", "2015-03-31": "5.59800", "2014-12-31": "56.22600", "2014-09-30": "24.98800", "2014-06-30": "8.02100", "2014-03-31": "3.40000", "2013-12-31": "12.92700", "2013-09-30": "4.80000", "2013-06-30": "20.60100", "2013-03-31": "-22.60800", "2012-12-31": "11.85300", "2012-09-30": "-5.85900", "2012-06-30": "10.91400", "2012-03-31": "31.13100", "2011-12-31": "53.61100", "2011-09-30": "5.10200", "2011-06-30": "-4.48200", "2011-03-31": "2.41100", "2010-12-31": "22.94200", "2010-09-30": "4.70200", "2010-06-30": "-6.88700", "2010-03-31": "2.50900", "2009-12-31": "26.60700", "2009-09-30": "-9.65000", "2009-06-30": "16.78200", "2009-03-31": "6.85500", "2008-12-31": "-37.31200", "2008-09-30": "4.15000", "2008-06-30": "16.83700", "2008-03-31": "-6.35300", "2007-12-31": "-7.28100", "2007-09-30": "-2.45300", "2007-06-30": "7.67600", "2007-03-31": "-2.61000", "2006-12-31": "5.42600", "2006-09-30": "2.63700", "2006-06-30": "4.08600", "2006-03-31": "-0.88100", "2005-12-31": "5.03600", "2005-09-30": "5.24600", "2005-06-30": "1.42900", "2005-03-31": "0.81000"}, "EBITDA": {"2020-09-30": "38.65000", "2020-06-30": "36.05300", "2020-03-31": "21.35800", "2019-12-31": "9.61900", "2019-09-30": "13.84900", "2019-06-30": "39.82000", "2019-03-31": "40.59800", "2018-12-31": "42.55800", "2018-09-30": "42.06500", "2018-06-30": "11.74700", "2018-03-31": "41.85400", "2017-12-31": "37.32100", "2017-09-30": "34.31600", "2017-06-30": "43.28500", "2017-03-31": "46.35000", "2016-12-31": "57.97900", "2016-09-30": "60.68400", "2016-06-30": "72.92000", "2016-03-31": "68.77000", "2015-12-31": "74.44900", "2015-09-30": "74.50000", "2015-06-30": "85.10100", "2015-03-31": "80.02000", "2014-12-31": "66.81690", "2014-09-30": "73.35300", "2014-06-30": "75.69100", "2014-03-31": "64.98600", "2013-12-31": "78.09200", "2013-09-30": "84.81800", "2013-06-30": "85.96300", "2013-03-31": "50.16600", "2012-12-31": "55.96300", "2012-09-30": "83.11500", "2012-06-30": "82.05300", "2012-03-31": "84.92700", "2011-12-31": "64.06700", "2011-09-30": "92.05400", "2011-06-30": "88.13100", "2011-03-31": "74.64800", "2010-12-31": "72.29400", "2010-09-30": "82.29900", "2010-06-30": "76.00400", "2010-03-31": "73.93100", "2009-12-31": "85.93090", "2009-09-30": "74.90700", "2009-06-30": "72.35500", "2009-03-31": "67.50300", "2008-12-31": "81.35900", "2008-09-30": "79.31300", "2008-06-30": "70.44200", "2008-03-31": "65.42800", "2007-12-31": "62.12000", "2007-09-30": "60.86900", "2007-06-30": "58.94700", "2007-03-31": "57.25900", "2006-12-31": "55.45800", "2006-09-30": "47.83000", "2006-06-30": "46.99000", "2006-03-31": "42.39400", "2005-12-31": "33.30500", "2005-09-30": "26.99000", "2005-06-30": "21.15400", "2005-03-31": "18.44300"}, "EBIT": {"2020-09-30": "13.41000", "2020-06-30": "12.65900", "2020-03-31": "-2.30200", "2019-12-31": "-14.01500", "2019-09-30": "-12.30100", "2019-06-30": "14.52100", "2019-03-31": "13.84300", "2018-12-31": "15.09600", "2018-09-30": "15.28700", "2018-06-30": "-16.41900", "2018-03-31": "13.06400", "2017-12-31": "9.66400", "2017-09-30": "8.48900", "2017-06-30": "14.94200", "2017-03-31": "15.87600", "2016-12-31": "20.69400", "2016-09-30": "22.69200", "2016-06-30": "31.16600", "2016-03-31": "24.72800", "2015-12-31": "25.10000", "2015-09-30": "24.18400", "2015-06-30": "29.76000", "2015-03-31": "25.53600", "2014-12-31": "18.37900", "2014-09-30": "24.82800", "2014-06-30": "26.22500", "2014-03-31": "19.43700", "2013-12-31": "30.48900", "2013-09-30": "32.29100", "2013-06-30": "33.58400", "2013-03-31": "-1.79000", "2012-12-31": "4.01100", "2012-09-30": "27.96500", "2012-06-30": "25.28300", "2012-03-31": "28.01000", "2011-12-31": "4.87300", "2011-09-30": "31.61600", "2011-06-30": "25.48500", "2011-03-31": "14.34700", "2010-12-31": "12.48800", "2010-09-30": "25.26700", "2010-06-30": "20.29000", "2010-03-31": "19.56500", "2009-12-31": "31.40100", "2009-09-30": "11.08300", "2009-06-30": "17.76400", "2009-03-31": "13.94600", "2008-12-31": "15.46500", "2008-09-30": "24.60900", "2008-06-30": "19.27200", "2008-03-31": "16.13300", "2007-12-31": "13.25800", "2007-09-30": "13.18700", "2007-06-30": "15.41700", "2007-03-31": "7.53400", "2006-12-31": "14.73100", "2006-09-30": "10.72600", "2006-06-30": "12.88600", "2006-03-31": "9.36000", "2005-12-31": "9.60700", "2005-09-30": "7.97400", "2005-06-30": "5.36600", "2005-03-31": "5.29400"}, "Basic Shares Outstanding": {"2020-09-30": "113.92500", "2020-06-30": "113.90300", "2020-03-31": "114.47100", "2019-12-31": "116.26100", "2019-09-30": "116.52200", "2019-06-30": "116.50900", "2019-03-31": "116.46200", "2018-12-31": "117.88800", "2018-09-30": "117.60900", "2018-06-30": "118.03500", "2018-03-31": "119.08200", "2017-12-31": "120.79500", "2017-09-30": "120.29300", "2017-06-30": "121.53400", "2017-03-31": "122.00300", "2016-12-31": "123.13000", "2016-09-30": "123.21500", "2016-06-30": "123.20600", "2016-03-31": "123.39300", "2015-12-31": "124.75700", "2015-09-30": "124.35900", "2015-06-30": "124.92500", "2015-03-31": "124.90300", "2014-12-31": "124.86000", "2014-09-30": "124.86300", "2014-06-30": "124.86000", "2014-03-31": "124.85100", "2013-12-31": "134.08500", "2013-09-30": "134.66800", "2013-06-30": "135.81600", "2013-03-31": "136.52100", "2012-12-31": "136.67200", "2012-09-30": "136.74100", "2012-06-30": "546.13400", "2012-03-31": "545.60000", "2011-12-31": "135.68000", "2011-09-30": "543.28800", "2011-06-30": "542.18200", "2011-03-31": "541.01200", "2010-12-31": "524.84800", "2010-09-30": "536.58200", "2010-06-30": "518.71500", "2010-03-31": "505.01800", "2009-12-31": "467.92200", "2009-09-30": "474.70000", "2009-06-30": "459.54900", "2009-03-31": "446.10500", "2008-12-31": "407.05100", "2008-09-30": "417.19200", "2008-06-30": "397.69200", "2008-03-31": "378.52500", "2007-12-31": "328.61500", "2007-09-30": "342.92400", "2007-06-30": "317.18400", "2007-03-31": "291.01700", "2006-12-31": "237.37300", "2006-09-30": "247.28500", "2006-06-30": "227.10800", "2006-03-31": "206.10400", "2005-12-31": "139.68000", "2005-09-30": "161.77000", "2005-06-30": "119.07900", "2005-03-31": "90.07300"}, "Shares Outstanding": {"2020-09-30": "113.92500", "2020-06-30": "113.90300", "2020-03-31": "114.48600", "2019-12-31": "116.45800", "2019-09-30": "116.82100", "2019-06-30": "116.82300", "2019-03-31": "116.88000", "2018-12-31": "118.31100", "2018-09-30": "118.20700", "2018-06-30": "118.46200", "2018-03-31": "119.35000", "2017-12-31": "121.15900", "2017-09-30": "120.52900", "2017-06-30": "121.90900", "2017-03-31": "122.32900", "2016-12-31": "123.22800", "2016-09-30": "123.35000", "2016-06-30": "123.29400", "2016-03-31": "123.41200", "2015-12-31": "124.84700", "2015-09-30": "124.46000", "2015-06-30": "125.01700", "2015-03-31": "124.93500", "2014-12-31": "124.91800", "2014-09-30": "124.93800", "2014-06-30": "124.91900", "2014-03-31": "124.88700", "2013-12-31": "134.08500", "2013-09-30": "134.66800", "2013-06-30": "135.81600", "2013-03-31": "136.52100", "2012-12-31": "136.67200", "2012-09-30": "136.74100", "2012-06-30": "546.13400", "2012-03-31": "545.60000", "2011-12-31": "135.68000", "2011-09-30": "543.28800", "2011-06-30": "542.18200", "2011-03-31": "541.01200", "2010-12-31": "524.84800", "2010-09-30": "536.58200", "2010-06-30": "518.71500", "2010-03-31": "505.01800", "2009-12-31": "467.92200", "2009-09-30": "474.70000", "2009-06-30": "459.54900", "2009-03-31": "446.10500", "2008-12-31": "407.05100", "2008-09-30": "417.19200", "2008-06-30": "397.69200", "2008-03-31": "378.52500", "2007-12-31": "328.61500", "2007-09-30": "342.92400", "2007-06-30": "317.18400", "2007-03-31": "291.01700", "2006-12-31": "237.37300", "2006-09-30": "247.28500", "2006-06-30": "227.10800", "2006-03-31": "206.10400", "2005-12-31": "139.68000", "2005-09-30": "161.77000", "2005-06-30": "119.07900", "2005-03-31": "90.07300"}, "Basic EPS": {"2020-09-30": "0.05000", "2020-06-30": "0.04000", "2020-03-31": "0.05000", "2019-12-31": "-0.19000", "2019-09-30": "-0.17000", "2019-06-30": "0.41000", "2019-03-31": "0.03000", "2018-12-31": "0.05000", "2018-09-30": "0.05000", "2018-06-30": "-0.03000", "2018-03-31": "0.01000", "2017-12-31": "-0.01000", "2017-09-30": "0.84000", "2017-06-30": "0.01000", "2017-03-31": "0.61000", "2016-12-31": "0.22000", "2016-09-30": "0.30000", "2016-06-30": "0.11000", "2016-03-31": "0.05000", "2015-12-31": "0.09000", "2015-09-30": "0.16000", "2015-06-30": "0.07000", "2015-03-31": "0.04000", "2014-12-31": "0.45000", "2014-09-30": "0.20000", "2014-06-30": "0.06000", "2014-03-31": "0.03000", "2013-12-31": "0.10000", "2013-09-30": "0.04000", "2013-06-30": "0.15000", "2013-03-31": "-0.17000", "2012-12-31": "0.31000", "2012-09-30": "-0.04000", "2012-06-30": "0.02000", "2012-03-31": "0.06000", "2011-12-31": "0.42000", "2011-09-30": "0.01000", "2011-06-30": "-0.01000", "2011-03-31": "0.00000", "2010-12-31": "0.03000", "2010-09-30": "0.01000", "2010-06-30": "-0.01000", "2010-03-31": "0.01000", "2009-12-31": "0.05000", "2009-09-30": "-0.02000", "2009-06-30": "0.04000", "2009-03-31": "0.02000", "2008-12-31": "-0.09000", "2008-09-30": "0.01000", "2008-06-30": "0.04000", "2008-03-31": "-0.02000", "2007-12-31": "-0.01000", "2007-09-30": "-0.01000", "2007-06-30": "0.02000", "2007-03-31": "-0.01000", "2006-12-31": "0.02000", "2006-09-30": "0.01000", "2006-06-30": "0.02000", "2006-03-31": "0.00000", "2005-12-31": "0.04000", "2005-09-30": "0.03000", "2005-06-30": "0.01000", "2005-03-31": "0.01000"}, "EPS - Earnings Per Share": {"2020-09-30": "0.05000", "2020-06-30": "0.04000", "2020-03-31": "0.05000", "2019-12-31": "-0.19000", "2019-09-30": "-0.17000", "2019-06-30": "0.41000", "2019-03-31": "0.03000", "2018-12-31": "0.05000", "2018-09-30": "0.05000", "2018-06-30": "-0.03000", "2018-03-31": "0.01000", "2017-12-31": "-0.01000", "2017-09-30": "0.84000", "2017-06-30": "0.01000", "2017-03-31": "0.61000", "2016-12-31": "0.22000", "2016-09-30": "0.30000", "2016-06-30": "0.11000", "2016-03-31": "0.05000", "2015-12-31": "0.09000", "2015-09-30": "0.16000", "2015-06-30": "0.07000", "2015-03-31": "0.04000", "2014-12-31": "0.45000", "2014-09-30": "0.20000", "2014-06-30": "0.06000", "2014-03-31": "0.03000", "2013-12-31": "0.10000", "2013-09-30": "0.04000", "2013-06-30": "0.15000", "2013-03-31": "-0.17000", "2012-12-31": "0.31000", "2012-09-30": "-0.04000", "2012-06-30": "0.02000", "2012-03-31": "0.06000", "2011-12-31": "0.42000", "2011-09-30": "0.01000", "2011-06-30": "-0.01000", "2011-03-31": "0.00000", "2010-12-31": "0.03000", "2010-09-30": "0.01000", "2010-06-30": "-0.01000", "2010-03-31": "0.01000", "2009-12-31": "0.05000", "2009-09-30": "-0.02000", "2009-06-30": "0.04000", "2009-03-31": "0.02000", "2008-12-31": "-0.09000", "2008-09-30": "0.01000", "2008-06-30": "0.04000", "2008-03-31": "-0.02000", "2007-12-31": "-0.01000", "2007-09-30": "-0.01000", "2007-06-30": "0.02000", "2007-03-31": "-0.01000", "2006-12-31": "0.02000", "2006-09-30": "0.01000", "2006-06-30": "0.02000", "2006-03-31": "0.00000", "2005-12-31": "0.04000", "2005-09-30": "0.03000", "2005-06-30": "0.01000", "2005-03-31": "0.01000"}}, "balance sheet": {"Cash On Hand": {"2019-12-31": "12.30300", "2018-12-31": "17.11800", "2017-12-31": "9.56700", "2016-12-31": "216.08500", "2015-12-31": "32.64500", "2014-12-31": "149.79000", "2013-12-31": "99.85500", "2012-12-31": "53.65700", "2011-12-31": "39.46800", "2010-12-31": "38.88200", "2009-12-31": "102.72500", "2008-12-31": "86.33400", "2007-12-31": "47.51300", "2006-12-31": "46.10000", "2005-12-31": "35.35200"}, "Receivables": {"2019-12-31": "79.79400", "2018-12-31": "90.41700", "2017-12-31": "94.36300", "2016-12-31": "71.97400", "2015-12-31": "120.73200", "2014-12-31": "123.43400", "2013-12-31": "121.00600", "2012-12-31": "134.09900", "2011-12-31": "130.54900", "2010-12-31": "107.63900", "2009-12-31": "97.67900", "2008-12-31": "89.23300", "2007-12-31": "70.40900", "2006-12-31": "51.89700", "2005-12-31": "27.88700"}, "Inventory": {"2019-12-31": "", "2018-12-31": "", "2017-12-31": "", "2016-12-31": "", "2015-12-31": "", "2014-12-31": "", "2013-12-31": "", "2012-12-31": "", "2011-12-31": "", "2010-12-31": "", "2009-12-31": "", "2008-12-31": "", "2007-12-31": "", "2006-12-31": "", "2005-12-31": ""}, "Pre-Paid Expenses": {"2019-12-31": "", "2018-12-31": "", "2017-12-31": "", "2016-12-31": "", "2015-12-31": "", "2014-12-31": "", "2013-12-31": "", "2012-12-31": "", "2011-12-31": "", "2010-12-31": "", "2009-12-31": "", "2008-12-31": "", "2007-12-31": "", "2006-12-31": "", "2005-12-31": ""}, "Other Current Assets": {"2019-12-31": "", "2018-12-31": "", "2017-12-31": "", "2016-12-31": "", "2015-12-31": "", "2014-12-31": "", "2013-12-31": "", "2012-12-31": "", "2011-12-31": "", "2010-12-31": "", "2009-12-31": "", "2008-12-31": "", "2007-12-31": "", "2006-12-31": "", "2005-12-31": ""}, "Total Current Assets": {"2019-12-31": "92.09700", "2018-12-31": "107.53500", "2017-12-31": "103.93000", "2016-12-31": "288.05900", "2015-12-31": "153.37700", "2014-12-31": "273.22400", "2013-12-31": "220.86100", "2012-12-31": "187.75600", "2011-12-31": "170.01700", "2010-12-31": "146.52100", "2009-12-31": "200.40400", "2008-12-31": "175.56700", "2007-12-31": "117.92200", "2006-12-31": "97.99700", "2005-12-31": "63.23900"}, "Property, Plant, And Equipment": {"2019-12-31": "2919.16100", "2018-12-31": "2860.35600", "2017-12-31": "3132.62900", "2016-12-31": "3514.50600", "2015-12-31": "4084.88100", "2014-12-31": "4076.56200", "2013-12-31": "3972.39400", "2012-12-31": "4611.59500", "2011-12-31": "4615.21800", "2010-12-31": "4230.03900", "2009-12-31": "4132.58300", "2008-12-31": "4157.19200", "2007-12-31": "3463.36600", "2006-12-31": "2752.83100", "2005-12-31": "2262.82700"}, "Long-Term Investments": {"2019-12-31": "", "2018-12-31": "", "2017-12-31": "", "2016-12-31": "", "2015-12-31": "", "2014-12-31": "", "2013-12-31": "", "2012-12-31": "", "2011-12-31": "", "2010-12-31": "", "2009-12-31": "", "2008-12-31": "", "2007-12-31": "", "2006-12-31": "", "2005-12-31": ""}, "Goodwill And Intangible Assets": {"2019-12-31": "27.97100", "2018-12-31": "34.09200", "2017-12-31": "42.95900", "2016-12-31": "54.27900", "2015-12-31": "77.19000", "2014-12-31": "105.52800", "2013-12-31": "148.88900", "2012-12-31": "206.92700", "2011-12-31": "231.33800", "2010-12-31": "269.72600", "2009-12-31": "304.59000", "2008-12-31": "356.34500", "2007-12-31": "319.49600", "2006-12-31": "302.21200", "2005-12-31": ""}, "Other Long-Term Assets": {"2019-12-31": "1099.86100", "2018-12-31": "1094.57100", "2017-12-31": "1090.92500", "2016-12-31": "317.15000", "2015-12-31": "274.54300", "2014-12-31": "175.93100", "2013-12-31": "152.42300", "2012-12-31": "615.37300", "2011-12-31": "682.26300", "2010-12-31": "669.68800", "2009-12-31": "687.46800", "2008-12-31": "737.72700", "2007-12-31": "164.63600", "2006-12-31": "115.02900", "2005-12-31": "122.03300"}, "Total Long-Term Assets": {"2019-12-31": "4123.37800", "2018-12-31": "4066.45800", "2017-12-31": "4407.60900", "2016-12-31": "4011.73400", "2015-12-31": "4524.74100", "2014-12-31": "4461.01600", "2013-12-31": "4371.62100", "2012-12-31": "5543.19300", "2011-12-31": "5606.55000", "2010-12-31": "5225.16400", "2009-12-31": "5173.66000", "2008-12-31": "5299.20700", "2007-12-31": "3984.23600", "2006-12-31": "3190.22800", "2005-12-31": "2625.64400"}, "Total Assets": {"2019-12-31": "4244.94500", "2018-12-31": "4173.99300", "2017-12-31": "4511.53900", "2016-12-31": "4299.79300", "2015-12-31": "4678.11800", "2014-12-31": "4734.24000", "2013-12-31": "4592.48200", "2012-12-31": "5730.94900", "2011-12-31": "5776.56700", "2010-12-31": "5371.68500", "2009-12-31": "5374.06400", "2008-12-31": "5474.77400", "2007-12-31": "4102.15800", "2006-12-31": "3288.22500", "2005-12-31": "2688.88300"}, "Total Current Liabilities": {"2019-12-31": "70.84500", "2018-12-31": "49.11700", "2017-12-31": "125.00200", "2016-12-31": "131.02800", "2015-12-31": "98.75900", "2014-12-31": "106.27600", "2013-12-31": "99.67800", "2012-12-31": "102.85800", "2011-12-31": "72.34900", "2010-12-31": "102.47900", "2009-12-31": "89.31200", "2008-12-31": "130.29900", "2007-12-31": "59.62700", "2006-12-31": "41.81700", "2005-12-31": "31.69400"}, "Long Term Debt": {"2019-12-31": "1477.24000", "2018-12-31": "1323.84600", "2017-12-31": "1784.94100", "2016-12-31": "1534.43800", "2015-12-31": "1845.83000", "2014-12-31": "1795.42800", "2013-12-31": "1609.17900", "2012-12-31": "2236.29600", "2011-12-31": "2115.48600", "2010-12-31": "1532.93900", "2009-12-31": "1610.93600", "2008-12-31": "1932.52200", "2007-12-31": "1006.29700", "2006-12-31": "852.52300", "2005-12-31": "910.40200"}, "Other Non-Current Liabilities": {"2019-12-31": "66.05700", "2018-12-31": "60.01400", "2017-12-31": "69.66000", "2016-12-31": "131.55900", "2015-12-31": "119.33500", "2014-12-31": "99.05800", "2013-12-31": "95.80200", "2012-12-31": "227.81500", "2011-12-31": "241.76000", "2010-12-31": "280.22300", "2009-12-31": "950.45500", "2008-12-31": "829.74200", "2007-12-31": "745.14400", "2006-12-31": "122.77500", "2005-12-31": "84.30900"}, "Total Long Term Liabilities": {"2019-12-31": "1543.29700", "2018-12-31": "1383.86000", "2017-12-31": "1854.60100", "2016-12-31": "1665.99700", "2015-12-31": "1965.16500", "2014-12-31": "1894.48600", "2013-12-31": "1704.98100", "2012-12-31": "2464.11100", "2011-12-31": "2357.24600", "2010-12-31": "1813.16200", "2009-12-31": "2561.39100", "2008-12-31": "2762.26400", "2007-12-31": "1754.61100", "2006-12-31": "978.38810", "2005-12-31": "997.43500"}, "Total Liabilities": {"2019-12-31": "1616.32800", "2018-12-31": "1432.97700", "2017-12-31": "1979.60300", "2016-12-31": "1797.02500", "2015-12-31": "2063.92400", "2014-12-31": "2000.76200", "2013-12-31": "1804.65900", "2012-12-31": "2566.96900", "2011-12-31": "2429.59500", "2010-12-31": "1915.64100", "2009-12-31": "2650.70300", "2008-12-31": "2892.56300", "2007-12-31": "1814.23800", "2006-12-31": "1020.20500", "2005-12-31": "1029.12900"}, "Common Stock Net": {"2019-12-31": "1.15300", "2018-12-31": "1.16700", "2017-12-31": "1.19800", "2016-12-31": "1.22100", "2015-12-31": "1.24300", "2014-12-31": "1.24900", "2013-12-31": "1.24800", "2012-12-31": "1.36900", "2011-12-31": "-107.68500", "2010-12-31": "-155.78000", "2009-12-31": "-800.84500", "2008-12-31": "-656.92000", "2007-12-31": "-592.74900", "2006-12-31": "2.80100", "2005-12-31": "1.97400"}, "Retained Earnings (Accumulated Deficit)": {"2019-12-31": "-1769.23400", "2018-12-31": "-1684.08200", "2017-12-31": "-1957.23600", "2016-12-31": "-2036.48200", "2015-12-31": "-1972.91600", "2014-12-31": "-1867.61100", "2013-12-31": "-1810.28400", "2012-12-31": "-1634.53100", "2011-12-31": "-1426.55000", "2010-12-31": "-1212.47200", "2009-12-31": "-935.01900", "2008-12-31": "-694.75100", "2007-12-31": "-427.85700", "2006-12-31": "-225.54900", "2005-12-31": "-94.38200"}, "Comprehensive Income": {"2019-12-31": "-1.10100", "2018-12-31": "2.34400", "2017-12-31": "0.90300", "2016-12-31": "-0.88300", "2015-12-31": "-2.43600", "2014-12-31": "-1.96800", "2013-12-31": "-3.30700", "2012-12-31": "-5.22100", "2011-12-31": "0.08400", "2010-12-31": "-11.13900", "2009-12-31": "-8.02900", "2008-12-31": "-14.81200", "2007-12-31": "-3.36900", "2006-12-31": "-1.04900", "2005-12-31": ""}, "Other Share Holders Equity": {"2019-12-31": "", "2018-12-31": "", "2017-12-31": "", "2016-12-31": "", "2015-12-31": "", "2014-12-31": "", "2013-12-31": "", "2012-12-31": "", "2011-12-31": "", "2010-12-31": "", "2009-12-31": "", "2008-12-31": "", "2007-12-31": "", "2006-12-31": "", "2005-12-31": ""}, "Share Holder Equity": {"2019-12-31": "2628.61700", "2018-12-31": "2741.01600", "2017-12-31": "2531.93600", "2016-12-31": "2502.76800", "2015-12-31": "2614.19400", "2014-12-31": "2733.47800", "2013-12-31": "2787.82300", "2012-12-31": "3163.98000", "2011-12-31": "3346.97200", "2010-12-31": "3456.04400", "2009-12-31": "2723.36100", "2008-12-31": "2582.21100", "2007-12-31": "2287.92000", "2006-12-31": "2268.02000", "2005-12-31": "1659.75400"}, "Total Liabilities And Share Holders Equity": {"2019-12-31": "4244.94500", "2018-12-31": "4173.99300", "2017-12-31": "4511.53900", "2016-12-31": "4299.79300", "2015-12-31": "4678.11800", "2014-12-31": "4734.24000", "2013-12-31": "4592.48200", "2012-12-31": "5730.94900", "2011-12-31": "5776.56700", "2010-12-31": "5371.68500", "2009-12-31": "5374.06400", "2008-12-31": "5474.77400", "2007-12-31": "4102.15800", "2006-12-31": "3288.22500", "2005-12-31": "2688.88300"}}, "balance sheet, quarterly": {"Cash On Hand": {"2020-09-30": "272.79000", "2020-06-30": "277.67700", "2020-03-31": "292.81400", "2019-12-31": "12.30300", "2019-09-30": "147.48500", "2019-06-30": "11.98100", "2019-03-31": "18.55100", "2018-12-31": "17.11800", "2018-09-30": "15.59600", "2018-06-30": "11.96100", "2018-03-31": "21.06800", "2017-12-31": "9.56700", "2017-09-30": "382.73000", "2017-06-30": "506.53800", "2017-03-31": "554.65500", "2016-12-31": "216.08500", "2016-09-30": "190.85600", "2016-06-30": "23.80300", "2016-03-31": "185.37600", "2015-12-31": "32.64500", "2015-09-30": "44.82300", "2015-06-30": "33.74200", "2015-03-31": "31.23600", "2014-12-31": "149.79000", "2014-09-30": "46.43300", "2014-06-30": "49.33400", "2014-03-31": "86.24300", "2013-12-31": "99.85500", "2013-09-30": "59.90800", "2013-06-30": "61.66700", "2013-03-31": "68.62300", "2012-12-31": "53.65700", "2012-09-30": "48.43600", "2012-06-30": "60.61800", "2012-03-31": "49.15600", "2011-12-31": "39.46800", "2011-09-30": "31.80900", "2011-06-30": "38.59300", "2011-03-31": "32.62000", "2010-12-31": "38.88200", "2010-09-30": "53.53800", "2010-06-30": "106.07000", "2010-03-31": "153.69800", "2009-12-31": "102.72500", "2009-09-30": "70.95500", "2009-06-30": "65.65100", "2009-03-31": "93.64100", "2008-12-31": "86.33400", "2008-09-30": "45.56800", "2008-06-30": "41.54400", "2008-03-31": "111.95000", "2007-12-31": "47.51300", "2007-09-30": "33.27200", "2007-06-30": "291.10400", "2007-03-31": "43.62400", "2006-12-31": "46.10000", "2006-09-30": "72.94800", "2006-06-30": "34.23400", "2006-03-31": "42.53200", "2005-12-31": "35.35200", "2005-09-30": "152.01400", "2005-06-30": "145.17200", "2005-03-31": "26.29000"}, "Receivables": {"2020-09-30": "80.77700", "2020-06-30": "87.46900", "2020-03-31": "85.25700", "2019-12-31": "79.79400", "2019-09-30": "89.55000", "2019-06-30": "90.09400", "2019-03-31": "87.58800", "2018-12-31": "90.41700", "2018-09-30": "85.83800", "2018-06-30": "79.76000", "2018-03-31": "104.85000", "2017-12-31": "94.36300", "2017-09-30": "82.94200", "2017-06-30": "81.87700", "2017-03-31": "76.89100", "2016-12-31": "71.97400", "2016-09-30": "76.55200", "2016-06-30": "125.13100", "2016-03-31": "115.09800", "2015-12-31": "120.73200", "2015-09-30": "123.56800", "2015-06-30": "116.27800", "2015-03-31": "131.95700", "2014-12-31": "123.43400", "2014-09-30": "121.84500", "2014-06-30": "125.14500", "2014-03-31": "124.48300", "2013-12-31": "121.00600", "2013-09-30": "149.08300", "2013-06-30": "139.47300", "2013-03-31": "134.64000", "2012-12-31": "134.09900", "2012-09-30": "134.56400", "2012-06-30": "127.91500", "2012-03-31": "126.51800", "2011-12-31": "130.54900", "2011-09-30": "123.16900", "2011-06-30": "117.65700", "2011-03-31": "110.23100", "2010-12-31": "107.63900", "2010-09-30": "103.95200", "2010-06-30": "104.13100", "2010-03-31": "100.88400", "2009-12-31": "97.67900", "2009-09-30": "96.31000", "2009-06-30": "95.78200", "2009-03-31": "91.87000", "2008-12-31": "89.23300", "2008-09-30": "84.11900", "2008-06-30": "78.43200", "2008-03-31": "76.60500", "2007-12-31": "70.40900", "2007-09-30": "68.62100", "2007-06-30": "64.91900", "2007-03-31": "60.14800", "2006-12-31": "51.89700", "2006-09-30": "47.68700", "2006-06-30": "41.24500", "2006-03-31": "32.56200", "2005-12-31": "27.88700", "2005-09-30": "18.43800", "2005-06-30": "12.67000", "2005-03-31": "9.29400"}, "Inventory": {"2020-09-30": "", "2020-06-30": "", "2020-03-31": "", "2019-12-31": "", "2019-09-30": "", "2019-06-30": "", "2019-03-31": "", "2018-12-31": "", "2018-09-30": "", "2018-06-30": "", "2018-03-31": "", "2017-12-31": "", "2017-09-30": "", "2017-06-30": "", "2017-03-31": "", "2016-12-31": "", "2016-09-30": "", "2016-06-30": "", "2016-03-31": "", "2015-12-31": "", "2015-09-30": "", "2015-06-30": "", "2015-03-31": "", "2014-12-31": "", "2014-09-30": "", "2014-06-30": "", "2014-03-31": "", "2013-12-31": "", "2013-09-30": "", "2013-06-30": "", "2013-03-31": "", "2012-12-31": "", "2012-09-30": "", "2012-06-30": "", "2012-03-31": "", "2011-12-31": "", "2011-09-30": "", "2011-06-30": "", "2011-03-31": "", "2010-12-31": "", "2010-09-30": "", "2010-06-30": "", "2010-03-31": "", "2009-12-31": "", "2009-09-30": "", "2009-06-30": "", "2009-03-31": "", "2008-12-31": "", "2008-09-30": "", "2008-06-30": "", "2008-03-31": "", "2007-12-31": "", "2007-09-30": "", "2007-06-30": "", "2007-03-31": "", "2006-12-31": "", "2006-09-30": "", "2006-06-30": "", "2006-03-31": "", "2005-12-31": "", "2005-09-30": "", "2005-06-30": "", "2005-03-31": ""}, "Pre-Paid Expenses": {"2020-09-30": "", "2020-06-30": "", "2020-03-31": "", "2019-12-31": "", "2019-09-30": "", "2019-06-30": "", "2019-03-31": "", "2018-12-31": "", "2018-09-30": "", "2018-06-30": "", "2018-03-31": "", "2017-12-31": "", "2017-09-30": "", "2017-06-30": "", "2017-03-31": "", "2016-12-31": "", "2016-09-30": "", "2016-06-30": "", "2016-03-31": "", "2015-12-31": "", "2015-09-30": "", "2015-06-30": "", "2015-03-31": "", "2014-12-31": "", "2014-09-30": "", "2014-06-30": "", "2014-03-31": "", "2013-12-31": "", "2013-09-30": "", "2013-06-30": "", "2013-03-31": "", "2012-12-31": "", "2012-09-30": "", "2012-06-30": "", "2012-03-31": "", "2011-12-31": "", "2011-09-30": "", "2011-06-30": "", "2011-03-31": "", "2010-12-31": "", "2010-09-30": "", "2010-06-30": "", "2010-03-31": "", "2009-12-31": "", "2009-09-30": "", "2009-06-30": "", "2009-03-31": "", "2008-12-31": "", "2008-09-30": "", "2008-06-30": "", "2008-03-31": "", "2007-12-31": "", "2007-09-30": "", "2007-06-30": "", "2007-03-31": "", "2006-12-31": "", "2006-09-30": "", "2006-06-30": "", "2006-03-31": "", "2005-12-31": "", "2005-09-30": "", "2005-06-30": "", "2005-03-31": ""}, "Other Current Assets": {"2020-09-30": "", "2020-06-30": "", "2020-03-31": "", "2019-12-31": "", "2019-09-30": "", "2019-06-30": "", "2019-03-31": "", "2018-12-31": "", "2018-09-30": "", "2018-06-30": "", "2018-03-31": "", "2017-12-31": "", "2017-09-30": "", "2017-06-30": "", "2017-03-31": "", "2016-12-31": "", "2016-09-30": "", "2016-06-30": "", "2016-03-31": "", "2015-12-31": "", "2015-09-30": "", "2015-06-30": "", "2015-03-31": "", "2014-12-31": "", "2014-09-30": "", "2014-06-30": "", "2014-03-31": "", "2013-12-31": "", "2013-09-30": "", "2013-06-30": "", "2013-03-31": "", "2012-12-31": "", "2012-09-30": "", "2012-06-30": "", "2012-03-31": "", "2011-12-31": "", "2011-09-30": "", "2011-06-30": "", "2011-03-31": "", "2010-12-31": "", "2010-09-30": "", "2010-06-30": "", "2010-03-31": "", "2009-12-31": "", "2009-09-30": "", "2009-06-30": "", "2009-03-31": "", "2008-12-31": "", "2008-09-30": "", "2008-06-30": "", "2008-03-31": "", "2007-12-31": "", "2007-09-30": "", "2007-06-30": "", "2007-03-31": "", "2006-12-31": "", "2006-09-30": "", "2006-06-30": "", "2006-03-31": "", "2005-12-31": "", "2005-09-30": "", "2005-06-30": "", "2005-03-31": ""}, "Total Current Assets": {"2020-09-30": "353.56700", "2020-06-30": "365.14600", "2020-03-31": "378.07100", "2019-12-31": "92.09700", "2019-09-30": "237.03500", "2019-06-30": "102.07500", "2019-03-31": "106.13900", "2018-12-31": "107.53500", "2018-09-30": "101.43400", "2018-06-30": "91.72100", "2018-03-31": "125.91800", "2017-12-31": "103.93000", "2017-09-30": "465.67200", "2017-06-30": "588.41500", "2017-03-31": "631.54600", "2016-12-31": "288.05900", "2016-09-30": "267.40800", "2016-06-30": "148.93400", "2016-03-31": "300.47400", "2015-12-31": "153.37700", "2015-09-30": "168.39100", "2015-06-30": "150.02000", "2015-03-31": "163.19300", "2014-12-31": "273.22400", "2014-09-30": "168.27800", "2014-06-30": "174.47900", "2014-03-31": "210.72600", "2013-12-31": "220.86100", "2013-09-30": "208.99100", "2013-06-30": "201.14000", "2013-03-31": "203.26300", "2012-12-31": "187.75600", "2012-09-30": "183.00000", "2012-06-30": "188.53300", "2012-03-31": "175.67400", "2011-12-31": "170.01700", "2011-09-30": "154.97800", "2011-06-30": "156.25000", "2011-03-31": "142.85100", "2010-12-31": "146.52100", "2010-09-30": "157.49000", "2010-06-30": "210.20100", "2010-03-31": "254.58200", "2009-12-31": "200.40400", "2009-09-30": "167.26500", "2009-06-30": "161.43300", "2009-03-31": "185.51100", "2008-12-31": "175.56700", "2008-09-30": "129.68700", "2008-06-30": "119.97600", "2008-03-31": "188.55500", "2007-12-31": "117.92200", "2007-09-30": "101.89300", "2007-06-30": "356.02300", "2007-03-31": "103.77200", "2006-12-31": "97.99700", "2006-09-30": "120.63500", "2006-06-30": "75.47900", "2006-03-31": "75.09400", "2005-12-31": "63.23900", "2005-09-30": "170.45200", "2005-06-30": "157.84200", "2005-03-31": "35.58400"}, "Property, Plant, And Equipment": {"2020-09-30": "2685.53800", "2020-06-30": "2694.01000", "2020-03-31": "2702.92500", "2019-12-31": "2919.16100", "2019-09-30": "2482.11000", "2019-06-30": "2689.52700", "2019-03-31": "2843.28000", "2018-12-31": "2860.35600", "2018-09-30": "2852.05700", "2018-06-30": "2862.52400", "2018-03-31": "3125.99300", "2017-12-31": "3132.62900", "2017-09-30": "2527.69400", "2017-06-30": "3100.72800", "2017-03-31": "3093.05800", "2016-12-31": "3514.50600", "2016-09-30": "3630.69300", "2016-06-30": "3880.42600", "2016-03-31": "3911.69900", "2015-12-31": "4084.88100", "2015-09-30": "4704.18800", "2015-06-30": "4598.37300", "2015-03-31": "4620.60700", "2014-12-31": "4076.56200", "2014-09-30": "4323.08200", "2014-06-30": "4108.43400", "2014-03-31": "3928.82700", "2013-12-31": "3972.39400", "2013-09-30": "4435.92300", "2013-06-30": "4480.50100", "2013-03-31": "4511.01400", "2012-12-31": "4611.59500", "2012-09-30": "4452.03800", "2012-06-30": "4496.12900", "2012-03-31": "4536.20100", "2011-12-31": "4615.21800", "2011-09-30": "4652.06300", "2011-06-30": "4761.50800", "2011-03-31": "4795.54300", "2010-12-31": "4230.03900", "2010-09-30": "4239.16800", "2010-06-30": "4272.21600", "2010-03-31": "4133.06000", "2009-12-31": "4132.58300", "2009-09-30": "4159.09800", "2009-06-30": "4194.84900", "2009-03-31": "4146.88300", "2008-12-31": "4157.19200", "2008-09-30": "4164.23100", "2008-06-30": "3720.37400", "2008-03-31": "3486.50600", "2007-12-31": "3463.36600", "2007-09-30": "3447.04900", "2007-06-30": "2793.74400", "2007-03-31": "2822.33100", "2006-12-31": "2752.83100", "2006-09-30": "2546.78000", "2006-06-30": "2291.19600", "2006-03-31": "2253.56700", "2005-12-31": "2262.82700", "2005-09-30": "1688.45400", "2005-06-30": "1255.22200", "2005-03-31": "1022.08200"}, "Long-Term Investments": {"2020-09-30": "", "2020-06-30": "", "2020-03-31": "", "2019-12-31": "", "2019-09-30": "", "2019-06-30": "", "2019-03-31": "", "2018-12-31": "", "2018-09-30": "", "2018-06-30": "", "2018-03-31": "", "2017-12-31": "", "2017-09-30": "", "2017-06-30": "", "2017-03-31": "", "2016-12-31": "", "2016-09-30": "", "2016-06-30": "", "2016-03-31": "", "2015-12-31": "", "2015-09-30": "", "2015-06-30": "", "2015-03-31": "", "2014-12-31": "", "2014-09-30": "", "2014-06-30": "", "2014-03-31": "", "2013-12-31": "", "2013-09-30": "", "2013-06-30": "", "2013-03-31": "", "2012-12-31": "", "2012-09-30": "", "2012-06-30": "", "2012-03-31": "", "2011-12-31": "", "2011-09-30": "", "2011-06-30": "", "2011-03-31": "", "2010-12-31": "", "2010-09-30": "", "2010-06-30": "", "2010-03-31": "", "2009-12-31": "", "2009-09-30": "", "2009-06-30": "", "2009-03-31": "", "2008-12-31": "", "2008-09-30": "", "2008-06-30": "", "2008-03-31": "", "2007-12-31": "", "2007-09-30": "", "2007-06-30": "", "2007-03-31": "", "2006-12-31": "", "2006-09-30": "", "2006-06-30": "", "2006-03-31": "", "2005-12-31": "", "2005-09-30": "", "2005-06-30": "", "2005-03-31": ""}, "Goodwill And Intangible Assets": {"2020-09-30": "87.14400", "2020-06-30": "88.71200", "2020-03-31": "90.19200", "2019-12-31": "27.97100", "2019-09-30": "23.51700", "2019-06-30": "29.62000", "2019-03-31": "31.62600", "2018-12-31": "34.09200", "2018-09-30": "35.62600", "2018-06-30": "38.00200", "2018-03-31": "40.54000", "2017-12-31": "42.95900", "2017-09-30": "28.06700", "2017-06-30": "48.58600", "2017-03-31": "51.32600", "2016-12-31": "54.27900", "2016-09-30": "58.64500", "2016-06-30": "65.77500", "2016-03-31": "70.56000", "2015-12-31": "77.19000", "2015-09-30": "87.71000", "2015-06-30": "84.40700", "2015-03-31": "105.75900", "2014-12-31": "105.52800", "2014-09-30": "113.44700", "2014-06-30": "133.77800", "2014-03-31": "140.45700", "2013-12-31": "148.88900", "2013-09-30": "177.02900", "2013-06-30": "186.98600", "2013-03-31": "197.00400", "2012-12-31": "206.92700", "2012-09-30": "197.50800", "2012-06-30": "208.14600", "2012-03-31": "220.00600", "2011-12-31": "231.33800", "2011-09-30": "243.47100", "2011-06-30": "256.00900", "2011-03-31": "268.88600", "2010-12-31": "269.72600", "2010-09-30": "280.35400", "2010-06-30": "292.04700", "2010-03-31": "294.44300", "2009-12-31": "304.59000", "2009-09-30": "317.43300", "2009-06-30": "330.35800", "2009-03-31": "343.37000", "2008-12-31": "356.34500", "2008-09-30": "376.85200", "2008-06-30": "338.98100", "2008-03-31": "321.10000", "2007-12-31": "319.49600", "2007-09-30": "", "2007-06-30": "", "2007-03-31": "", "2006-12-31": "302.21200", "2006-09-30": "", "2006-06-30": "", "2006-03-31": "", "2005-12-31": "", "2005-09-30": "", "2005-06-30": "", "2005-03-31": ""}, "Other Long-Term Assets": {"2020-09-30": "1133.67900", "2020-06-30": "1127.36900", "2020-03-31": "1116.82700", "2019-12-31": "1099.86100", "2019-09-30": "1091.97400", "2019-06-30": "1102.06800", "2019-03-31": "1119.92300", "2018-12-31": "1094.57100", "2018-09-30": "1196.36000", "2018-06-30": "1202.33400", "2018-03-31": "1203.63000", "2017-12-31": "1090.92500", "2017-09-30": "893.90700", "2017-06-30": "285.39900", "2017-03-31": "287.33800", "2016-12-31": "317.15000", "2016-09-30": "302.79600", "2016-06-30": "279.15900", "2016-03-31": "277.56300", "2015-12-31": "274.54300", "2015-09-30": "149.63600", "2015-06-30": "185.78800", "2015-03-31": "149.72800", "2014-12-31": "175.93100", "2014-09-30": "172.17300", "2014-06-30": "149.51300", "2014-03-31": "159.96900", "2013-12-31": "152.42300", "2013-09-30": "619.67900", "2013-06-30": "619.20800", "2013-03-31": "621.12500", "2012-12-31": "615.37300", "2012-09-30": "678.07400", "2012-06-30": "675.59600", "2012-03-31": "676.41300", "2011-12-31": "682.26300", "2011-09-30": "676.92400", "2011-06-30": "671.36700", "2011-03-31": "671.71600", "2010-12-31": "669.68800", "2010-09-30": "670.94300", "2010-06-30": "686.74500", "2010-03-31": "686.94700", "2009-12-31": "687.46800", "2009-09-30": "693.22200", "2009-06-30": "692.64700", "2009-03-31": "740.04900", "2008-12-31": "737.72700", "2008-09-30": "734.66200", "2008-06-30": "377.17800", "2008-03-31": "154.48500", "2007-12-31": "164.63600", "2007-09-30": "128.01500", "2007-06-30": "121.88000", "2007-03-31": "114.09900", "2006-12-31": "115.02900", "2006-09-30": "119.94900", "2006-06-30": "118.65400", "2006-03-31": "118.41700", "2005-12-31": "122.03300", "2005-09-30": "122.57300", "2005-06-30": "94.67300", "2005-03-31": "82.79600"}, "Total Long-Term Assets": {"2020-09-30": "3977.96000", "2020-06-30": "3990.64600", "2020-03-31": "3992.83000", "2019-12-31": "4123.37800", "2019-09-30": "3659.05600", "2019-06-30": "3879.15700", "2019-03-31": "4053.76100", "2018-12-31": "4066.45800", "2018-09-30": "4150.30100", "2018-06-30": "4164.01900", "2018-03-31": "4512.88200", "2017-12-31": "4407.60900", "2017-09-30": "3577.60800", "2017-06-30": "3564.56200", "2017-03-31": "3558.90700", "2016-12-31": "4011.73400", "2016-09-30": "4052.51700", "2016-06-30": "4312.54200", "2016-03-31": "4334.32400", "2015-12-31": "4524.74100", "2015-09-30": "5054.28800", "2015-06-30": "4976.21300", "2015-03-31": "4994.41500", "2014-12-31": "4461.01600", "2014-09-30": "4715.30900", "2014-06-30": "4506.89200", "2014-03-31": "4337.40400", "2013-12-31": "4371.62100", "2013-09-30": "5353.63400", "2013-06-30": "5402.29900", "2013-03-31": "5436.55200", "2012-12-31": "5543.19300", "2012-09-30": "5437.16800", "2012-06-30": "5470.23300", "2012-03-31": "5520.65300", "2011-12-31": "5606.55000", "2011-09-30": "5650.39900", "2011-06-30": "5763.02600", "2011-03-31": "5808.71500", "2010-12-31": "5225.16400", "2010-09-30": "5244.87800", "2010-06-30": "5307.07700", "2010-03-31": "5162.02900", "2009-12-31": "5173.66000", "2009-09-30": "5217.98300", "2009-06-30": "5267.65100", "2009-03-31": "5277.30000", "2008-12-31": "5299.20700", "2008-09-30": "5323.96100", "2008-06-30": "4474.50100", "2008-03-31": "4000.43600", "2007-12-31": "3984.23600", "2007-09-30": "3938.39500", "2007-06-30": "3224.90600", "2007-03-31": "3253.53400", "2006-12-31": "3190.22800", "2006-09-30": "2954.52400", "2006-06-30": "2643.41600", "2006-03-31": "2605.87300", "2005-12-31": "2625.64400", "2005-09-30": "1993.20000", "2005-06-30": "1488.20100", "2005-03-31": "1220.42700"}, "Total Assets": {"2020-09-30": "4371.05600", "2020-06-30": "4385.68900", "2020-03-31": "4400.99100", "2019-12-31": "4244.94500", "2019-09-30": "3925.80100", "2019-06-30": "4044.79500", "2019-03-31": "4223.72900", "2018-12-31": "4173.99300", "2018-09-30": "4251.73500", "2018-06-30": "4255.74000", "2018-03-31": "4638.80000", "2017-12-31": "4511.53900", "2017-09-30": "4043.28000", "2017-06-30": "4152.97700", "2017-03-31": "4190.45300", "2016-12-31": "4299.79300", "2016-09-30": "4319.92500", "2016-06-30": "4461.47600", "2016-03-31": "4634.79800", "2015-12-31": "4678.11800", "2015-09-30": "5222.67900", "2015-06-30": "5126.23300", "2015-03-31": "5157.60800", "2014-12-31": "4734.24000", "2014-09-30": "4883.58700", "2014-06-30": "4681.37100", "2014-03-31": "4548.13000", "2013-12-31": "4592.48200", "2013-09-30": "5562.62500", "2013-06-30": "5603.43900", "2013-03-31": "5639.81500", "2012-12-31": "5730.94900", "2012-09-30": "5620.16800", "2012-06-30": "5658.76600", "2012-03-31": "5696.32700", "2011-12-31": "5776.56700", "2011-09-30": "5805.37700", "2011-06-30": "5919.27600", "2011-03-31": "5951.56700", "2010-12-31": "5371.68500", "2010-09-30": "5402.36800", "2010-06-30": "5517.27800", "2010-03-31": "5416.61100", "2009-12-31": "5374.06400", "2009-09-30": "5385.24800", "2009-06-30": "5429.08400", "2009-03-31": "5462.81100", "2008-12-31": "5474.77400", "2008-09-30": "5453.64800", "2008-06-30": "4594.47700", "2008-03-31": "4188.99100", "2007-12-31": "4102.15800", "2007-09-30": "4040.28800", "2007-06-30": "3580.92900", "2007-03-31": "3357.30600", "2006-12-31": "3288.22500", "2006-09-30": "3075.15900", "2006-06-30": "2718.89500", "2006-03-31": "2680.96700", "2005-12-31": "2688.88300", "2005-09-30": "2163.65200", "2005-06-30": "1646.04300", "2005-03-31": "1256.01100"}, "Total Current Liabilities": {"2020-09-30": "92.14900", "2020-06-30": "93.12200", "2020-03-31": "90.29100", "2019-12-31": "70.84500", "2019-09-30": "53.28100", "2019-06-30": "43.40300", "2019-03-31": "37.96200", "2018-12-31": "49.11700", "2018-09-30": "52.72500", "2018-06-30": "50.72900", "2018-03-31": "105.77200", "2017-12-31": "125.00200", "2017-09-30": "129.80200", "2017-06-30": "140.15100", "2017-03-31": "125.74300", "2016-12-31": "131.02800", "2016-09-30": "81.61700", "2016-06-30": "86.01000", "2016-03-31": "85.35100", "2015-12-31": "98.75900", "2015-09-30": "110.10300", "2015-06-30": "93.14400", "2015-03-31": "97.97300", "2014-12-31": "106.27600", "2014-09-30": "100.91100", "2014-06-30": "98.73700", "2014-03-31": "90.09600", "2013-12-31": "99.67800", "2013-09-30": "93.96500", "2013-06-30": "97.92900", "2013-03-31": "99.70400", "2012-12-31": "102.85800", "2012-09-30": "91.53300", "2012-06-30": "68.50800", "2012-03-31": "71.09100", "2011-12-31": "72.34900", "2011-09-30": "133.46800", "2011-06-30": "115.38400", "2011-03-31": "112.48000", "2010-12-31": "102.47900", "2010-09-30": "121.39500", "2010-06-30": "110.77800", "2010-03-31": "88.64700", "2009-12-31": "89.31200", "2009-09-30": "105.07100", "2009-06-30": "98.32700", "2009-03-31": "116.18600", "2008-12-31": "130.29900", "2008-09-30": "80.90400", "2008-06-30": "66.32000", "2008-03-31": "74.00300", "2007-12-31": "59.62700", "2007-09-30": "46.89600", "2007-06-30": "31.08000", "2007-03-31": "35.78000", "2006-12-31": "41.81700", "2006-09-30": "32.25800", "2006-06-30": "26.81700", "2006-03-31": "37.52500", "2005-12-31": "31.69400", "2005-09-30": "19.35700", "2005-06-30": "12.68500", "2005-03-31": "9.58400"}, "Long Term Debt": {"2020-09-30": "1645.28700", "2020-06-30": "1644.93500", "2020-03-31": "1644.58900", "2019-12-31": "1477.24000", "2019-09-30": "1142.89000", "2019-06-30": "1189.53900", "2019-03-31": "1375.19200", "2018-12-31": "1323.84600", "2018-09-30": "1372.24500", "2018-06-30": "1361.68500", "2018-03-31": "1646.67600", "2017-12-31": "1784.94100", "2017-09-30": "1333.92900", "2017-06-30": "1459.52400", "2017-03-31": "1460.53300", "2016-12-31": "1534.43800", "2016-09-30": "1634.34900", "2016-06-30": "1772.50900", "2016-03-31": "1920.18700", "2015-12-31": "1845.83000", "2015-09-30": "2378.29100", "2015-06-30": "2236.52500", "2015-03-31": "2253.76900", "2014-12-31": "1795.42800", "2014-09-30": "1959.94300", "2014-06-30": "1755.70000", "2014-03-31": "1608.44500", "2013-12-31": "1609.17900", "2013-09-30": "2295.90700", "2013-06-30": "2244.04900", "2013-03-31": "2218.67600", "2012-12-31": "2236.29600", "2012-09-30": "2111.41500", "2012-06-30": "2103.83300", "2012-03-31": "2072.24300", "2011-12-31": "2115.48600", "2011-09-30": "2089.35900", "2011-06-30": "2170.82300", "2011-03-31": "2140.29400", "2010-12-31": "1532.93900", "2010-09-30": "1513.59800", "2010-06-30": "1616.51800", "2010-03-31": "1614.23500", "2009-12-31": "1610.93600", "2009-09-30": "1694.69300", "2009-06-30": "1803.35500", "2009-03-31": "1906.21700", "2008-12-31": "1932.52200", "2008-09-30": "1979.55200", "2008-06-30": "1268.21600", "2008-03-31": "1002.40200", "2007-12-31": "1006.29700", "2007-09-30": "1061.05100", "2007-06-30": "782.89400", "2007-03-31": "768.21200", "2006-12-31": "852.52300", "2006-09-30": "821.68900", "2006-06-30": "647.20400", "2006-03-31": "754.77400", "2005-12-31": "910.40200", "2005-09-30": "588.11000", "2005-06-30": "336.69700", "2005-03-31": "336.82800"}, "Other Non-Current Liabilities": {"2020-09-30": "34.84200", "2020-06-30": "36.34700", "2020-03-31": "38.83700", "2019-12-31": "66.05700", "2019-09-30": "29.76100", "2019-06-30": "34.43800", "2019-03-31": "56.97300", "2018-12-31": "60.01400", "2018-09-30": "37.56500", "2018-06-30": "39.31400", "2018-03-31": "43.89300", "2017-12-31": "69.66000", "2017-09-30": "25.64700", "2017-06-30": "48.45900", "2017-03-31": "50.30800", "2016-12-31": "131.55900", "2016-09-30": "72.29400", "2016-06-30": "73.32100", "2016-03-31": "75.04000", "2015-12-31": "119.33500", "2015-09-30": "91.98500", "2015-06-30": "121.93000", "2015-03-31": "103.76000", "2014-12-31": "99.05800", "2014-09-30": "108.71300", "2014-06-30": "101.74900", "2014-03-31": "95.41100", "2013-12-31": "95.80200", "2013-09-30": "124.39100", "2013-06-30": "252.86800", "2013-03-31": "307.18100", "2012-12-31": "227.81500", "2012-09-30": "236.01000", "2012-06-30": "263.53000", "2012-03-31": "300.50700", "2011-12-31": "241.76000", "2011-09-30": "268.85000", "2011-06-30": "351.77600", "2011-03-31": "376.74300", "2010-12-31": "280.22300", "2010-09-30": "295.85200", "2010-06-30": "183.07200", "2010-03-31": "1009.36800", "2009-12-31": "950.45500", "2009-09-30": "873.91700", "2009-06-30": "833.69000", "2009-03-31": "812.86100", "2008-12-31": "829.74200", "2008-09-30": "830.46100", "2008-06-30": "790.69400", "2008-03-31": "770.49200", "2007-12-31": "745.14400", "2007-09-30": "747.15600", "2007-06-30": "136.15600", "2007-03-31": "126.35300", "2006-12-31": "122.77500", "2006-09-30": "143.96200", "2006-06-30": "100.73600", "2006-03-31": "92.00900", "2005-12-31": "84.30900", "2005-09-30": "84.64400", "2005-06-30": "53.83000", "2005-03-31": "42.83000"}, "Total Long Term Liabilities": {"2020-09-30": "1680.12900", "2020-06-30": "1681.28200", "2020-03-31": "1683.42600", "2019-12-31": "1543.29700", "2019-09-30": "1172.65100", "2019-06-30": "1223.97700", "2019-03-31": "1432.16500", "2018-12-31": "1383.86000", "2018-09-30": "1409.81000", "2018-06-30": "1400.99900", "2018-03-31": "1690.56900", "2017-12-31": "1854.60100", "2017-09-30": "1359.57600", "2017-06-30": "1507.98300", "2017-03-31": "1510.84100", "2016-12-31": "1665.99700", "2016-09-30": "1706.64300", "2016-06-30": "1845.83000", "2016-03-31": "1995.22700", "2015-12-31": "1965.16500", "2015-09-30": "2470.27600", "2015-06-30": "2358.45500", "2015-03-31": "2357.52900", "2014-12-31": "1894.48600", "2014-09-30": "2068.65600", "2014-06-30": "1857.44900", "2014-03-31": "1703.85600", "2013-12-31": "1704.98100", "2013-09-30": "2420.29800", "2013-06-30": "2496.91700", "2013-03-31": "2525.85700", "2012-12-31": "2464.11100", "2012-09-30": "2347.42500", "2012-06-30": "2367.36300", "2012-03-31": "2372.75000", "2011-12-31": "2357.24600", "2011-09-30": "2358.20900", "2011-06-30": "2522.59900", "2011-03-31": "2517.03700", "2010-12-31": "1813.16200", "2010-09-30": "1809.45000", "2010-06-30": "1799.59000", "2010-03-31": "2623.60300", "2009-12-31": "2561.39100", "2009-09-30": "2568.61000", "2009-06-30": "2637.04500", "2009-03-31": "2719.07800", "2008-12-31": "2762.26400", "2008-09-30": "2817.56200", "2008-06-30": "2061.24300", "2008-03-31": "1776.06100", "2007-12-31": "1754.61100", "2007-09-30": "1811.27500", "2007-06-30": "922.13100", "2007-03-31": "897.65900", "2006-12-31": "978.38810", "2006-09-30": "968.85400", "2006-06-30": "750.83900", "2006-03-31": "849.42900", "2005-12-31": "997.43500", "2005-09-30": "675.29500", "2005-06-30": "391.75600", "2005-03-31": "380.87800"}, "Total Liabilities": {"2020-09-30": "1774.76500", "2020-06-30": "1777.18700", "2020-03-31": "1776.60400", "2019-12-31": "1616.32800", "2019-09-30": "1228.26700", "2019-06-30": "1302.06400", "2019-03-31": "1504.86500", "2018-12-31": "1432.97700", "2018-09-30": "1462.53500", "2018-06-30": "1451.72800", "2018-03-31": "1796.34100", "2017-12-31": "1979.60300", "2017-09-30": "1489.37800", "2017-06-30": "1648.13400", "2017-03-31": "1636.58400", "2016-12-31": "1797.02500", "2016-09-30": "1788.26000", "2016-06-30": "1931.84000", "2016-03-31": "2080.57800", "2015-12-31": "2063.92400", "2015-09-30": "2580.37900", "2015-06-30": "2451.59900", "2015-03-31": "2455.50200", "2014-12-31": "2000.76200", "2014-09-30": "2169.56700", "2014-06-30": "1956.18600", "2014-03-31": "1793.95200", "2013-12-31": "1804.65900", "2013-09-30": "2514.26300", "2013-06-30": "2594.84600", "2013-03-31": "2625.56100", "2012-12-31": "2566.96900", "2012-09-30": "2438.95800", "2012-06-30": "2435.87100", "2012-03-31": "2443.84100", "2011-12-31": "2429.59500", "2011-09-30": "2491.67700", "2011-06-30": "2637.98300", "2011-03-31": "2629.51700", "2010-12-31": "1915.64100", "2010-09-30": "1930.84500", "2010-06-30": "1910.36800", "2010-03-31": "2712.25000", "2009-12-31": "2650.70300", "2009-09-30": "2673.68100", "2009-06-30": "2735.37200", "2009-03-31": "2835.26400", "2008-12-31": "2892.56300", "2008-09-30": "2898.46600", "2008-06-30": "2127.56300", "2008-03-31": "1850.06400", "2007-12-31": "1814.23800", "2007-09-30": "1858.17100", "2007-06-30": "953.21100", "2007-03-31": "933.43900", "2006-12-31": "1020.20500", "2006-09-30": "1001.11200", "2006-06-30": "777.65600", "2006-03-31": "886.95400", "2005-12-31": "1029.12900", "2005-09-30": "694.65200", "2005-06-30": "404.44100", "2005-03-31": "390.46200"}, "Common Stock Net": {"2020-09-30": "1.14500", "2020-06-30": "1.14500", "2020-03-31": "1.14400", "2019-12-31": "1.15300", "2019-09-30": "1.16900", "2019-06-30": "1.16900", "2019-03-31": "1.16900", "2018-12-31": "1.16700", "2018-09-30": "1.18000", "2018-06-30": "1.18000", "2018-03-31": "1.18600", "2017-12-31": "1.19800", "2017-09-30": "1.19800", "2017-06-30": "1.21100", "2017-03-31": "1.22400", "2016-12-31": "1.22100", "2016-09-30": "1.23400", "2016-06-30": "1.23400", "2016-03-31": "1.23400", "2015-12-31": "1.24300", "2015-09-30": "1.24500", "2015-06-30": "1.25000", "2015-03-31": "1.25000", "2014-12-31": "1.24900", "2014-09-30": "1.24900", "2014-06-30": "1.24900", "2014-03-31": "1.24900", "2013-12-31": "1.24800", "2013-09-30": "1.34200", "2013-06-30": "-116.32900", "2013-03-31": "-154.06000", "2012-12-31": "1.36900", "2012-09-30": "-123.54400", "2012-06-30": "-145.98200", "2012-03-31": "-171.98300", "2011-12-31": "-107.68500", "2011-09-30": "-131.96000", "2011-06-30": "-217.70300", "2011-03-31": "-240.71700", "2010-12-31": "-155.78000", "2010-09-30": "-173.41900", "2010-06-30": "-41.12600", "2010-03-31": "-862.47900", "2009-12-31": "-800.84500", "2009-09-30": "-719.61100", "2009-06-30": "-679.47400", "2009-03-31": "-652.01600", "2008-12-31": "-656.92000", "2008-09-30": "-663.50500", "2008-06-30": "-643.02400", "2008-03-31": "-621.11900", "2007-12-31": "-592.74900", "2007-09-30": "-605.97800", "2007-06-30": "-22.97400", "2007-03-31": "-9.52300", "2006-12-31": "2.80100", "2006-09-30": "-30.57300", "2006-06-30": "-20.32200", "2006-03-31": "-9.02400", "2005-12-31": "1.97400", "2005-09-30": "-15.98400", "2005-06-30": "-9.72900", "2005-03-31": "-4.47600"}, "Retained Earnings (Accumulated Deficit)": {"2020-09-30": "-1824.74100", "2020-06-30": "-1806.07100", "2020-03-31": "-1787.11900", "2019-12-31": "-1769.23400", "2019-09-30": "-1723.24800", "2019-06-30": "-1679.58000", "2019-03-31": "-1703.94500", "2018-12-31": "-1684.08200", "2018-09-30": "-1665.74500", "2018-06-30": "-1648.57700", "2018-03-31": "-1621.49800", "2017-12-31": "-1957.23600", "2017-09-30": "-1931.92700", "2017-06-30": "-2009.40500", "2017-03-31": "-1986.25000", "2016-12-31": "-2036.48200", "2016-09-30": "-2027.15500", "2016-06-30": "-2027.01200", "2016-03-31": "-2003.25800", "2015-12-31": "-1972.91600", "2015-09-30": "-1945.73100", "2015-06-30": "-1928.35000", "2015-03-31": "-1899.53600", "2014-12-31": "-1867.61100", "2014-09-30": "-1886.34600", "2014-06-30": "-1873.84200", "2014-03-31": "-1844.37300", "2013-12-31": "-1810.28400", "2013-09-30": "-1785.76200", "2013-06-30": "-1739.56800", "2013-03-31": "-1708.78500", "2012-12-31": "-1634.53100", "2012-09-30": "-1594.50500", "2012-06-30": "-1520.48900", "2012-03-31": "-1463.37300", "2011-12-31": "-1426.55000", "2011-09-30": "-1412.31100", "2011-06-30": "-1349.64300", "2011-03-31": "-1277.54600", "2010-12-31": "-1212.47200", "2010-09-30": "-1154.81400", "2010-06-30": "-1092.21900", "2010-03-31": "-1008.32200", "2009-12-31": "-935.01900", "2009-09-30": "-887.14900", "2009-06-30": "-806.26000", "2009-03-31": "-754.87400", "2008-12-31": "-694.75100", "2008-09-30": "-591.56600", "2008-06-30": "-533.10100", "2008-03-31": "-490.95600", "2007-12-31": "-427.85700", "2007-09-30": "-365.60500", "2007-06-30": "-311.67100", "2007-03-31": "-272.25700", "2006-12-31": "-225.54900", "2006-09-30": "-190.26900", "2006-06-30": "-155.78200", "2006-03-31": "-126.18600", "2005-12-31": "-94.38200", "2005-09-30": "-71.14100", "2005-06-30": "-52.08600", "2005-03-31": "-35.65500"}, "Comprehensive Income": {"2020-09-30": "-20.34100", "2020-06-30": "-21.98500", "2020-03-31": "-20.50900", "2019-12-31": "-1.10100", "2019-09-30": "-4.75900", "2019-06-30": "-1.69100", "2019-03-31": "0.91300", "2018-12-31": "2.34400", "2018-09-30": "5.07700", "2018-06-30": "4.35500", "2018-03-31": "3.41700", "2017-12-31": "0.90300", "2017-09-30": "-0.73700", "2017-06-30": "-0.88500", "2017-03-31": "-0.24900", "2016-12-31": "-0.88300", "2016-09-30": "-8.06500", "2016-06-30": "-9.31500", "2016-03-31": "-7.29300", "2015-12-31": "-2.43600", "2015-09-30": "-4.41800", "2015-06-30": "-1.37300", "2015-03-31": "-1.80900", "2014-12-31": "-1.96800", "2014-09-30": "-2.24600", "2014-06-30": "-3.09600", "2014-03-31": "-3.05300", "2013-12-31": "-3.30700", "2013-09-30": "-3.50900", "2013-06-30": "-2.58700", "2013-03-31": "-4.75500", "2012-12-31": "-5.22100", "2012-09-30": "-5.79900", "2012-06-30": "-3.32400", "2012-03-31": "0.69200", "2011-12-31": "0.08400", "2011-09-30": "-15.16400", "2011-06-30": "-11.96600", "2011-03-31": "-10.38700", "2010-12-31": "-11.13900", "2010-09-30": "-14.73800", "2010-06-30": "-12.42700", "2010-03-31": "-8.88500", "2009-12-31": "-8.02900", "2009-09-30": "-9.83800", "2009-06-30": "-8.32100", "2009-03-31": "-12.94600", "2008-12-31": "-14.81200", "2008-09-30": "-4.84400", "2008-06-30": "-3.52200", "2008-03-31": "-6.60800", "2007-12-31": "-3.36900", "2007-09-30": "-1.14000", "2007-06-30": "1.38000", "2007-03-31": "-1.12000", "2006-12-31": "-1.04900", "2006-09-30": "-1.11200", "2006-06-30": "", "2006-03-31": "", "2005-12-31": "", "2005-09-30": "", "2005-06-30": "", "2005-03-31": ""}, "Other Share Holders Equity": {"2020-09-30": "", "2020-06-30": "", "2020-03-31": "", "2019-12-31": "", "2019-09-30": "", "2019-06-30": "", "2019-03-31": "", "2018-12-31": "", "2018-09-30": "", "2018-06-30": "", "2018-03-31": "", "2017-12-31": "", "2017-09-30": "", "2017-06-30": "", "2017-03-31": "", "2016-12-31": "", "2016-09-30": "", "2016-06-30": "", "2016-03-31": "", "2015-12-31": "", "2015-09-30": "", "2015-06-30": "", "2015-03-31": "", "2014-12-31": "", "2014-09-30": "", "2014-06-30": "", "2014-03-31": "", "2013-12-31": "", "2013-09-30": "", "2013-06-30": "", "2013-03-31": "", "2012-12-31": "", "2012-09-30": "", "2012-06-30": "", "2012-03-31": "", "2011-12-31": "", "2011-09-30": "", "2011-06-30": "", "2011-03-31": "", "2010-12-31": "", "2010-09-30": "", "2010-06-30": "", "2010-03-31": "", "2009-12-31": "", "2009-09-30": "", "2009-06-30": "", "2009-03-31": "", "2008-12-31": "", "2008-09-30": "", "2008-06-30": "", "2008-03-31": "", "2007-12-31": "", "2007-09-30": "", "2007-06-30": "", "2007-03-31": "", "2006-12-31": "", "2006-09-30": "", "2006-06-30": "", "2006-03-31": "", "2005-12-31": "", "2005-09-30": "", "2005-06-30": "", "2005-03-31": ""}, "Share Holder Equity": {"2020-09-30": "2596.29100", "2020-06-30": "2608.50200", "2020-03-31": "2624.38700", "2019-12-31": "2628.61700", "2019-09-30": "2697.53400", "2019-06-30": "2742.73100", "2019-03-31": "2718.86400", "2018-12-31": "2741.01600", "2018-09-30": "2789.20000", "2018-06-30": "2804.01200", "2018-03-31": "2842.45900", "2017-12-31": "2531.93600", "2017-09-30": "2553.90200", "2017-06-30": "2504.84300", "2017-03-31": "2553.86900", "2016-12-31": "2502.76800", "2016-09-30": "2531.66500", "2016-06-30": "2529.63600", "2016-03-31": "2554.22000", "2015-12-31": "2614.19400", "2015-09-30": "2642.30000", "2015-06-30": "2674.63400", "2015-03-31": "2702.10600", "2014-12-31": "2733.47800", "2014-09-30": "2714.02000", "2014-06-30": "2725.18500", "2014-03-31": "2754.17800", "2013-12-31": "2787.82300", "2013-09-30": "3048.36200", "2013-06-30": "3008.59300", "2013-03-31": "3014.25400", "2012-12-31": "3163.98000", "2012-09-30": "3181.21000", "2012-06-30": "3222.89500", "2012-03-31": "3252.48600", "2011-12-31": "3346.97200", "2011-09-30": "3313.70000", "2011-06-30": "3281.29300", "2011-03-31": "3322.05000", "2010-12-31": "3456.04400", "2010-09-30": "3471.52300", "2010-06-30": "3606.91000", "2010-03-31": "2704.36100", "2009-12-31": "2723.36100", "2009-09-30": "2711.56700", "2009-06-30": "2693.71200", "2009-03-31": "2627.54700", "2008-12-31": "2582.21100", "2008-09-30": "2555.18200", "2008-06-30": "2466.91400", "2008-03-31": "2338.92700", "2007-12-31": "2287.92000", "2007-09-30": "2182.11700", "2007-06-30": "2627.71800", "2007-03-31": "2423.86700", "2006-12-31": "2268.02000", "2006-09-30": "2074.04700", "2006-06-30": "1941.23900", "2006-03-31": "1794.01300", "2005-12-31": "1659.75400", "2005-09-30": "1469.00000", "2005-06-30": "1241.60200", "2005-03-31": "865.54900"}, "Total Liabilities And Share Holders Equity": {"2020-09-30": "4371.05600", "2020-06-30": "4385.68900", "2020-03-31": "4400.99100", "2019-12-31": "4244.94500", "2019-09-30": "3925.80100", "2019-06-30": "4044.79500", "2019-03-31": "4223.72900", "2018-12-31": "4173.99300", "2018-09-30": "4251.73500", "2018-06-30": "4255.74000", "2018-03-31": "4638.80000", "2017-12-31": "4511.53900", "2017-09-30": "4043.28000", "2017-06-30": "4152.97700", "2017-03-31": "4190.45300", "2016-12-31": "4299.79300", "2016-09-30": "4319.92500", "2016-06-30": "4461.47600", "2016-03-31": "4634.79800", "2015-12-31": "4678.11800", "2015-09-30": "5222.67900", "2015-06-30": "5126.23300", "2015-03-31": "5157.60800", "2014-12-31": "4734.24000", "2014-09-30": "4883.58700", "2014-06-30": "4681.37100", "2014-03-31": "4548.13000", "2013-12-31": "4592.48200", "2013-09-30": "5562.62500", "2013-06-30": "5603.43900", "2013-03-31": "5639.81500", "2012-12-31": "5730.94900", "2012-09-30": "5620.16800", "2012-06-30": "5658.76600", "2012-03-31": "5696.32700", "2011-12-31": "5776.56700", "2011-09-30": "5805.37700", "2011-06-30": "5919.27600", "2011-03-31": "5951.56700", "2010-12-31": "5371.68500", "2010-09-30": "5402.36800", "2010-06-30": "5517.27800", "2010-03-31": "5416.61100", "2009-12-31": "5374.06400", "2009-09-30": "5385.24800", "2009-06-30": "5429.08400", "2009-03-31": "5462.81100", "2008-12-31": "5474.77400", "2008-09-30": "5453.64800", "2008-06-30": "4594.47700", "2008-03-31": "4188.99100", "2007-12-31": "4102.15800", "2007-09-30": "4040.28800", "2007-06-30": "3580.92900", "2007-03-31": "3357.30600", "2006-12-31": "3288.22500", "2006-09-30": "3075.15900", "2006-06-30": "2718.89500", "2006-03-31": "2680.96700", "2005-12-31": "2688.88300", "2005-09-30": "2163.65200", "2005-06-30": "1646.04300", "2005-03-31": "1256.01100"}}, "cash flow statement": {"Net Income/Loss": {"2019-12-31": "9.06400", "2018-12-31": "9.49100", "2017-12-31": "176.04100", "2016-12-31": "84.28100", "2015-12-31": "44.61900", "2014-12-31": "92.63500", "2013-12-31": "15.72000", "2012-12-31": "48.04300", "2011-12-31": "56.65600", "2010-12-31": "23.34000", "2009-12-31": "40.74700", "2008-12-31": "-22.84600", "2007-12-31": "-4.63800", "2006-12-31": "11.26800", "2005-12-31": "12.52100"}, "Total Depreciation And Amortization - Cash Flow": {"2019-12-31": "101.83800", "2018-12-31": "111.19600", "2017-12-31": "112.30100", "2016-12-31": "161.07300", "2015-12-31": "209.49000", "2014-12-31": "191.97800", "2013-12-31": "204.46500", "2012-12-31": "220.78900", "2011-12-31": "242.57900", "2010-12-31": "226.91800", "2009-12-31": "226.50200", "2008-12-31": "221.06300", "2007-12-31": "189.79900", "2006-12-31": "144.96900", "2005-12-31": "71.65100"}, "Other Non-Cash Items": {"2019-12-31": "18.55800", "2018-12-31": "11.62600", "2017-12-31": "-196.31100", "2016-12-31": "-59.53500", "2015-12-31": "-29.85000", "2014-12-31": "-58.32600", "2013-12-31": "-0.44500", "2012-12-31": "-8.97500", "2011-12-31": "-30.28600", "2010-12-31": "22.49100", "2009-12-31": "-15.95700", "2008-12-31": "41.62900", "2007-12-31": "4.17000", "2006-12-31": "-19.22900", "2005-12-31": "1.61600"}, "Total Non-Cash Items": {"2019-12-31": "120.39600", "2018-12-31": "122.82200", "2017-12-31": "-84.01000", "2016-12-31": "101.53800", "2015-12-31": "179.64000", "2014-12-31": "133.65200", "2013-12-31": "204.02000", "2012-12-31": "211.81400", "2011-12-31": "212.29300", "2010-12-31": "249.40900", "2009-12-31": "210.54500", "2008-12-31": "262.69200", "2007-12-31": "193.96900", "2006-12-31": "125.74000", "2005-12-31": "73.26700"}, "Change In Accounts Receivable": {"2019-12-31": "0.69700", "2018-12-31": "-2.94700", "2017-12-31": "4.22200", "2016-12-31": "4.25100", "2015-12-31": "-4.41400", "2014-12-31": "-0.22700", "2013-12-31": "6.24900", "2012-12-31": "-4.76700", "2011-12-31": "-1.43800", "2010-12-31": "-2.89500", "2009-12-31": "2.90000", "2008-12-31": "-1.79700", "2007-12-31": "-2.07600", "2006-12-31": "-1.36700", "2005-12-31": "-19.59300"}, "Change In Inventories": {"2019-12-31": "", "2018-12-31": "", "2017-12-31": "", "2016-12-31": "", "2015-12-31": "", "2014-12-31": "", "2013-12-31": "", "2012-12-31": "", "2011-12-31": "", "2010-12-31": "", "2009-12-31": "", "2008-12-31": "", "2007-12-31": "", "2006-12-31": "", "2005-12-31": ""}, "Change In Accounts Payable": {"2019-12-31": "", "2018-12-31": "", "2017-12-31": "", "2016-12-31": "", "2015-12-31": "", "2014-12-31": "", "2013-12-31": "", "2012-12-31": "", "2011-12-31": "", "2010-12-31": "", "2009-12-31": "", "2008-12-31": "", "2007-12-31": "", "2006-12-31": "", "2005-12-31": ""}, "Change In Assets/Liabilities": {"2019-12-31": "1.72600", "2018-12-31": "4.98300", "2017-12-31": "-6.19600", "2016-12-31": "4.62800", "2015-12-31": "-0.09500", "2014-12-31": "8.25700", "2013-12-31": "-11.86700", "2012-12-31": "-6.52100", "2011-12-31": "3.53300", "2010-12-31": "-2.16600", "2009-12-31": "0.11900", "2008-12-31": "15.19400", "2007-12-31": "-0.21200", "2006-12-31": "7.98300", "2005-12-31": "3.70600"}, "Total Change In Assets/Liabilities": {"2019-12-31": "7.98300", "2018-12-31": "-34.68800", "2017-12-31": "-30.10700", "2016-12-31": "7.27200", "2015-12-31": "-1.17900", "2014-12-31": "10.61900", "2013-12-31": "-1.41100", "2012-12-31": "-7.01800", "2011-12-31": "10.20900", "2010-12-31": "-2.64300", "2009-12-31": "-2.76500", "2008-12-31": "19.00800", "2007-12-31": "7.82900", "2006-12-31": "14.07600", "2005-12-31": "-9.43700"}, "Cash Flow From Operating Activities": {"2019-12-31": "137.44300", "2018-12-31": "97.62500", "2017-12-31": "61.92400", "2016-12-31": "193.09100", "2015-12-31": "223.08000", "2014-12-31": "236.90600", "2013-12-31": "218.32900", "2012-12-31": "252.83900", "2011-12-31": "279.15800", "2010-12-31": "270.10600", "2009-12-31": "248.52700", "2008-12-31": "258.85400", "2007-12-31": "197.16000", "2006-12-31": "151.08400", "2005-12-31": "76.35100"}, "Net Change In Property, Plant, And Equipment": {"2019-12-31": "-145.11800", "2018-12-31": "190.54100", "2017-12-31": "46.05700", "2016-12-31": "564.21100", "2015-12-31": "-548.66800", "2014-12-31": "28.21600", "2013-12-31": "521.08900", "2012-12-31": "70.46600", "2011-12-31": "-638.78300", "2010-12-31": "-303.72900", "2009-12-31": "-124.14900", "2008-12-31": "-900.26900", "2007-12-31": "-925.41500", "2006-12-31": "-663.35100", "2005-12-31": "-1248.29600"}, "Net Change In Intangible Assets": {"2019-12-31": "", "2018-12-31": "", "2017-12-31": "", "2016-12-31": "", "2015-12-31": "", "2014-12-31": "", "2013-12-31": "", "2012-12-31": "", "2011-12-31": "", "2010-12-31": "", "2009-12-31": "", "2008-12-31": "", "2007-12-31": "", "2006-12-31": "", "2005-12-31": ""}, "Net Acquisitions/Divestitures": {"2019-12-31": "", "2018-12-31": "", "2017-12-31": "", "2016-12-31": "", "2015-12-31": "", "2014-12-31": "", "2013-12-31": "", "2012-12-31": "", "2011-12-31": "", "2010-12-31": "", "2009-12-31": "", "2008-12-31": "", "2007-12-31": "", "2006-12-31": "", "2005-12-31": ""}, "Net Change In Short-term Investments": {"2019-12-31": "", "2018-12-31": "", "2017-12-31": "", "2016-12-31": "", "2015-12-31": "", "2014-12-31": "", "2013-12-31": "", "2012-12-31": "", "2011-12-31": "", "2010-12-31": "", "2009-12-31": "", "2008-12-31": "", "2007-12-31": "", "2006-12-31": "", "2005-12-31": ""}, "Net Change In Long-Term Investments": {"2019-12-31": "-17.13400", "2018-12-31": "196.32000", "2017-12-31": "-369.04300", "2016-12-31": "-16.21200", "2015-12-31": "-5.50000", "2014-12-31": "", "2013-12-31": "", "2012-12-31": "", "2011-12-31": "", "2010-12-31": "", "2009-12-31": "", "2008-12-31": "", "2007-12-31": "1.38500", "2006-12-31": "6.34400", "2005-12-31": "15.43700"}, "Net Change In Investments - Total": {"2019-12-31": "-17.13400", "2018-12-31": "196.32000", "2017-12-31": "-369.04300", "2016-12-31": "-16.21200", "2015-12-31": "-5.50000", "2014-12-31": "", "2013-12-31": "", "2012-12-31": "", "2011-12-31": "", "2010-12-31": "", "2009-12-31": "", "2008-12-31": "", "2007-12-31": "1.38500", "2006-12-31": "6.34400", "2005-12-31": "15.43700"}, "Investing Activities - Other": {"2019-12-31": "-8.05700", "2018-12-31": "-11.13100", "2017-12-31": "-24.73700", "2016-12-31": "-22.38600", "2015-12-31": "-22.53100", "2014-12-31": "-52.00400", "2013-12-31": "-25.70000", "2012-12-31": "-39.41900", "2011-12-31": "-27.30700", "2010-12-31": "-8.97900", "2009-12-31": "-5.52900", "2008-12-31": "-15.04600", "2007-12-31": "-39.53100", "2006-12-31": "-25.47100", "2005-12-31": "-29.26900"}, "Cash Flow From Investing Activities": {"2019-12-31": "-170.30900", "2018-12-31": "375.73000", "2017-12-31": "-347.72300", "2016-12-31": "525.61300", "2015-12-31": "-576.69900", "2014-12-31": "-23.78800", "2013-12-31": "495.38900", "2012-12-31": "31.04700", "2011-12-31": "-666.09000", "2010-12-31": "-312.70800", "2009-12-31": "-129.67800", "2008-12-31": "-915.31500", "2007-12-31": "-963.56100", "2006-12-31": "-682.47800", "2005-12-31": "-1262.12800"}, "Net Long-Term Debt": {"2019-12-31": "152.00000", "2018-12-31": "-293.17500", "2017-12-31": "249.57300", "2016-12-31": "-311.76900", "2015-12-31": "378.99510", "2014-12-31": "-11.73900", "2013-12-31": "-160.94000", "2012-12-31": "-28.19100", "2011-12-31": "623.45910", "2010-12-31": "-74.74200", "2009-12-31": "-335.48300", "2008-12-31": "310.63300", "2007-12-31": "146.76600", "2006-12-31": "-55.17700", "2005-12-31": "231.68700"}, "Net Current Debt": {"2019-12-31": "", "2018-12-31": "", "2017-12-31": "", "2016-12-31": "", "2015-12-31": "", "2014-12-31": "", "2013-12-31": "", "2012-12-31": "", "2011-12-31": "", "2010-12-31": "", "2009-12-31": "", "2008-12-31": "", "2007-12-31": "", "2006-12-31": "", "2005-12-31": ""}, "Debt Issuance/Retirement Net - Total": {"2019-12-31": "152.00000", "2018-12-31": "-293.17500", "2017-12-31": "249.57300", "2016-12-31": "-311.76900", "2015-12-31": "378.99510", "2014-12-31": "-11.73900", "2013-12-31": "-160.94000", "2012-12-31": "-28.19100", "2011-12-31": "623.45910", "2010-12-31": "-74.74200", "2009-12-31": "-335.48300", "2008-12-31": "310.63300", "2007-12-31": "146.76600", "2006-12-31": "-55.17700", "2005-12-31": "231.68700"}, "Net Common Equity Issued/Repurchased": {"2019-12-31": "-35.91700", "2018-12-31": "-72.49500", "2017-12-31": "-59.46200", "2016-12-31": "-53.98600", "2015-12-31": "-17.05700", "2014-12-31": "", "2013-12-31": "-303.44100", "2012-12-31": "19.00700", "2011-12-31": "47.39700", "2010-12-31": "410.80200", "2009-12-31": "574.65800", "2008-12-31": "706.01100", "2007-12-31": "905.37300", "2006-12-31": "827.54000", "2005-12-31": "1179.27400"}, "Net Total Equity Issued/Repurchased": {"2019-12-31": "-35.91700", "2018-12-31": "-72.49500", "2017-12-31": "-59.46200", "2016-12-31": "-53.98600", "2015-12-31": "-17.05700", "2014-12-31": "", "2013-12-31": "-303.44100", "2012-12-31": "19.00700", "2011-12-31": "47.39700", "2010-12-31": "410.80200", "2009-12-31": "574.65800", "2008-12-31": "706.01100", "2007-12-31": "905.37300", "2006-12-31": "827.54000", "2005-12-31": "1179.27400"}, "Total Common And Preferred Stock Dividends Paid": {"2019-12-31": "-93.48000", "2018-12-31": "-95.05600", "2017-12-31": "-109.56100", "2016-12-31": "-148.47400", "2015-12-31": "-112.57000", "2014-12-31": "-149.96200", "2013-12-31": "-191.47300", "2012-12-31": "-256.02000", "2011-12-31": "-270.72000", "2010-12-31": "-313.81500", "2009-12-31": "-279.32500", "2008-12-31": "-242.36700", "2007-12-31": "-194.83700", "2006-12-31": "-140.26000", "2005-12-31": "-80.58600"}, "Financial Activities - Other": {"2019-12-31": "5.44800", "2018-12-31": "-5.07800", "2017-12-31": "-1.26900", "2016-12-31": "-21.03500", "2015-12-31": "-12.89400", "2014-12-31": "-1.48200", "2013-12-31": "-11.56300", "2012-12-31": "-4.52500", "2011-12-31": "-12.52600", "2010-12-31": "-42.67400", "2009-12-31": "-62.59500", "2008-12-31": "-79.34400", "2007-12-31": "-89.48900", "2006-12-31": "-89.96100", "2005-12-31": "-130.12200"}, "Cash Flow From Financial Activities": {"2019-12-31": "28.05100", "2018-12-31": "-465.80400", "2017-12-31": "79.28100", "2016-12-31": "-535.26400", "2015-12-31": "236.47400", "2014-12-31": "-163.18300", "2013-12-31": "-667.41700", "2012-12-31": "-269.72900", "2011-12-31": "387.61000", "2010-12-31": "-20.42900", "2009-12-31": "-102.74500", "2008-12-31": "694.93300", "2007-12-31": "767.81300", "2006-12-31": "542.14200", "2005-12-31": "1200.25300"}, "Net Cash Flow": {"2019-12-31": "-4.81500", "2018-12-31": "7.55100", "2017-12-31": "-206.51800", "2016-12-31": "183.44000", "2015-12-31": "-117.14500", "2014-12-31": "49.93500", "2013-12-31": "46.19800", "2012-12-31": "14.18900", "2011-12-31": "0.58600", "2010-12-31": "-63.84300", "2009-12-31": "16.39100", "2008-12-31": "38.82100", "2007-12-31": "1.41300", "2006-12-31": "10.74800", "2005-12-31": "14.47600"}, "Stock-Based Compensation": {"2019-12-31": "6.62200", "2018-12-31": "6.96600", "2017-12-31": "7.58000", "2016-12-31": "4.55800", "2015-12-31": "3.54800", "2014-12-31": "1.97500", "2013-12-31": "1.05500", "2012-12-31": "0.00000", "2011-12-31": "", "2010-12-31": "", "2009-12-31": "", "2008-12-31": "", "2007-12-31": "", "2006-12-31": "", "2005-12-31": ""}, "Common Stock Dividends Paid": {"2019-12-31": "-93.48000", "2018-12-31": "-95.05600", "2017-12-31": "-109.56100", "2016-12-31": "-148.47400", "2015-12-31": "-112.57000", "2014-12-31": "-149.96200", "2013-12-31": "-191.47300", "2012-12-31": "-256.02000", "2011-12-31": "-270.72000", "2010-12-31": "-313.81500", "2009-12-31": "-279.32500", "2008-12-31": "-242.36700", "2007-12-31": "-194.83700", "2006-12-31": "-140.26000", "2005-12-31": "-80.58600"}}, "cash flow statement, quarterly": {"Net Income/Loss": {"2020-09-30": 5.423, "2020-06-30": 5.075, "2020-03-31": "6.22800", "2019-12-31": -21.91, "2019-09-30": -20.286, "2019-06-30": 47.747, "2019-03-31": "3.51300", "2018-12-31": 5.003, "2018-09-30": 6.429, "2018-06-30": -3.439, "2018-03-31": "1.49800", "2017-12-31": -1.348, "2017-09-30": 101.534, "2017-06-30": 1.133, "2017-03-31": "74.72200", "2016-12-31": 27.4, "2016-09-30": 36.898, "2016-06-30": 13.286, "2016-03-31": "6.69700", "2015-12-31": 10.169, "2015-09-30": 20.143, "2015-06-30": 8.709, "2015-03-31": "5.59800", "2014-12-31": 56.226, "2014-09-30": 24.988, "2014-06-30": 8.021, "2014-03-31": "3.40000", "2013-12-31": 12.927, "2013-09-30": 4.8, "2013-06-30": 20.601, "2013-03-31": "-22.60800", "2012-12-31": 11.853, "2012-09-30": -5.859, "2012-06-30": 10.914, "2012-03-31": "31.13500", "2011-12-31": 53.613, "2011-09-30": 5.106, "2011-06-30": -4.478, "2011-03-31": "2.41500", "2010-12-31": 22.957, "2010-09-30": 4.72, "2010-06-30": -6.864, "2010-03-31": "2.52700", "2009-12-31": 26.645, "2009-09-30": -9.638, "2009-06-30": 16.845, "2009-03-31": "6.89500", "2008-12-31": -37.39, "2008-09-30": 4.084, "2008-06-30": 16.812, "2008-03-31": "-6.35200", "2007-12-31": -7.251, "2007-09-30": -2.453, "2007-06-30": 7.676, "2007-03-31": "-2.61000", "2006-12-31": 5.426, "2006-09-30": 2.637, "2006-06-30": 4.086, "2006-03-31": "-0.88100", "2005-12-31": 5.037, "2005-09-30": 5.246, "2005-06-30": 1.428, "2005-03-31": "0.81000"}, "Total Depreciation And Amortization - Cash Flow": {"2020-09-30": 25.24, "2020-06-30": 23.394, "2020-03-31": "23.66000", "2019-12-31": 23.634, "2019-09-30": 26.15, "2019-06-30": 25.299, "2019-03-31": "26.75500", "2018-12-31": 27.462, "2018-09-30": 26.778, "2018-06-30": 28.166, "2018-03-31": "28.79000", "2017-12-31": 27.657, "2017-09-30": 25.827, "2017-06-30": 28.343, "2017-03-31": "30.47400", "2016-12-31": 37.285, "2016-09-30": 37.992, "2016-06-30": 41.754, "2016-03-31": "44.04200", "2015-12-31": 49.349, "2015-09-30": 50.316, "2015-06-30": 55.341, "2015-03-31": "54.48400", "2014-12-31": 48.438, "2014-09-30": 48.525, "2014-06-30": 49.466, "2014-03-31": "45.54900", "2013-12-31": 47.603, "2013-09-30": 52.527, "2013-06-30": 52.379, "2013-03-31": "51.95600", "2012-12-31": 51.952, "2012-09-30": 55.15, "2012-06-30": 56.77, "2012-03-31": "56.91700", "2011-12-31": 59.194, "2011-09-30": 60.438, "2011-06-30": 62.646, "2011-03-31": "60.30100", "2010-12-31": 59.806, "2010-09-30": 57.032, "2010-06-30": 55.714, "2010-03-31": "54.36600", "2009-12-31": 54.53, "2009-09-30": 63.824, "2009-06-30": 54.591, "2009-03-31": "53.55700", "2008-12-31": 65.894, "2008-09-30": 54.704, "2008-06-30": 51.17, "2008-03-31": "49.29500", "2007-12-31": 48.862, "2007-09-30": 47.682, "2007-06-30": 43.53, "2007-03-31": "49.72500", "2006-12-31": 40.727, "2006-09-30": 37.104, "2006-06-30": 34.104, "2006-03-31": "33.03400", "2005-12-31": 23.698, "2005-09-30": 19.016, "2005-06-30": 15.788, "2005-03-31": "13.14900"}, "Other Non-Cash Items": {"2020-09-30": 4.188, "2020-06-30": 9.027, "2020-03-31": "-6.85700", "2019-12-31": 25.46, "2019-09-30": 28.329, "2019-06-30": -37.381, "2019-03-31": "2.15000", "2018-12-31": 4.245, "2018-09-30": 1.35, "2018-06-30": 7.279, "2018-03-31": "-1.24800", "2017-12-31": -8.751, "2017-09-30": -111.135, "2017-06-30": -1.289, "2017-03-31": "-75.13600", "2016-12-31": -24.697, "2016-09-30": -26.663, "2016-06-30": -6.263, "2016-03-31": "-1.91200", "2015-12-31": -6.048, "2015-09-30": -19.777, "2015-06-30": -0.206, "2015-03-31": "-3.81900", "2014-12-31": -48.497, "2014-09-30": -21.377, "2014-06-30": -0.12, "2014-03-31": "11.66800", "2013-12-31": 0.227, "2013-09-30": 7.337, "2013-06-30": -7.449, "2013-03-31": "-0.56000", "2012-12-31": -7.787, "2012-09-30": 15.234, "2012-06-30": 0.594, "2012-03-31": "-17.01600", "2011-12-31": -43.798, "2011-09-30": 4.873, "2011-06-30": 6.929, "2011-03-31": "1.71000", "2010-12-31": -9.165, "2010-09-30": 11.949, "2010-06-30": 13.317, "2010-03-31": "6.39000", "2009-12-31": -5.582, "2009-09-30": 8.998, "2009-06-30": -15.274, "2009-03-31": "-4.09900", "2008-12-31": 38.523, "2008-09-30": 4.778, "2008-06-30": -11.583, "2008-03-31": "9.91100", "2007-12-31": 6.099, "2007-09-30": -4.6, "2007-06-30": 1.384, "2007-03-31": "1.28700", "2006-12-31": -22.278, "2006-09-30": 0.611, "2006-06-30": 0.865, "2006-03-31": "1.57300", "2005-12-31": -0.206, "2005-09-30": 0.455, "2005-06-30": 0.679, "2005-03-31": "0.68800"}, "Total Non-Cash Items": {"2020-09-30": 29.428, "2020-06-30": 32.421, "2020-03-31": "16.80300", "2019-12-31": 49.094, "2019-09-30": 54.479, "2019-06-30": -12.082, "2019-03-31": "28.90500", "2018-12-31": 31.707, "2018-09-30": 28.128, "2018-06-30": 35.445, "2018-03-31": "27.54200", "2017-12-31": 18.906, "2017-09-30": -85.308, "2017-06-30": 27.054, "2017-03-31": "-44.66200", "2016-12-31": 12.588, "2016-09-30": 11.329, "2016-06-30": 35.491, "2016-03-31": "42.13000", "2015-12-31": 43.301, "2015-09-30": 30.539, "2015-06-30": 55.135, "2015-03-31": "50.66500", "2014-12-31": -0.059, "2014-09-30": 27.148, "2014-06-30": 49.346, "2014-03-31": "57.21700", "2013-12-31": 47.83, "2013-09-30": 59.864, "2013-06-30": 44.93, "2013-03-31": "51.39600", "2012-12-31": 44.165, "2012-09-30": 70.384, "2012-06-30": 57.364, "2012-03-31": "39.90100", "2011-12-31": 15.396, "2011-09-30": 65.311, "2011-06-30": 69.575, "2011-03-31": "62.01100", "2010-12-31": 50.641, "2010-09-30": 68.981, "2010-06-30": 69.031, "2010-03-31": "60.75600", "2009-12-31": 48.948, "2009-09-30": 72.822, "2009-06-30": 39.317, "2009-03-31": "49.45800", "2008-12-31": 104.417, "2008-09-30": 59.482, "2008-06-30": 39.587, "2008-03-31": "59.20600", "2007-12-31": 54.961, "2007-09-30": 43.082, "2007-06-30": 44.914, "2007-03-31": "51.01200", "2006-12-31": 18.449, "2006-09-30": 37.715, "2006-06-30": 34.969, "2006-03-31": "34.60700", "2005-12-31": 23.492, "2005-09-30": 19.471, "2005-06-30": 16.467, "2005-03-31": "13.83700"}, "Change In Accounts Receivable": {"2020-09-30": 0.936, "2020-06-30": 0.092, "2020-03-31": "-1.70200", "2019-12-31": -0.159, "2019-09-30": 0.253, "2019-06-30": 0.897, "2019-03-31": "-0.29400", "2018-12-31": -0.886, "2018-09-30": -1.022, "2018-06-30": -0.21, "2018-03-31": "-0.82900", "2017-12-31": 0.265, "2017-09-30": 0.245, "2017-06-30": 1.101, "2017-03-31": "2.61100", "2016-12-31": -0.395, "2016-09-30": 2.611, "2016-06-30": 1.237, "2016-03-31": "0.79800", "2015-12-31": -1.209, "2015-09-30": -0.679, "2015-06-30": 1.409, "2015-03-31": "-3.93500", "2014-12-31": 1.306, "2014-09-30": -1.078, "2014-06-30": 1.139, "2014-03-31": "-1.59400", "2013-12-31": 3.687, "2013-09-30": -3.31, "2013-06-30": 1.927, "2013-03-31": "3.94500", "2012-12-31": -4.174, "2012-09-30": -2.757, "2012-06-30": -1.897, "2012-03-31": "4.06100", "2011-12-31": 0.264, "2011-09-30": -0.402, "2011-06-30": -1.446, "2011-03-31": "0.14600", "2010-12-31": -1.599, "2010-09-30": 1.334, "2010-06-30": -0.525, "2010-03-31": "-2.10500", "2009-12-31": 1.827, "2009-09-30": 0.817, "2009-06-30": 0.206, "2009-03-31": "0.05000", "2008-12-31": -0.375, "2008-09-30": -1.457, "2008-06-30": 2.203, "2008-03-31": "-2.16800", "2007-12-31": 1.215, "2007-09-30": 8.319, "2007-06-30": -4.834, "2007-03-31": "-6.77600", "2006-12-31": 17.963, "2006-09-30": -5.972, "2006-06-30": -8.683, "2006-03-31": "-4.67500", "2005-12-31": -8.655, "2005-09-30": -5.768, "2005-06-30": -3.376, "2005-03-31": "-1.79400"}, "Change In Inventories": {"2020-09-30": 0, "2020-06-30": 0, "2020-03-31": "", "2019-12-31": 0, "2019-09-30": 0, "2019-06-30": 0, "2019-03-31": "", "2018-12-31": 0, "2018-09-30": 0, "2018-06-30": 0, "2018-03-31": "", "2017-12-31": 0, "2017-09-30": 0, "2017-06-30": 0, "2017-03-31": "", "2016-12-31": 0, "2016-09-30": 0, "2016-06-30": 0, "2016-03-31": "", "2015-12-31": 0, "2015-09-30": 0, "2015-06-30": 0, "2015-03-31": "", "2014-12-31": 0, "2014-09-30": 0, "2014-06-30": 0, "2014-03-31": "", "2013-12-31": 0, "2013-09-30": 0, "2013-06-30": 0, "2013-03-31": "", "2012-12-31": 0, "2012-09-30": 0, "2012-06-30": 0, "2012-03-31": "", "2011-12-31": 0, "2011-09-30": 0, "2011-06-30": 0, "2011-03-31": "", "2010-12-31": 0, "2010-09-30": 0, "2010-06-30": 0, "2010-03-31": "", "2009-12-31": 0, "2009-09-30": 0, "2009-06-30": 0, "2009-03-31": "", "2008-12-31": 0, "2008-09-30": 0, "2008-06-30": 0, "2008-03-31": "", "2007-12-31": 0, "2007-09-30": 0, "2007-06-30": 0, "2007-03-31": "", "2006-12-31": 0, "2006-09-30": 0, "2006-06-30": 0, "2006-03-31": "", "2005-12-31": 0, "2005-09-30": 0, "2005-06-30": 0, "2005-03-31": ""}, "Change In Accounts Payable": {"2020-09-30": 0, "2020-06-30": 0, "2020-03-31": "", "2019-12-31": 0, "2019-09-30": 0, "2019-06-30": 0, "2019-03-31": "", "2018-12-31": 0, "2018-09-30": 0, "2018-06-30": 0, "2018-03-31": "", "2017-12-31": 0, "2017-09-30": 0, "2017-06-30": 0, "2017-03-31": "", "2016-12-31": 0, "2016-09-30": 0, "2016-06-30": 0, "2016-03-31": "", "2015-12-31": 0, "2015-09-30": 0, "2015-06-30": 0, "2015-03-31": "", "2014-12-31": 0, "2014-09-30": 0, "2014-06-30": 0, "2014-03-31": "", "2013-12-31": 0, "2013-09-30": 0, "2013-06-30": 0, "2013-03-31": "", "2012-12-31": 0, "2012-09-30": 0, "2012-06-30": 0, "2012-03-31": "", "2011-12-31": 0, "2011-09-30": 0, "2011-06-30": 0, "2011-03-31": "", "2010-12-31": 0, "2010-09-30": 0, "2010-06-30": 0, "2010-03-31": "", "2009-12-31": 0, "2009-09-30": 0, "2009-06-30": 0, "2009-03-31": "", "2008-12-31": 0, "2008-09-30": 0, "2008-06-30": 0, "2008-03-31": "", "2007-12-31": 0, "2007-09-30": 0, "2007-06-30": 0, "2007-03-31": "", "2006-12-31": 0, "2006-09-30": 0, "2006-06-30": 0, "2006-03-31": "", "2005-12-31": 0, "2005-09-30": 0, "2005-06-30": 0, "2005-03-31": ""}, "Change In Assets/Liabilities": {"2020-09-30": -6.426, "2020-06-30": -11.354, "2020-03-31": "-0.57700", "2019-12-31": 1.064, "2019-09-30": 2.046, "2019-06-30": -7.04, "2019-03-31": "5.65600", "2018-12-31": 1.207, "2018-09-30": 4.666, "2018-06-30": -5.635, "2018-03-31": "4.74500", "2017-12-31": -0.369, "2017-09-30": -0.287, "2017-06-30": 0.615, "2017-03-31": "-6.15500", "2016-12-31": 1.602, "2016-09-30": 4.036, "2016-06-30": 2.162, "2016-03-31": "-3.17200", "2015-12-31": -0.951, "2015-09-30": 3.48, "2015-06-30": -2.264, "2015-03-31": "-0.36000", "2014-12-31": 1.523, "2014-09-30": 3.323, "2014-06-30": -1.705, "2014-03-31": "5.11600", "2013-12-31": -14.188, "2013-09-30": -4.231, "2013-06-30": -10.9, "2013-03-31": "17.45200", "2012-12-31": 2.534, "2012-09-30": -4.225, "2012-06-30": -6.016, "2012-03-31": "1.18600", "2011-12-31": 0.616, "2011-09-30": 1.668, "2011-06-30": 5.975, "2011-03-31": "-4.72600", "2010-12-31": 7.173, "2010-09-30": -2.647, "2010-06-30": -2.697, "2010-03-31": "-3.99500", "2009-12-31": 4.236, "2009-09-30": -1.768, "2009-06-30": -0.695, "2009-03-31": "-1.65400", "2008-12-31": 14.756, "2008-09-30": 8.385, "2008-06-30": -7.885, "2008-03-31": "-0.06200", "2007-12-31": 10.274, "2007-09-30": -3.96, "2007-06-30": 0.566, "2007-03-31": "-7.09200", "2006-12-31": 6.83, "2006-09-30": -0.092, "2006-06-30": -2.071, "2006-03-31": "3.31600", "2005-12-31": 6.715, "2005-09-30": 0.747, "2005-06-30": -3.699, "2005-03-31": "-0.05700"}, "Total Change In Assets/Liabilities": {"2020-09-30": 0.804, "2020-06-30": -9.268, "2020-03-31": "-6.88400", "2019-12-31": 6.195, "2019-09-30": 6.355, "2019-06-30": -7.228, "2019-03-31": "2.66100", "2018-12-31": -0.122, "2018-09-30": 7.297, "2018-06-30": -27.594, "2018-03-31": "-14.26900", "2017-12-31": -2.749, "2017-09-30": -5.074, "2017-06-30": 2.378, "2017-03-31": "-24.66200", "2016-12-31": 3.399, "2016-09-30": 12.039, "2016-06-30": -2.179, "2016-03-31": "-5.98700", "2015-12-31": -5.369, "2015-09-30": 15.359, "2015-06-30": 0.562, "2015-03-31": "-11.73100", "2014-12-31": 9.613, "2014-09-30": 6.007, "2014-06-30": -2.175, "2014-03-31": "-2.82600", "2013-12-31": -6.793, "2013-09-30": -2.62, "2013-06-30": -11.734, "2013-03-31": "19.73600", "2012-12-31": 1.215, "2012-09-30": -2.567, "2012-06-30": -8.224, "2012-03-31": "2.55800", "2011-12-31": 1.733, "2011-09-30": 6.972, "2011-06-30": 8.17, "2011-03-31": "-6.66600", "2010-12-31": 7.805, "2010-09-30": 0.3, "2010-06-30": -3.524, "2010-03-31": "-7.22400", "2009-12-31": 5.09, "2009-09-30": -1.548, "2009-06-30": -2.596, "2009-03-31": "-3.71100", "2008-12-31": 12.725, "2008-09-30": 8.318, "2008-06-30": -3.873, "2008-03-31": "1.83800", "2007-12-31": 12.581, "2007-09-30": 10.212, "2007-06-30": -3.641, "2007-03-31": "-11.32300", "2006-12-31": 25.084, "2006-09-30": -4.234, "2006-06-30": -11.002, "2006-03-31": "4.22800", "2005-12-31": 3.366, "2005-09-30": -6.852, "2005-06-30": -2.955, "2005-03-31": "-2.99600"}, "Cash Flow From Operating Activities": {"2020-09-30": 35.655, "2020-06-30": 28.228, "2020-03-31": "16.14700", "2019-12-31": 33.379, "2019-09-30": 40.548, "2019-06-30": 28.437, "2019-03-31": "35.07900", "2018-12-31": 36.588, "2018-09-30": 41.854, "2018-06-30": 4.412, "2018-03-31": "14.77100", "2017-12-31": 14.809, "2017-09-30": 11.152, "2017-06-30": 30.565, "2017-03-31": "5.39800", "2016-12-31": 43.387, "2016-09-30": 60.266, "2016-06-30": 46.598, "2016-03-31": "42.84000", "2015-12-31": 48.101, "2015-09-30": 66.041, "2015-06-30": 64.406, "2015-03-31": "44.53200", "2014-12-31": 65.78, "2014-09-30": 58.143, "2014-06-30": 55.192, "2014-03-31": "57.79100", "2013-12-31": 53.964, "2013-09-30": 62.044, "2013-06-30": 53.797, "2013-03-31": "48.52400", "2012-12-31": 57.233, "2012-09-30": 61.958, "2012-06-30": 60.054, "2012-03-31": "73.59400", "2011-12-31": 70.742, "2011-09-30": 77.389, "2011-06-30": 73.267, "2011-03-31": "57.76000", "2010-12-31": 81.403, "2010-09-30": 74.001, "2010-06-30": 58.643, "2010-03-31": "56.05900", "2009-12-31": 80.683, "2009-09-30": 61.636, "2009-06-30": 53.566, "2009-03-31": "52.64200", "2008-12-31": 79.752, "2008-09-30": 71.884, "2008-06-30": 52.526, "2008-03-31": "54.69200", "2007-12-31": 60.291, "2007-09-30": 50.841, "2007-06-30": 48.949, "2007-03-31": "37.07900", "2006-12-31": 48.959, "2006-09-30": 36.118, "2006-06-30": 28.053, "2006-03-31": "37.95400", "2005-12-31": 31.895, "2005-09-30": 17.865, "2005-06-30": 14.94, "2005-03-31": "11.65100"}, "Net Change In Property, Plant, And Equipment": {"2020-09-30": -14.426, "2020-06-30": -10.851, "2020-03-31": "227.23900", "2019-12-31": -470.798, "2019-09-30": 166.98, "2019-06-30": 177.714, "2019-03-31": "-19.01400", "2018-12-31": -37.688, "2018-09-30": -16.295, "2018-06-30": 263.887, "2018-03-31": "-19.36300", "2017-12-31": -632.552, "2017-09-30": 209.039, "2017-06-30": -17.822, "2017-03-31": "487.39200", "2016-12-31": 116.569, "2016-09-30": 311.047, "2016-06-30": -8.516, "2016-03-31": "145.11100", "2015-12-31": 155.3241, "2015-09-30": -111.0621, "2015-06-30": -24.397, "2015-03-31": "-568.53300", "2014-12-31": 274.789, "2014-09-30": -254.836, "2014-06-30": 21.036, "2014-03-31": "-12.77300", "2013-12-31": 491.214, "2013-09-30": -13.558, "2013-06-30": -13.298, "2013-03-31": "56.73100", "2012-12-31": 40.853, "2012-09-30": -13.695, "2012-06-30": -8.05, "2012-03-31": "51.35800", "2011-12-31": -10.642, "2011-09-30": -8.97, "2011-06-30": -15.028, "2011-03-31": "-604.14300", "2010-12-31": -49.795, "2010-09-30": -20.482, "2010-06-30": -188.443, "2010-03-31": "-45.00900", "2009-12-31": -19.683, "2009-09-30": -16.145, "2009-06-30": -41.873, "2009-03-31": "-46.44800", "2008-12-31": -46.839, "2008-09-30": -475.247, "2008-06-30": -297.217, "2008-03-31": "-80.96600", "2007-12-31": -88.308, "2007-09-30": -710.985, "2007-06-30": -9.108, "2007-03-31": "-117.01400", "2006-12-31": -261.435, "2006-09-30": -312.414, "2006-06-30": -77.17, "2006-03-31": "-12.33200", "2005-12-31": -535.705, "2005-09-30": -343.5, "2005-06-30": -276.117, "2005-03-31": "-92.97400"}, "Net Change In Intangible Assets": {"2020-09-30": 0, "2020-06-30": 0, "2020-03-31": "", "2019-12-31": 0, "2019-09-30": 0, "2019-06-30": 0, "2019-03-31": "", "2018-12-31": 0, "2018-09-30": 0, "2018-06-30": 0, "2018-03-31": "", "2017-12-31": 0, "2017-09-30": 0, "2017-06-30": 0, "2017-03-31": "", "2016-12-31": 0, "2016-09-30": 0, "2016-06-30": 0, "2016-03-31": "", "2015-12-31": 0, "2015-09-30": 0, "2015-06-30": 0, "2015-03-31": "", "2014-12-31": 0, "2014-09-30": 0, "2014-06-30": 0, "2014-03-31": "", "2013-12-31": 0, "2013-09-30": 0, "2013-06-30": 0, "2013-03-31": "", "2012-12-31": 0, "2012-09-30": 0, "2012-06-30": 0, "2012-03-31": "", "2011-12-31": 0, "2011-09-30": 0, "2011-06-30": 0, "2011-03-31": "", "2010-12-31": 0, "2010-09-30": 0, "2010-06-30": 0, "2010-03-31": "", "2009-12-31": 0, "2009-09-30": 0, "2009-06-30": 0, "2009-03-31": "", "2008-12-31": 0, "2008-09-30": 0, "2008-06-30": 0, "2008-03-31": "", "2007-12-31": 0, "2007-09-30": 0, "2007-06-30": 0, "2007-03-31": "", "2006-12-31": 0, "2006-09-30": 0, "2006-06-30": 0, "2006-03-31": "", "2005-12-31": 0, "2005-09-30": 0, "2005-06-30": 0, "2005-03-31": ""}, "Net Acquisitions/Divestitures": {"2020-09-30": 0, "2020-06-30": 0, "2020-03-31": "-13.97100", "2019-12-31": 0, "2019-09-30": 0, "2019-06-30": 0, "2019-03-31": "", "2018-12-31": 0, "2018-09-30": 0, "2018-06-30": 0, "2018-03-31": "", "2017-12-31": 0, "2017-09-30": 0, "2017-06-30": 0, "2017-03-31": "", "2016-12-31": 0, "2016-09-30": 0, "2016-06-30": 0, "2016-03-31": "", "2015-12-31": 0, "2015-09-30": 0, "2015-06-30": 0, "2015-03-31": "", "2014-12-31": 0, "2014-09-30": 0, "2014-06-30": 0, "2014-03-31": "", "2013-12-31": 0, "2013-09-30": 0, "2013-06-30": 0, "2013-03-31": "", "2012-12-31": 0, "2012-09-30": 0, "2012-06-30": 0, "2012-03-31": "", "2011-12-31": 0, "2011-09-30": 0, "2011-06-30": 0, "2011-03-31": "", "2010-12-31": 0, "2010-09-30": 0, "2010-06-30": 0, "2010-03-31": "", "2009-12-31": 0, "2009-09-30": 0, "2009-06-30": 0, "2009-03-31": "", "2008-12-31": 0, "2008-09-30": 0, "2008-06-30": 0, "2008-03-31": "", "2007-12-31": 0, "2007-09-30": 0, "2007-06-30": 0, "2007-03-31": "", "2006-12-31": 0, "2006-09-30": 0, "2006-06-30": 0, "2006-03-31": "", "2005-12-31": 0, "2005-09-30": 0, "2005-06-30": 0, "2005-03-31": ""}, "Net Change In Short-term Investments": {"2020-09-30": 0, "2020-06-30": 0, "2020-03-31": "", "2019-12-31": 0, "2019-09-30": 0, "2019-06-30": 0, "2019-03-31": "", "2018-12-31": 0, "2018-09-30": 0, "2018-06-30": 0, "2018-03-31": "", "2017-12-31": 0, "2017-09-30": 0, "2017-06-30": 0, "2017-03-31": "", "2016-12-31": 0, "2016-09-30": 0, "2016-06-30": 0, "2016-03-31": "", "2015-12-31": 0, "2015-09-30": 0, "2015-06-30": 0, "2015-03-31": "", "2014-12-31": 0, "2014-09-30": 0, "2014-06-30": 0, "2014-03-31": "", "2013-12-31": 0, "2013-09-30": 0, "2013-06-30": 0, "2013-03-31": "", "2012-12-31": 0, "2012-09-30": 0, "2012-06-30": 0, "2012-03-31": "", "2011-12-31": 0, "2011-09-30": 0, "2011-06-30": 0, "2011-03-31": "", "2010-12-31": 0, "2010-09-30": 0, "2010-06-30": 0, "2010-03-31": "", "2009-12-31": 0, "2009-09-30": 0, "2009-06-30": 0, "2009-03-31": "", "2008-12-31": 0, "2008-09-30": 0, "2008-06-30": 0, "2008-03-31": "", "2007-12-31": 0, "2007-09-30": 0, "2007-06-30": 0, "2007-03-31": "", "2006-12-31": 0, "2006-09-30": 0, "2006-06-30": 0, "2006-03-31": "", "2005-12-31": 0, "2005-09-30": 0, "2005-06-30": 0, "2005-03-31": ""}, "Net Change In Long-Term Investments": {"2020-09-30": -4.133, "2020-06-30": -6.349, "2020-03-31": "-43.64100", "2019-12-31": -4.393, "2019-09-30": -3.674, "2019-06-30": -2.539, "2019-03-31": "-6.52800", "2018-12-31": -34.331, "2018-09-30": -1.972, "2018-06-30": -0.919, "2018-03-31": "233.54200", "2017-12-31": -245.894, "2017-09-30": -121.209, "2017-06-30": -0.71, "2017-03-31": "-1.23000", "2016-12-31": -3.861, "2016-09-30": -3.623, "2016-06-30": -4.087, "2016-03-31": "-4.64100", "2015-12-31": -5.5, "2015-09-30": 0, "2015-06-30": 0, "2015-03-31": "", "2014-12-31": 0, "2014-09-30": 0, "2014-06-30": 0, "2014-03-31": "", "2013-12-31": 0, "2013-09-30": 0, "2013-06-30": 0, "2013-03-31": "", "2012-12-31": 0, "2012-09-30": 0, "2012-06-30": 0, "2012-03-31": "", "2011-12-31": 0, "2011-09-30": 0, "2011-06-30": 0, "2011-03-31": "", "2010-12-31": 0, "2010-09-30": 0, "2010-06-30": 0, "2010-03-31": "", "2009-12-31": 0, "2009-09-30": 0, "2009-06-30": 0, "2009-03-31": "", "2008-12-31": 0, "2008-09-30": 0, "2008-06-30": 0, "2008-03-31": "", "2007-12-31": 0, "2007-09-30": 1.203, "2007-06-30": 0.006, "2007-03-31": "0.17600", "2006-12-31": 0.304, "2006-09-30": 5.74, "2006-06-30": 0.126, "2006-03-31": "0.17400", "2005-12-31": 0.343, "2005-09-30": 8.189, "2005-06-30": 6.905, "2005-03-31": ""}, "Net Change In Investments - Total": {"2020-09-30": -4.133, "2020-06-30": -6.349, "2020-03-31": "-43.64100", "2019-12-31": -4.393, "2019-09-30": -3.674, "2019-06-30": -2.539, "2019-03-31": "-6.52800", "2018-12-31": -34.331, "2018-09-30": -1.972, "2018-06-30": -0.919, "2018-03-31": "233.54200", "2017-12-31": -245.894, "2017-09-30": -121.209, "2017-06-30": -0.71, "2017-03-31": "-1.23000", "2016-12-31": -3.861, "2016-09-30": -3.623, "2016-06-30": -4.087, "2016-03-31": "-4.64100", "2015-12-31": -5.5, "2015-09-30": 0, "2015-06-30": 0, "2015-03-31": "", "2014-12-31": 0, "2014-09-30": 0, "2014-06-30": 0, "2014-03-31": "", "2013-12-31": 0, "2013-09-30": 0, "2013-06-30": 0, "2013-03-31": "", "2012-12-31": 0, "2012-09-30": 0, "2012-06-30": 0, "2012-03-31": "", "2011-12-31": 0, "2011-09-30": 0, "2011-06-30": 0, "2011-03-31": "", "2010-12-31": 0, "2010-09-30": 0, "2010-06-30": 0, "2010-03-31": "", "2009-12-31": 0, "2009-09-30": 0, "2009-06-30": 0, "2009-03-31": "", "2008-12-31": 0, "2008-09-30": 0, "2008-06-30": 0, "2008-03-31": "", "2007-12-31": 0, "2007-09-30": 1.203, "2007-06-30": 0.006, "2007-03-31": "0.17600", "2006-12-31": 0.304, "2006-09-30": 5.74, "2006-06-30": 0.126, "2006-03-31": "0.17400", "2005-12-31": 0.343, "2005-09-30": 8.189, "2005-06-30": 6.905, "2005-03-31": ""}, "Investing Activities - Other": {"2020-09-30": 2.729, "2020-06-30": -1.334, "2020-03-31": "2.26900", "2019-12-31": 0.536, "2019-09-30": 2.032, "2019-06-30": -0.659, "2019-03-31": "-9.96600", "2018-12-31": -1.693, "2018-09-30": -6.513, "2018-06-30": -1.387, "2018-03-31": "-1.53800", "2017-12-31": 40.289, "2017-09-30": -42.253, "2017-06-30": -6.867, "2017-03-31": "-15.90600", "2016-12-31": -2.673, "2016-09-30": -6.021, "2016-06-30": -10.009, "2016-03-31": "-3.68300", "2015-12-31": -7.128, "2015-09-30": -5.511, "2015-06-30": -3.088, "2015-03-31": "-6.80400", "2014-12-31": -39.947, "2014-09-30": 157.633, "2014-06-30": -149.195, "2014-03-31": "-20.49500", "2013-12-31": -5.344, "2013-09-30": -10.54, "2013-06-30": -6.959, "2013-03-31": "-2.85700", "2012-12-31": -10.943, "2012-09-30": -12.637, "2012-06-30": -9.168, "2012-03-31": "-6.67100", "2011-12-31": -5.525, "2011-09-30": -4.33, "2011-06-30": -9.265, "2011-03-31": "-8.18700", "2010-12-31": -3.531, "2010-09-30": -1.978, "2010-06-30": -2.235, "2010-03-31": "-1.23500", "2009-12-31": -1.816, "2009-09-30": -0.941, "2009-06-30": -1.66, "2009-03-31": "-1.11200", "2008-12-31": -6.444, "2008-09-30": -15.222, "2008-06-30": -5.673, "2008-03-31": "12.29300", "2007-12-31": -5.083, "2007-09-30": -16.975, "2007-06-30": -8.436, "2007-03-31": "-9.03700", "2006-12-31": -7.086, "2006-09-30": -4.51, "2006-06-30": -6.106, "2006-03-31": "-7.76900", "2005-12-31": -4.223, "2005-09-30": -8.061, "2005-06-30": -6.279, "2005-03-31": "-10.70600"}, "Cash Flow From Investing Activities": {"2020-09-30": -15.83, "2020-06-30": -18.534, "2020-03-31": "171.89600", "2019-12-31": -474.655, "2019-09-30": 165.338, "2019-06-30": 174.516, "2019-03-31": "-35.50800", "2018-12-31": -73.712, "2018-09-30": -24.78, "2018-06-30": 261.581, "2018-03-31": "212.64100", "2017-12-31": -838.157, "2017-09-30": 45.577, "2017-06-30": -25.399, "2017-03-31": "470.25600", "2016-12-31": 110.035, "2016-09-30": 301.403, "2016-06-30": -22.612, "2016-03-31": "136.78700", "2015-12-31": 142.696, "2015-09-30": -116.573, "2015-06-30": -27.485, "2015-03-31": "-575.33700", "2014-12-31": 234.842, "2014-09-30": -97.203, "2014-06-30": -128.159, "2014-03-31": "-33.26800", "2013-12-31": 485.87, "2013-09-30": -24.098, "2013-06-30": -20.257, "2013-03-31": "53.87400", "2012-12-31": 29.91, "2012-09-30": -26.332, "2012-06-30": -17.218, "2012-03-31": "44.68700", "2011-12-31": -16.167, "2011-09-30": -13.3, "2011-06-30": -24.293, "2011-03-31": "-612.33000", "2010-12-31": -53.326, "2010-09-30": -22.46, "2010-06-30": -190.678, "2010-03-31": "-46.24400", "2009-12-31": -21.499, "2009-09-30": -17.086, "2009-06-30": -43.533, "2009-03-31": "-47.56000", "2008-12-31": -53.283, "2008-09-30": -490.469, "2008-06-30": -302.89, "2008-03-31": "-68.67300", "2007-12-31": -93.391, "2007-09-30": -726.757, "2007-06-30": -17.538, "2007-03-31": "-125.87500", "2006-12-31": -268.217, "2006-09-30": -311.184, "2006-06-30": -83.15, "2006-03-31": "-19.92700", "2005-12-31": -539.585, "2005-09-30": -343.372, "2005-06-30": -275.491, "2005-03-31": "-103.68000"}, "Net Long-Term Debt": {"2020-09-30": 0, "2020-06-30": 0, "2020-03-31": "167.00000", "2019-12-31": 334, "2019-09-30": -47, "2019-06-30": -186, "2019-03-31": "51.00000", "2018-12-31": 72.301, "2018-09-30": 10.163, "2018-06-30": -236.825, "2018-03-31": "-138.81400", "2017-12-31": 451.198, "2017-09-30": -125.795, "2017-06-30": -1.424, "2017-03-31": "-74.40600", "2016-12-31": -100.39, "2016-09-30": -136.682, "2016-06-30": -148.356, "2016-03-31": "73.65900", "2015-12-31": -199.325, "2015-09-30": 120.6911, "2015-06-30": 3.806, "2015-03-31": "453.82300", "2014-12-31": -159.774, "2014-09-30": 74.335, "2014-06-30": 74.346, "2014-03-31": "-0.64600", "2013-12-31": -220.636, "2013-09-30": 51.923, "2013-06-30": 25.382, "2013-03-31": "-17.60900", "2012-12-31": -23.601, "2012-09-30": 7.408, "2012-06-30": 31.417, "2012-03-31": "-43.41500", "2011-12-31": 12.994, "2011-09-30": -10.795, "2011-06-30": 17.7451, "2011-03-31": "603.51500", "2010-12-31": 15.522, "2010-09-30": -89.171, "2010-06-30": -0.547, "2010-03-31": "-0.54600", "2009-12-31": -87.138, "2009-09-30": -112.855, "2009-06-30": -107.161, "2009-03-31": "-28.32900", "2008-12-31": -49.076, "2008-09-30": 317.58, "2008-06-30": 49.535, "2008-03-31": "-7.40600", "2007-12-31": -57.998, "2007-09-30": 276.442, "2007-06-30": 13.606, "2007-03-31": "-85.28400", "2006-12-31": 31.103, "2006-09-30": 172.171, "2006-06-30": -107.771, "2006-03-31": "-150.68000", "2005-12-31": 220.206, "2005-09-30": 103.611, "2005-06-30": -0.293, "2005-03-31": "-91.83700"}, "Net Current Debt": {"2020-09-30": 0, "2020-06-30": 0, "2020-03-31": "", "2019-12-31": 0, "2019-09-30": 0, "2019-06-30": 0, "2019-03-31": "", "2018-12-31": 0, "2018-09-30": 0, "2018-06-30": 0, "2018-03-31": "", "2017-12-31": 0, "2017-09-30": 0, "2017-06-30": 0, "2017-03-31": "", "2016-12-31": 0, "2016-09-30": 0, "2016-06-30": 0, "2016-03-31": "", "2015-12-31": 0, "2015-09-30": 0, "2015-06-30": 0, "2015-03-31": "", "2014-12-31": 0, "2014-09-30": 0, "2014-06-30": 0, "2014-03-31": "", "2013-12-31": 0, "2013-09-30": 0, "2013-06-30": 0, "2013-03-31": "", "2012-12-31": 0, "2012-09-30": 0, "2012-06-30": 0, "2012-03-31": "", "2011-12-31": 0, "2011-09-30": 0, "2011-06-30": 0, "2011-03-31": "", "2010-12-31": 0, "2010-09-30": 0, "2010-06-30": 0, "2010-03-31": "", "2009-12-31": 0, "2009-09-30": 0, "2009-06-30": 0, "2009-03-31": "", "2008-12-31": 0, "2008-09-30": 0, "2008-06-30": 0, "2008-03-31": "", "2007-12-31": 0, "2007-09-30": 0, "2007-06-30": 0, "2007-03-31": "", "2006-12-31": 0, "2006-09-30": 0, "2006-06-30": 0, "2006-03-31": "", "2005-12-31": 0, "2005-09-30": 0, "2005-06-30": 0, "2005-03-31": ""}, "Debt Issuance/Retirement Net - Total": {"2020-09-30": 0, "2020-06-30": 0, "2020-03-31": "167.00000", "2019-12-31": 334, "2019-09-30": -47, "2019-06-30": -186, "2019-03-31": "51.00000", "2018-12-31": 72.301, "2018-09-30": 10.163, "2018-06-30": -236.825, "2018-03-31": "-138.81400", "2017-12-31": 451.198, "2017-09-30": -125.795, "2017-06-30": -1.424, "2017-03-31": "-74.40600", "2016-12-31": -100.39, "2016-09-30": -136.682, "2016-06-30": -148.356, "2016-03-31": "73.65900", "2015-12-31": -199.325, "2015-09-30": 120.6911, "2015-06-30": 3.806, "2015-03-31": "453.82300", "2014-12-31": -159.774, "2014-09-30": 74.335, "2014-06-30": 74.346, "2014-03-31": "-0.64600", "2013-12-31": -220.636, "2013-09-30": 51.923, "2013-06-30": 25.382, "2013-03-31": "-17.60900", "2012-12-31": -23.601, "2012-09-30": 7.408, "2012-06-30": 31.417, "2012-03-31": "-43.41500", "2011-12-31": 12.994, "2011-09-30": -10.795, "2011-06-30": 17.7451, "2011-03-31": "603.51500", "2010-12-31": 15.522, "2010-09-30": -89.171, "2010-06-30": -0.547, "2010-03-31": "-0.54600", "2009-12-31": -87.138, "2009-09-30": -112.855, "2009-06-30": -107.161, "2009-03-31": "-28.32900", "2008-12-31": -49.076, "2008-09-30": 317.58, "2008-06-30": 49.535, "2008-03-31": "-7.40600", "2007-12-31": -57.998, "2007-09-30": 276.442, "2007-06-30": 13.606, "2007-03-31": "-85.28400", "2006-12-31": 31.103, "2006-09-30": 172.171, "2006-06-30": -107.771, "2006-03-31": "-150.68000", "2005-12-31": 220.206, "2005-09-30": 103.611, "2005-06-30": -0.293, "2005-03-31": "-91.83700"}, "Net Common Equity Issued/Repurchased": {"2020-09-30": -0.009, "2020-06-30": -0.003, "2020-03-31": "-25.47400", "2019-12-31": -33.516, "2019-09-30": 0, "2019-06-30": 0, "2019-03-31": "-2.40100", "2018-12-31": -28.731, "2018-09-30": 0, "2018-06-30": -14.503, "2018-03-31": "-29.26100", "2017-12-31": -0.372, "2017-09-30": -30.128, "2017-06-30": -27.501, "2017-03-31": "-1.46100", "2016-12-31": -27.8, "2016-09-30": 0, "2016-06-30": -0.024, "2016-03-31": "-26.16200", "2015-12-31": -3.528, "2015-09-30": -12.807, "2015-06-30": -0.102, "2015-03-31": "-0.62000", "2014-12-31": 0, "2014-09-30": 0, "2014-06-30": 0, "2014-03-31": "", "2013-12-31": -234.062, "2013-09-30": -37.172, "2013-06-30": -14.174, "2013-03-31": "-18.03300", "2012-12-31": -5.516, "2012-09-30": 13.057, "2012-06-30": 5.666, "2012-03-31": "5.80000", "2011-12-31": 8.023, "2011-09-30": 13.307, "2011-06-30": 9.965, "2011-03-31": "16.10200", "2010-12-31": 23.007, "2010-09-30": 73.161, "2010-06-30": 186.051, "2010-03-31": "128.58300", "2009-12-31": 148.483, "2009-09-30": 158.245, "2009-06-30": 155.392, "2009-03-31": "112.53800", "2008-12-31": 145.077, "2008-09-30": 188.02, "2008-06-30": 210.182, "2008-03-31": "162.73200", "2007-12-31": 173.767, "2007-09-30": 215.604, "2007-06-30": 276.957, "2007-03-31": "239.04500", "2006-12-31": 221.501, "2006-09-30": 198.635, "2006-06-30": 209.565, "2006-03-31": "197.83900", "2005-12-31": 218.452, "2005-09-30": 281.619, "2005-06-30": 446.521, "2005-03-31": "232.68200"}, "Net Total Equity Issued/Repurchased": {"2020-09-30": -0.009, "2020-06-30": -0.003, "2020-03-31": "-25.47400", "2019-12-31": -33.516, "2019-09-30": 0, "2019-06-30": 0, "2019-03-31": "-2.40100", "2018-12-31": -28.731, "2018-09-30": 0, "2018-06-30": -14.503, "2018-03-31": "-29.26100", "2017-12-31": -0.372, "2017-09-30": -30.128, "2017-06-30": -27.501, "2017-03-31": "-1.46100", "2016-12-31": -27.8, "2016-09-30": 0, "2016-06-30": -0.024, "2016-03-31": "-26.16200", "2015-12-31": -3.528, "2015-09-30": -12.807, "2015-06-30": -0.102, "2015-03-31": "-0.62000", "2014-12-31": 0, "2014-09-30": 0, "2014-06-30": 0, "2014-03-31": "", "2013-12-31": -234.062, "2013-09-30": -37.172, "2013-06-30": -14.174, "2013-03-31": "-18.03300", "2012-12-31": -5.516, "2012-09-30": 13.057, "2012-06-30": 5.666, "2012-03-31": "5.80000", "2011-12-31": 8.023, "2011-09-30": 13.307, "2011-06-30": 9.965, "2011-03-31": "16.10200", "2010-12-31": 23.007, "2010-09-30": 73.161, "2010-06-30": 186.051, "2010-03-31": "128.58300", "2009-12-31": 148.483, "2009-09-30": 158.245, "2009-06-30": 155.392, "2009-03-31": "112.53800", "2008-12-31": 145.077, "2008-09-30": 188.02, "2008-06-30": 210.182, "2008-03-31": "162.73200", "2007-12-31": 173.767, "2007-09-30": 215.604, "2007-06-30": 276.957, "2007-03-31": "239.04500", "2006-12-31": 221.501, "2006-09-30": 198.635, "2006-06-30": 209.565, "2006-03-31": "197.83900", "2005-12-31": 218.452, "2005-09-30": 281.619, "2005-06-30": 446.521, "2005-03-31": "232.68200"}, "Total Common And Preferred Stock Dividends Paid": {"2020-09-30": -24.037, "2020-06-30": -24.037, "2020-03-31": "-48.38400", "2019-12-31": 0, "2019-09-30": -23.382, "2019-06-30": -23.382, "2019-03-31": "-46.71600", "2018-12-31": 0, "2018-09-30": -23.597, "2018-06-30": -23.64, "2018-03-31": "-47.81900", "2017-12-31": 0, "2017-09-30": -24.056, "2017-06-30": -24.288, "2017-03-31": "-61.21700", "2016-12-31": 0, "2016-09-30": -37.041, "2016-06-30": -37.04, "2016-03-31": "-74.39300", "2015-12-31": 0, "2015-09-30": -37.524, "2015-06-30": -37.523, "2015-03-31": "-37.52300", "2014-12-31": -37.491, "2014-09-30": -37.492, "2014-06-30": -37.49, "2014-03-31": "-37.48900", "2013-12-31": -37.449, "2013-09-30": -50.994, "2013-06-30": -51.384, "2013-03-31": "-51.64600", "2012-12-31": -51.879, "2012-09-30": -68.157, "2012-06-30": -68.03, "2012-03-31": "-67.95400", "2011-12-31": -67.849, "2011-09-30": -67.771, "2011-06-30": -67.615, "2011-03-31": "-67.48500", "2010-12-31": -80.6, "2010-09-30": -80.291, "2010-06-30": -77.459, "2010-03-31": "-75.46500", "2009-12-31": -73.264, "2009-09-30": -70.88, "2009-06-30": -68.521, "2009-03-31": "-66.66000", "2008-12-31": -64.827, "2008-09-30": -62.127, "2008-06-30": -59.089, "2008-03-31": "-56.32400", "2007-12-31": -53.926, "2007-09-30": -50.941, "2007-06-30": -46.889, "2007-03-31": "-43.08100", "2006-12-31": -39.699, "2006-09-30": -36.64, "2006-06-30": -33.508, "2006-03-31": "-30.41300", "2005-12-31": -27.402, "2005-09-30": -23.588, "2005-06-30": -16.695, "2005-03-31": "-12.90100"}, "Financial Activities - Other": {"2020-09-30": -0.666, "2020-06-30": -0.791, "2020-03-31": "-0.67400", "2019-12-31": 5.61, "2019-09-30": 0, "2019-06-30": -0.141, "2019-03-31": "-0.02100", "2018-12-31": -4.924, "2018-09-30": -0.005, "2018-06-30": -0.132, "2018-03-31": "-0.01700", "2017-12-31": -0.641, "2017-09-30": -0.558, "2017-06-30": -0.07, "2017-03-31": "", "2016-12-31": -0.003, "2016-09-30": -20.893, "2016-06-30": -0.139, "2016-03-31": "", "2015-12-31": -0.122, "2015-09-30": -8.747, "2015-06-30": -0.596, "2015-03-31": "-3.42900", "2014-12-31": 0, "2014-09-30": -0.684, "2014-06-30": -0.798, "2014-03-31": "", "2013-12-31": -7.74, "2013-09-30": -3.462, "2013-06-30": -0.32, "2013-03-31": "-0.04100", "2012-12-31": -0.936, "2012-09-30": -0.161, "2012-06-30": -0.692, "2012-03-31": "-2.73600", "2011-12-31": -0.069, "2011-09-30": -5.469, "2011-06-30": -3.128, "2011-03-31": "-3.86000", "2010-12-31": 0.191, "2010-09-30": -7.569, "2010-06-30": -23.581, "2010-03-31": "-11.71500", "2009-12-31": -15.346, "2009-09-30": -13.75, "2009-06-30": -18.101, "2009-03-31": "-15.39800", "2008-12-31": -17.25, "2008-09-30": -20.852, "2008-06-30": -20.661, "2008-03-31": "-20.58100", "2007-12-31": -14.503, "2007-09-30": -23.021, "2007-06-30": -27.605, "2007-03-31": "-24.36000", "2006-12-31": -20.495, "2006-09-30": -20.386, "2006-06-30": -21.487, "2006-03-31": "-27.59300", "2005-12-31": -20.228, "2005-09-30": -29.293, "2005-06-30": -50.1, "2005-03-31": "-30.50100"}, "Cash Flow From Financial Activities": {"2020-09-30": -24.712, "2020-06-30": -24.831, "2020-03-31": "92.46800", "2019-12-31": 306.094, "2019-09-30": -70.382, "2019-06-30": -209.523, "2019-03-31": "1.86200", "2018-12-31": 38.646, "2018-09-30": -13.439, "2018-06-30": -275.1, "2018-03-31": "-215.91100", "2017-12-31": 450.185, "2017-09-30": -180.537, "2017-06-30": -53.283, "2017-03-31": "-137.08400", "2016-12-31": -128.193, "2016-09-30": -194.616, "2016-06-30": -185.559, "2016-03-31": "-26.89600", "2015-12-31": -202.975, "2015-09-30": 61.613, "2015-06-30": -34.415, "2015-03-31": "412.25100", "2014-12-31": -197.265, "2014-09-30": 36.159, "2014-06-30": 36.058, "2014-03-31": "-38.13500", "2013-12-31": -499.887, "2013-09-30": -39.705, "2013-06-30": -40.496, "2013-03-31": "-87.32900", "2012-12-31": -81.932, "2012-09-30": -47.853, "2012-06-30": -31.639, "2012-03-31": "-108.30500", "2011-12-31": -46.901, "2011-09-30": -70.728, "2011-06-30": -43.033, "2011-03-31": "548.27200", "2010-12-31": -41.88, "2010-09-30": -103.87, "2010-06-30": 84.464, "2010-03-31": "40.85700", "2009-12-31": -27.265, "2009-09-30": -39.24, "2009-06-30": -38.391, "2009-03-31": "2.15100", "2008-12-31": 13.924, "2008-09-30": 422.621, "2008-06-30": 179.967, "2008-03-31": "78.42100", "2007-12-31": 47.34, "2007-09-30": 418.084, "2007-06-30": 216.069, "2007-03-31": "86.32000", "2006-12-31": 192.41, "2006-09-30": 313.78, "2006-06-30": 46.799, "2006-03-31": "-10.84700", "2005-12-31": 391.028, "2005-09-30": 332.349, "2005-06-30": 379.433, "2005-03-31": "97.44300"}, "Net Cash Flow": {"2020-09-30": -4.887, "2020-06-30": -15.137, "2020-03-31": "280.51100", "2019-12-31": -135.182, "2019-09-30": 135.504, "2019-06-30": -6.57, "2019-03-31": "1.43300", "2018-12-31": 1.522, "2018-09-30": 3.635, "2018-06-30": -9.107, "2018-03-31": "11.50100", "2017-12-31": -373.163, "2017-09-30": -123.808, "2017-06-30": -48.117, "2017-03-31": "338.57000", "2016-12-31": 25.229, "2016-09-30": 167.053, "2016-06-30": -161.573, "2016-03-31": "152.73100", "2015-12-31": -12.178, "2015-09-30": 11.081, "2015-06-30": 2.506, "2015-03-31": "-118.55400", "2014-12-31": 103.357, "2014-09-30": -2.901, "2014-06-30": -36.909, "2014-03-31": "-13.61200", "2013-12-31": 39.947, "2013-09-30": -1.759, "2013-06-30": -6.956, "2013-03-31": "14.96600", "2012-12-31": 5.221, "2012-09-30": -12.182, "2012-06-30": 11.462, "2012-03-31": "9.68800", "2011-12-31": 7.659, "2011-09-30": -6.784, "2011-06-30": 5.973, "2011-03-31": "-6.26200", "2010-12-31": -14.656, "2010-09-30": -52.532, "2010-06-30": -47.628, "2010-03-31": "50.97300", "2009-12-31": 31.77, "2009-09-30": 5.304, "2009-06-30": -27.99, "2009-03-31": "7.30700", "2008-12-31": 40.766, "2008-09-30": 4.024, "2008-06-30": -70.406, "2008-03-31": "64.43700", "2007-12-31": 14.241, "2007-09-30": -257.832, "2007-06-30": 247.48, "2007-03-31": "-2.47600", "2006-12-31": -26.848, "2006-09-30": 38.714, "2006-06-30": -8.298, "2006-03-31": "7.18000", "2005-12-31": -116.662, "2005-09-30": 6.842, "2005-06-30": 118.882, "2005-03-31": "5.41400"}, "Stock-Based Compensation": {"2020-09-30": 5.388, "2020-06-30": 5.237, "2020-03-31": "4.65700", "2019-12-31": 1.445, "2019-09-30": 1.536, "2019-06-30": 2.102, "2019-03-31": "1.53900", "2018-12-31": 1.614, "2018-09-30": 1.63, "2018-06-30": 2.194, "2018-03-31": "1.52800", "2017-12-31": 2.071, "2017-09-30": 1.556, "2017-06-30": 2.262, "2017-03-31": "1.69100", "2016-12-31": 1.046, "2016-09-30": 0.917, "2016-06-30": 1.213, "2016-03-31": "1.38200", "2015-12-31": 0.623, "2015-09-30": 0.896, "2015-06-30": 1.015, "2015-03-31": "1.01400", "2014-12-31": 0.464, "2014-09-30": 0.488, "2014-06-30": 0.516, "2014-03-31": "0.50700", "2013-12-31": 0.855, "2013-09-30": 0.2, "2013-06-30": 0, "2013-03-31": "", "2012-12-31": 0, "2012-09-30": 0, "2012-06-30": 0, "2012-03-31": "", "2011-12-31": 0, "2011-09-30": 0, "2011-06-30": 0, "2011-03-31": "", "2010-12-31": 0, "2010-09-30": 0, "2010-06-30": 0, "2010-03-31": "", "2009-12-31": 0, "2009-09-30": 0, "2009-06-30": 0, "2009-03-31": "", "2008-12-31": 0, "2008-09-30": 0, "2008-06-30": 0, "2008-03-31": "", "2007-12-31": 0, "2007-09-30": 0, "2007-06-30": 0, "2007-03-31": "", "2006-12-31": 0, "2006-09-30": 0, "2006-06-30": 0, "2006-03-31": "", "2005-12-31": 0, "2005-09-30": 0, "2005-06-30": 0, "2005-03-31": ""}, "Common Stock Dividends Paid": {"2020-09-30": -24.037, "2020-06-30": -24.037, "2020-03-31": "-48.38400", "2019-12-31": 0, "2019-09-30": -23.382, "2019-06-30": -23.382, "2019-03-31": "-46.71600", "2018-12-31": 0, "2018-09-30": -23.597, "2018-06-30": -23.64, "2018-03-31": "-47.81900", "2017-12-31": 0, "2017-09-30": -24.056, "2017-06-30": -24.288, "2017-03-31": "-61.21700", "2016-12-31": 0, "2016-09-30": -37.041, "2016-06-30": -37.04, "2016-03-31": "-74.39300", "2015-12-31": 0, "2015-09-30": -37.524, "2015-06-30": -37.523, "2015-03-31": "-37.52300", "2014-12-31": -37.491, "2014-09-30": -37.492, "2014-06-30": -37.49, "2014-03-31": "-37.48900", "2013-12-31": -37.449, "2013-09-30": -50.994, "2013-06-30": -51.384, "2013-03-31": "-51.64600", "2012-12-31": -51.879, "2012-09-30": -68.157, "2012-06-30": -68.03, "2012-03-31": "-67.95400", "2011-12-31": -67.849, "2011-09-30": -67.771, "2011-06-30": -67.615, "2011-03-31": "-67.48500", "2010-12-31": -80.6, "2010-09-30": -80.291, "2010-06-30": -77.459, "2010-03-31": "-75.46500", "2009-12-31": -73.264, "2009-09-30": -70.88, "2009-06-30": -68.521, "2009-03-31": "-66.66000", "2008-12-31": -64.827, "2008-09-30": -62.127, "2008-06-30": -59.089, "2008-03-31": "-56.32400", "2007-12-31": -53.926, "2007-09-30": -50.941, "2007-06-30": -46.889, "2007-03-31": "-43.08100", "2006-12-31": -39.699, "2006-09-30": -36.64, "2006-06-30": -33.508, "2006-03-31": "-30.41300", "2005-12-31": -27.402, "2005-09-30": -23.588, "2005-06-30": -16.695, "2005-03-31": "-12.90100"}}, "financial ratios": {"Current Ratio": {"2019-12-31": "", "2018-12-31": "", "2017-12-31": "", "2016-12-31": "", "2015-12-31": "", "2014-12-31": "", "2013-12-31": "", "2012-12-31": "", "2011-12-31": "", "2010-12-31": "", "2009-12-31": "", "2008-12-31": "", "2007-12-31": "", "2006-12-31": "", "2005-12-31": ""}, "Long-term Debt / Capital": {"2019-12-31": "0.35980", "2018-12-31": "0.32570", "2017-12-31": "0.41350", "2016-12-31": "0.38010", "2015-12-31": "0.41390", "2014-12-31": "0.39640", "2013-12-31": "0.36600", "2012-12-31": "0.41410", "2011-12-31": "0.38730", "2010-12-31": "0.30730", "2009-12-31": "0.37170", "2008-12-31": "0.42800", "2007-12-31": "0.30550", "2006-12-31": "0.27320", "2005-12-31": "0.35420"}, "Debt/Equity Ratio": {"2019-12-31": "0.56200", "2018-12-31": "0.48300", "2017-12-31": "0.70500", "2016-12-31": "0.61310", "2015-12-31": "0.70610", "2014-12-31": "0.65680", "2013-12-31": "0.57720", "2012-12-31": "0.70680", "2011-12-31": "0.63210", "2010-12-31": "0.44360", "2009-12-31": "0.59150", "2008-12-31": "0.74840", "2007-12-31": "0.43980", "2006-12-31": "0.37590", "2005-12-31": "0.54850"}, "Gross Margin": {"2019-12-31": "", "2018-12-31": "", "2017-12-31": "", "2016-12-31": "", "2015-12-31": "", "2014-12-31": "", "2013-12-31": "", "2012-12-31": "", "2011-12-31": "", "2010-12-31": "", "2009-12-31": "", "2008-12-31": "", "2007-12-31": "", "2006-12-31": "", "2005-12-31": ""}, "Operating Margin": {"2019-12-31": "0.70910", "2018-12-31": "9.07150", "2017-12-31": "16.94500", "2016-12-31": "20.96540", "2015-12-31": "18.47490", "2014-12-31": "16.43300", "2013-12-31": "17.96010", "2012-12-31": "17.25150", "2011-12-31": "15.48450", "2010-12-31": "15.20230", "2009-12-31": "13.54120", "2008-12-31": "14.14770", "2007-12-31": "11.40390", "2006-12-31": "14.55620", "2005-12-31": "17.17260"}, "EBIT Margin": {"2019-12-31": "0.70910", "2018-12-31": "9.07150", "2017-12-31": "16.94500", "2016-12-31": "20.96540", "2015-12-31": "18.47490", "2014-12-31": "16.43300", "2013-12-31": "17.96010", "2012-12-31": "17.25150", "2011-12-31": "15.48450", "2010-12-31": "15.20230", "2009-12-31": "13.54120", "2008-12-31": "14.14770", "2007-12-31": "11.40390", "2006-12-31": "14.55620", "2005-12-31": "17.17260"}, "EBITDA Margin": {"2019-12-31": "35.96700", "2018-12-31": "46.39280", "2017-12-31": "55.80350", "2016-12-31": "54.97980", "2015-12-31": "55.48300", "2014-12-31": "51.93210", "2013-12-31": "56.78910", "2012-12-31": "61.92110", "2011-12-31": "64.70040", "2010-12-31": "59.65130", "2009-12-31": "54.88000", "2008-12-31": "55.58330", "2007-12-31": "55.22220", "2006-12-31": "58.79240", "2005-12-31": "60.74160"}, "Pre-Tax Profit Margin": {"2019-12-31": "-14.17720", "2018-12-31": "0.51180", "2017-12-31": "-0.81000", "2016-12-31": "4.21550", "2015-12-31": "3.93580", "2014-12-31": "3.70550", "2013-12-31": "4.99830", "2012-12-31": "4.45380", "2011-12-31": "6.40150", "2010-12-31": "3.83810", "2009-12-31": "7.70500", "2008-12-31": "-4.25130", "2007-12-31": "-0.96460", "2006-12-31": "3.31990", "2005-12-31": "7.58870"}, "Net Profit Margin": {"2019-12-31": "3.18410", "2018-12-31": "3.18550", "2017-12-31": "60.91380", "2016-12-31": "17.73170", "2015-12-31": "7.88230", "2014-12-31": "17.12940", "2013-12-31": "2.98530", "2012-12-31": "9.71920", "2011-12-31": "11.49190", "2010-12-31": "4.55740", "2009-12-31": "7.40880", "2008-12-31": "-4.25070", "2007-12-31": "-1.07770", "2006-12-31": "3.43830", "2005-12-31": "7.61370"}, "Asset Turnover": {"2019-12-31": "0.06800", "2018-12-31": "0.07140", "2017-12-31": "0.06410", "2016-12-31": "0.11010", "2015-12-31": "0.12100", "2014-12-31": "0.11420", "2013-12-31": "0.11470", "2012-12-31": "0.08620", "2011-12-31": "0.08530", "2010-12-31": "0.09500", "2009-12-31": "0.10200", "2008-12-31": "0.09740", "2007-12-31": "0.10560", "2006-12-31": "0.09970", "2005-12-31": "0.06120"}, "Inventory Turnover Ratio": {"2019-12-31": "", "2018-12-31": "", "2017-12-31": "", "2016-12-31": "", "2015-12-31": "", "2014-12-31": "", "2013-12-31": "", "2012-12-31": "", "2011-12-31": "", "2010-12-31": "", "2009-12-31": "", "2008-12-31": "", "2007-12-31": "", "2006-12-31": "", "2005-12-31": ""}, "Receiveable Turnover": {"2019-12-31": "", "2018-12-31": "", "2017-12-31": "", "2016-12-31": "", "2015-12-31": "", "2014-12-31": "", "2013-12-31": "", "2012-12-31": "", "2011-12-31": "", "2010-12-31": "", "2009-12-31": "", "2008-12-31": "", "2007-12-31": "", "2006-12-31": "", "2005-12-31": ""}, "Days Sales In Receivables": {"2019-12-31": "", "2018-12-31": "", "2017-12-31": "", "2016-12-31": "", "2015-12-31": "", "2014-12-31": "", "2013-12-31": "", "2012-12-31": "", "2011-12-31": "", "2010-12-31": "", "2009-12-31": "", "2008-12-31": "", "2007-12-31": "", "2006-12-31": "", "2005-12-31": ""}, "ROE - Return On Equity": {"2019-12-31": "0.34480", "2018-12-31": "0.34630", "2017-12-31": "6.95280", "2016-12-31": "3.36750", "2015-12-31": "1.70680", "2014-12-31": "3.46270", "2013-12-31": "0.92620", "2012-12-31": "0.67770", "2011-12-31": "0.95440", "2010-12-31": "0.57350", "2009-12-31": "1.54050", "2008-12-31": "-0.91100", "2007-12-31": "-0.20270", "2006-12-31": "0.49680", "2005-12-31": "0.75440"}, "Return On Tangible Equity": {"2019-12-31": "0.34850", "2018-12-31": "0.35060", "2017-12-31": "7.07280", "2016-12-31": "3.44220", "2015-12-31": "1.75870", "2014-12-31": "3.60170", "2013-12-31": "0.97840", "2012-12-31": "0.72510", "2011-12-31": "1.02520", "2010-12-31": "0.62200", "2009-12-31": "1.73440", "2008-12-31": "-1.05690", "2007-12-31": "-0.23560", "2006-12-31": "0.57320", "2005-12-31": "0.75440"}, "ROA - Return On Assets": {"2019-12-31": "0.21350", "2018-12-31": "0.22740", "2017-12-31": "3.90200", "2016-12-31": "1.96010", "2015-12-31": "0.95380", "2014-12-31": "1.99930", "2013-12-31": "0.56220", "2012-12-31": "0.37410", "2011-12-31": "0.55300", "2010-12-31": "0.36900", "2009-12-31": "0.78060", "2008-12-31": "-0.42970", "2007-12-31": "-0.11310", "2006-12-31": "0.34270", "2005-12-31": "0.46570"}, "ROI - Return On Investment": {"2019-12-31": "0.22080", "2018-12-31": "0.23350", "2017-12-31": "4.07800", "2016-12-31": "2.08760", "2015-12-31": "1.00040", "2014-12-31": "2.09000", "2013-12-31": "0.58720", "2012-12-31": "0.39710", "2011-12-31": "0.58480", "2010-12-31": "0.39730", "2009-12-31": "0.96790", "2008-12-31": "-0.52110", "2007-12-31": "-0.14080", "2006-12-31": "0.36110", "2005-12-31": "0.48720"}, "Book Value Per Share": {"2019-12-31": "22.80180", "2018-12-31": "23.48810", "2017-12-31": "21.13660", "2016-12-31": "20.48360", "2015-12-31": "21.02070", "2014-12-31": "21.87260", "2013-12-31": "22.33300", "2012-12-31": "23.11140", "2011-12-31": "6.12780", "2010-12-31": "6.38940", "2009-12-31": "5.44790", "2008-12-31": "5.84200", "2007-12-31": "6.15840", "2006-12-31": "8.09660", "2005-12-31": "8.40790"}, "Operating Cash Flow Per Share": {"2019-12-31": 0.355, "2018-12-31": 0.3141, "2017-12-31": -1.0558, "2016-12-31": -0.2199, "2015-12-31": -0.1097, "2014-12-31": 0.2682, "2013-12-31": -0.2217, "2012-12-31": -0.2075, "2011-12-31": 1.5429, "2010-12-31": -0.0165, "2009-12-31": -0.1048, "2008-12-31": 0.0359, "2007-12-31": -0.0365, "2006-12-31": 0.0899, "2005-12-31": 0.5466}, "Free Cash Flow Per Share": {"2019-12-31": -2.5016, "2018-12-31": 1.5445, "2017-12-31": -5.2543, "2016-12-31": 8.7534, "2015-12-31": -4.7303, "2014-12-31": -3.3921, "2013-12-31": 3.1489, "2012-12-31": 5.0161, "2011-12-31": -2.5864, "2010-12-31": -0.3299, "2009-12-31": 1.8416, "2008-12-31": 0.6403, "2007-12-31": -0.058, "2006-12-31": 6.2321, "2005-12-31": -8.3902}}, "financial ratios, quarterly": {"Current Ratio": {"2020-09-30": "", "2020-06-30": "", "2020-03-31": "", "2019-12-31": "", "2019-09-30": "", "2019-06-30": "", "2019-03-31": "", "2018-12-31": "", "2018-09-30": "", "2018-06-30": "", "2018-03-31": "", "2017-12-31": "", "2017-09-30": "", "2017-06-30": "", "2017-03-31": "", "2016-12-31": "", "2016-09-30": "", "2016-06-30": "", "2016-03-31": "", "2015-12-31": "", "2015-09-30": "", "2015-06-30": "", "2015-03-31": "", "2014-12-31": "", "2014-09-30": "", "2014-06-30": "", "2014-03-31": "", "2013-12-31": "", "2013-09-30": "", "2013-06-30": "", "2013-03-31": "", "2012-12-31": "", "2012-09-30": "", "2012-06-30": "", "2012-03-31": "", "2011-12-31": "", "2011-09-30": "", "2011-06-30": "", "2011-03-31": "", "2010-12-31": "", "2010-09-30": "", "2010-06-30": "", "2010-03-31": "", "2009-12-31": "", "2009-09-30": "", "2009-06-30": "", "2009-03-31": "", "2008-12-31": "", "2008-09-30": "", "2008-06-30": "", "2008-03-31": "", "2007-12-31": "", "2007-09-30": "", "2007-06-30": "", "2007-03-31": "", "2006-12-31": "", "2006-09-30": "", "2006-06-30": "", "2006-03-31": "", "2005-12-31": "", "2005-09-30": "", "2005-06-30": "", "2005-03-31": ""}, "Long-term Debt / Capital": {"2020-09-30": "0.38790", "2020-06-30": "0.38670", "2020-03-31": "0.38520", "2019-12-31": "0.35980", "2019-09-30": "0.29760", "2019-06-30": "0.30250", "2019-03-31": "0.33590", "2018-12-31": "0.32570", "2018-09-30": "0.32980", "2018-06-30": "0.32690", "2018-03-31": "0.36680", "2017-12-31": "0.41350", "2017-09-30": "0.34310", "2017-06-30": "0.36820", "2017-03-31": "0.36380", "2016-12-31": "0.38010", "2016-09-30": "0.39230", "2016-06-30": "0.41200", "2016-03-31": "0.42910", "2015-12-31": "0.41390", "2015-09-30": "0.47370", "2015-06-30": "0.45540", "2015-03-31": "0.45480", "2014-12-31": "0.39640", "2014-09-30": "0.41930", "2014-06-30": "0.39180", "2014-03-31": "0.36870", "2013-12-31": "0.36600", "2013-09-30": "0.42960", "2013-06-30": "0.42720", "2013-03-31": "0.42400", "2012-12-31": "0.41410", "2012-09-30": "0.39890", "2012-06-30": "0.39500", "2012-03-31": "0.38920", "2011-12-31": "0.38730", "2011-09-30": "0.38670", "2011-06-30": "0.39820", "2011-03-31": "0.39180", "2010-12-31": "0.30730", "2010-09-30": "0.30360", "2010-06-30": "0.30950", "2010-03-31": "0.37380", "2009-12-31": "0.37170", "2009-09-30": "0.38460", "2009-06-30": "0.40100", "2009-03-31": "0.42040", "2008-12-31": "0.42800", "2008-09-30": "0.43650", "2008-06-30": "0.33950", "2008-03-31": "0.30000", "2007-12-31": "0.30550", "2007-09-30": "0.32720", "2007-06-30": "0.22950", "2007-03-31": "0.24070", "2006-12-31": "0.27320", "2006-09-30": "0.28380", "2006-06-30": "0.25000", "2006-03-31": "0.29610", "2005-12-31": "0.35420", "2005-09-30": "0.28590", "2005-06-30": "0.21330", "2005-03-31": "0.28010"}, "Debt/Equity Ratio": {"2020-09-30": "0.63370", "2020-06-30": "0.63060", "2020-03-31": "0.62670", "2019-12-31": "0.56200", "2019-09-30": "0.42370", "2019-06-30": "0.43370", "2019-03-31": "0.50580", "2018-12-31": "0.48300", "2018-09-30": "0.49200", "2018-06-30": "0.48560", "2018-03-31": "0.57930", "2017-12-31": "0.70500", "2017-09-30": "0.52230", "2017-06-30": "0.58270", "2017-03-31": "0.57190", "2016-12-31": "0.61310", "2016-09-30": "0.64560", "2016-06-30": "0.70070", "2016-03-31": "0.75180", "2015-12-31": "0.70610", "2015-09-30": "0.90010", "2015-06-30": "0.83620", "2015-03-31": "0.83410", "2014-12-31": "0.65680", "2014-09-30": "0.72220", "2014-06-30": "0.64420", "2014-03-31": "0.58400", "2013-12-31": "0.57720", "2013-09-30": "0.75320", "2013-06-30": "0.74590", "2013-03-31": "0.73610", "2012-12-31": "0.70680", "2012-09-30": "0.66370", "2012-06-30": "0.65280", "2012-03-31": "0.63710", "2011-12-31": "0.63210", "2011-09-30": "0.63050", "2011-06-30": "0.66160", "2011-03-31": "0.64430", "2010-12-31": "0.44360", "2010-09-30": "0.43600", "2010-06-30": "0.44820", "2010-03-31": "0.59690", "2009-12-31": "0.59150", "2009-09-30": "0.62500", "2009-06-30": "0.66950", "2009-03-31": "0.72550", "2008-12-31": "0.74840", "2008-09-30": "0.77470", "2008-06-30": "0.51410", "2008-03-31": "0.42860", "2007-12-31": "0.43980", "2007-09-30": "0.48620", "2007-06-30": "0.29790", "2007-03-31": "0.31690", "2006-12-31": "0.37590", "2006-09-30": "0.39620", "2006-06-30": "0.33340", "2006-03-31": "0.42070", "2005-12-31": "0.54850", "2005-09-30": "0.40030", "2005-06-30": "0.27120", "2005-03-31": "0.38910"}, "Gross Margin": {"2020-09-30": "", "2020-06-30": "", "2020-03-31": "", "2019-12-31": "", "2019-09-30": "", "2019-06-30": "", "2019-03-31": "", "2018-12-31": "", "2018-09-30": "", "2018-06-30": "", "2018-03-31": "", "2017-12-31": "", "2017-09-30": "", "2017-06-30": "", "2017-03-31": "", "2016-12-31": "", "2016-09-30": "", "2016-06-30": "", "2016-03-31": "", "2015-12-31": "", "2015-09-30": "", "2015-06-30": "", "2015-03-31": "", "2014-12-31": "", "2014-09-30": "", "2014-06-30": "", "2014-03-31": "", "2013-12-31": "", "2013-09-30": "", "2013-06-30": "", "2013-03-31": "", "2012-12-31": "", "2012-09-30": "", "2012-06-30": "", "2012-03-31": "", "2011-12-31": "", "2011-09-30": "", "2011-06-30": "", "2011-03-31": "", "2010-12-31": "", "2010-09-30": "", "2010-06-30": "", "2010-03-31": "", "2009-12-31": "", "2009-09-30": "", "2009-06-30": "", "2009-03-31": "", "2008-12-31": "", "2008-09-30": "", "2008-06-30": "", "2008-03-31": "", "2007-12-31": "", "2007-09-30": "", "2007-06-30": "", "2007-03-31": "", "2006-12-31": "", "2006-09-30": "", "2006-06-30": "", "2006-03-31": "", "2005-12-31": "", "2005-09-30": "", "2005-06-30": "", "2005-03-31": ""}, "Operating Margin": {"2020-09-30": "16.33690", "2020-06-30": "15.94920", "2020-03-31": "-3.01890", "2019-12-31": "-20.39290", "2019-09-30": "-17.09690", "2019-06-30": "19.96560", "2019-03-31": "18.35140", "2018-12-31": "19.98860", "2018-09-30": "20.84400", "2018-06-30": "-21.78450", "2018-03-31": "17.72350", "2017-12-31": "13.49250", "2017-09-30": "14.06350", "2017-06-30": "19.96070", "2017-03-31": "19.32420", "2016-12-31": "19.56550", "2016-09-30": "20.03430", "2016-06-30": "24.36180", "2016-03-31": "19.53560", "2015-12-31": "18.91780", "2015-09-30": "17.56040", "2015-06-30": "20.09130", "2015-03-31": "17.30750", "2014-12-31": "13.32860", "2014-09-30": "18.12510", "2014-06-30": "19.17640", "2014-03-31": "15.04780", "2013-12-31": "22.85750", "2013-09-30": "24.37020", "2013-06-30": "25.46230", "2013-03-31": "-1.38980", "2012-12-31": "5.96410", "2012-09-30": "19.32510", "2012-06-30": "17.93490", "2012-03-31": "19.81750", "2011-12-31": "12.53010", "2011-09-30": "20.11910", "2011-06-30": "16.66840", "2011-03-31": "9.96600", "2010-12-31": "13.83390", "2010-09-30": "17.47610", "2010-06-30": "14.48370", "2010-03-31": "14.43120", "2009-12-31": "23.58650", "2009-09-30": "8.04320", "2009-06-30": "12.72010", "2009-03-31": "10.15460", "2008-12-31": "10.87640", "2008-09-30": "17.42260", "2008-06-30": "15.06790", "2008-03-31": "13.20520", "2007-12-31": "11.19420", "2007-09-30": "11.90110", "2007-06-30": "14.61520", "2007-03-31": "7.65480", "2006-12-31": "15.50900", "2006-09-30": "13.38090", "2006-06-30": "16.31040", "2006-03-31": "12.72290", "2005-12-31": "17.75950", "2005-09-30": "17.98660", "2005-06-30": "14.99680", "2005-03-31": "17.50370"}, "EBIT Margin": {"2020-09-30": "16.33690", "2020-06-30": "15.94920", "2020-03-31": "-3.01890", "2019-12-31": "-20.39290", "2019-09-30": "-17.09690", "2019-06-30": "19.96560", "2019-03-31": "18.35140", "2018-12-31": "19.98860", "2018-09-30": "20.84400", "2018-06-30": "-21.78450", "2018-03-31": "17.72350", "2017-12-31": "13.49250", "2017-09-30": "14.06350", "2017-06-30": "19.96070", "2017-03-31": "19.32420", "2016-12-31": "19.56550", "2016-09-30": "20.03430", "2016-06-30": "24.36180", "2016-03-31": "19.53560", "2015-12-31": "18.91780", "2015-09-30": "17.56040", "2015-06-30": "20.09130", "2015-03-31": "17.30750", "2014-12-31": "13.32860", "2014-09-30": "18.12510", "2014-06-30": "19.17640", "2014-03-31": "15.04780", "2013-12-31": "22.85760", "2013-09-30": "24.37020", "2013-06-30": "25.46230", "2013-03-31": "-1.38980", "2012-12-31": "5.96410", "2012-09-30": "19.32510", "2012-06-30": "17.93490", "2012-03-31": "19.81750", "2011-12-31": "12.53020", "2011-09-30": "20.11910", "2011-06-30": "16.66840", "2011-03-31": "9.96600", "2010-12-31": "13.83390", "2010-09-30": "17.47610", "2010-06-30": "14.48370", "2010-03-31": "14.43120", "2009-12-31": "23.58650", "2009-09-30": "8.04320", "2009-06-30": "12.72010", "2009-03-31": "10.15460", "2008-12-31": "10.87640", "2008-09-30": "17.42260", "2008-06-30": "15.06790", "2008-03-31": "13.20520", "2007-12-31": "11.19420", "2007-09-30": "11.90110", "2007-06-30": "14.61520", "2007-03-31": "7.65480", "2006-12-31": "15.50900", "2006-09-30": "13.38090", "2006-06-30": "16.31040", "2006-03-31": "12.72290", "2005-12-31": "17.75950", "2005-09-30": "17.98660", "2005-06-30": "14.99680", "2005-03-31": "17.50370"}, "EBITDA Margin": {"2020-09-30": "", "2020-06-30": "", "2020-03-31": "", "2019-12-31": "", "2019-09-30": "", "2019-06-30": "", "2019-03-31": "", "2018-12-31": "", "2018-09-30": "", "2018-06-30": "", "2018-03-31": "", "2017-12-31": "", "2017-09-30": "", "2017-06-30": "", "2017-03-31": "", "2016-12-31": "", "2016-09-30": "", "2016-06-30": "", "2016-03-31": "", "2015-12-31": "", "2015-09-30": "", "2015-06-30": "", "2015-03-31": "", "2014-12-31": "", "2014-09-30": "", "2014-06-30": "", "2014-03-31": "", "2013-12-31": "", "2013-09-30": "", "2013-06-30": "", "2013-03-31": "", "2012-12-31": "", "2012-09-30": "", "2012-06-30": "", "2012-03-31": "", "2011-12-31": "", "2011-09-30": "", "2011-06-30": "", "2011-03-31": "", "2010-12-31": "", "2010-09-30": "", "2010-06-30": "", "2010-03-31": "", "2009-12-31": "", "2009-09-30": "", "2009-06-30": "", "2009-03-31": "", "2008-12-31": "", "2008-09-30": "", "2008-06-30": "", "2008-03-31": "", "2007-12-31": "", "2007-09-30": "", "2007-06-30": "", "2007-03-31": "", "2006-12-31": "", "2006-09-30": "", "2006-06-30": "", "2006-03-31": "", "2005-12-31": "", "2005-09-30": "", "2005-06-30": "", "2005-03-31": ""}, "Pre-Tax Profit Margin": {"2020-09-30": "4.63430", "2020-06-30": "3.75830", "2020-03-31": "-15.75660", "2019-12-31": "-34.53180", "2019-09-30": "-31.39730", "2019-06-30": "4.98280", "2019-03-31": "2.31860", "2018-12-31": "3.91670", "2018-09-30": "5.50720", "2018-06-30": "-6.90730", "2018-03-31": "-0.36090", "2017-12-31": "-6.53820", "2017-09-30": "-6.09820", "2017-06-30": "3.95020", "2017-03-31": "3.73190", "2016-12-31": "6.93590", "2016-09-30": "-10.16370", "2016-06-30": "12.11760", "2016-03-31": "6.82260", "2015-12-31": "5.93240", "2015-09-30": "0.14960", "2015-06-30": "5.94100", "2015-03-31": "3.66130", "2014-12-31": "0.39160", "2014-09-30": "5.35110", "2014-06-30": "6.62640", "2014-03-31": "2.40540", "2013-12-31": "10.37130", "2013-09-30": "10.89040", "2013-06-30": "12.74630", "2013-03-31": "-14.56300", "2012-12-31": "-14.28810", "2012-09-30": "7.73830", "2012-06-30": "6.21120", "2012-03-31": "8.25600", "2011-12-31": "80.81770", "2011-09-30": "-0.95640", "2011-06-30": "-1.76660", "2011-03-31": "3.00500", "2010-12-31": "19.94770", "2010-09-30": "3.90860", "2010-06-30": "-4.72130", "2010-03-31": "1.88090", "2009-12-31": "21.16790", "2009-09-30": "-6.98720", "2009-06-30": "12.16230", "2009-03-31": "4.86320", "2008-12-31": "-26.69920", "2008-09-30": "3.06840", "2008-06-30": "13.75520", "2008-03-31": "-5.43910", "2007-12-31": "-6.10200", "2007-09-30": "-1.85280", "2007-06-30": "7.29390", "2007-03-31": "-2.63360", "2006-12-31": "5.05140", "2006-09-30": "3.64900", "2006-06-30": "5.44140", "2006-03-31": "-1.55230", "2005-12-31": "9.23380", "2005-09-30": "11.83320", "2005-06-30": "3.99370", "2005-03-31": "2.67810"}, "Net Profit Margin": {"2020-09-30": "6.53840", "2020-06-30": "6.40660", "2020-03-31": "8.24870", "2019-12-31": "-31.68720", "2019-09-30": "-28.19500", "2019-06-30": "65.64970", "2019-03-31": "4.65710", "2018-12-31": "6.62450", "2018-09-30": "8.76600", "2018-06-30": "-4.56280", "2018-03-31": "2.03230", "2017-12-31": "-1.88200", "2017-09-30": "168.20850", "2017-06-30": "1.51360", "2017-03-31": "90.95140", "2016-12-31": "25.60890", "2016-09-30": "32.57640", "2016-06-30": "10.38540", "2016-03-31": "5.29080", "2015-12-31": "7.66440", "2015-09-30": "14.62620", "2015-06-30": "5.87950", "2015-03-31": "3.79410", "2014-12-31": "40.77570", "2014-09-30": "18.24200", "2014-06-30": "5.86510", "2014-03-31": "2.63220", "2013-12-31": "9.69140", "2013-09-30": "3.62260", "2013-06-30": "15.61900", "2013-03-31": "-17.55390", "2012-12-31": "17.62480", "2012-09-30": "-4.04880", "2012-06-30": "7.74200", "2012-03-31": "22.02560", "2011-12-31": "137.85300", "2011-09-30": "3.24670", "2011-06-30": "-2.93140", "2011-03-31": "1.67480", "2010-12-31": "25.41460", "2010-09-30": "3.25220", "2010-06-30": "-4.91620", "2010-03-31": "1.85070", "2009-12-31": "19.98560", "2009-09-30": "-7.00320", "2009-06-30": "12.01690", "2009-03-31": "4.99140", "2008-12-31": "-26.24130", "2008-09-30": "2.93810", "2008-06-30": "13.16410", "2008-03-31": "-5.20000", "2007-12-31": "-6.14760", "2007-09-30": "-2.21380", "2007-06-30": "7.27680", "2007-03-31": "-2.65180", "2006-12-31": "5.71250", "2006-09-30": "3.28970", "2006-06-30": "5.17180", "2006-03-31": "-1.19750", "2005-12-31": "9.30950", "2005-09-30": "11.83320", "2005-06-30": "3.99370", "2005-03-31": "2.67810"}, "Asset Turnover": {"2020-09-30": "0.01880", "2020-06-30": "0.01810", "2020-03-31": "0.01730", "2019-12-31": "0.01620", "2019-09-30": "0.01830", "2019-06-30": "0.01800", "2019-03-31": "0.01790", "2018-12-31": "0.01810", "2018-09-30": "0.01720", "2018-06-30": "0.01770", "2018-03-31": "0.01590", "2017-12-31": "0.01590", "2017-09-30": "0.01490", "2017-06-30": "0.01800", "2017-03-31": "0.01960", "2016-12-31": "0.02460", "2016-09-30": "0.02620", "2016-06-30": "0.02870", "2016-03-31": "0.02730", "2015-12-31": "0.02840", "2015-09-30": "0.02640", "2015-06-30": "0.02890", "2015-03-31": "0.02860", "2014-12-31": "0.02910", "2014-09-30": "0.02800", "2014-06-30": "0.02920", "2014-03-31": "0.02840", "2013-12-31": "0.02900", "2013-09-30": "0.02380", "2013-06-30": "0.02350", "2013-03-31": "0.02280", "2012-12-31": "0.01170", "2012-09-30": "0.02570", "2012-06-30": "0.02490", "2012-03-31": "0.02480", "2011-12-31": "0.00670", "2011-09-30": "0.02710", "2011-06-30": "0.02580", "2011-03-31": "0.02420", "2010-12-31": "0.01680", "2010-09-30": "0.02680", "2010-06-30": "0.02540", "2010-03-31": "0.02500", "2009-12-31": "0.02480", "2009-09-30": "0.02560", "2009-06-30": "0.02570", "2009-03-31": "0.02510", "2008-12-31": "0.02600", "2008-09-30": "0.02590", "2008-06-30": "0.02780", "2008-03-31": "0.02920", "2007-12-31": "0.02890", "2007-09-30": "0.02740", "2007-06-30": "0.02950", "2007-03-31": "0.02930", "2006-12-31": "0.02890", "2006-09-30": "0.02610", "2006-06-30": "0.02910", "2006-03-31": "0.02740", "2005-12-31": "0.02010", "2005-09-30": "0.02050", "2005-06-30": "0.02170", "2005-03-31": "0.02410"}, "Inventory Turnover Ratio": {"2020-09-30": "", "2020-06-30": "", "2020-03-31": "", "2019-12-31": "", "2019-09-30": "", "2019-06-30": "", "2019-03-31": "", "2018-12-31": "", "2018-09-30": "", "2018-06-30": "", "2018-03-31": "", "2017-12-31": "", "2017-09-30": "", "2017-06-30": "", "2017-03-31": "", "2016-12-31": "", "2016-09-30": "", "2016-06-30": "", "2016-03-31": "", "2015-12-31": "", "2015-09-30": "", "2015-06-30": "", "2015-03-31": "", "2014-12-31": "", "2014-09-30": "", "2014-06-30": "", "2014-03-31": "", "2013-12-31": "", "2013-09-30": "", "2013-06-30": "", "2013-03-31": "", "2012-12-31": "", "2012-09-30": "", "2012-06-30": "", "2012-03-31": "", "2011-12-31": "", "2011-09-30": "", "2011-06-30": "", "2011-03-31": "", "2010-12-31": "", "2010-09-30": "", "2010-06-30": "", "2010-03-31": "", "2009-12-31": "", "2009-09-30": "", "2009-06-30": "", "2009-03-31": "", "2008-12-31": "", "2008-09-30": "", "2008-06-30": "", "2008-03-31": "", "2007-12-31": "", "2007-09-30": "", "2007-06-30": "", "2007-03-31": "", "2006-12-31": "", "2006-09-30": "", "2006-06-30": "", "2006-03-31": "", "2005-12-31": "", "2005-09-30": "", "2005-06-30": "", "2005-03-31": ""}, "Receiveable Turnover": {"2020-09-30": "", "2020-06-30": "", "2020-03-31": "", "2019-12-31": "", "2019-09-30": "", "2019-06-30": "", "2019-03-31": "", "2018-12-31": "", "2018-09-30": "", "2018-06-30": "", "2018-03-31": "", "2017-12-31": "", "2017-09-30": "", "2017-06-30": "", "2017-03-31": "", "2016-12-31": "", "2016-09-30": "", "2016-06-30": "", "2016-03-31": "", "2015-12-31": "", "2015-09-30": "", "2015-06-30": "", "2015-03-31": "", "2014-12-31": "", "2014-09-30": "", "2014-06-30": "", "2014-03-31": "", "2013-12-31": "", "2013-09-30": "", "2013-06-30": "", "2013-03-31": "", "2012-12-31": "", "2012-09-30": "", "2012-06-30": "", "2012-03-31": "", "2011-12-31": "", "2011-09-30": "", "2011-06-30": "", "2011-03-31": "", "2010-12-31": "", "2010-09-30": "", "2010-06-30": "", "2010-03-31": "", "2009-12-31": "", "2009-09-30": "", "2009-06-30": "", "2009-03-31": "", "2008-12-31": "", "2008-09-30": "", "2008-06-30": "", "2008-03-31": "", "2007-12-31": "", "2007-09-30": "", "2007-06-30": "", "2007-03-31": "", "2006-12-31": "", "2006-09-30": "", "2006-06-30": "", "2006-03-31": "", "2005-12-31": "", "2005-09-30": "", "2005-06-30": "", "2005-03-31": ""}, "Days Sales In Receivables": {"2020-09-30": "", "2020-06-30": "", "2020-03-31": "", "2019-12-31": "", "2019-09-30": "", "2019-06-30": "", "2019-03-31": "", "2018-12-31": "", "2018-09-30": "", "2018-06-30": "", "2018-03-31": "", "2017-12-31": "", "2017-09-30": "", "2017-06-30": "", "2017-03-31": "", "2016-12-31": "", "2016-09-30": "", "2016-06-30": "", "2016-03-31": "", "2015-12-31": "", "2015-09-30": "", "2015-06-30": "", "2015-03-31": "", "2014-12-31": "", "2014-09-30": "", "2014-06-30": "", "2014-03-31": "", "2013-12-31": "", "2013-09-30": "", "2013-06-30": "", "2013-03-31": "", "2012-12-31": "", "2012-09-30": "", "2012-06-30": "", "2012-03-31": "", "2011-12-31": "", "2011-09-30": "", "2011-06-30": "", "2011-03-31": "", "2010-12-31": "", "2010-09-30": "", "2010-06-30": "", "2010-03-31": "", "2009-12-31": "", "2009-09-30": "", "2009-06-30": "", "2009-03-31": "", "2008-12-31": "", "2008-09-30": "", "2008-06-30": "", "2008-03-31": "", "2007-12-31": "", "2007-09-30": "", "2007-06-30": "", "2007-03-31": "", "2006-12-31": "", "2006-09-30": "", "2006-06-30": "", "2006-03-31": "", "2005-12-31": "", "2005-09-30": "", "2005-06-30": "", "2005-03-31": ""}, "ROE - Return On Equity": {"2020-09-30": "0.20890", "2020-06-30": "0.19460", "2020-03-31": "0.23730", "2019-12-31": "-0.83350", "2019-09-30": "-0.75200", "2019-06-30": "1.74090", "2019-03-31": "0.12920", "2018-12-31": "0.18250", "2018-09-30": "0.23050", "2018-06-30": "-0.12260", "2018-03-31": "0.05270", "2017-12-31": "-0.05320", "2017-09-30": "3.97560", "2017-06-30": "0.04520", "2017-03-31": "2.92580", "2016-12-31": "1.09480", "2016-09-30": "1.45750", "2016-06-30": "0.52520", "2016-03-31": "0.26220", "2015-12-31": "0.38900", "2015-09-30": "0.76230", "2015-06-30": "0.32560", "2015-03-31": "0.20720", "2014-12-31": "2.08390", "2014-09-30": "0.94060", "2014-06-30": "0.31960", "2014-03-31": "0.12530", "2013-12-31": "0.50150", "2013-09-30": "0.45950", "2013-06-30": "0.54810", "2013-03-31": "-0.61890", "2012-12-31": "-0.30430", "2012-09-30": "0.34410", "2012-06-30": "0.25930", "2012-03-31": "0.36180", "2011-12-31": "0.94060", "2011-09-30": "-0.04720", "2011-06-30": "-0.07720", "2011-03-31": "0.13720", "2010-12-31": "0.52450", "2010-09-30": "0.15960", "2010-06-30": "-0.18390", "2010-03-31": "0.10300", "2009-12-31": "1.02760", "2009-09-30": "-0.36050", "2009-06-30": "0.62530", "2009-03-31": "0.26240", "2008-12-31": "-1.47420", "2008-09-30": "0.15980", "2008-06-30": "0.68150", "2008-03-31": "-0.27160", "2007-12-31": "-0.31690", "2007-09-30": "-0.11240", "2007-06-30": "0.29210", "2007-03-31": "-0.10770", "2006-12-31": "0.23920", "2006-09-30": "0.12710", "2006-06-30": "0.21050", "2006-03-31": "-0.04910", "2005-12-31": "0.30340", "2005-09-30": "0.35710", "2005-06-30": "0.11510", "2005-03-31": "0.09360"}, "Return On Tangible Equity": {"2020-09-30": "0.21610", "2020-06-30": "0.20140", "2020-03-31": "0.24580", "2019-12-31": "-0.84250", "2019-09-30": "-0.75860", "2019-06-30": "1.75990", "2019-03-31": "0.13070", "2018-12-31": "0.18480", "2018-09-30": "0.23350", "2018-06-30": "-0.12430", "2018-03-31": "0.05350", "2017-12-31": "-0.05420", "2017-09-30": "4.01980", "2017-06-30": "0.04610", "2017-03-31": "2.98580", "2016-12-31": "1.11910", "2016-09-30": "1.49200", "2016-06-30": "0.53920", "2016-03-31": "0.26960", "2015-12-31": "0.40080", "2015-09-30": "0.78850", "2015-06-30": "0.33620", "2015-03-31": "0.21560", "2014-12-31": "2.16750", "2014-09-30": "0.98160", "2014-06-30": "0.33610", "2014-03-31": "0.13200", "2013-12-31": "0.52980", "2013-09-30": "0.48780", "2013-06-30": "0.58440", "2013-03-31": "-0.66220", "2012-12-31": "-0.32560", "2012-09-30": "0.36690", "2012-06-30": "0.27720", "2012-03-31": "0.38800", "2011-12-31": "1.01050", "2011-09-30": "-0.05100", "2011-06-30": "-0.08370", "2011-03-31": "0.14930", "2010-12-31": "0.56890", "2010-09-30": "0.17360", "2010-06-30": "-0.20010", "2010-03-31": "0.11560", "2009-12-31": "1.15700", "2009-09-30": "-0.40820", "2009-06-30": "0.71280", "2009-03-31": "0.30190", "2008-12-31": "-1.71020", "2008-09-30": "0.18740", "2008-06-30": "0.79000", "2008-03-31": "-0.31480", "2007-12-31": "-0.36840", "2007-09-30": "-0.11240", "2007-06-30": "0.29210", "2007-03-31": "-0.10770", "2006-12-31": "0.27600", "2006-09-30": "0.12710", "2006-06-30": "0.21050", "2006-03-31": "-0.04910", "2005-12-31": "0.30340", "2005-09-30": "0.35710", "2005-06-30": "0.11510", "2005-03-31": "0.09360"}, "ROA - Return On Assets": {"2020-09-30": "0.12410", "2020-06-30": "0.11570", "2020-03-31": "0.14150", "2019-12-31": "-0.51610", "2019-09-30": "-0.51670", "2019-06-30": "1.18050", "2019-03-31": "0.08320", "2018-12-31": "0.11990", "2018-09-30": "0.15120", "2018-06-30": "-0.08080", "2018-03-31": "0.03230", "2017-12-31": "-0.02990", "2017-09-30": "2.51120", "2017-06-30": "0.02730", "2017-03-31": "1.78310", "2016-12-31": "0.63720", "2016-09-30": "0.85410", "2016-06-30": "0.29780", "2016-03-31": "0.14450", "2015-12-31": "0.21740", "2015-09-30": "0.38570", "2015-06-30": "0.16990", "2015-03-31": "0.10850", "2014-12-31": "1.20320", "2014-09-30": "0.52270", "2014-06-30": "0.18610", "2014-03-31": "0.07590", "2013-12-31": "0.30440", "2013-09-30": "0.25180", "2013-06-30": "0.29430", "2013-03-31": "-0.33080", "2012-12-31": "-0.16800", "2012-09-30": "0.19480", "2012-06-30": "0.14770", "2012-03-31": "0.20660", "2011-12-31": "0.54500", "2011-09-30": "-0.02700", "2011-06-30": "-0.04280", "2011-03-31": "0.07660", "2010-12-31": "0.33750", "2010-09-30": "0.10250", "2010-06-30": "-0.12020", "2010-03-31": "0.05140", "2009-12-31": "0.52080", "2009-09-30": "-0.18150", "2009-06-30": "0.31030", "2009-03-31": "0.12620", "2008-12-31": "-0.69530", "2008-09-30": "0.07490", "2008-06-30": "0.36590", "2008-03-31": "-0.15160", "2007-12-31": "-0.17680", "2007-09-30": "-0.06070", "2007-06-30": "0.21440", "2007-03-31": "-0.07770", "2006-12-31": "0.16500", "2006-09-30": "0.08580", "2006-06-30": "0.15030", "2006-03-31": "-0.03290", "2005-12-31": "0.18730", "2005-09-30": "0.24250", "2005-06-30": "0.08680", "2005-03-31": "0.06450"}, "ROI - Return On Investment": {"2020-09-30": "0.12790", "2020-06-30": "0.11930", "2020-03-31": "0.14590", "2019-12-31": "-0.53360", "2019-09-30": "-0.52820", "2019-06-30": "1.21420", "2019-03-31": "0.08580", "2018-12-31": "0.12310", "2018-09-30": "0.15450", "2018-06-30": "-0.08260", "2018-03-31": "0.03340", "2017-12-31": "-0.03120", "2017-09-30": "2.61160", "2017-06-30": "0.02860", "2017-03-31": "1.86130", "2016-12-31": "0.67870", "2016-09-30": "0.88570", "2016-06-30": "0.30880", "2016-03-31": "0.14970", "2015-12-31": "0.22800", "2015-09-30": "0.40120", "2015-06-30": "0.17730", "2015-03-31": "0.11300", "2014-12-31": "1.25770", "2014-09-30": "0.54620", "2014-06-30": "0.19440", "2014-03-31": "0.07910", "2013-12-31": "0.31790", "2013-09-30": "0.26210", "2013-06-30": "0.31390", "2013-03-31": "-0.35650", "2012-12-31": "-0.17830", "2012-09-30": "0.20680", "2012-06-30": "0.15690", "2012-03-31": "0.22100", "2011-12-31": "0.57640", "2011-09-30": "-0.02900", "2011-06-30": "-0.04650", "2011-03-31": "0.08340", "2010-12-31": "0.36340", "2010-09-30": "0.11110", "2010-06-30": "-0.12700", "2010-03-31": "0.06450", "2009-12-31": "0.64570", "2009-09-30": "-0.22180", "2009-06-30": "0.37460", "2009-03-31": "0.15210", "2008-12-31": "-0.84320", "2008-09-30": "0.09000", "2008-06-30": "0.45010", "2008-03-31": "-0.19010", "2007-12-31": "-0.22010", "2007-09-30": "-0.07560", "2007-06-30": "0.22510", "2007-03-31": "-0.08180", "2006-12-31": "0.17390", "2006-09-30": "0.09110", "2006-06-30": "0.15790", "2006-03-31": "-0.03460", "2005-12-31": "0.19590", "2005-09-30": "0.25500", "2005-06-30": "0.09050", "2005-03-31": "0.06740"}, "Book Value Per Share": {"2020-09-30": "22.68200", "2020-06-30": "22.78880", "2020-03-31": "22.93780", "2019-12-31": "22.80180", "2019-09-30": "23.07380", "2019-06-30": "23.46040", "2019-03-31": "23.26200", "2018-12-31": "23.48810", "2018-09-30": "23.64050", "2018-06-30": "23.76810", "2018-03-31": "23.96640", "2017-12-31": "21.13660", "2017-09-30": "21.31730", "2017-06-30": "20.66090", "2017-03-31": "20.85630", "2016-12-31": "20.48360", "2016-09-30": "20.50410", "2016-06-30": "20.48890", "2016-03-31": "20.68880", "2015-12-31": "21.02070", "2015-09-30": "21.22160", "2015-06-30": "21.38410", "2015-03-31": "21.60350", "2014-12-31": "21.87260", "2014-09-30": "21.71760", "2014-06-30": "21.80740", "2014-03-31": "22.03960", "2013-12-31": "22.33300", "2013-09-30": "22.71630", "2013-06-30": "5.54800", "2013-03-31": "5.53350", "2012-12-31": "23.11140", "2012-09-30": "5.79610", "2012-06-30": "5.88920", "2012-03-31": "5.94900", "2011-12-31": "6.12780", "2011-09-30": "6.08420", "2011-06-30": "6.03850", "2011-03-31": "6.12470", "2010-12-31": "6.38940", "2010-09-30": "6.44470", "2010-06-30": "6.78290", "2010-03-31": "5.27220", "2009-12-31": "5.44790", "2009-09-30": "5.59710", "2009-06-30": "5.74580", "2009-03-31": "5.79920", "2008-12-31": "5.84200", "2008-09-30": "5.97560", "2008-06-30": "6.03350", "2008-03-31": "6.03120", "2007-12-31": "6.15840", "2007-09-30": "6.16430", "2007-06-30": "7.90660", "2007-03-31": "7.97270", "2006-12-31": "8.09660", "2006-09-30": "8.03040", "2006-06-30": "8.14550", "2006-03-31": "8.25710", "2005-12-31": "8.40790", "2005-09-30": "8.37140", "2005-06-30": "8.43390", "2005-03-31": "8.44690"}, "Operating Cash Flow Per Share": {"2020-09-30": 0.3129, "2020-06-30": 0.2486, "2020-03-31": "0.14100", "2019-12-31": 0.2894, "2019-09-30": 0.3471, "2019-06-30": 0.2436, "2019-03-31": "0.30010", "2018-12-31": 0.3088, "2018-09-30": 0.3545, "2018-06-30": 0.0381, "2018-03-31": "0.12380", "2017-12-31": 0.1202, "2017-09-30": 0.0959, "2017-06-30": 0.2509, "2017-03-31": "0.04410", "2016-12-31": 0.3532, "2016-09-30": 0.4883, "2016-06-30": 0.3783, "2016-03-31": "0.34710", "2015-12-31": 0.3809, "2015-09-30": 0.5345, "2015-06-30": 0.515, "2015-03-31": "0.35640", "2014-12-31": 0.5268, "2014-09-30": 0.4652, "2014-06-30": 0.4418, "2014-03-31": "0.46270", "2013-12-31": 0.4078, "2013-09-30": 0.4671, "2013-06-30": 0.398, "2013-03-31": "0.35540", "2012-12-31": 0.4195, "2012-09-30": 1.1858, "2012-06-30": 0.1098, "2012-03-31": "0.13490", "2011-12-31": 1.6739, "2011-09-30": 0.1419, "2011-06-30": 0.1349, "2011-03-31": "0.10680", "2010-12-31": 0.1629, "2010-09-30": 0.1306, "2010-06-30": 0.1101, "2010-03-31": "0.11100", "2009-12-31": 0.1775, "2009-09-30": 0.1225, "2009-06-30": 0.1131, "2009-03-31": "0.11800", "2008-12-31": 0.2066, "2008-09-30": 0.1597, "2008-06-30": 0.1251, "2008-03-31": "0.14450", "2007-12-31": 0.2009, "2007-09-30": 0.1279, "2007-06-30": 0.1438, "2007-03-31": "0.12740", "2006-12-31": 0.2235, "2006-09-30": 0.1224, "2006-06-30": 0.1065, "2006-03-31": "0.18410", "2005-12-31": 0.2718, "2005-09-30": 0.0515, "2005-06-30": 0.0939, "2005-03-31": "0.12940"}, "Free Cash Flow Per Share": {"2020-09-30": 0.1859, "2020-06-30": 0.1634, "2020-03-31": "2.12590", "2019-12-31": -3.7446, "2019-09-30": 1.7765, "2019-06-30": 1.7648, "2019-03-31": "0.13740", "2018-12-31": -0.0114, "2018-09-30": 0.221, "2018-06-30": 2.2646, "2018-03-31": "-0.03850", "2017-12-31": -5.13, "2017-09-30": 1.8744, "2017-06-30": 0.1184, "2017-03-31": "4.02840", "2016-12-31": 1.3028, "2016-09-30": 3.0094, "2016-06-30": 0.3103, "2016-03-31": "1.52300", "2015-12-31": 1.6426, "2015-09-30": -0.3791, "2015-06-30": 0.3228, "2015-03-31": "-4.19420", "2014-12-31": 2.7263, "2014-09-30": -1.5745, "2014-06-30": 0.6101, "2014-03-31": "0.36050", "2013-12-31": 4.0721, "2013-09-30": 0.3692, "2013-06-30": 0.3022, "2013-03-31": "0.77100", "2012-12-31": 0.7186, "2012-09-30": 1.323, "2012-06-30": 0.095, "2012-03-31": "0.22900", "2011-12-31": -1.8779, "2011-09-30": 0.1277, "2011-06-30": 0.1096, "2011-03-31": "-1.00990", "2010-12-31": 0.0575, "2010-09-30": 0.1073, "2010-06-30": -0.2508, "2010-03-31": "0.02190", "2009-12-31": 0.1323, "2009-09-30": 0.0946, "2009-06-30": 0.025, "2009-03-31": "0.01390", "2008-12-31": 0.0405, "2008-09-30": -0.935, "2008-06-30": -0.6119, "2008-03-31": "-0.06940", "2007-12-31": -0.1741, "2007-09-30": -1.9156, "2007-06-30": 0.1483, "2007-03-31": "-0.27470", "2006-12-31": -0.9458, "2006-09-30": -1.1088, "2006-06-30": -0.2278, "2006-03-31": "0.12430", "2005-12-31": -4.26, "2005-09-30": -1.254, "2005-06-30": -1.9733, "2005-03-31": "-0.90290"}}, "revenue": {"Columbia Property Trust Annual Revenue (Millions of US $)": {"2019": "$289", "2018": "$298", "2017": "$289", "2016": "$474", "2015": "$566", "2014": "$541", "2013": "$527", "2012": "$494", "2011": "$493", "2010": "$511", "2009": "$548", "2008": "$534", "2007": "$433", "2006": "$328", "2005": "$164"}, "Columbia Property Trust Quarterly Revenue (Millions of US $)": {"2020-09-30": "$82", "2020-06-30": "$79", "2020-03-31": "$76", "2019-12-31": "$69", "2019-09-30": "$72", "2019-06-30": "$73", "2019-03-31": "$75", "2018-12-31": "$76", "2018-09-30": "$73", "2018-06-30": "$75", "2018-03-31": "$74", "2017-12-31": "$72", "2017-09-30": "$60", "2017-06-30": "$75", "2017-03-31": "$82", "2016-12-31": "$106", "2016-09-30": "$113", "2016-06-30": "$128", "2016-03-31": "$127", "2015-12-31": "$133", "2015-09-30": "$138", "2015-06-30": "$148", "2015-03-31": "$148", "2014-12-31": "$138", "2014-09-30": "$137", "2014-06-30": "$137", "2014-03-31": "$129", "2013-12-31": "$133", "2013-09-30": "$133", "2013-06-30": "$132", "2013-03-31": "$129", "2012-12-31": "$67", "2012-09-30": "$145", "2012-06-30": "$141", "2012-03-31": "$141", "2011-12-31": "$39", "2011-09-30": "$157", "2011-06-30": "$153", "2011-03-31": "$144", "2010-12-31": "$90", "2010-09-30": "$145", "2010-06-30": "$140", "2010-03-31": "$136", "2009-12-31": "$133", "2009-09-30": "$138", "2009-06-30": "$140", "2009-03-31": "$137", "2008-12-31": "$142", "2008-09-30": "$141", "2008-06-30": "$128", "2008-03-31": "$122", "2007-12-31": "$118", "2007-09-30": "$111", "2007-06-30": "$105", "2007-03-31": "$98", "2006-12-31": "$95", "2006-09-30": "$80", "2006-06-30": "$79", "2006-03-31": "$74", "2005-12-31": "$54", "2005-09-30": "$44", "2005-06-30": "$36", "2005-03-31": "$30"}}, "gross-profit": {"Columbia Property Trust Annual Gross Profit (Millions of US $)": {"2019": "$195", "2018": "$208", "2017": "$198", "2016": "$298", "2015": "$357", "2014": "$356", "2013": "$347", "2012": "$297", "2011": "$301", "2010": "$308", "2009": "$333", "2008": "$314", "2007": "$245", "2006": "$192", "2005": "$105"}, "Columbia Property Trust Quarterly Gross Profit (Millions of US $)": {"2020-09-30": "$60", "2020-06-30": "$49", "2020-03-31": "$54", "2019-12-31": "$46", "2019-09-30": "$49", "2019-06-30": "$50", "2019-03-31": "$51", "2018-12-31": "$53", "2018-09-30": "$52", "2018-06-30": "$53", "2018-03-31": "$50", "2017-12-31": "$48", "2017-09-30": "$42", "2017-06-30": "$53", "2017-03-31": "$56", "2016-12-31": "$67", "2016-09-30": "$69", "2016-06-30": "$82", "2016-03-31": "$81", "2015-12-31": "$84", "2015-09-30": "$85", "2015-06-30": "$94", "2015-03-31": "$93", "2014-12-31": "$88", "2014-09-30": "$90", "2014-06-30": "$93", "2014-03-31": "$86", "2013-12-31": "$88", "2013-09-30": "$88", "2013-06-30": "$89", "2013-03-31": "$82", "2012-12-31": "$37", "2012-09-30": "$86", "2012-06-30": "$87", "2012-03-31": "$86", "2011-12-31": "$21", "2011-09-30": "$97", "2011-06-30": "$95", "2011-03-31": "$89", "2010-12-31": "$53", "2010-09-30": "$88", "2010-06-30": "$85", "2010-03-31": "$82", "2009-12-31": "$86", "2009-09-30": "$81", "2009-06-30": "$84", "2009-03-31": "$81", "2008-12-31": "$88", "2008-09-30": "$83", "2008-06-30": "$74", "2008-03-31": "$69", "2007-12-31": "$66", "2007-09-30": "$62", "2007-06-30": "$60", "2007-03-31": "$56", "2006-12-31": "$56", "2006-09-30": "$46", "2006-06-30": "$47", "2006-03-31": "$42", "2005-12-31": "$35", "2005-09-30": "$28", "2005-06-30": "$23", "2005-03-31": "$20"}}, "operating-income": {"Columbia Property Trust Annual Operating Income (Millions of US $)": {"2019": "$2", "2018": "$27", "2017": "$49", "2016": "$99", "2015": "$105", "2014": "$89", "2013": "$95", "2012": "$85", "2011": "$76", "2010": "$78", "2009": "$74", "2008": "$75", "2007": "$49", "2006": "$48", "2005": "$28"}, "Columbia Property Trust Quarterly Operating Income (Millions of US $)": {"2020-09-30": "$13", "2020-06-30": "$13", "2020-03-31": "$-2", "2019-12-31": "$-14", "2019-09-30": "$-12", "2019-06-30": "$15", "2019-03-31": "$14", "2018-12-31": "$15", "2018-09-30": "$15", "2018-06-30": "$-16", "2018-03-31": "$13", "2017-12-31": "$10", "2017-09-30": "$8", "2017-06-30": "$15", "2017-03-31": "$16", "2016-12-31": "$21", "2016-09-30": "$23", "2016-06-30": "$31", "2016-03-31": "$25", "2015-12-31": "$25", "2015-09-30": "$24", "2015-06-30": "$30", "2015-03-31": "$26", "2014-12-31": "$18", "2014-09-30": "$25", "2014-06-30": "$26", "2014-03-31": "$19", "2013-12-31": "$30", "2013-09-30": "$32", "2013-06-30": "$34", "2013-03-31": "$-2", "2012-12-31": "$4", "2012-09-30": "$28", "2012-06-30": "$25", "2012-03-31": "$28", "2011-12-31": "$5", "2011-09-30": "$32", "2011-06-30": "$25", "2011-03-31": "$14", "2010-12-31": "$12", "2010-09-30": "$25", "2010-06-30": "$20", "2010-03-31": "$20", "2009-12-31": "$31", "2009-09-30": "$11", "2009-06-30": "$18", "2009-03-31": "$14", "2008-12-31": "$15", "2008-09-30": "$25", "2008-06-30": "$19", "2008-03-31": "$16", "2007-12-31": "$13", "2007-09-30": "$13", "2007-06-30": "$15", "2007-03-31": "$8", "2006-12-31": "$15", "2006-09-30": "$11", "2006-06-30": "$13", "2006-03-31": "$9", "2005-12-31": "$10", "2005-09-30": "$8", "2005-06-30": "$5", "2005-03-31": "$5"}}, "ebitda": {"Columbia Property Trust Annual EBITDA (Millions of US $)": {"2019": "$104", "2018": "$138", "2017": "$161", "2016": "$260", "2015": "$314", "2014": "$281", "2013": "$299", "2012": "$306", "2011": "$319", "2010": "$305", "2009": "$301", "2008": "$297", "2007": "$239", "2006": "$193", "2005": "$100"}, "Columbia Property Trust Quarterly EBITDA (Millions of US $)": {"2020-09-30": "$39", "2020-06-30": "$36", "2020-03-31": "$21", "2019-12-31": "$10", "2019-09-30": "$14", "2019-06-30": "$40", "2019-03-31": "$41", "2018-12-31": "$43", "2018-09-30": "$42", "2018-06-30": "$12", "2018-03-31": "$42", "2017-12-31": "$37", "2017-09-30": "$34", "2017-06-30": "$43", "2017-03-31": "$46", "2016-12-31": "$58", "2016-09-30": "$61", "2016-06-30": "$73", "2016-03-31": "$69", "2015-12-31": "$74", "2015-09-30": "$75", "2015-06-30": "$85", "2015-03-31": "$80", "2014-12-31": "$67", "2014-09-30": "$73", "2014-06-30": "$76", "2014-03-31": "$65", "2013-12-31": "$78", "2013-09-30": "$85", "2013-06-30": "$86", "2013-03-31": "$50", "2012-12-31": "$56", "2012-09-30": "$83", "2012-06-30": "$82", "2012-03-31": "$85", "2011-12-31": "$64", "2011-09-30": "$92", "2011-06-30": "$88", "2011-03-31": "$75", "2010-12-31": "$72", "2010-09-30": "$82", "2010-06-30": "$76", "2010-03-31": "$74", "2009-12-31": "$86", "2009-09-30": "$75", "2009-06-30": "$72", "2009-03-31": "$68", "2008-12-31": "$81", "2008-09-30": "$79", "2008-06-30": "$70", "2008-03-31": "$65", "2007-12-31": "$62", "2007-09-30": "$61", "2007-06-30": "$59", "2007-03-31": "$57", "2006-12-31": "$55", "2006-09-30": "$48", "2006-06-30": "$47", "2006-03-31": "$42", "2005-12-31": "$33", "2005-09-30": "$27", "2005-06-30": "$21", "2005-03-31": "$18"}}, "net-income": {"Columbia Property Trust Annual Net Income (Millions of US $)": {"2019": "$9", "2018": "$9", "2017": "$176", "2016": "$84", "2015": "$45", "2014": "$93", "2013": "$16", "2012": "$48", "2011": "$57", "2010": "$23", "2009": "$41", "2008": "$-23", "2007": "$-5", "2006": "$11", "2005": "$13"}, "Columbia Property Trust Quarterly Net Income (Millions of US $)": {"2020-09-30": "$5", "2020-06-30": "$5", "2020-03-31": "$6", "2019-12-31": "$-22", "2019-09-30": "$-20", "2019-06-30": "$48", "2019-03-31": "$4", "2018-12-31": "$5", "2018-09-30": "$6", "2018-06-30": "$-3", "2018-03-31": "$1", "2017-12-31": "$-1", "2017-09-30": "$102", "2017-06-30": "$1", "2017-03-31": "$75", "2016-12-31": "$27", "2016-09-30": "$37", "2016-06-30": "$13", "2016-03-31": "$7", "2015-12-31": "$10", "2015-09-30": "$20", "2015-06-30": "$9", "2015-03-31": "$6", "2014-12-31": "$56", "2014-09-30": "$25", "2014-06-30": "$8", "2014-03-31": "$3", "2013-12-31": "$13", "2013-09-30": "$5", "2013-06-30": "$21", "2013-03-31": "$-23", "2012-12-31": "$12", "2012-09-30": "$-6", "2012-06-30": "$11", "2012-03-31": "$31", "2011-12-31": "$54", "2011-09-30": "$5", "2011-06-30": "$-4", "2011-03-31": "$2", "2010-12-31": "$23", "2010-09-30": "$5", "2010-06-30": "$-7", "2010-03-31": "$3", "2009-12-31": "$27", "2009-09-30": "$-10", "2009-06-30": "$17", "2009-03-31": "$7", "2008-12-31": "$-37", "2008-09-30": "$4", "2008-06-30": "$17", "2008-03-31": "$-6", "2007-12-31": "$-7", "2007-09-30": "$-2", "2007-06-30": "$8", "2007-03-31": "$-3", "2006-12-31": "$5", "2006-09-30": "$3", "2006-06-30": "$4", "2006-03-31": "$-1", "2005-12-31": "$5", "2005-09-30": "$5", "2005-06-30": "$1", "2005-03-31": "$1"}}, "eps-earnings-per-share-diluted": {"Columbia Property Trust Annual EPS": {"2019": "$0.08", "2018": "$0.08", "2017": "$1.45", "2016": "$0.68", "2015": "$0.36", "2014": "$0.74", "2013": "$0.12", "2012": "$0.35", "2011": "$0.42", "2010": "$0.04", "2009": "$0.09", "2008": "$-0.06", "2007": "$-0.01", "2006": "$0.05", "2005": "$0.09"}, "Columbia Property Trust Quarterly EPS": {"2020-09-30": "$0.05", "2020-06-30": "$0.04", "2020-03-31": "$0.05", "2019-12-31": "$-0.19", "2019-09-30": "$-0.17", "2019-06-30": "$0.41", "2019-03-31": "$0.03", "2018-12-31": "$0.05", "2018-09-30": "$0.05", "2018-06-30": "$-0.03", "2018-03-31": "$0.01", "2017-12-31": "$-0.01", "2017-09-30": "$0.84", "2017-06-30": "$0.01", "2017-03-31": "$0.61", "2016-12-31": "$0.22", "2016-09-30": "$0.30", "2016-06-30": "$0.11", "2016-03-31": "$0.05", "2015-12-31": "$0.09", "2015-09-30": "$0.16", "2015-06-30": "$0.07", "2015-03-31": "$0.04", "2014-12-31": "$0.45", "2014-09-30": "$0.20", "2014-06-30": "$0.06", "2014-03-31": "$0.03", "2013-12-31": "$0.10", "2013-09-30": "$0.04", "2013-06-30": "$0.15", "2013-03-31": "$-0.17", "2012-12-31": "$0.31", "2012-09-30": "$-0.04", "2012-06-30": "$0.02", "2012-03-31": "$0.06", "2011-12-31": "$0.42", "2011-09-30": "$0.01", "2011-06-30": "$-0.01", "2011-03-31": "$0.00", "2010-12-31": "$0.03", "2010-09-30": "$0.01", "2010-06-30": "$-0.01", "2010-03-31": "$0.01", "2009-12-31": "$0.05", "2009-09-30": "$-0.02", "2009-06-30": "$0.04", "2009-03-31": "$0.02", "2008-12-31": "$-0.09", "2008-09-30": "$0.01", "2008-06-30": "$0.04", "2008-03-31": "$-0.02", "2007-12-31": "$-0.01", "2007-09-30": "$-0.01", "2007-06-30": "$0.02", "2007-03-31": "$-0.01", "2006-12-31": "$0.02", "2006-09-30": "$0.01", "2006-06-30": "$0.02", "2006-03-31": "$0.00", "2005-12-31": "$0.04", "2005-09-30": "$0.03", "2005-06-30": "$0.01", "2005-03-31": "$0.01"}}, "shares-outstanding": {"Columbia Property Trust Annual Shares Outstanding (Millions of Shares)": {"2019": "116", "2018": "118", "2017": "121", "2016": "123", "2015": "125", "2014": "125", "2013": "134", "2012": "137", "2011": "136", "2010": "525", "2009": "468", "2008": "407", "2007": "329", "2006": "237", "2005": "140"}, "Columbia Property Trust Quarterly Shares Outstanding (Millions of Shares)": {"2020-09-30": "114", "2020-06-30": "114", "2020-03-31": "114", "2019-12-31": "116", "2019-09-30": "117", "2019-06-30": "117", "2019-03-31": "117", "2018-12-31": "118", "2018-09-30": "118", "2018-06-30": "118", "2018-03-31": "119", "2017-12-31": "121", "2017-09-30": "121", "2017-06-30": "122", "2017-03-31": "122", "2016-12-31": "123", "2016-09-30": "123", "2016-06-30": "123", "2016-03-31": "123", "2015-12-31": "125", "2015-09-30": "124", "2015-06-30": "125", "2015-03-31": "125", "2014-12-31": "125", "2014-09-30": "125", "2014-06-30": "125", "2014-03-31": "125", "2013-12-31": "134", "2013-09-30": "135", "2013-06-30": "136", "2013-03-31": "137", "2012-12-31": "137", "2012-09-30": "137", "2012-06-30": "546", "2012-03-31": "546", "2011-12-31": "136", "2011-09-30": "543", "2011-06-30": "542", "2011-03-31": "541", "2010-12-31": "525", "2010-09-30": "537", "2010-06-30": "519", "2010-03-31": "505", "2009-12-31": "468", "2009-09-30": "475", "2009-06-30": "460", "2009-03-31": "446", "2008-12-31": "407", "2008-09-30": "417", "2008-06-30": "398", "2008-03-31": "379", "2007-12-31": "329", "2007-09-30": "343", "2007-06-30": "317", "2007-03-31": "291", "2006-12-31": "237", "2006-09-30": "247", "2006-06-30": "227", "2006-03-31": "206", "2005-12-31": "140", "2005-09-30": "162", "2005-06-30": "119", "2005-03-31": "90"}}, "total-assets": {"Columbia Property Trust Annual Total Assets (Millions of US $)": {"2019": "$4,245", "2018": "$4,174", "2017": "$4,512", "2016": "$4,300", "2015": "$4,678", "2014": "$4,734", "2013": "$4,592", "2012": "$5,731", "2011": "$5,777", "2010": "$5,372", "2009": "$5,374", "2008": "$5,475", "2007": "$4,102", "2006": "$3,288", "2005": "$2,689"}, "Columbia Property Trust Quarterly Total Assets (Millions of US $)": {"2020-09-30": "$4,371", "2020-06-30": "$4,386", "2020-03-31": "$4,401", "2019-12-31": "$4,245", "2019-09-30": "$3,926", "2019-06-30": "$4,045", "2019-03-31": "$4,224", "2018-12-31": "$4,174", "2018-09-30": "$4,252", "2018-06-30": "$4,256", "2018-03-31": "$4,639", "2017-12-31": "$4,512", "2017-09-30": "$4,043", "2017-06-30": "$4,153", "2017-03-31": "$4,190", "2016-12-31": "$4,300", "2016-09-30": "$4,320", "2016-06-30": "$4,461", "2016-03-31": "$4,635", "2015-12-31": "$4,678", "2015-09-30": "$5,223", "2015-06-30": "$5,126", "2015-03-31": "$5,158", "2014-12-31": "$4,734", "2014-09-30": "$4,884", "2014-06-30": "$4,681", "2014-03-31": "$4,548", "2013-12-31": "$4,592", "2013-09-30": "$5,563", "2013-06-30": "$5,603", "2013-03-31": "$5,640", "2012-12-31": "$5,731", "2012-09-30": "$5,620", "2012-06-30": "$5,659", "2012-03-31": "$5,696", "2011-12-31": "$5,777", "2011-09-30": "$5,805", "2011-06-30": "$5,919", "2011-03-31": "$5,952", "2010-12-31": "$5,372", "2010-09-30": "$5,402", "2010-06-30": "$5,517", "2010-03-31": "$5,417", "2009-12-31": "$5,374", "2009-09-30": "$5,385", "2009-06-30": "$5,429", "2009-03-31": "$5,463", "2008-12-31": "$5,475", "2008-09-30": "$5,454", "2008-06-30": "$4,594", "2008-03-31": "$4,189", "2007-12-31": "$4,102", "2007-09-30": "$4,040", "2007-06-30": "$3,581", "2007-03-31": "$3,357", "2006-12-31": "$3,288", "2006-09-30": "$3,075", "2006-06-30": "$2,719", "2006-03-31": "$2,681", "2005-12-31": "$2,689", "2005-09-30": "$2,164", "2005-06-30": "$1,646", "2005-03-31": "$1,256"}}, "cash-on-hand": {"Columbia Property Trust Annual Cash on Hand (Millions of US $)": {"2019": "$12", "2018": "$17", "2017": "$10", "2016": "$216", "2015": "$33", "2014": "$150", "2013": "$100", "2012": "$54", "2011": "$39", "2010": "$39", "2009": "$103", "2008": "$86", "2007": "$48", "2006": "$46", "2005": "$35"}, "Columbia Property Trust Quarterly Cash on Hand (Millions of US $)": {"2020-09-30": "$273", "2020-06-30": "$278", "2020-03-31": "$293", "2019-12-31": "$12", "2019-09-30": "$147", "2019-06-30": "$12", "2019-03-31": "$19", "2018-12-31": "$17", "2018-09-30": "$16", "2018-06-30": "$12", "2018-03-31": "$21", "2017-12-31": "$10", "2017-09-30": "$383", "2017-06-30": "$507", "2017-03-31": "$555", "2016-12-31": "$216", "2016-09-30": "$191", "2016-06-30": "$24", "2016-03-31": "$185", "2015-12-31": "$33", "2015-09-30": "$45", "2015-06-30": "$34", "2015-03-31": "$31", "2014-12-31": "$150", "2014-09-30": "$46", "2014-06-30": "$49", "2014-03-31": "$86", "2013-12-31": "$100", "2013-09-30": "$60", "2013-06-30": "$62", "2013-03-31": "$69", "2012-12-31": "$54", "2012-09-30": "$48", "2012-06-30": "$61", "2012-03-31": "$49", "2011-12-31": "$39", "2011-09-30": "$32", "2011-06-30": "$39", "2011-03-31": "$33", "2010-12-31": "$39", "2010-09-30": "$54", "2010-06-30": "$106", "2010-03-31": "$154", "2009-12-31": "$103", "2009-09-30": "$71", "2009-06-30": "$66", "2009-03-31": "$94", "2008-12-31": "$86", "2008-09-30": "$46", "2008-06-30": "$42", "2008-03-31": "$112", "2007-12-31": "$48", "2007-09-30": "$33", "2007-06-30": "$291", "2007-03-31": "$44", "2006-12-31": "$46", "2006-09-30": "$73", "2006-06-30": "$34", "2006-03-31": "$43", "2005-12-31": "$35", "2005-09-30": "$152", "2005-06-30": "$145", "2005-03-31": "$26"}}, "long-term-debt": {"Columbia Property Trust Annual Long Term Debt (Millions of US $)": {"2019": "$1,477", "2018": "$1,324", "2017": "$1,785", "2016": "$1,534", "2015": "$1,846", "2014": "$1,795", "2013": "$1,609", "2012": "$2,236", "2011": "$2,115", "2010": "$1,533", "2009": "$1,611", "2008": "$1,933", "2007": "$1,006", "2006": "$853", "2005": "$910"}, "Columbia Property Trust Quarterly Long Term Debt (Millions of US $)": {"2020-09-30": "$1,645", "2020-06-30": "$1,645", "2020-03-31": "$1,645", "2019-12-31": "$1,477", "2019-09-30": "$1,143", "2019-06-30": "$1,190", "2019-03-31": "$1,375", "2018-12-31": "$1,324", "2018-09-30": "$1,372", "2018-06-30": "$1,362", "2018-03-31": "$1,647", "2017-12-31": "$1,785", "2017-09-30": "$1,334", "2017-06-30": "$1,460", "2017-03-31": "$1,461", "2016-12-31": "$1,534", "2016-09-30": "$1,634", "2016-06-30": "$1,773", "2016-03-31": "$1,920", "2015-12-31": "$1,846", "2015-09-30": "$2,378", "2015-06-30": "$2,237", "2015-03-31": "$2,254", "2014-12-31": "$1,795", "2014-09-30": "$1,960", "2014-06-30": "$1,756", "2014-03-31": "$1,608", "2013-12-31": "$1,609", "2013-09-30": "$2,296", "2013-06-30": "$2,244", "2013-03-31": "$2,219", "2012-12-31": "$2,236", "2012-09-30": "$2,111", "2012-06-30": "$2,104", "2012-03-31": "$2,072", "2011-12-31": "$2,115", "2011-09-30": "$2,089", "2011-06-30": "$2,171", "2011-03-31": "$2,140", "2010-12-31": "$1,533", "2010-09-30": "$1,514", "2010-06-30": "$1,617", "2010-03-31": "$1,614", "2009-12-31": "$1,611", "2009-09-30": "$1,695", "2009-06-30": "$1,803", "2009-03-31": "$1,906", "2008-12-31": "$1,933", "2008-09-30": "$1,980", "2008-06-30": "$1,268", "2008-03-31": "$1,002", "2007-12-31": "$1,006", "2007-09-30": "$1,061", "2007-06-30": "$783", "2007-03-31": "$768", "2006-12-31": "$853", "2006-09-30": "$822", "2006-06-30": "$647", "2006-03-31": "$755", "2005-12-31": "$910", "2005-09-30": "$588", "2005-06-30": "$337", "2005-03-31": "$337"}}, "total-liabilities": {"Columbia Property Trust Annual Total Liabilities (Millions of US $)": {"2019": "$1,616", "2018": "$1,433", "2017": "$1,980", "2016": "$1,797", "2015": "$2,064", "2014": "$2,001", "2013": "$1,805", "2012": "$2,567", "2011": "$2,430", "2010": "$1,916", "2009": "$2,651", "2008": "$2,893", "2007": "$1,814", "2006": "$1,020", "2005": "$1,029"}, "Columbia Property Trust Quarterly Total Liabilities (Millions of US $)": {"2020-09-30": "$1,775", "2020-06-30": "$1,777", "2020-03-31": "$1,777", "2019-12-31": "$1,616", "2019-09-30": "$1,228", "2019-06-30": "$1,302", "2019-03-31": "$1,505", "2018-12-31": "$1,433", "2018-09-30": "$1,463", "2018-06-30": "$1,452", "2018-03-31": "$1,796", "2017-12-31": "$1,980", "2017-09-30": "$1,489", "2017-06-30": "$1,648", "2017-03-31": "$1,637", "2016-12-31": "$1,797", "2016-09-30": "$1,788", "2016-06-30": "$1,932", "2016-03-31": "$2,081", "2015-12-31": "$2,064", "2015-09-30": "$2,580", "2015-06-30": "$2,452", "2015-03-31": "$2,456", "2014-12-31": "$2,001", "2014-09-30": "$2,170", "2014-06-30": "$1,956", "2014-03-31": "$1,794", "2013-12-31": "$1,805", "2013-09-30": "$2,514", "2013-06-30": "$2,595", "2013-03-31": "$2,626", "2012-12-31": "$2,567", "2012-09-30": "$2,439", "2012-06-30": "$2,436", "2012-03-31": "$2,444", "2011-12-31": "$2,430", "2011-09-30": "$2,492", "2011-06-30": "$2,638", "2011-03-31": "$2,630", "2010-12-31": "$1,916", "2010-09-30": "$1,931", "2010-06-30": "$1,910", "2010-03-31": "$2,712", "2009-12-31": "$2,651", "2009-09-30": "$2,674", "2009-06-30": "$2,735", "2009-03-31": "$2,835", "2008-12-31": "$2,893", "2008-09-30": "$2,898", "2008-06-30": "$2,128", "2008-03-31": "$1,850", "2007-12-31": "$1,814", "2007-09-30": "$1,858", "2007-06-30": "$953", "2007-03-31": "$933", "2006-12-31": "$1,020", "2006-09-30": "$1,001", "2006-06-30": "$778", "2006-03-31": "$887", "2005-12-31": "$1,029", "2005-09-30": "$695", "2005-06-30": "$404", "2005-03-31": "$390"}}, "total-share-holder-equity": {"Columbia Property Trust Annual Share Holder Equity (Millions of US $)": {"2019": "$2,629", "2018": "$2,741", "2017": "$2,532", "2016": "$2,503", "2015": "$2,614", "2014": "$2,733", "2013": "$2,788", "2012": "$3,164", "2011": "$3,347", "2010": "$3,456", "2009": "$2,723", "2008": "$2,582", "2007": "$2,288", "2006": "$2,268", "2005": "$1,660"}, "Columbia Property Trust Quarterly Share Holder Equity (Millions of US $)": {"2020-09-30": "$2,596", "2020-06-30": "$2,609", "2020-03-31": "$2,624", "2019-12-31": "$2,629", "2019-09-30": "$2,698", "2019-06-30": "$2,743", "2019-03-31": "$2,719", "2018-12-31": "$2,741", "2018-09-30": "$2,789", "2018-06-30": "$2,804", "2018-03-31": "$2,842", "2017-12-31": "$2,532", "2017-09-30": "$2,554", "2017-06-30": "$2,505", "2017-03-31": "$2,554", "2016-12-31": "$2,503", "2016-09-30": "$2,532", "2016-06-30": "$2,530", "2016-03-31": "$2,554", "2015-12-31": "$2,614", "2015-09-30": "$2,642", "2015-06-30": "$2,675", "2015-03-31": "$2,702", "2014-12-31": "$2,733", "2014-09-30": "$2,714", "2014-06-30": "$2,725", "2014-03-31": "$2,754", "2013-12-31": "$2,788", "2013-09-30": "$3,048", "2013-06-30": "$3,009", "2013-03-31": "$3,014", "2012-12-31": "$3,164", "2012-09-30": "$3,181", "2012-06-30": "$3,223", "2012-03-31": "$3,252", "2011-12-31": "$3,347", "2011-09-30": "$3,314", "2011-06-30": "$3,281", "2011-03-31": "$3,322", "2010-12-31": "$3,456", "2010-09-30": "$3,472", "2010-06-30": "$3,607", "2010-03-31": "$2,704", "2009-12-31": "$2,723", "2009-09-30": "$2,712", "2009-06-30": "$2,694", "2009-03-31": "$2,628", "2008-12-31": "$2,582", "2008-09-30": "$2,555", "2008-06-30": "$2,467", "2008-03-31": "$2,339", "2007-12-31": "$2,288", "2007-09-30": "$2,182", "2007-06-30": "$2,628", "2007-03-31": "$2,424", "2006-12-31": "$2,268", "2006-09-30": "$2,074", "2006-06-30": "$1,941", "2006-03-31": "$1,794", "2005-12-31": "$1,660", "2005-09-30": "$1,469", "2005-06-30": "$1,242", "2005-03-31": "$866"}}, "profit-margins": {"current": "-1.64%"}, "gross margin": {"2020-09-30": "68.30%", "2020-06-30": "66.89%", "2020-03-31": "68.62%", "2019-12-31": "67.82%", "2019-09-30": "68.58%", "2019-06-30": "69.36%", "2019-03-31": "69.90%", "2018-12-31": "69.80%", "2018-09-30": "69.05%", "2018-06-30": "68.68%", "2018-03-31": "68.68%", "2017-12-31": "68.86%", "2017-09-30": "67.49%", "2017-06-30": "65.16%", "2017-03-31": "63.87%", "2016-12-31": "63.08%", "2016-09-30": "63.07%", "2016-06-30": "63.12%", "2016-03-31": "63.00%", "2015-12-31": "62.79%", "2015-09-30": "62.94%", "2015-06-30": "63.92%", "2015-03-31": "65.00%", "2014-12-31": "65.99%", "2014-09-30": "66.60%", "2014-06-30": "66.73%", "2014-03-31": "66.60%", "2013-12-31": "65.84%", "2013-09-30": "64.21%", "2013-06-30": "62.16%", "2013-03-31": "60.58%", "2012-12-31": "59.92%", "2012-09-30": "60.09%", "2012-06-30": "60.88%", "2012-03-31": "61.02%", "2011-12-31": "61.26%", "2011-09-30": "61.40%", "2011-06-30": "61.09%", "2011-03-31": "60.69%", "2010-12-31": "60.27%", "2010-09-30": "61.55%", "2010-06-30": "61.06%", "2010-03-31": "60.88%", "2009-12-31": "60.58%", "2009-09-30": "59.96%", "2009-06-30": "60.00%", "2009-03-31": "59.49%", "2008-12-31": "58.91%", "2008-09-30": "57.37%", "2008-06-30": "56.58%", "2008-03-31": "56.36%", "2007-12-31": "56.48%", "2007-09-30": "57.21%", "2007-06-30": "57.67%", "2007-03-31": "58.24%", "2006-12-31": "58.23%", "2006-09-30": "59.23%", "2006-06-30": "60.56%", "2006-03-31": "61.54%", "2005-12-31": "64.63%"}, "operating margin": {"2020-09-30": "3.27%", "2020-06-30": "-5.07%", "2020-03-31": "-4.48%", "2019-12-31": "1.04%", "2019-09-30": "10.81%", "2019-06-30": "19.87%", "2019-03-31": "9.36%", "2018-12-31": "9.06%", "2018-09-30": "7.48%", "2018-06-30": "5.34%", "2018-03-31": "16.37%", "2017-12-31": "16.96%", "2017-09-30": "18.58%", "2017-06-30": "19.95%", "2017-03-31": "21.21%", "2016-12-31": "21.10%", "2016-09-30": "20.76%", "2016-06-30": "19.96%", "2016-03-31": "19.05%", "2015-12-31": "18.52%", "2015-09-30": "17.13%", "2015-06-30": "17.34%", "2015-03-31": "16.96%", "2014-12-31": "16.27%", "2014-09-30": "18.66%", "2014-06-30": "20.11%", "2014-03-31": "21.82%", "2013-12-31": "17.84%", "2013-09-30": "14.75%", "2013-06-30": "13.53%", "2013-03-31": "11.41%", "2012-12-31": "17.21%", "2012-09-30": "18.45%", "2012-06-30": "18.83%", "2012-03-31": "18.37%", "2011-12-31": "15.42%", "2011-09-30": "15.26%", "2011-06-30": "14.29%", "2011-03-31": "13.68%", "2010-12-31": "15.07%", "2010-09-30": "17.33%", "2010-06-30": "14.99%", "2010-03-31": "14.63%", "2009-12-31": "13.50%", "2009-09-30": "10.41%", "2009-06-30": "12.86%", "2009-03-31": "13.32%", "2008-12-31": "14.07%", "2008-09-30": "14.34%", "2008-06-30": "12.73%", "2008-03-31": "12.50%", "2007-12-31": "11.34%", "2007-09-30": "12.47%", "2007-06-30": "12.96%", "2007-03-31": "13.35%", "2006-12-31": "14.63%", "2006-09-30": "14.98%", "2006-06-30": "15.94%", "2006-03-31": "15.38%", "2005-12-31": "17.07%"}, "ebitda margin": {"2020-09-30": "34.64%", "2020-06-30": "27.36%", "2020-03-31": "29.31%", "2019-12-31": "36.33%", "2019-09-30": "46.62%", "2019-06-30": "55.89%", "2019-03-31": "46.15%", "2018-12-31": "46.64%", "2018-09-30": "45.24%", "2018-06-30": "44.48%", "2018-03-31": "55.52%", "2017-12-31": "55.36%", "2017-09-30": "56.04%", "2017-06-30": "55.32%", "2017-03-31": "55.48%", "2016-12-31": "55.06%", "2016-09-30": "55.29%", "2016-06-30": "55.32%", "2016-03-31": "55.49%", "2015-12-31": "55.38%", "2015-09-30": "53.67%", "2015-06-30": "53.42%", "2015-03-31": "52.86%", "2014-12-31": "51.94%", "2014-09-30": "54.48%", "2014-06-30": "57.14%", "2014-03-31": "59.58%", "2013-12-31": "56.74%", "2013-09-30": "60.09%", "2013-06-30": "58.14%", "2013-03-31": "56.22%", "2012-12-31": "61.94%", "2012-09-30": "67.38%", "2012-06-30": "67.57%", "2012-03-31": "67.14%", "2011-12-31": "64.71%", "2011-09-30": "60.11%", "2011-06-30": "59.59%", "2011-03-31": "58.77%", "2010-12-31": "59.49%", "2010-09-30": "57.40%", "2010-06-30": "56.86%", "2010-03-31": "56.12%", "2009-12-31": "54.93%", "2009-09-30": "53.14%", "2009-06-30": "53.57%", "2009-03-31": "54.38%", "2008-12-31": "55.35%", "2008-09-30": "54.22%", "2008-06-30": "53.86%", "2008-03-31": "54.17%", "2007-12-31": "55.32%", "2007-09-30": "56.72%", "2007-06-30": "57.94%", "2007-03-31": "58.81%", "2006-12-31": "58.54%", "2006-09-30": "59.23%", "2006-06-30": "59.36%", "2006-03-31": "59.13%", "2005-12-31": "60.37%"}, "pre tax profit margin": {"2020-09-30": "-9.48%", "2020-06-30": "-18.92%", "2020-03-31": "-18.97%", "2019-12-31": "-14.19%", "2019-09-30": "-4.73%", "2019-06-30": "4.38%", "2019-03-31": "1.34%", "2018-12-31": "0.67%", "2018-09-30": "-2.04%", "2018-06-30": "-4.98%", "2018-03-31": "-2.14%", "2017-12-31": "-1.04%", "2017-09-30": "2.79%", "2017-06-30": "0.27%", "2017-03-31": "3.26%", "2016-12-31": "4.22%", "2016-09-30": "4.19%", "2016-06-30": "6.27%", "2016-03-31": "4.76%", "2015-12-31": "3.88%", "2015-09-30": "2.62%", "2015-06-30": "3.85%", "2015-03-31": "3.93%", "2014-12-31": "3.70%", "2014-09-30": "6.16%", "2014-06-30": "7.52%", "2014-03-31": "9.11%", "2013-12-31": "4.93%", "2013-09-30": "0.43%", "2013-06-30": "-0.21%", "2013-03-31": "-1.87%", "2012-12-31": "4.45%", "2012-09-30": "13.52%", "2012-06-30": "10.46%", "2012-03-31": "7.76%", "2011-12-31": "6.09%", "2011-09-30": "3.13%", "2011-06-30": "4.70%", "2011-03-31": "4.05%", "2010-12-31": "3.91%", "2010-09-30": "5.42%", "2010-06-30": "2.56%", "2010-03-31": "6.95%", "2009-12-31": "7.66%", "2009-09-30": "-4.31%", "2009-06-30": "-1.79%", "2009-03-31": "-1.64%", "2008-12-31": "-4.32%", "2008-09-30": "1.57%", "2008-06-30": "0.42%", "2008-03-31": "-1.75%", "2007-12-31": "-0.93%", "2007-09-30": "1.96%", "2007-06-30": "3.44%", "2007-03-31": "2.56%", "2006-12-31": "3.35%", "2006-09-30": "3.83%", "2006-06-30": "5.18%", "2006-03-31": "4.81%", "2005-12-31": "7.32%"}, "net profit margin": {"2020-09-30": "-1.96%", "2020-06-30": "-10.47%", "2020-03-31": "4.14%", "2019-12-31": "3.46%", "2019-09-30": "12.50%", "2019-06-30": "21.21%", "2019-03-31": "4.01%", "2018-12-31": "3.02%", "2018-09-30": "1.02%", "2018-06-30": "35.23%", "2018-03-31": "36.65%", "2017-12-31": "61.25%", "2017-09-30": "63.47%", "2017-06-30": "37.23%", "2017-03-31": "35.43%", "2016-12-31": "17.72%", "2016-09-30": "13.37%", "2016-06-30": "9.51%", "2016-03-31": "8.42%", "2015-12-31": "7.94%", "2015-09-30": "15.91%", "2015-06-30": "16.81%", "2015-03-31": "16.96%", "2014-12-31": "17.01%", "2014-09-30": "9.14%", "2014-06-30": "5.45%", "2014-03-31": "7.97%", "2013-12-31": "3.04%", "2013-09-30": "3.25%", "2013-06-30": "0.85%", "2013-03-31": "-1.24%", "2012-12-31": "9.72%", "2012-09-30": "19.31%", "2012-06-30": "21.13%", "2012-03-31": "17.55%", "2011-12-31": "11.56%", "2011-09-30": "4.78%", "2011-06-30": "4.89%", "2011-03-31": "4.43%", "2010-12-31": "4.70%", "2010-09-30": "5.05%", "2010-06-30": "2.38%", "2010-03-31": "6.76%", "2009-12-31": "7.48%", "2009-09-30": "-4.13%", "2009-06-30": "-1.61%", "2009-03-31": "-1.64%", "2008-12-31": "-4.13%", "2008-09-30": "1.57%", "2008-06-30": "0.42%", "2008-03-31": "-1.54%", "2007-12-31": "-0.93%", "2007-09-30": "1.96%", "2007-06-30": "3.44%", "2007-03-31": "2.56%", "2006-12-31": "3.35%", "2006-09-30": "3.83%", "2006-06-30": "5.18%", "2006-03-31": "4.81%", "2005-12-31": "7.32%"}, "pe ratio": {"current": "9.08", "2021-02-05": "0.00", "2020-09-30": "0.00", "2020-06-30": "0.00", "2020-03-31": "119.03", "2019-12-31": "246.16", "2019-09-30": "63.59", "2019-06-30": "36.14", "2019-03-31": "228.83", "2018-12-31": "250.59", "2018-09-30": "1061.62", "2018-06-30": "24.97", "2018-03-31": "21.25", "2017-12-31": "13.84", "2017-09-30": "11.23", "2017-06-30": "16.85", "2017-03-31": "15.26", "2016-12-31": "26.79", "2016-09-30": "34.48", "2016-06-30": "43.93", "2016-03-31": "49.44", "2015-12-31": "53.52", "2015-09-30": "25.40", "2015-06-30": "25.12", "2015-03-31": "27.70", "2014-12-31": "26.03", "2014-09-30": "45.96"}, "price sales": {"2021-02-05": "5.27", "2020-09-30": "4.02", "2020-06-30": "4.95", "2020-03-31": "4.77", "2019-12-31": "7.96", "2019-09-30": "7.82", "2019-06-30": "7.58", "2019-03-31": "8.11", "2018-12-31": "6.98", "2018-09-30": "8.61", "2018-06-30": "8.62", "2018-03-31": "7.77", "2017-12-31": "8.44", "2017-09-30": "7.13", "2017-06-30": "6.27", "2017-03-31": "5.43", "2016-12-31": "4.74", "2016-09-30": "4.60", "2016-06-30": "4.15", "2016-03-31": "4.06", "2015-12-31": "4.13", "2015-09-30": "4.00", "2015-06-30": "4.18", "2015-03-31": "4.64", "2014-12-31": "4.45", "2014-09-30": "4.25"}, "price book": {"current": "0.62", "2021-02-05": "0.62", "2020-09-30": "0.47", "2020-06-30": "0.56", "2020-03-31": "0.52", "2019-12-31": "0.86", "2019-09-30": "0.85", "2019-06-30": "0.82", "2019-03-31": "0.89", "2018-12-31": "0.75", "2018-09-30": "0.90", "2018-06-30": "0.85", "2018-03-31": "0.75", "2017-12-31": "0.95", "2017-09-30": "0.89", "2017-06-30": "0.93", "2017-03-31": "0.91", "2016-12-31": "0.89", "2016-09-30": "0.91", "2016-06-30": "0.86", "2016-03-31": "0.86", "2015-12-31": "0.89", "2015-09-30": "0.86", "2015-06-30": "0.89", "2015-03-31": "0.96", "2014-12-31": "0.88", "2014-09-30": "0.83", "2014-06-30": "0.89", "2014-03-31": "0.91", "2013-12-31": "0.81"}, "price fcf": {"2021-02-05": "", "2020-09-30": "$-1.27", "2020-06-30": "$0.32", "2020-03-31": "$1.92", "2019-12-31": "$-0.07", "2019-09-30": "$3.67", "2019-06-30": "$2.11", "2019-03-31": "$2.61", "2018-12-31": "$2.44", "2018-09-30": "$-2.68", "2018-06-30": "$-1.03", "2018-03-31": "$-3.18", "2017-12-31": "$0.89", "2017-09-30": "$7.32", "2017-06-30": "$8.46", "2017-03-31": "$8.65", "2016-12-31": "$6.15", "2016-09-30": "$6.49", "2016-06-30": "$3.10", "2016-03-31": "$3.11", "2015-12-31": "$-2.61", "2015-09-30": "$-1.52", "2015-06-30": "$-2.72", "2015-03-31": "$-2.43", "2014-12-31": "$2.12", "2014-09-30": "$4.91"}, "net worth": {"value": "$1.61B"}, "current ratio": {"2020-09-30": "3.84", "2020-06-30": "3.92", "2020-03-31": "4.19", "2019-12-31": "1.30", "2019-09-30": "4.45", "2019-06-30": "2.35", "2019-03-31": "2.80", "2018-12-31": "2.19", "2018-09-30": "1.92", "2018-06-30": "1.81", "2018-03-31": "1.19", "2017-12-31": "0.83", "2017-09-30": "3.59", "2017-06-30": "4.20", "2017-03-31": "5.02", "2016-12-31": "2.20", "2016-09-30": "3.28", "2016-06-30": "1.73", "2016-03-31": "3.52", "2015-12-31": "1.55", "2015-09-30": "1.53", "2015-06-30": "1.61", "2015-03-31": "1.67", "2014-12-31": "2.57", "2014-09-30": "1.67", "2014-06-30": "1.77", "2014-03-31": "2.34", "2013-12-31": "2.22", "2013-09-30": "2.22", "2013-06-30": "2.05", "2013-03-31": "2.04", "2012-12-31": "1.83", "2012-09-30": "2.00", "2012-06-30": "2.75", "2012-03-31": "2.47", "2011-12-31": "2.35", "2011-09-30": "1.16", "2011-06-30": "1.35", "2011-03-31": "1.27", "2010-12-31": "1.43", "2010-09-30": "1.30", "2010-06-30": "1.90", "2010-03-31": "2.87", "2009-12-31": "2.24", "2009-09-30": "1.59", "2009-06-30": "1.64", "2009-03-31": "1.60", "2008-12-31": "1.35", "2008-09-30": "1.60", "2008-06-30": "1.81", "2008-03-31": "2.55", "2007-12-31": "1.98", "2007-09-30": "2.17", "2007-06-30": "11.46", "2007-03-31": "2.90", "2006-12-31": "2.34", "2006-09-30": "3.74", "2006-06-30": "2.82", "2006-03-31": "2.00", "2005-12-31": "2.00", "2005-09-30": "8.81", "2005-06-30": "12.44", "2005-03-31": "3.71"}, "quick ratio": {"2020-09-30": "0.00", "2020-06-30": "0.00", "2020-03-31": "0.00", "2019-12-31": "0.00", "2019-09-30": "0.00", "2019-06-30": "0.00", "2019-03-31": "0.00", "2018-12-31": "0.00", "2018-09-30": "0.00", "2018-06-30": "0.00", "2018-03-31": "0.00", "2017-12-31": "0.00", "2017-09-30": "0.00", "2017-06-30": "0.00", "2017-03-31": "0.00", "2016-12-31": "0.00", "2016-09-30": "0.00", "2016-06-30": "0.00", "2016-03-31": "0.00", "2015-12-31": "0.00", "2015-09-30": "0.00", "2015-06-30": "0.00", "2015-03-31": "0.00", "2014-12-31": "0.00", "2014-09-30": "0.00", "2014-06-30": "0.00", "2014-03-31": "0.00", "2013-12-31": "0.00", "2013-09-30": "0.00", "2013-06-30": "0.00", "2013-03-31": "0.00", "2012-12-31": "0.00", "2012-09-30": "0.00", "2012-06-30": "0.00", "2012-03-31": "0.00", "2011-12-31": "0.00", "2011-09-30": "0.00", "2011-06-30": "0.00", "2011-03-31": "0.00", "2010-12-31": "0.00", "2010-09-30": "0.00", "2010-06-30": "0.00", "2010-03-31": "0.00", "2009-12-31": "0.00", "2009-09-30": "0.00", "2009-06-30": "0.00", "2009-03-31": "0.00", "2008-12-31": "0.00", "2008-09-30": "0.00", "2008-06-30": "0.00", "2008-03-31": "0.00", "2007-12-31": "0.00", "2007-09-30": "0.00", "2007-06-30": "0.00", "2007-03-31": "0.00", "2006-12-31": "0.00", "2006-09-30": "0.00", "2006-06-30": "0.00", "2006-03-31": "0.00", "2005-12-31": "0.00", "2005-09-30": "0.00", "2005-06-30": "0.00", "2005-03-31": "0.00"}, "debt equity ratio": {"current": "0.63", "2020-09-30": "0.68", "2020-06-30": "0.68", "2020-03-31": "0.68", "2019-12-31": "0.62", "2019-09-30": "0.46", "2019-06-30": "0.48", "2019-03-31": "0.55", "2018-12-31": "0.52", "2018-09-30": "0.52", "2018-06-30": "0.52", "2018-03-31": "0.63", "2017-12-31": "0.78", "2017-09-30": "0.58", "2017-06-30": "0.66", "2017-03-31": "0.64", "2016-12-31": "0.72", "2016-09-30": "0.71", "2016-06-30": "0.76", "2016-03-31": "0.82", "2015-12-31": "0.79", "2015-09-30": "0.98", "2015-06-30": "0.92", "2015-03-31": "0.91", "2014-12-31": "0.73", "2014-09-30": "0.80", "2014-06-30": "0.72", "2014-03-31": "0.65", "2013-12-31": "0.65", "2013-09-30": "0.83", "2013-06-30": "0.86", "2013-03-31": "0.87", "2012-12-31": "0.81", "2012-09-30": "0.77", "2012-06-30": "0.76", "2012-03-31": "0.75", "2011-12-31": "0.73", "2011-09-30": "0.75", "2011-06-30": "0.80", "2011-03-31": "0.79", "2010-12-31": "0.55", "2010-09-30": "0.56", "2010-06-30": "0.53", "2010-03-31": "1.00", "2009-12-31": "0.97", "2009-09-30": "0.99", "2009-06-30": "1.02", "2009-03-31": "1.08", "2008-12-31": "1.12", "2008-09-30": "1.13", "2008-06-30": "0.86", "2008-03-31": "0.79", "2007-12-31": "0.79", "2007-09-30": "0.85", "2007-06-30": "0.36", "2007-03-31": "0.39", "2006-12-31": "0.45", "2006-09-30": "0.48", "2006-06-30": "0.40", "2006-03-31": "0.49", "2005-12-31": "0.62", "2005-09-30": "0.47", "2005-06-30": "0.33", "2005-03-31": "0.45"}, "return on equity": {"2020-09-30": "-0.23%", "2020-06-30": "-1.17%", "2020-03-31": "0.45%", "2019-12-31": "0.37%", "2019-09-30": "1.36%", "2019-06-30": "2.29%", "2019-03-31": "0.43%", "2018-12-31": "0.32%", "2018-09-30": "0.11%", "2018-06-30": "3.69%", "2018-03-31": "3.95%", "2017-12-31": "6.98%", "2017-09-30": "8.11%", "2017-06-30": "5.55%", "2017-03-31": "6.01%", "2016-12-31": "3.32%", "2016-09-30": "2.62%", "2016-06-30": "1.93%", "2016-03-31": "1.75%", "2015-12-31": "1.69%", "2015-09-30": "3.39%", "2015-06-30": "3.55%", "2015-03-31": "3.49%", "2014-12-31": "3.37%", "2014-09-30": "1.78%", "2014-06-30": "1.03%", "2014-03-31": "1.45%", "2013-12-31": "0.54%", "2013-09-30": "0.49%", "2013-06-30": "0.13%", "2013-03-31": "-0.19%", "2012-12-31": "1.50%", "2012-09-30": "2.77%", "2012-06-30": "3.08%", "2012-03-31": "2.61%", "2011-12-31": "1.72%", "2011-09-30": "0.78%", "2011-06-30": "0.77%", "2011-03-31": "0.66%", "2010-12-31": "0.73%", "2010-09-30": "0.90%", "2010-06-30": "0.44%", "2010-03-31": "1.37%", "2009-12-31": "1.52%", "2009-09-30": "-0.87%", "2009-06-30": "-0.34%", "2009-03-31": "-0.35%", "2008-12-31": "-0.89%", "2008-09-30": "0.33%", "2008-06-30": "0.09%", "2008-03-31": "-0.30%", "2007-12-31": "-0.17%", "2007-09-30": "0.34%", "2007-06-30": "0.55%", "2007-03-31": "0.41%", "2006-12-31": "0.54%", "2006-09-30": "0.59%", "2006-06-30": "0.76%", "2006-03-31": "0.65%", "2005-12-31": "0.92%"}, "return on assets": {"2020-09-30": "-0.14%", "2020-06-30": "-0.73%", "2020-03-31": "0.29%", "2019-12-31": "0.24%", "2019-09-30": "0.90%", "2019-06-30": "1.51%", "2019-03-31": "0.28%", "2018-12-31": "0.21%", "2018-09-30": "0.07%", "2018-06-30": "2.27%", "2018-03-31": "2.38%", "2017-12-31": "4.19%", "2017-09-30": "4.91%", "2017-06-30": "3.30%", "2017-03-31": "3.52%", "2016-12-31": "1.90%", "2016-09-30": "1.48%", "2016-06-30": "1.05%", "2016-03-31": "0.94%", "2015-12-31": "0.89%", "2015-09-30": "1.80%", "2015-06-30": "1.93%", "2015-03-31": "1.95%", "2014-12-31": "1.95%", "2014-09-30": "1.05%", "2014-06-30": "0.60%", "2014-03-31": "0.83%", "2013-12-31": "0.30%", "2013-09-30": "0.27%", "2013-06-30": "0.07%", "2013-03-31": "-0.11%", "2012-12-31": "0.85%", "2012-09-30": "1.58%", "2012-06-30": "1.76%", "2012-03-31": "1.48%", "2011-12-31": "0.97%", "2011-09-30": "0.45%", "2011-06-30": "0.46%", "2011-03-31": "0.41%", "2010-12-31": "0.44%", "2010-09-30": "0.52%", "2010-06-30": "0.24%", "2010-03-31": "0.69%", "2009-12-31": "0.76%", "2009-09-30": "-0.42%", "2009-06-30": "-0.16%", "2009-03-31": "-0.17%", "2008-12-31": "-0.45%", "2008-09-30": "0.17%", "2008-06-30": "0.05%", "2008-03-31": "-0.18%", "2007-12-31": "-0.11%", "2007-09-30": "0.22%", "2007-06-30": "0.39%", "2007-03-31": "0.29%", "2006-12-31": "0.37%", "2006-09-30": "0.39%", "2006-06-30": "0.51%", "2006-03-31": "0.44%", "2005-12-31": "0.62%"}, "return on investments": {"2020-09-30": "0.24%", "2020-06-30": "-0.36%", "2020-03-31": "-0.32%", "2019-12-31": "0.08%", "2019-09-30": "0.80%", "2019-06-30": "1.45%", "2019-03-31": "0.68%", "2018-12-31": "0.64%", "2018-09-30": "0.51%", "2018-06-30": "0.36%", "2018-03-31": "1.10%", "2017-12-31": "1.21%", "2017-09-30": "1.51%", "2017-06-30": "1.85%", "2017-03-31": "2.20%", "2016-12-31": "2.36%", "2016-09-30": "2.39%", "2016-06-30": "2.30%", "2016-03-31": "2.21%", "2015-12-31": "2.17%", "2015-09-30": "2.02%", "2015-06-30": "2.08%", "2015-03-31": "2.04%", "2014-12-31": "1.95%", "2014-09-30": "2.23%", "2014-06-30": "2.30%", "2014-03-31": "2.38%", "2013-12-31": "1.86%", "2013-09-30": "1.28%", "2013-06-30": "1.21%", "2013-03-31": "1.04%", "2012-12-31": "1.59%", "2012-09-30": "1.61%", "2012-06-30": "1.67%", "2012-03-31": "1.66%", "2011-12-31": "1.40%", "2011-09-30": "1.56%", "2011-06-30": "1.46%", "2011-03-31": "1.37%", "2010-12-31": "1.58%", "2010-09-30": "2.04%", "2010-06-30": "1.79%", "2010-03-31": "1.82%", "2009-12-31": "1.67%", "2009-09-30": "1.29%", "2009-06-30": "1.59%", "2009-03-31": "1.69%", "2008-12-31": "1.86%", "2008-09-30": "1.96%", "2008-06-30": "1.79%", "2008-03-31": "1.72%", "2007-12-31": "1.49%", "2007-09-30": "1.57%", "2007-06-30": "1.55%", "2007-03-31": "1.59%", "2006-12-31": "1.72%", "2006-09-30": "1.62%", "2006-06-30": "1.64%", "2006-03-31": "1.46%", "2005-12-31": "1.51%"}, "return on tangible equity": {"2020-09-30": "-0.24%", "2020-06-30": "-1.20%", "2020-03-31": "0.46%", "2019-12-31": "0.37%", "2019-09-30": "1.37%", "2019-06-30": "2.32%", "2019-03-31": "0.44%", "2018-12-31": "0.33%", "2018-09-30": "0.11%", "2018-06-30": "3.74%", "2018-03-31": "4.01%", "2017-12-31": "7.10%", "2017-09-30": "8.26%", "2017-06-30": "5.67%", "2017-03-31": "6.15%", "2016-12-31": "3.40%", "2016-09-30": "2.69%", "2016-06-30": "1.99%", "2016-03-31": "1.81%", "2015-12-31": "1.75%", "2015-09-30": "3.51%", "2015-06-30": "3.69%", "2015-03-31": "3.65%", "2014-12-31": "3.53%", "2014-09-30": "1.88%", "2014-06-30": "1.08%", "2014-03-31": "1.53%", "2013-12-31": "0.57%", "2013-09-30": "0.52%", "2013-06-30": "0.14%", "2013-03-31": "-0.20%", "2012-12-31": "1.60%", "2012-09-30": "2.96%", "2012-06-30": "3.30%", "2012-03-31": "2.81%", "2011-12-31": "1.86%", "2011-09-30": "0.84%", "2011-06-30": "0.84%", "2011-03-31": "0.72%", "2010-12-31": "0.79%", "2010-09-30": "0.99%", "2010-06-30": "0.49%", "2010-03-31": "1.54%", "2009-12-31": "1.73%", "2009-09-30": "-0.99%", "2009-06-30": "-0.40%", "2009-03-31": "-0.41%", "2008-12-31": "-1.03%", "2008-09-30": "0.39%", "2008-06-30": "0.10%", "2008-03-31": "-0.32%", "2007-12-31": "-0.17%", "2007-09-30": "0.35%", "2007-06-30": "0.57%", "2007-03-31": "0.43%", "2006-12-31": "0.57%", "2006-09-30": "0.59%", "2006-06-30": "0.76%", "2006-03-31": "0.65%", "2005-12-31": "0.92%"}, "dividend yield history": {"last payout": "$0.84", "last yield": "5.97%"}}