{"ticker": "COLM", "price": {"title": "Columbia Sportswear Historical Annual Stock Price Data", "value": 107.89, "historical": {"2021": {"Average Stock Price": "91.0577", "Year Open": "84.9100", "Year High": "107.8900", "Year Low": "84.9100", "Year Close": "107.8900", "Annual % Change": "23.47%"}, "2020": {"Average Stock Price": "81.9266", "Year Open": "100.9200", "Year High": "101.2400", "Year Low": "56.2300", "Year Close": "87.3800", "Annual % Change": "-12.79%"}, "2019": {"Average Stock Price": "97.3463", "Year Open": "83.7700", "Year High": "107.4700", "Year Low": "81.5300", "Year Close": "100.1900", "Annual % Change": "19.15%"}, "2018": {"Average Stock Price": "85.1008", "Year Open": "73.0400", "Year High": "94.9400", "Year Low": "71.9600", "Year Close": "84.0900", "Annual % Change": "16.99%"}, "2017": {"Average Stock Price": "59.0818", "Year Open": "57.0000", "Year High": "71.9700", "Year Low": "51.9900", "Year Close": "71.8800", "Annual % Change": "23.29%"}, "2016": {"Average Stock Price": "57.0399", "Year Open": "49.3800", "Year High": "63.2400", "Year Low": "45.5900", "Year Close": "58.3000", "Annual % Change": "19.57%"}, "2015": {"Average Stock Price": "55.9171", "Year Open": "44.3300", "Year High": "71.5400", "Year Low": "41.6200", "Year Close": "48.7600", "Annual % Change": "9.47%"}, "2014": {"Average Stock Price": "40.2508", "Year Open": "39.1550", "Year High": "45.3800", "Year Low": "35.0600", "Year Close": "44.5400", "Annual % Change": "13.12%"}, "2013": {"Average Stock Price": "30.3450", "Year Open": "26.5850", "Year High": "39.5350", "Year Low": "24.3400", "Year Close": "39.3750", "Annual % Change": "47.58%"}, "2012": {"Average Stock Price": "25.4418", "Year Open": "22.9350", "Year High": "29.0800", "Year Low": "22.1200", "Year Close": "26.6800", "Annual % Change": "14.63%"}, "2011": {"Average Stock Price": "28.5320", "Year Open": "30.4950", "Year High": "35.2250", "Year Low": "21.6200", "Year Close": "23.2750", "Annual % Change": "-22.80%"}, "2010": {"Average Stock Price": "25.7234", "Year Open": "19.6250", "Year High": "30.9450", "Year Low": "19.6100", "Year Close": "30.1500", "Annual % Change": "54.46%"}, "2009": {"Average Stock Price": "17.3899", "Year Open": "17.9650", "Year High": "22.5000", "Year Low": "12.6100", "Year Close": "19.5200", "Annual % Change": "10.38%"}, "2008": {"Average Stock Price": "19.7075", "Year Open": "21.8450", "Year High": "23.4900", "Year Low": "14.4650", "Year Close": "17.6850", "Annual % Change": "-19.78%"}, "2007": {"Average Stock Price": "29.7189", "Year Open": "28.2750", "Year High": "35.1900", "Year Low": "21.7750", "Year Close": "22.0450", "Annual % Change": "-20.84%"}, "2006": {"Average Stock Price": "25.8374", "Year Open": "23.7200", "Year High": "30.6600", "Year Low": "21.8000", "Year Close": "27.8500", "Annual % Change": "16.70%"}, "2005": {"Average Stock Price": "24.5531", "Year Open": "28.8250", "Year High": "28.8250", "Year Low": "21.0350", "Year Close": "23.8650", "Annual % Change": "-19.93%"}, "2004": {"Average Stock Price": "27.6032", "Year Open": "27.3850", "Year High": "30.4650", "Year Low": "25.2600", "Year Close": "29.8050", "Annual % Change": "9.38%"}, "2003": {"Average Stock Price": "24.1653", "Year Open": "23.0900", "Year High": "29.6400", "Year Low": "16.4000", "Year Close": "27.2500", "Annual % Change": "22.69%"}, "2002": {"Average Stock Price": "18.1234", "Year Open": "16.5750", "Year High": "23.7750", "Year Low": "14.3950", "Year Close": "22.2100", "Annual % Change": "33.39%"}, "2001": {"Average Stock Price": "17.9815", "Year Open": "17.1033", "Year High": "25.4950", "Year Low": "10.1050", "Year Close": "16.6500", "Annual % Change": "0.40%"}, "2000": {"Average Stock Price": "10.7812", "Year Open": "7.4367", "Year High": "18.0000", "Year Low": "5.9167", "Year Close": "16.5833", "Annual % Change": "131.39%"}, "1999": {"Average Stock Price": "5.4280", "Year Open": "6.0000", "Year High": "7.1667", "Year Low": "3.9167", "Year Close": "7.1667", "Annual % Change": "27.37%"}}}, "market cap": {"value": "$7.14B"}, "income statement": {"Revenue": {"2020-12-31": "2501.55400", "2019-12-31": "3042.47800", "2018-12-31": "2802.32600", "2017-12-31": "2466.10500", "2016-12-31": "2377.04500", "2015-12-31": "2326.18000", "2014-12-31": "2100.59000", "2013-12-31": "1684.99600", "2012-12-31": "1669.56300", "2011-12-31": "1693.98500", "2010-12-31": "1483.52400", "2009-12-31": "1244.02300", "2008-12-31": "1317.83500", "2007-12-31": "1356.03900", "2006-12-31": "1287.67200", "2005-12-31": "1155.79100"}, "Cost Of Goods Sold": {"2020-12-31": "1277.66500", "2019-12-31": "1526.80800", "2018-12-31": "1415.97800", "2017-12-31": "1306.14300", "2016-12-31": "1266.69700", "2015-12-31": "1252.68000", "2014-12-31": "1145.63900", "2013-12-31": "941.34100", "2012-12-31": "953.16900", "2011-12-31": "958.67700", "2010-12-31": "854.12000", "2009-12-31": "719.94500", "2008-12-31": "750.02400", "2007-12-31": "776.28800", "2006-12-31": "746.61700", "2005-12-31": "652.03600"}, "Gross Profit": {"2020-12-31": "1223.88900", "2019-12-31": "1515.67000", "2018-12-31": "1386.34800", "2017-12-31": "1159.96200", "2016-12-31": "1110.34800", "2015-12-31": "1073.50000", "2014-12-31": "954.95100", "2013-12-31": "743.65500", "2012-12-31": "716.39400", "2011-12-31": "735.30800", "2010-12-31": "629.40410", "2009-12-31": "524.07790", "2008-12-31": "567.81100", "2007-12-31": "579.75090", "2006-12-31": "541.05500", "2005-12-31": "503.75500"}, "Research And Development Expenses": {"2020-12-31": "", "2019-12-31": "", "2018-12-31": "", "2017-12-31": "", "2016-12-31": "", "2015-12-31": "", "2014-12-31": "", "2013-12-31": "", "2012-12-31": "", "2011-12-31": "", "2010-12-31": "", "2009-12-31": "", "2008-12-31": "", "2007-12-31": "", "2006-12-31": "", "2005-12-31": ""}, "SG&A Expenses": {"2020-12-31": "1098.94800", "2019-12-31": "1136.18600", "2018-12-31": "1051.15200", "2017-12-31": "910.89400", "2016-12-31": "864.08400", "2015-12-31": "831.97100", "2014-12-31": "763.06300", "2013-12-31": "625.65600", "2012-12-31": "596.63500", "2011-12-31": "614.65800", "2010-12-31": "534.06800", "2009-12-31": "444.71500", "2008-12-31": "430.35000", "2007-12-31": "385.76900", "2006-12-31": "366.76800", "2005-12-31": "322.19700"}, "Other Operating Income Or Expenses": {"2020-12-31": "12.10800", "2019-12-31": "15.48700", "2018-12-31": "15.78600", "2017-12-31": "13.90100", "2016-12-31": "10.24400", "2015-12-31": "8.19200", "2014-12-31": "6.95600", "2013-12-31": "13.79500", "2012-12-31": "13.76900", "2011-12-31": "15.75600", "2010-12-31": "7.99100", "2009-12-31": "8.39900", "2008-12-31": "-18.75500", "2007-12-31": "5.15700", "2006-12-31": "5.48600", "2005-12-31": "4.40800"}, "Operating Expenses": {"2020-12-31": "2364.50500", "2019-12-31": "2647.50700", "2018-12-31": "2451.34400", "2017-12-31": "2203.13600", "2016-12-31": "2120.53700", "2015-12-31": "2076.45900", "2014-12-31": "1901.74600", "2013-12-31": "1553.20200", "2012-12-31": "1536.03500", "2011-12-31": "1557.57900", "2010-12-31": "1380.19700", "2009-12-31": "1156.26100", "2008-12-31": "1199.12900", "2007-12-31": "1156.90000", "2006-12-31": "1107.89900", "2005-12-31": "969.82500"}, "Operating Income": {"2020-12-31": "137.04880", "2019-12-31": "394.97090", "2018-12-31": "350.98190", "2017-12-31": "262.96900", "2016-12-31": "256.50780", "2015-12-31": "249.72070", "2014-12-31": "198.84410", "2013-12-31": "131.79390", "2012-12-31": "133.52810", "2011-12-31": "136.40600", "2010-12-31": "103.32700", "2009-12-31": "87.76200", "2008-12-31": "118.70590", "2007-12-31": "199.13890", "2006-12-31": "179.77290", "2005-12-31": "185.96600"}, "Total Non-Operating Income/Expense": {"2020-12-31": "2.47400", "2019-12-31": "10.45800", "2018-12-31": "9.73500", "2017-12-31": "3.76500", "2016-12-31": "0.39000", "2015-12-31": "-2.40200", "2014-12-31": "-0.32300", "2013-12-31": "-0.36800", "2012-12-31": "0.37900", "2011-12-31": "1.27400", "2010-12-31": "1.56400", "2009-12-31": "2.08800", "2008-12-31": "7.53700", "2007-12-31": "8.88800", "2006-12-31": "5.56200", "2005-12-31": "4.88900"}, "Pre-Tax Income": {"2020-12-31": "139.52300", "2019-12-31": "405.42900", "2018-12-31": "360.71700", "2017-12-31": "266.73400", "2016-12-31": "256.89800", "2015-12-31": "247.31900", "2014-12-31": "198.52100", "2013-12-31": "131.42600", "2012-12-31": "133.90700", "2011-12-31": "137.68000", "2010-12-31": "104.89100", "2009-12-31": "89.85000", "2008-12-31": "126.24300", "2007-12-31": "208.02700", "2006-12-31": "185.33500", "2005-12-31": "190.85500"}, "Income Taxes": {"2020-12-31": "31.51000", "2019-12-31": "74.94000", "2018-12-31": "85.76900", "2017-12-31": "154.41900", "2016-12-31": "58.45900", "2015-12-31": "67.46800", "2014-12-31": "56.66200", "2013-12-31": "37.82300", "2012-12-31": "34.04800", "2011-12-31": "34.20100", "2010-12-31": "27.85400", "2009-12-31": "22.82900", "2008-12-31": "31.19600", "2007-12-31": "63.57500", "2006-12-31": "62.31700", "2005-12-31": "60.11900"}, "Income After Taxes": {"2020-12-31": "108.01300", "2019-12-31": "330.48900", "2018-12-31": "274.94800", "2017-12-31": "112.31500", "2016-12-31": "198.43900", "2015-12-31": "179.85100", "2014-12-31": "141.85900", "2013-12-31": "93.60300", "2012-12-31": "99.85900", "2011-12-31": "103.47900", "2010-12-31": "77.03700", "2009-12-31": "67.02100", "2008-12-31": "95.04700", "2007-12-31": "144.45200", "2006-12-31": "123.01800", "2005-12-31": "130.73600"}, "Other Income": {"2020-12-31": "", "2019-12-31": "", "2018-12-31": "", "2017-12-31": "", "2016-12-31": "", "2015-12-31": "", "2014-12-31": "", "2013-12-31": "", "2012-12-31": "", "2011-12-31": "", "2010-12-31": "", "2009-12-31": "", "2008-12-31": "", "2007-12-31": "", "2006-12-31": "", "2005-12-31": ""}, "Income From Continuous Operations": {"2020-12-31": "108.01300", "2019-12-31": "330.48900", "2018-12-31": "274.94800", "2017-12-31": "112.31500", "2016-12-31": "198.43900", "2015-12-31": "179.85100", "2014-12-31": "141.85900", "2013-12-31": "93.60300", "2012-12-31": "99.85900", "2011-12-31": "103.47900", "2010-12-31": "77.03700", "2009-12-31": "67.02100", "2008-12-31": "95.04700", "2007-12-31": "144.45200", "2006-12-31": "123.01800", "2005-12-31": "130.73600"}, "Income From Discontinued Operations": {"2020-12-31": "", "2019-12-31": "", "2018-12-31": "", "2017-12-31": "", "2016-12-31": "", "2015-12-31": "", "2014-12-31": "", "2013-12-31": "", "2012-12-31": "", "2011-12-31": "", "2010-12-31": "", "2009-12-31": "", "2008-12-31": "", "2007-12-31": "", "2006-12-31": "", "2005-12-31": ""}, "Net Income": {"2020-12-31": "108.01300", "2019-12-31": "330.48900", "2018-12-31": "268.25600", "2017-12-31": "105.12300", "2016-12-31": "191.89800", "2015-12-31": "174.33700", "2014-12-31": "137.17300", "2013-12-31": "94.34100", "2012-12-31": "99.85900", "2011-12-31": "103.47900", "2010-12-31": "77.03700", "2009-12-31": "67.02100", "2008-12-31": "95.04700", "2007-12-31": "144.45200", "2006-12-31": "123.01800", "2005-12-31": "130.73600"}, "EBITDA": {"2020-12-31": "283.64980", "2019-12-31": "516.69590", "2018-12-31": "409.21190", "2017-12-31": "322.91400", "2016-12-31": "316.52380", "2015-12-31": "306.24170", "2014-12-31": "252.86110", "2013-12-31": "172.66490", "2012-12-31": "174.42010", "2011-12-31": "179.96600", "2010-12-31": "141.75700", "2009-12-31": "124.01500", "2008-12-31": "149.86390", "2007-12-31": "229.47690", "2006-12-31": "203.31990", "2005-12-31": "209.51200"}, "EBIT": {"2020-12-31": "137.04880", "2019-12-31": "394.97090", "2018-12-31": "350.98190", "2017-12-31": "262.96900", "2016-12-31": "256.50780", "2015-12-31": "249.72070", "2014-12-31": "198.84410", "2013-12-31": "131.79390", "2012-12-31": "133.52810", "2011-12-31": "136.40600", "2010-12-31": "103.32700", "2009-12-31": "87.76200", "2008-12-31": "118.70590", "2007-12-31": "199.13890", "2006-12-31": "179.77290", "2005-12-31": "185.96600"}, "Basic Shares Outstanding": {"2020-12-31": "66.37600", "2019-12-31": "67.83700", "2018-12-31": "69.61400", "2017-12-31": "69.75900", "2016-12-31": "69.68300", "2015-12-31": "70.16200", "2014-12-31": "69.80700", "2013-12-31": "68.75600", "2012-12-31": "67.68000", "2011-12-31": "67.61600", "2010-12-31": "67.45000", "2009-12-31": "67.69200", "2008-12-31": "69.22000", "2007-12-31": "72.21200", "2006-12-31": "72.49000", "2005-12-31": "77.09800"}, "Shares Outstanding": {"2020-12-31": "66.77200", "2019-12-31": "68.49300", "2018-12-31": "70.40100", "2017-12-31": "70.45300", "2016-12-31": "70.63200", "2015-12-31": "71.06400", "2014-12-31": "70.68100", "2013-12-31": "69.43400", "2012-12-31": "68.26400", "2011-12-31": "68.40800", "2010-12-31": "68.18400", "2009-12-31": "67.96200", "2008-12-31": "69.42200", "2007-12-31": "72.86800", "2006-12-31": "73.28800", "2005-12-31": "77.88600"}, "Basic EPS": {"2020-12-31": "1.63000", "2019-12-31": "4.87000", "2018-12-31": "3.85000", "2017-12-31": "1.51000", "2016-12-31": "2.75000", "2015-12-31": "2.48000", "2014-12-31": "1.97000", "2013-12-31": "1.37000", "2012-12-31": "1.48000", "2011-12-31": "1.53000", "2010-12-31": "1.14000", "2009-12-31": "0.99000", "2008-12-31": "1.37500", "2007-12-31": "2.00000", "2006-12-31": "1.69500", "2005-12-31": "1.69500"}, "EPS - Earnings Per Share": {"2020-12-31": "1.62000", "2019-12-31": "4.83000", "2018-12-31": "3.81000", "2017-12-31": "1.49000", "2016-12-31": "2.72000", "2015-12-31": "2.45000", "2014-12-31": "1.94000", "2013-12-31": "1.36000", "2012-12-31": "1.46000", "2011-12-31": "1.51500", "2010-12-31": "1.13000", "2009-12-31": "0.98500", "2008-12-31": "1.37000", "2007-12-31": "1.98000", "2006-12-31": "1.68000", "2005-12-31": "1.68000"}}, "income statement, quarterly": {"Revenue": {"2020-12-31": "915.62300", "2020-09-30": "701.09200", "2020-06-30": "316.61100", "2020-03-31": "568.22800", "2019-12-31": "954.86710", "2019-09-30": "906.79300", "2019-06-30": "526.21000", "2019-03-31": "654.60800", "2018-12-31": "917.59790", "2018-09-30": "795.80100", "2018-06-30": "481.61900", "2018-03-31": "607.30800", "2017-12-31": "776.04100", "2017-09-30": "747.36700", "2017-06-30": "398.90400", "2017-03-31": "543.79300", "2016-12-31": "717.45000", "2016-09-30": "745.71400", "2016-06-30": "388.74500", "2016-03-31": "525.13600", "2015-12-31": "699.41390", "2015-09-30": "767.55000", "2015-06-30": "380.23400", "2015-03-31": "478.98200", "2014-12-31": "676.96410", "2014-09-30": "675.29600", "2014-06-30": "324.24600", "2014-03-31": "424.08400", "2013-12-31": "533.11000", "2013-09-30": "523.08400", "2013-06-30": "280.49500", "2013-03-31": "348.30700", "2012-12-31": "501.06000", "2012-09-30": "545.00500", "2012-06-30": "290.35700", "2012-03-31": "333.14100", "2011-12-31": "526.07790", "2011-09-30": "566.79100", "2011-06-30": "268.03000", "2011-03-31": "333.08600", "2010-12-31": "457.25900", "2010-09-30": "504.02800", "2010-06-30": "221.83100", "2010-03-31": "300.40600", "2009-12-31": "358.31590", "2009-09-30": "434.47300", "2009-06-30": "179.26800", "2009-03-31": "271.96600", "2008-12-31": "354.90990", "2008-09-30": "452.41500", "2008-06-30": "213.14700", "2008-03-31": "297.36300", "2007-12-31": "376.75790", "2007-09-30": "471.08100", "2007-06-30": "218.56000", "2007-03-31": "289.64000", "2006-12-31": "361.76800", "2006-09-30": "454.14000", "2006-06-30": "211.55300", "2006-03-31": "260.21100", "2005-12-31": "314.09700", "2005-09-30": "409.75700", "2005-06-30": "186.23100", "2005-03-31": "245.70600"}, "Cost Of Goods Sold": {"2020-12-31": "452.58600", "2020-09-30": "358.18400", "2020-06-30": "170.38100", "2020-03-31": "296.51400", "2019-12-31": "476.21190", "2019-09-30": "460.09800", "2019-06-30": "272.61900", "2019-03-31": "317.87900", "2018-12-31": "443.01200", "2018-09-30": "412.09800", "2018-06-30": "252.99800", "2018-03-31": "307.87000", "2017-12-31": "404.59800", "2017-09-30": "398.17700", "2017-06-30": "218.04200", "2017-03-31": "285.32600", "2016-12-31": "379.77500", "2016-09-30": "400.00200", "2016-06-30": "209.16100", "2016-03-31": "277.75900", "2015-12-31": "382.46610", "2015-09-30": "411.09000", "2015-06-30": "208.91600", "2015-03-31": "250.20800", "2014-12-31": "369.90500", "2014-09-30": "368.51500", "2014-06-30": "180.22100", "2014-03-31": "226.99800", "2013-12-31": "295.39200", "2013-09-30": "290.73500", "2013-06-30": "160.21100", "2013-03-31": "195.00300", "2012-12-31": "294.15500", "2012-09-30": "301.32000", "2012-06-30": "172.48900", "2012-03-31": "185.20500", "2011-12-31": "302.30400", "2011-09-30": "317.20600", "2011-06-30": "155.61700", "2011-03-31": "183.55000", "2010-12-31": "266.36200", "2010-09-30": "289.74700", "2010-06-30": "124.90900", "2010-03-31": "173.10200", "2009-12-31": "207.63900", "2009-09-30": "245.87400", "2009-06-30": "104.96100", "2009-03-31": "161.47100", "2008-12-31": "205.47200", "2008-09-30": "250.36200", "2008-06-30": "127.38200", "2008-03-31": "166.80800", "2007-12-31": "217.81110", "2007-09-30": "267.55000", "2007-06-30": "127.98500", "2007-03-31": "162.94200", "2006-12-31": "212.02200", "2006-09-30": "255.89200", "2006-06-30": "130.12900", "2006-03-31": "148.57400", "2005-12-31": "179.51200", "2005-09-30": "221.38300", "2005-06-30": "112.67800", "2005-03-31": "138.46300"}, "Gross Profit": {"2020-12-31": "463.03700", "2020-09-30": "342.90800", "2020-06-30": "146.23000", "2020-03-31": "271.71400", "2019-12-31": "478.65520", "2019-09-30": "446.69500", "2019-06-30": "253.59100", "2019-03-31": "336.72900", "2018-12-31": "474.58590", "2018-09-30": "383.70300", "2018-06-30": "228.62100", "2018-03-31": "299.43800", "2017-12-31": "371.44300", "2017-09-30": "349.19000", "2017-06-30": "180.86200", "2017-03-31": "258.46700", "2016-12-31": "337.67500", "2016-09-30": "345.71200", "2016-06-30": "179.58400", "2016-03-31": "247.37700", "2015-12-31": "316.94780", "2015-09-30": "356.46000", "2015-06-30": "171.31800", "2015-03-31": "228.77400", "2014-12-31": "307.05910", "2014-09-30": "306.78100", "2014-06-30": "144.02500", "2014-03-31": "197.08600", "2013-12-31": "237.71800", "2013-09-30": "232.34900", "2013-06-30": "120.28400", "2013-03-31": "153.30400", "2012-12-31": "206.90500", "2012-09-30": "243.68500", "2012-06-30": "117.86800", "2012-03-31": "147.93600", "2011-12-31": "223.77390", "2011-09-30": "249.58500", "2011-06-30": "112.41300", "2011-03-31": "149.53600", "2010-12-31": "190.89700", "2010-09-30": "214.28100", "2010-06-30": "96.92200", "2010-03-31": "127.30400", "2009-12-31": "150.67690", "2009-09-30": "188.59900", "2009-06-30": "74.30700", "2009-03-31": "110.49500", "2008-12-31": "149.43800", "2008-09-30": "202.05300", "2008-06-30": "85.76500", "2008-03-31": "130.55500", "2007-12-31": "158.94690", "2007-09-30": "203.53100", "2007-06-30": "90.57500", "2007-03-31": "126.69800", "2006-12-31": "149.74600", "2006-09-30": "198.24800", "2006-06-30": "81.42400", "2006-03-31": "111.63700", "2005-12-31": "134.58500", "2005-09-30": "188.37400", "2005-06-30": "73.55300", "2005-03-31": "107.24300"}, "Research And Development Expenses": {"2020-12-31": "", "2020-09-30": "", "2020-06-30": "", "2020-03-31": "", "2019-12-31": "", "2019-09-30": "", "2019-06-30": "", "2019-03-31": "", "2018-12-31": "", "2018-09-30": "", "2018-06-30": "", "2018-03-31": "", "2017-12-31": "", "2017-09-30": "", "2017-06-30": "", "2017-03-31": "", "2016-12-31": "", "2016-09-30": "", "2016-06-30": "", "2016-03-31": "", "2015-12-31": "", "2015-09-30": "", "2015-06-30": "", "2015-03-31": "", "2014-12-31": "", "2014-09-30": "", "2014-06-30": "", "2014-03-31": "", "2013-12-31": "", "2013-09-30": "", "2013-06-30": "", "2013-03-31": "", "2012-12-31": "", "2012-09-30": "", "2012-06-30": "", "2012-03-31": "", "2011-12-31": "", "2011-09-30": "", "2011-06-30": "", "2011-03-31": "", "2010-12-31": "", "2010-09-30": "", "2010-06-30": "", "2010-03-31": "", "2009-12-31": "", "2009-09-30": "", "2009-06-30": "", "2009-03-31": "", "2008-12-31": "", "2008-09-30": "", "2008-06-30": "", "2008-03-31": "", "2007-12-31": "", "2007-09-30": "", "2007-06-30": "", "2007-03-31": "", "2006-12-31": "", "2006-09-30": "", "2006-06-30": "", "2006-03-31": "", "2005-12-31": "", "2005-09-30": "", "2005-06-30": "", "2005-03-31": ""}, "SG&A Expenses": {"2020-12-31": "343.28400", "2020-09-30": "261.19200", "2020-06-30": "217.65200", "2020-03-31": "276.82000", "2019-12-31": "344.41900", "2019-09-30": "299.24900", "2019-06-30": "240.76300", "2019-03-31": "251.75500", "2018-12-31": "326.32500", "2018-09-30": "259.26700", "2018-06-30": "222.19200", "2018-03-31": "243.36800", "2017-12-31": "267.03500", "2017-09-30": "230.44600", "2017-06-30": "200.59800", "2017-03-31": "212.81500", "2016-12-31": "241.24100", "2016-09-30": "224.49700", "2016-06-30": "193.32100", "2016-03-31": "205.02500", "2015-12-31": "237.18900", "2015-09-30": "226.77800", "2015-06-30": "181.50200", "2015-03-31": "186.50200", "2014-12-31": "226.84900", "2014-09-30": "210.65900", "2014-06-30": "162.19600", "2014-03-31": "163.35900", "2013-12-31": "187.86700", "2013-09-30": "162.95100", "2013-06-30": "131.93500", "2013-03-31": "142.90300", "2012-12-31": "158.75400", "2012-09-30": "160.15400", "2012-06-30": "133.17100", "2012-03-31": "144.55600", "2011-12-31": "178.62400", "2011-09-30": "167.37500", "2011-06-30": "134.51200", "2011-03-31": "134.14700", "2010-12-31": "156.99900", "2010-09-30": "148.07200", "2010-06-30": "113.45800", "2010-03-31": "115.53900", "2009-12-31": "126.27600", "2009-09-30": "124.18400", "2009-06-30": "92.24600", "2009-03-31": "102.00900", "2008-12-31": "114.35800", "2008-09-30": "120.82400", "2008-06-30": "91.25600", "2008-03-31": "103.91200", "2007-12-31": "103.98900", "2007-09-30": "112.19700", "2007-06-30": "79.22200", "2007-03-31": "90.36100", "2006-12-31": "96.57700", "2006-09-30": "108.29200", "2006-06-30": "77.08000", "2006-03-31": "84.81900", "2005-12-31": "81.83700", "2005-09-30": "97.45000", "2005-06-30": "66.11900", "2005-03-31": "76.79100"}, "Other Operating Income Or Expenses": {"2020-12-31": "3.94000", "2020-09-30": "3.92700", "2020-06-30": "1.12200", "2020-03-31": "3.11900", "2019-12-31": "4.39700", "2019-09-30": "4.56900", "2019-06-30": "3.53700", "2019-03-31": "2.98400", "2018-12-31": "4.50700", "2018-09-30": "4.70800", "2018-06-30": "3.32000", "2018-03-31": "3.25100", "2017-12-31": "4.95400", "2017-09-30": "4.14300", "2017-06-30": "2.45100", "2017-03-31": "2.35300", "2016-12-31": "3.96500", "2016-09-30": "2.41500", "2016-06-30": "1.95100", "2016-03-31": "1.91300", "2015-12-31": "2.53300", "2015-09-30": "2.58700", "2015-06-30": "1.22200", "2015-03-31": "1.85000", "2014-12-31": "1.89000", "2014-09-30": "2.16000", "2014-06-30": "1.18200", "2014-03-31": "1.72400", "2013-12-31": "2.31300", "2013-09-30": "7.50100", "2013-06-30": "1.65400", "2013-03-31": "2.32700", "2012-12-31": "2.95200", "2012-09-30": "4.28700", "2012-06-30": "4.55500", "2012-03-31": "1.97500", "2011-12-31": "5.36000", "2011-09-30": "4.40600", "2011-06-30": "3.45900", "2011-03-31": "2.53100", "2010-12-31": "3.11300", "2010-09-30": "2.33400", "2010-06-30": "1.81900", "2010-03-31": "0.72500", "2009-12-31": "3.11600", "2009-09-30": "1.32200", "2009-06-30": "2.05300", "2009-03-31": "1.90800", "2008-12-31": "-22.65800", "2008-09-30": "1.89900", "2008-06-30": "1.16100", "2008-03-31": "0.84300", "2007-12-31": "1.85100", "2007-09-30": "1.25600", "2007-06-30": "1.05400", "2007-03-31": "0.99600", "2006-12-31": "2.13600", "2006-09-30": "1.22600", "2006-06-30": "1.11900", "2006-03-31": "1.00500", "2005-12-31": "1.62200", "2005-09-30": "1.16300", "2005-06-30": "0.90700", "2005-03-31": "0.71600"}, "Operating Expenses": {"2020-12-31": "791.93000", "2020-09-30": "615.44900", "2020-06-30": "386.91100", "2020-03-31": "570.21500", "2019-12-31": "816.23400", "2019-09-30": "754.77800", "2019-06-30": "509.84500", "2019-03-31": "566.65000", "2018-12-31": "764.83000", "2018-09-30": "666.65700", "2018-06-30": "471.87000", "2018-03-31": "547.98700", "2017-12-31": "666.67910", "2017-09-30": "624.48000", "2017-06-30": "416.18900", "2017-03-31": "495.78800", "2016-12-31": "617.05110", "2016-09-30": "622.08400", "2016-06-30": "400.53100", "2016-03-31": "480.87100", "2015-12-31": "617.12220", "2015-09-30": "635.28100", "2015-06-30": "389.19600", "2015-03-31": "434.86000", "2014-12-31": "594.86400", "2014-09-30": "577.01400", "2014-06-30": "341.23500", "2014-03-31": "388.63300", "2013-12-31": "480.94610", "2013-09-30": "446.18500", "2013-06-30": "290.49200", "2013-03-31": "335.57900", "2012-12-31": "449.95690", "2012-09-30": "457.18700", "2012-06-30": "301.10500", "2012-03-31": "327.78600", "2011-12-31": "475.56810", "2011-09-30": "480.17500", "2011-06-30": "286.67000", "2011-03-31": "315.16600", "2010-12-31": "420.24810", "2010-09-30": "435.48500", "2010-06-30": "236.54800", "2010-03-31": "287.91600", "2009-12-31": "330.79900", "2009-09-30": "368.73600", "2009-06-30": "195.15400", "2009-03-31": "261.57200", "2008-12-31": "342.48800", "2008-09-30": "369.28700", "2008-06-30": "217.47700", "2008-03-31": "269.87700", "2007-12-31": "319.94900", "2007-09-30": "378.49100", "2007-06-30": "206.15300", "2007-03-31": "252.30700", "2006-12-31": "306.46310", "2006-09-30": "362.95800", "2006-06-30": "206.09000", "2006-03-31": "232.38800", "2005-12-31": "259.72700", "2005-09-30": "317.67000", "2005-06-30": "177.89000", "2005-03-31": "214.53800"}, "Operating Income": {"2020-12-31": "123.69300", "2020-09-30": "85.64300", "2020-06-30": "-70.30000", "2020-03-31": "-1.98690", "2019-12-31": "138.63310", "2019-09-30": "152.01500", "2019-06-30": "16.36510", "2019-03-31": "87.95800", "2018-12-31": "152.76790", "2018-09-30": "129.14400", "2018-06-30": "9.74900", "2018-03-31": "59.32100", "2017-12-31": "109.36190", "2017-09-30": "122.88700", "2017-06-30": "-17.28500", "2017-03-31": "48.00500", "2016-12-31": "100.39880", "2016-09-30": "123.62990", "2016-06-30": "-11.78600", "2016-03-31": "44.26500", "2015-12-31": "82.29170", "2015-09-30": "132.26900", "2015-06-30": "-8.96200", "2015-03-31": "44.12200", "2014-12-31": "82.10020", "2014-09-30": "98.28200", "2014-06-30": "-16.98900", "2014-03-31": "35.45100", "2013-12-31": "52.16390", "2013-09-30": "76.89900", "2013-06-30": "-9.99700", "2013-03-31": "12.72800", "2012-12-31": "51.10310", "2012-09-30": "87.81800", "2012-06-30": "-10.74800", "2012-03-31": "5.35500", "2011-12-31": "50.50990", "2011-09-30": "86.61600", "2011-06-30": "-18.64000", "2011-03-31": "17.92000", "2010-12-31": "37.01100", "2010-09-30": "68.54300", "2010-06-30": "-14.71700", "2010-03-31": "12.49000", "2009-12-31": "27.51690", "2009-09-30": "65.73700", "2009-06-30": "-15.88600", "2009-03-31": "10.39400", "2008-12-31": "12.42190", "2008-09-30": "83.12800", "2008-06-30": "-4.33000", "2008-03-31": "27.48600", "2007-12-31": "56.80890", "2007-09-30": "92.59000", "2007-06-30": "12.40700", "2007-03-31": "37.33300", "2006-12-31": "55.30490", "2006-09-30": "91.18200", "2006-06-30": "5.46300", "2006-03-31": "27.82300", "2005-12-31": "54.37000", "2005-09-30": "92.08700", "2005-06-30": "8.34100", "2005-03-31": "31.16800"}, "Total Non-Operating Income/Expense": {"2020-12-31": "-0.46200", "2020-09-30": "-0.74500", "2020-06-30": "0.13000", "2020-03-31": "3.55100", "2019-12-31": "2.17300", "2019-09-30": "0.83600", "2019-06-30": "3.60300", "2019-03-31": "3.84600", "2018-12-31": "1.61500", "2018-09-30": "3.26000", "2018-06-30": "2.83200", "2018-03-31": "2.02800", "2017-12-31": "0.75100", "2017-09-30": "0.93100", "2017-06-30": "1.43000", "2017-03-31": "0.65300", "2016-12-31": "0.32900", "2016-09-30": "-0.48000", "2016-06-30": "0.68900", "2016-03-31": "-0.14800", "2015-12-31": "0.45200", "2015-09-30": "-1.52400", "2015-06-30": "0.76300", "2015-03-31": "-2.09300", "2014-12-31": "-0.57600", "2014-09-30": "0.62200", "2014-06-30": "-0.04200", "2014-03-31": "-0.32700", "2013-12-31": "-0.08500", "2013-09-30": "0.47300", "2013-06-30": "-0.25800", "2013-03-31": "-0.49800", "2012-12-31": "-0.04200", "2012-09-30": "-0.01700", "2012-06-30": "0.19100", "2012-03-31": "0.24700", "2011-12-31": "0.02800", "2011-09-30": "0.46200", "2011-06-30": "0.46100", "2011-03-31": "0.32300", "2010-12-31": "0.49100", "2010-09-30": "0.14700", "2010-06-30": "0.39200", "2010-03-31": "0.53400", "2009-12-31": "0.28900", "2009-09-30": "0.31900", "2009-06-30": "0.56600", "2009-03-31": "0.91400", "2008-12-31": "1.14700", "2008-09-30": "1.80100", "2008-06-30": "2.32700", "2008-03-31": "2.26200", "2007-12-31": "1.83700", "2007-09-30": "2.06000", "2007-06-30": "2.79900", "2007-03-31": "2.19200", "2006-12-31": "0.82200", "2006-09-30": "0.92700", "2006-06-30": "1.91500", "2006-03-31": "1.89800", "2005-12-31": "1.19500", "2005-09-30": "0.98900", "2005-06-30": "1.29800", "2005-03-31": "1.40700"}, "Pre-Tax Income": {"2020-12-31": "123.23100", "2020-09-30": "84.89800", "2020-06-30": "-70.17000", "2020-03-31": "1.56400", "2019-12-31": "140.80600", "2019-09-30": "152.85100", "2019-06-30": "19.96800", "2019-03-31": "91.80400", "2018-12-31": "154.38300", "2018-09-30": "132.40400", "2018-06-30": "12.58100", "2018-03-31": "61.34900", "2017-12-31": "110.11300", "2017-09-30": "123.81800", "2017-06-30": "-15.85500", "2017-03-31": "48.65800", "2016-12-31": "100.72800", "2016-09-30": "123.15000", "2016-06-30": "-11.09700", "2016-03-31": "44.11700", "2015-12-31": "82.74400", "2015-09-30": "130.74500", "2015-06-30": "-8.19900", "2015-03-31": "42.02900", "2014-12-31": "81.52400", "2014-09-30": "98.90400", "2014-06-30": "-17.03100", "2014-03-31": "35.12400", "2013-12-31": "52.07900", "2013-09-30": "77.37200", "2013-06-30": "-10.25500", "2013-03-31": "12.23000", "2012-12-31": "51.06100", "2012-09-30": "87.80100", "2012-06-30": "-10.55700", "2012-03-31": "5.60200", "2011-12-31": "50.53800", "2011-09-30": "87.07800", "2011-06-30": "-18.17900", "2011-03-31": "18.24300", "2010-12-31": "37.50200", "2010-09-30": "68.69000", "2010-06-30": "-14.32500", "2010-03-31": "13.02400", "2009-12-31": "27.80600", "2009-09-30": "66.05600", "2009-06-30": "-15.32000", "2009-03-31": "11.30800", "2008-12-31": "13.56900", "2008-09-30": "84.92900", "2008-06-30": "-2.00300", "2008-03-31": "29.74800", "2007-12-31": "58.64600", "2007-09-30": "94.65000", "2007-06-30": "15.20600", "2007-03-31": "39.52500", "2006-12-31": "56.12700", "2006-09-30": "92.10900", "2006-06-30": "7.37800", "2006-03-31": "29.72100", "2005-12-31": "55.56500", "2005-09-30": "93.07600", "2005-06-30": "9.63900", "2005-03-31": "32.57500"}, "Income Taxes": {"2020-12-31": "27.47500", "2020-09-30": "22.14700", "2020-06-30": "-19.46300", "2020-03-31": "1.35100", "2019-12-31": "26.78100", "2019-09-30": "33.59300", "2019-06-30": "-3.06100", "2019-03-31": "17.62700", "2018-12-31": "41.03400", "2018-09-30": "30.02900", "2018-06-30": "2.08600", "2018-03-31": "12.62000", "2017-12-31": "116.46900", "2017-09-30": "32.71600", "2017-06-30": "-4.53900", "2017-03-31": "9.77300", "2016-12-31": "15.16200", "2016-09-30": "36.59800", "2016-06-30": "-3.22400", "2016-03-31": "9.92300", "2015-12-31": "17.94800", "2015-09-30": "37.80500", "2015-06-30": "-2.39500", "2015-03-31": "14.11000", "2014-12-31": "24.53500", "2014-09-30": "30.97200", "2014-06-30": "-10.29300", "2014-03-31": "11.44800", "2013-12-31": "15.79800", "2013-09-30": "22.82200", "2013-06-30": "-2.92500", "2013-03-31": "2.12800", "2012-12-31": "11.57400", "2012-09-30": "23.42600", "2012-06-30": "-2.65600", "2012-03-31": "1.70400", "2011-12-31": "13.81000", "2011-09-30": "19.53900", "2011-06-30": "-4.62100", "2011-03-31": "5.47300", "2010-12-31": "11.29400", "2010-09-30": "16.48500", "2010-06-30": "-3.72100", "2010-03-31": "3.79600", "2009-12-31": "4.72000", "2009-09-30": "19.14100", "2009-06-30": "-5.44200", "2009-03-31": "4.41000", "2008-12-31": "-4.98800", "2008-09-30": "26.60000", "2008-06-30": "-0.23300", "2008-03-31": "9.81700", "2007-12-31": "12.92600", "2007-09-30": "32.04100", "2007-06-30": "5.16900", "2007-03-31": "13.43900", "2006-12-31": "17.74000", "2006-09-30": "31.77800", "2006-06-30": "2.54500", "2006-03-31": "10.25400", "2005-12-31": "18.93500", "2005-09-30": "26.62000", "2005-06-30": "3.32600", "2005-03-31": "11.23800"}, "Income After Taxes": {"2020-12-31": "95.75600", "2020-09-30": "62.75100", "2020-06-30": "-50.70700", "2020-03-31": "0.21300", "2019-12-31": "114.02500", "2019-09-30": "119.25800", "2019-06-30": "23.02900", "2019-03-31": "74.17700", "2018-12-31": "113.34900", "2018-09-30": "102.37500", "2018-06-30": "10.49500", "2018-03-31": "48.72900", "2017-12-31": "-6.35600", "2017-09-30": "91.10200", "2017-06-30": "-11.31600", "2017-03-31": "38.88500", "2016-12-31": "85.56600", "2016-09-30": "86.55200", "2016-06-30": "-7.87300", "2016-03-31": "34.19400", "2015-12-31": "64.79600", "2015-09-30": "92.94000", "2015-06-30": "-5.80400", "2015-03-31": "27.91900", "2014-12-31": "56.98900", "2014-09-30": "67.93200", "2014-06-30": "-6.73800", "2014-03-31": "23.67600", "2013-12-31": "36.28100", "2013-09-30": "54.55000", "2013-06-30": "-7.33000", "2013-03-31": "10.10200", "2012-12-31": "39.48700", "2012-09-30": "64.37500", "2012-06-30": "-7.90100", "2012-03-31": "3.89800", "2011-12-31": "36.72800", "2011-09-30": "67.53900", "2011-06-30": "-13.55800", "2011-03-31": "12.77000", "2010-12-31": "26.20800", "2010-09-30": "52.20500", "2010-06-30": "-10.60400", "2010-03-31": "9.22800", "2009-12-31": "23.08600", "2009-09-30": "46.91500", "2009-06-30": "-9.87800", "2009-03-31": "6.89800", "2008-12-31": "18.55700", "2008-09-30": "58.32900", "2008-06-30": "-1.77000", "2008-03-31": "19.93100", "2007-12-31": "45.72000", "2007-09-30": "62.60900", "2007-06-30": "10.03700", "2007-03-31": "26.08600", "2006-12-31": "38.38700", "2006-09-30": "60.33100", "2006-06-30": "4.83300", "2006-03-31": "19.46700", "2005-12-31": "36.63000", "2005-09-30": "66.45600", "2005-06-30": "6.31300", "2005-03-31": "21.33700"}, "Other Income": {"2020-12-31": "", "2020-09-30": "", "2020-06-30": "", "2020-03-31": "", "2019-12-31": "", "2019-09-30": "", "2019-06-30": "", "2019-03-31": "", "2018-12-31": "", "2018-09-30": "", "2018-06-30": "", "2018-03-31": "", "2017-12-31": "", "2017-09-30": "", "2017-06-30": "", "2017-03-31": "", "2016-12-31": "", "2016-09-30": "", "2016-06-30": "", "2016-03-31": "", "2015-12-31": "", "2015-09-30": "", "2015-06-30": "", "2015-03-31": "", "2014-12-31": "", "2014-09-30": "", "2014-06-30": "", "2014-03-31": "", "2013-12-31": "", "2013-09-30": "", "2013-06-30": "", "2013-03-31": "", "2012-12-31": "", "2012-09-30": "", "2012-06-30": "", "2012-03-31": "", "2011-12-31": "", "2011-09-30": "", "2011-06-30": "", "2011-03-31": "", "2010-12-31": "", "2010-09-30": "", "2010-06-30": "", "2010-03-31": "", "2009-12-31": "", "2009-09-30": "", "2009-06-30": "", "2009-03-31": "", "2008-12-31": "", "2008-09-30": "", "2008-06-30": "", "2008-03-31": "", "2007-12-31": "", "2007-09-30": "", "2007-06-30": "", "2007-03-31": "", "2006-12-31": "", "2006-09-30": "", "2006-06-30": "", "2006-03-31": "", "2005-12-31": "", "2005-09-30": "", "2005-06-30": "", "2005-03-31": ""}, "Income From Continuous Operations": {"2020-12-31": "95.75600", "2020-09-30": "62.75100", "2020-06-30": "-50.70700", "2020-03-31": "0.21300", "2019-12-31": "114.02500", "2019-09-30": "119.25800", "2019-06-30": "23.02900", "2019-03-31": "74.17700", "2018-12-31": "113.34900", "2018-09-30": "102.37500", "2018-06-30": "10.49500", "2018-03-31": "48.72900", "2017-12-31": "-6.35600", "2017-09-30": "91.10200", "2017-06-30": "-11.31600", "2017-03-31": "38.88500", "2016-12-31": "85.56600", "2016-09-30": "86.55200", "2016-06-30": "-7.87300", "2016-03-31": "34.19400", "2015-12-31": "64.79600", "2015-09-30": "92.94000", "2015-06-30": "-5.80400", "2015-03-31": "27.91900", "2014-12-31": "56.98900", "2014-09-30": "67.93200", "2014-06-30": "-6.73800", "2014-03-31": "23.67600", "2013-12-31": "36.28100", "2013-09-30": "54.55000", "2013-06-30": "-7.33000", "2013-03-31": "10.10200", "2012-12-31": "39.48700", "2012-09-30": "64.37500", "2012-06-30": "-7.90100", "2012-03-31": "3.89800", "2011-12-31": "36.72800", "2011-09-30": "67.53900", "2011-06-30": "-13.55800", "2011-03-31": "12.77000", "2010-12-31": "26.20800", "2010-09-30": "52.20500", "2010-06-30": "-10.60400", "2010-03-31": "9.22800", "2009-12-31": "23.08600", "2009-09-30": "46.91500", "2009-06-30": "-9.87800", "2009-03-31": "6.89800", "2008-12-31": "18.55700", "2008-09-30": "58.32900", "2008-06-30": "-1.77000", "2008-03-31": "19.93100", "2007-12-31": "45.72000", "2007-09-30": "62.60900", "2007-06-30": "10.03700", "2007-03-31": "26.08600", "2006-12-31": "38.38700", "2006-09-30": "60.33100", "2006-06-30": "4.83300", "2006-03-31": "19.46700", "2005-12-31": "36.63000", "2005-09-30": "66.45600", "2005-06-30": "6.31300", "2005-03-31": "21.33700"}, "Income From Discontinued Operations": {"2020-12-31": "", "2020-09-30": "", "2020-06-30": "", "2020-03-31": "", "2019-12-31": "", "2019-09-30": "", "2019-06-30": "", "2019-03-31": "", "2018-12-31": "", "2018-09-30": "", "2018-06-30": "", "2018-03-31": "", "2017-12-31": "", "2017-09-30": "", "2017-06-30": "", "2017-03-31": "", "2016-12-31": "", "2016-09-30": "", "2016-06-30": "", "2016-03-31": "", "2015-12-31": "", "2015-09-30": "", "2015-06-30": "", "2015-03-31": "", "2014-12-31": "", "2014-09-30": "", "2014-06-30": "", "2014-03-31": "", "2013-12-31": "", "2013-09-30": "", "2013-06-30": "", "2013-03-31": "", "2012-12-31": "", "2012-09-30": "", "2012-06-30": "", "2012-03-31": "", "2011-12-31": "", "2011-09-30": "", "2011-06-30": "", "2011-03-31": "", "2010-12-31": "", "2010-09-30": "", "2010-06-30": "", "2010-03-31": "", "2009-12-31": "", "2009-09-30": "", "2009-06-30": "", "2009-03-31": "", "2008-12-31": "", "2008-09-30": "", "2008-06-30": "", "2008-03-31": "", "2007-12-31": "", "2007-09-30": "", "2007-06-30": "", "2007-03-31": "", "2006-12-31": "", "2006-09-30": "", "2006-06-30": "", "2006-03-31": "", "2005-12-31": "", "2005-09-30": "", "2005-06-30": "", "2005-03-31": ""}, "Net Income": {"2020-12-31": "95.75600", "2020-09-30": "62.75100", "2020-06-30": "-50.70700", "2020-03-31": "0.21300", "2019-12-31": "114.02500", "2019-09-30": "119.25800", "2019-06-30": "23.02900", "2019-03-31": "74.17700", "2018-12-31": "113.26000", "2018-09-30": "100.15200", "2018-06-30": "9.73700", "2018-03-31": "45.10700", "2017-12-31": "-7.07200", "2017-09-30": "87.72400", "2017-06-30": "-11.53500", "2017-03-31": "36.00600", "2016-12-31": "84.71500", "2016-09-30": "83.58500", "2016-06-30": "-8.17200", "2016-03-31": "31.77000", "2015-12-31": "63.35000", "2015-09-30": "91.06100", "2015-06-30": "-6.54500", "2015-03-31": "26.47100", "2014-12-31": "55.60300", "2014-09-30": "65.64400", "2014-06-30": "-6.32900", "2014-03-31": "22.25500", "2013-12-31": "36.73000", "2013-09-30": "54.58600", "2013-06-30": "-7.07700", "2013-03-31": "10.10200", "2012-12-31": "39.48700", "2012-09-30": "64.37500", "2012-06-30": "-7.90100", "2012-03-31": "3.89800", "2011-12-31": "36.72800", "2011-09-30": "67.53900", "2011-06-30": "-13.55800", "2011-03-31": "12.77000", "2010-12-31": "26.20800", "2010-09-30": "52.20500", "2010-06-30": "-10.60400", "2010-03-31": "9.22800", "2009-12-31": "23.08600", "2009-09-30": "46.91500", "2009-06-30": "-9.87800", "2009-03-31": "6.89800", "2008-12-31": "18.55700", "2008-09-30": "58.32900", "2008-06-30": "-1.77000", "2008-03-31": "19.93100", "2007-12-31": "45.72000", "2007-09-30": "62.60900", "2007-06-30": "10.03700", "2007-03-31": "26.08600", "2006-12-31": "38.38700", "2006-09-30": "60.33100", "2006-06-30": "4.83300", "2006-03-31": "19.46700", "2005-12-31": "36.63000", "2005-09-30": "66.45600", "2005-06-30": "6.31300", "2005-03-31": "21.33700"}, "EBITDA": {"2020-12-31": "", "2020-09-30": "122.00200", "2020-06-30": "-37.37000", "2020-03-31": "31.00710", "2019-12-31": "171.58310", "2019-09-30": "183.30300", "2019-06-30": "44.85410", "2019-03-31": "116.95590", "2018-12-31": "167.45390", "2018-09-30": "143.62100", "2018-06-30": "24.28000", "2018-03-31": "73.85700", "2017-12-31": "124.64690", "2017-09-30": "137.61500", "2017-06-30": "-2.29300", "2017-03-31": "62.94500", "2016-12-31": "115.93680", "2016-09-30": "138.61690", "2016-06-30": "3.02300", "2016-03-31": "58.94700", "2015-12-31": "96.89170", "2015-09-30": "146.41200", "2015-06-30": "4.88000", "2015-03-31": "58.05800", "2014-12-31": "97.49220", "2014-09-30": "113.67300", "2014-06-30": "-4.00700", "2014-03-31": "45.70300", "2013-12-31": "62.69790", "2013-09-30": "87.34500", "2013-06-30": "0.03600", "2013-03-31": "22.58600", "2012-12-31": "61.23210", "2012-09-30": "97.53700", "2012-06-30": "-0.72200", "2012-03-31": "16.37300", "2011-12-31": "61.95490", "2011-09-30": "97.66800", "2011-06-30": "-8.04300", "2011-03-31": "28.38600", "2010-12-31": "47.54200", "2010-09-30": "77.95200", "2010-06-30": "-5.34300", "2010-03-31": "21.60600", "2009-12-31": "37.86890", "2009-09-30": "74.97200", "2009-06-30": "-7.37000", "2009-03-31": "18.54400", "2008-12-31": "20.28190", "2008-09-30": "91.19400", "2008-06-30": "3.03500", "2008-03-31": "35.35300", "2007-12-31": "64.95390", "2007-09-30": "100.38500", "2007-06-30": "20.47400", "2007-03-31": "43.66400", "2006-12-31": "61.12290", "2006-09-30": "97.02800", "2006-06-30": "11.36600", "2006-03-31": "33.80300", "2005-12-31": "60.38000", "2005-09-30": "98.10300", "2005-06-30": "14.11900", "2005-03-31": "36.91000"}, "EBIT": {"2020-12-31": "123.69300", "2020-09-30": "85.64300", "2020-06-30": "-70.30000", "2020-03-31": "-1.98690", "2019-12-31": "138.63290", "2019-09-30": "152.01500", "2019-06-30": "16.36510", "2019-03-31": "87.95800", "2018-12-31": "152.76790", "2018-09-30": "129.14400", "2018-06-30": "9.74900", "2018-03-31": "59.32100", "2017-12-31": "109.36200", "2017-09-30": "122.88700", "2017-06-30": "-17.28500", "2017-03-31": "48.00500", "2016-12-31": "100.39890", "2016-09-30": "123.62990", "2016-06-30": "-11.78600", "2016-03-31": "44.26500", "2015-12-31": "82.29170", "2015-09-30": "132.26900", "2015-06-30": "-8.96200", "2015-03-31": "44.12200", "2014-12-31": "82.10010", "2014-09-30": "98.28200", "2014-06-30": "-16.98900", "2014-03-31": "35.45100", "2013-12-31": "52.16390", "2013-09-30": "76.89900", "2013-06-30": "-9.99700", "2013-03-31": "12.72800", "2012-12-31": "51.10310", "2012-09-30": "87.81800", "2012-06-30": "-10.74800", "2012-03-31": "5.35500", "2011-12-31": "50.51000", "2011-09-30": "86.61600", "2011-06-30": "-18.64000", "2011-03-31": "17.92000", "2010-12-31": "37.01100", "2010-09-30": "68.54300", "2010-06-30": "-14.71700", "2010-03-31": "12.49000", "2009-12-31": "27.51700", "2009-09-30": "65.73700", "2009-06-30": "-15.88600", "2009-03-31": "10.39400", "2008-12-31": "12.42200", "2008-09-30": "83.12800", "2008-06-30": "-4.33000", "2008-03-31": "27.48600", "2007-12-31": "56.80890", "2007-09-30": "92.59000", "2007-06-30": "12.40700", "2007-03-31": "37.33300", "2006-12-31": "55.30490", "2006-09-30": "91.18200", "2006-06-30": "5.46300", "2006-03-31": "27.82300", "2005-12-31": "54.37000", "2005-09-30": "92.08700", "2005-06-30": "8.34100", "2005-03-31": "31.16800"}, "Basic Shares Outstanding": {"2020-12-31": "66.22500", "2020-09-30": "66.17900", "2020-06-30": "66.13500", "2020-03-31": "66.97000", "2019-12-31": "67.83700", "2019-09-30": "67.59300", "2019-06-30": "67.93000", "2019-03-31": "68.29000", "2018-12-31": "69.61400", "2018-09-30": "69.58900", "2018-06-30": "70.02100", "2018-03-31": "70.08000", "2017-12-31": "69.75900", "2017-09-30": "69.81500", "2017-06-30": "69.67200", "2017-03-31": "69.60600", "2016-12-31": "69.68300", "2016-09-30": "69.76100", "2016-06-30": "69.69400", "2016-03-31": "69.44100", "2015-12-31": "70.16200", "2015-09-30": "70.33800", "2015-06-30": "70.33900", "2015-03-31": "70.08000", "2014-12-31": "69.80700", "2014-09-30": "70.09300", "2014-06-30": "69.91600", "2014-03-31": "69.41800", "2013-12-31": "68.75600", "2013-09-30": "68.90400", "2013-06-30": "68.70600", "2013-03-31": "68.33400", "2012-12-31": "67.68000", "2012-09-30": "67.74400", "2012-06-30": "67.56000", "2012-03-31": "67.41000", "2011-12-31": "67.61600", "2011-09-30": "67.69800", "2011-06-30": "67.91200", "2011-03-31": "67.59800", "2010-12-31": "67.45000", "2010-09-30": "67.41800", "2010-06-30": "67.60000", "2010-03-31": "67.46600", "2009-12-31": "67.69200", "2009-09-30": "67.70000", "2009-06-30": "67.80800", "2009-03-31": "67.74600", "2008-12-31": "69.22000", "2008-09-30": "68.82200", "2008-06-30": "69.63400", "2008-03-31": "70.71800", "2007-12-31": "72.21200", "2007-09-30": "72.22400", "2007-06-30": "72.35800", "2007-03-31": "72.36200", "2006-12-31": "72.49000", "2006-09-30": "71.37400", "2006-06-30": "73.11000", "2006-03-31": "73.80000", "2005-12-31": "77.09800", "2005-09-30": "75.56400", "2005-06-30": "77.91200", "2005-03-31": "80.28600"}, "Shares Outstanding": {"2020-12-31": "66.64200", "2020-09-30": "66.53700", "2020-06-30": "66.13500", "2020-03-31": "67.41200", "2019-12-31": "68.49300", "2019-09-30": "68.18000", "2019-06-30": "68.56000", "2019-03-31": "69.05200", "2018-12-31": "70.40100", "2018-09-30": "70.35700", "2018-06-30": "70.74800", "2018-03-31": "70.84300", "2017-12-31": "70.45300", "2017-09-30": "70.38900", "2017-06-30": "69.67200", "2017-03-31": "70.41400", "2016-12-31": "70.63200", "2016-09-30": "70.63000", "2016-06-30": "69.69400", "2016-03-31": "70.45500", "2015-12-31": "71.06400", "2015-09-30": "71.23900", "2015-06-30": "70.33900", "2015-03-31": "71.01000", "2014-12-31": "70.68100", "2014-09-30": "70.81800", "2014-06-30": "69.91600", "2014-03-31": "70.39000", "2013-12-31": "69.43400", "2013-09-30": "69.50600", "2013-06-30": "68.70600", "2013-03-31": "68.89800", "2012-12-31": "68.26400", "2012-09-30": "68.31000", "2012-06-30": "67.56000", "2012-03-31": "67.90600", "2011-12-31": "68.40800", "2011-09-30": "68.35400", "2011-06-30": "67.91200", "2011-03-31": "68.57600", "2010-12-31": "68.18400", "2010-09-30": "68.09200", "2010-06-30": "67.60000", "2010-03-31": "67.98000", "2009-12-31": "67.96200", "2009-09-30": "67.98600", "2009-06-30": "67.80800", "2009-03-31": "67.93600", "2008-12-31": "69.42200", "2008-09-30": "69.03600", "2008-06-30": "69.63400", "2008-03-31": "71.02600", "2007-12-31": "72.86800", "2007-09-30": "72.89000", "2007-06-30": "73.09600", "2007-03-31": "73.11000", "2006-12-31": "73.28800", "2006-09-30": "72.11800", "2006-06-30": "73.93000", "2006-03-31": "74.67800", "2005-12-31": "77.88600", "2005-09-30": "76.27600", "2005-06-30": "78.65800", "2005-03-31": "81.31800"}, "Basic EPS": {"2020-12-31": "1.45000", "2020-09-30": "0.95000", "2020-06-30": "-0.77000", "2020-03-31": "0.00320", "2019-12-31": "1.68000", "2019-09-30": "1.76000", "2019-06-30": "0.34000", "2019-03-31": "1.09000", "2018-12-31": "1.63000", "2018-09-30": "1.44000", "2018-06-30": "0.14000", "2018-03-31": "0.64000", "2017-12-31": "-0.10000", "2017-09-30": "1.26000", "2017-06-30": "-0.17000", "2017-03-31": "0.52000", "2016-12-31": "1.21000", "2016-09-30": "1.20000", "2016-06-30": "-0.12000", "2016-03-31": "0.46000", "2015-12-31": "0.90000", "2015-09-30": "1.29000", "2015-06-30": "-0.09000", "2015-03-31": "0.38000", "2014-12-31": "0.80000", "2014-09-30": "0.94000", "2014-06-30": "-0.09000", "2014-03-31": "0.32000", "2013-12-31": "0.53500", "2013-09-30": "0.79000", "2013-06-30": "-0.10500", "2013-03-31": "0.15000", "2012-12-31": "0.58500", "2012-09-30": "0.95000", "2012-06-30": "-0.11500", "2012-03-31": "0.06000", "2011-12-31": "0.54000", "2011-09-30": "1.00000", "2011-06-30": "-0.20000", "2011-03-31": "0.19000", "2010-12-31": "0.38500", "2010-09-30": "0.77500", "2010-06-30": "-0.15500", "2010-03-31": "0.13500", "2009-12-31": "0.34000", "2009-09-30": "0.69500", "2009-06-30": "-0.14500", "2009-03-31": "0.10000", "2008-12-31": "0.27000", "2008-09-30": "0.85000", "2008-06-30": "-0.02500", "2008-03-31": "0.28000", "2007-12-31": "0.63500", "2007-09-30": "0.86500", "2007-06-30": "0.14000", "2007-03-31": "0.36000", "2006-12-31": "0.52000", "2006-09-30": "0.84500", "2006-06-30": "0.06500", "2006-03-31": "0.26500", "2005-12-31": "0.47000", "2005-09-30": "0.88000", "2005-06-30": "0.08000", "2005-03-31": "0.26500"}, "EPS - Earnings Per Share": {"2020-12-31": "1.44000", "2020-09-30": "0.94000", "2020-06-30": "-0.77000", "2020-03-31": "0.00320", "2019-12-31": "1.67000", "2019-09-30": "1.75000", "2019-06-30": "0.34000", "2019-03-31": "1.07000", "2018-12-31": "1.61000", "2018-09-30": "1.42000", "2018-06-30": "0.14000", "2018-03-31": "0.64000", "2017-12-31": "-0.10000", "2017-09-30": "1.25000", "2017-06-30": "-0.17000", "2017-03-31": "0.51000", "2016-12-31": "1.21000", "2016-09-30": "1.18000", "2016-06-30": "-0.12000", "2016-03-31": "0.45000", "2015-12-31": "0.89000", "2015-09-30": "1.28000", "2015-06-30": "-0.09000", "2015-03-31": "0.37000", "2014-12-31": "0.78000", "2014-09-30": "0.93000", "2014-06-30": "-0.09000", "2014-03-31": "0.32000", "2013-12-31": "0.53000", "2013-09-30": "0.79000", "2013-06-30": "-0.10500", "2013-03-31": "0.14500", "2012-12-31": "0.58000", "2012-09-30": "0.94000", "2012-06-30": "-0.11500", "2012-03-31": "0.05500", "2011-12-31": "0.54000", "2011-09-30": "0.99000", "2011-06-30": "-0.20000", "2011-03-31": "0.18500", "2010-12-31": "0.38500", "2010-09-30": "0.76500", "2010-06-30": "-0.15500", "2010-03-31": "0.13500", "2009-12-31": "0.34000", "2009-09-30": "0.69000", "2009-06-30": "-0.14500", "2009-03-31": "0.10000", "2008-12-31": "0.27000", "2008-09-30": "0.84500", "2008-06-30": "-0.02500", "2008-03-31": "0.28000", "2007-12-31": "0.63000", "2007-09-30": "0.86000", "2007-06-30": "0.13500", "2007-03-31": "0.35500", "2006-12-31": "0.52000", "2006-09-30": "0.83500", "2006-06-30": "0.06500", "2006-03-31": "0.26000", "2005-12-31": "0.47000", "2005-09-30": "0.87000", "2005-06-30": "0.08000", "2005-03-31": "0.26000"}}, "balance sheet": {"Cash On Hand": {"2020-12-31": "791.94900", "2019-12-31": "687.67700", "2018-12-31": "714.59700", "2017-12-31": "768.14900", "2016-12-31": "551.86100", "2015-12-31": "370.39900", "2014-12-31": "440.82500", "2013-12-31": "529.24400", "2012-12-31": "335.44200", "2011-12-31": "243.91200", "2010-12-31": "303.06900", "2009-12-31": "409.42300", "2008-12-31": "253.05000", "2007-12-31": "273.54800", "2006-12-31": "220.05000", "2005-12-31": "260.16600"}, "Receivables": {"2020-12-31": "452.94500", "2019-12-31": "488.23300", "2018-12-31": "449.38200", "2017-12-31": "364.86200", "2016-12-31": "333.67800", "2015-12-31": "371.95300", "2014-12-31": "344.39000", "2013-12-31": "306.87800", "2012-12-31": "334.32400", "2011-12-31": "351.53800", "2010-12-31": "300.18100", "2009-12-31": "226.54800", "2008-12-31": "299.58500", "2007-12-31": "300.50600", "2006-12-31": "285.85800", "2005-12-31": "284.02900"}, "Inventory": {"2020-12-31": "556.53000", "2019-12-31": "605.96800", "2018-12-31": "521.82700", "2017-12-31": "457.92700", "2016-12-31": "487.99700", "2015-12-31": "473.63700", "2014-12-31": "384.65000", "2013-12-31": "329.22800", "2012-12-31": "363.32500", "2011-12-31": "365.19900", "2010-12-31": "314.29800", "2009-12-31": "222.16100", "2008-12-31": "256.31200", "2007-12-31": "265.87400", "2006-12-31": "212.32300", "2005-12-31": "185.87000"}, "Pre-Paid Expenses": {"2020-12-31": "54.19700", "2019-12-31": "93.86800", "2018-12-31": "79.50000", "2017-12-31": "58.55900", "2016-12-31": "38.48700", "2015-12-31": "33.40000", "2014-12-31": "39.17500", "2013-12-31": "33.08100", "2012-12-31": "38.58300", "2011-12-31": "36.39200", "2010-12-31": "28.24100", "2009-12-31": "32.03000", "2008-12-31": "29.70500", "2007-12-31": "14.56700", "2006-12-31": "12.71300", "2005-12-31": "11.38700"}, "Other Current Assets": {"2020-12-31": "", "2019-12-31": "", "2018-12-31": "", "2017-12-31": "", "2016-12-31": "", "2015-12-31": "", "2014-12-31": "", "2013-12-31": "", "2012-12-31": "", "2011-12-31": "", "2010-12-31": "", "2009-12-31": "", "2008-12-31": "", "2007-12-31": "", "2006-12-31": "", "2005-12-31": ""}, "Total Current Assets": {"2020-12-31": "1855.62100", "2019-12-31": "1875.74600", "2018-12-31": "1765.30600", "2017-12-31": "1649.49700", "2016-12-31": "1412.02300", "2015-12-31": "1249.38900", "2014-12-31": "1266.04100", "2013-12-31": "1250.47200", "2012-12-31": "1122.60300", "2011-12-31": "1049.52600", "2010-12-31": "990.88000", "2009-12-31": "921.71200", "2008-12-31": "872.51900", "2007-12-31": "885.66400", "2006-12-31": "757.68400", "2005-12-31": "763.12600"}, "Property, Plant, And Equipment": {"2020-12-31": "309.79200", "2019-12-31": "346.65100", "2018-12-31": "291.59600", "2017-12-31": "281.39400", "2016-12-31": "279.65000", "2015-12-31": "291.68700", "2014-12-31": "291.56300", "2013-12-31": "279.37300", "2012-12-31": "260.52400", "2011-12-31": "250.91000", "2010-12-31": "221.81300", "2009-12-31": "235.44000", "2008-12-31": "229.69300", "2007-12-31": "210.45000", "2006-12-31": "199.42600", "2005-12-31": "165.75200"}, "Long-Term Investments": {"2020-12-31": "", "2019-12-31": "", "2018-12-31": "", "2017-12-31": "", "2016-12-31": "", "2015-12-31": "", "2014-12-31": "", "2013-12-31": "", "2012-12-31": "", "2011-12-31": "", "2010-12-31": "", "2009-12-31": "", "2008-12-31": "", "2007-12-31": "", "2006-12-31": "", "2005-12-31": ""}, "Goodwill And Intangible Assets": {"2020-12-31": "172.15200", "2019-12-31": "192.18900", "2018-12-31": "195.16900", "2017-12-31": "198.14900", "2016-12-31": "202.03200", "2015-12-31": "207.17800", "2014-12-31": "212.32500", "2013-12-31": "50.72600", "2012-12-31": "52.05600", "2011-12-31": "53.45800", "2010-12-31": "54.89300", "2009-12-31": "39.78600", "2008-12-31": "46.02400", "2007-12-31": "70.36700", "2006-12-31": "70.17900", "2005-12-31": "38.76200"}, "Other Long-Term Assets": {"2020-12-31": "63.63600", "2019-12-31": "43.65500", "2018-12-31": "38.49500", "2017-12-31": "27.05800", "2016-12-31": "27.69500", "2015-12-31": "21.71800", "2014-12-31": "19.45500", "2013-12-31": "25.01700", "2012-12-31": "23.65900", "2011-12-31": "28.64800", "2010-12-31": "27.16800", "2009-12-31": "15.94500", "2008-12-31": "", "2007-12-31": "", "2006-12-31": "", "2005-12-31": ""}, "Total Long-Term Assets": {"2020-12-31": "980.95000", "2019-12-31": "1055.84500", "2018-12-31": "603.41500", "2017-12-31": "563.40500", "2016-12-31": "601.87100", "2015-12-31": "596.76400", "2014-12-31": "526.16800", "2013-12-31": "355.11600", "2012-12-31": "336.23900", "2011-12-31": "333.01600", "2010-12-31": "303.87400", "2009-12-31": "291.17100", "2008-12-31": "275.71700", "2007-12-31": "280.81700", "2006-12-31": "269.60500", "2005-12-31": "204.51400"}, "Total Assets": {"2020-12-31": "2836.57100", "2019-12-31": "2931.59100", "2018-12-31": "2368.72100", "2017-12-31": "2212.90200", "2016-12-31": "2013.89400", "2015-12-31": "1846.15300", "2014-12-31": "1792.20900", "2013-12-31": "1605.58800", "2012-12-31": "1458.84200", "2011-12-31": "1382.54200", "2010-12-31": "1294.75400", "2009-12-31": "1212.88300", "2008-12-31": "1148.23600", "2007-12-31": "1166.48100", "2006-12-31": "1027.28900", "2005-12-31": "967.64000"}, "Total Current Liabilities": {"2020-12-31": "552.62200", "2019-12-31": "630.91500", "2018-12-31": "572.88200", "2017-12-31": "453.63600", "2016-12-31": "362.85100", "2015-12-31": "366.07000", "2014-12-31": "373.12000", "2013-12-31": "301.25400", "2012-12-31": "252.05900", "2011-12-31": "267.00200", "2010-12-31": "251.62600", "2009-12-31": "179.28700", "2008-12-31": "173.18900", "2007-12-31": "166.53100", "2006-12-31": "187.90900", "2005-12-31": "209.17500"}, "Long Term Debt": {"2020-12-31": "", "2019-12-31": "", "2018-12-31": "", "2017-12-31": "", "2016-12-31": "14.05300", "2015-12-31": "15.03000", "2014-12-31": "15.72800", "2013-12-31": "", "2012-12-31": "", "2011-12-31": "", "2010-12-31": "", "2009-12-31": "", "2008-12-31": "", "2007-12-31": "", "2006-12-31": "", "2005-12-31": "7.41400"}, "Other Non-Current Liabilities": {"2020-12-31": "92.79200", "2019-12-31": "73.36100", "2018-12-31": "96.00500", "2017-12-31": "106.83900", "2016-12-31": "55.33200", "2015-12-31": "49.01100", "2014-12-31": "44.82300", "2013-12-31": "43.51100", "2012-12-31": "38.80900", "2011-12-31": "39.24200", "2010-12-31": "41.15400", "2009-12-31": "34.87400", "2008-12-31": "30.95700", "2007-12-31": "20.86100", "2006-12-31": "0.88300", "2005-12-31": ""}, "Total Long Term Liabilities": {"2020-12-31": "451.17800", "2019-12-31": "451.22900", "2018-12-31": "105.52600", "2017-12-31": "107.00700", "2016-12-31": "69.53200", "2015-12-31": "64.27000", "2014-12-31": "63.85500", "2013-12-31": "51.47000", "2012-12-31": "40.61600", "2011-12-31": "40.99500", "2010-12-31": "41.15400", "2009-12-31": "36.36800", "2008-12-31": "30.95700", "2007-12-31": "29.82900", "2006-12-31": "8.67700", "2005-12-31": "15.67500"}, "Total Liabilities": {"2020-12-31": "1003.80000", "2019-12-31": "1082.14400", "2018-12-31": "678.40800", "2017-12-31": "560.64300", "2016-12-31": "432.38300", "2015-12-31": "430.34000", "2014-12-31": "436.97500", "2013-12-31": "352.72400", "2012-12-31": "292.67500", "2011-12-31": "307.99700", "2010-12-31": "292.78000", "2009-12-31": "215.65500", "2008-12-31": "204.14600", "2007-12-31": "196.36000", "2006-12-31": "196.58600", "2005-12-31": "224.85000"}, "Common Stock Net": {"2020-12-31": "", "2019-12-31": "4.93700", "2018-12-31": "", "2017-12-31": "45.82900", "2016-12-31": "53.80100", "2015-12-31": "34.77600", "2014-12-31": "72.70000", "2013-12-31": "52.32500", "2012-12-31": "24.81400", "2011-12-31": "3.03700", "2010-12-31": "5.05200", "2009-12-31": "0.83600", "2008-12-31": "1.48100", "2007-12-31": "17.00400", "2006-12-31": "24.37000", "2005-12-31": "13.10400"}, "Retained Earnings (Accumulated Deficit)": {"2020-12-31": "", "2019-12-31": "1848.93500", "2018-12-31": "1677.92000", "2017-12-31": "1585.00900", "2016-12-31": "1529.63600", "2015-12-31": "1385.86000", "2014-12-31": "1255.07000", "2013-12-31": "1157.73300", "2012-12-31": "1094.69000", "2011-12-31": "1024.61100", "2010-12-31": "950.20700", "2009-12-31": "952.94800", "2008-12-31": "909.44300", "2007-12-31": "895.47600", "2006-12-31": "771.93900", "2005-12-31": "704.72400"}, "Comprehensive Income": {"2020-12-31": "", "2019-12-31": "-4.42500", "2018-12-31": "-4.06300", "2017-12-31": "-8.88700", "2016-12-31": "-22.61700", "2015-12-31": "-20.83600", "2014-12-31": "15.83300", "2013-12-31": "35.36000", "2012-12-31": "46.66300", "2011-12-31": "46.89700", "2010-12-31": "46.71500", "2009-12-31": "43.44400", "2008-12-31": "33.16600", "2007-12-31": "57.64100", "2006-12-31": "34.39400", "2005-12-31": "24.96200"}, "Other Share Holders Equity": {"2020-12-31": "", "2019-12-31": "", "2018-12-31": "", "2017-12-31": "", "2016-12-31": "", "2015-12-31": "", "2014-12-31": "", "2013-12-31": "", "2012-12-31": "", "2011-12-31": "", "2010-12-31": "", "2009-12-31": "", "2008-12-31": "", "2007-12-31": "", "2006-12-31": "", "2005-12-31": ""}, "Share Holder Equity": {"2020-12-31": "1832.77100", "2019-12-31": "1849.44700", "2018-12-31": "1690.31300", "2017-12-31": "1652.25900", "2016-12-31": "1581.51100", "2015-12-31": "1415.81300", "2014-12-31": "1355.23400", "2013-12-31": "1252.86400", "2012-12-31": "1166.16700", "2011-12-31": "1074.54500", "2010-12-31": "1001.97400", "2009-12-31": "997.22800", "2008-12-31": "944.09000", "2007-12-31": "970.12100", "2006-12-31": "830.70300", "2005-12-31": "742.79000"}, "Total Liabilities And Share Holders Equity": {"2020-12-31": "2836.57100", "2019-12-31": "2931.59100", "2018-12-31": "2368.72100", "2017-12-31": "2212.90200", "2016-12-31": "2013.89400", "2015-12-31": "1846.15300", "2014-12-31": "1792.20900", "2013-12-31": "1605.58800", "2012-12-31": "1458.84200", "2011-12-31": "1382.54200", "2010-12-31": "1294.75400", "2009-12-31": "1212.88300", "2008-12-31": "1148.23600", "2007-12-31": "1166.48100", "2006-12-31": "1027.28900", "2005-12-31": "967.64000"}}, "balance sheet, quarterly": {"Cash On Hand": {"2020-12-31": "791.94900", "2020-09-30": "314.52400", "2020-06-30": "475.76800", "2020-03-31": "706.93600", "2019-12-31": "687.67700", "2019-09-30": "240.78800", "2019-06-30": "524.34800", "2019-03-31": "703.05000", "2018-12-31": "714.59700", "2018-09-30": "465.45800", "2018-06-30": "774.67000", "2018-03-31": "808.19400", "2017-12-31": "768.14900", "2017-09-30": "430.27400", "2017-06-30": "622.23000", "2017-03-31": "590.47600", "2016-12-31": "551.86100", "2016-09-30": "219.65600", "2016-06-30": "428.80300", "2016-03-31": "451.22700", "2015-12-31": "370.39900", "2015-09-30": "174.03900", "2015-06-30": "417.49000", "2015-03-31": "454.54200", "2014-12-31": "440.82500", "2014-09-30": "185.78400", "2014-06-30": "394.40300", "2014-03-31": "567.57500", "2013-12-31": "529.24400", "2013-09-30": "303.20900", "2013-06-30": "430.60900", "2013-03-31": "374.64200", "2012-12-31": "335.44200", "2012-09-30": "96.29200", "2012-06-30": "228.51100", "2012-03-31": "252.75300", "2011-12-31": "243.91200", "2011-09-30": "90.36500", "2011-06-30": "298.27100", "2011-03-31": "335.31300", "2010-12-31": "303.06900", "2010-09-30": "236.29400", "2010-06-30": "398.32900", "2010-03-31": "415.80600", "2009-12-31": "409.42300", "2009-09-30": "210.51600", "2009-06-30": "317.66000", "2009-03-31": "299.81700", "2008-12-31": "253.05000", "2008-09-30": "145.27100", "2008-06-30": "327.43100", "2008-03-31": "278.05800", "2007-12-31": "273.54800", "2007-09-30": "115.82100", "2007-06-30": "264.49500", "2007-03-31": "268.62600", "2006-12-31": "220.05000", "2006-09-30": "70.57800", "2006-06-30": "173.79500", "2006-03-31": "239.03200", "2005-12-31": "260.16600", "2005-09-30": "148.29600", "2005-06-30": "242.87900", "2005-03-31": "338.33300"}, "Receivables": {"2020-12-31": "452.94500", "2020-09-30": "479.37600", "2020-06-30": "217.53600", "2020-03-31": "312.95100", "2019-12-31": "488.23300", "2019-09-30": "646.41400", "2019-06-30": "280.64100", "2019-03-31": "341.13600", "2018-12-31": "449.38200", "2018-09-30": "552.44200", "2018-06-30": "238.67500", "2018-03-31": "316.41500", "2017-12-31": "364.86200", "2017-09-30": "466.85200", "2017-06-30": "181.11900", "2017-03-31": "260.45600", "2016-12-31": "333.67800", "2016-09-30": "486.23600", "2016-06-30": "192.35400", "2016-03-31": "268.87100", "2015-12-31": "371.95300", "2015-09-30": "529.84400", "2015-06-30": "198.29600", "2015-03-31": "251.70200", "2014-12-31": "344.39000", "2014-09-30": "458.84400", "2014-06-30": "204.52700", "2014-03-31": "249.11500", "2013-12-31": "306.87800", "2013-09-30": "378.03200", "2013-06-30": "180.93700", "2013-03-31": "238.32500", "2012-12-31": "334.32400", "2012-09-30": "422.75600", "2012-06-30": "203.15700", "2012-03-31": "253.29700", "2011-12-31": "351.53800", "2011-09-30": "417.97600", "2011-06-30": "174.82200", "2011-03-31": "218.89500", "2010-12-31": "300.18100", "2010-09-30": "364.01500", "2010-06-30": "145.46300", "2010-03-31": "198.19400", "2009-12-31": "226.54800", "2009-09-30": "319.54800", "2009-06-30": "146.78900", "2009-03-31": "213.48600", "2008-12-31": "299.58500", "2008-09-30": "366.21900", "2008-06-30": "172.63300", "2008-03-31": "246.16500", "2007-12-31": "300.50600", "2007-09-30": "393.64300", "2007-06-30": "184.20400", "2007-03-31": "234.27800", "2006-12-31": "285.85800", "2006-09-30": "374.45100", "2006-06-30": "165.35000", "2006-03-31": "218.98600", "2005-12-31": "284.02900", "2005-09-30": "365.05800", "2005-06-30": "165.25200", "2005-03-31": "229.42400"}, "Inventory": {"2020-12-31": "556.53000", "2020-09-30": "771.72400", "2020-06-30": "806.88700", "2020-03-31": "577.12400", "2019-12-31": "605.96800", "2019-09-30": "717.39600", "2019-06-30": "756.37800", "2019-03-31": "520.61400", "2018-12-31": "521.82700", "2018-09-30": "617.19400", "2018-06-30": "570.47300", "2018-03-31": "405.97100", "2017-12-31": "457.92700", "2017-09-30": "558.55800", "2017-06-30": "559.54400", "2017-03-31": "398.84200", "2016-12-31": "487.99700", "2016-09-30": "588.02100", "2016-06-30": "653.63600", "2016-03-31": "412.22800", "2015-12-31": "473.63700", "2015-09-30": "546.68500", "2015-06-30": "581.03100", "2015-03-31": "363.65600", "2014-12-31": "384.65000", "2014-09-30": "494.79500", "2014-06-30": "456.44800", "2014-03-31": "290.19600", "2013-12-31": "329.22800", "2013-09-30": "410.11100", "2013-06-30": "423.76500", "2013-03-31": "325.24100", "2012-12-31": "363.32500", "2012-09-30": "475.73300", "2012-06-30": "523.07800", "2012-03-31": "366.56400", "2011-12-31": "365.19900", "2011-09-30": "432.10400", "2011-06-30": "422.00400", "2011-03-31": "303.08600", "2010-12-31": "314.29800", "2010-09-30": "358.21000", "2010-06-30": "310.52000", "2010-03-31": "222.70400", "2009-12-31": "222.16100", "2009-09-30": "301.47700", "2009-06-30": "293.40700", "2009-03-31": "223.70100", "2008-12-31": "256.31200", "2008-09-30": "301.37800", "2008-06-30": "272.85100", "2008-03-31": "238.08600", "2007-12-31": "265.87400", "2007-09-30": "320.59300", "2007-06-30": "309.72200", "2007-03-31": "209.71200", "2006-12-31": "212.32300", "2006-09-30": "272.11300", "2006-06-30": "272.24800", "2006-03-31": "194.59900", "2005-12-31": "185.87000", "2005-09-30": "223.04800", "2005-06-30": "215.93700", "2005-03-31": "164.79300"}, "Pre-Paid Expenses": {"2020-12-31": "54.19700", "2020-09-30": "82.17500", "2020-06-30": "102.57400", "2020-03-31": "113.72600", "2019-12-31": "93.86800", "2019-09-30": "94.25300", "2019-06-30": "100.80000", "2019-03-31": "73.85000", "2018-12-31": "79.50000", "2018-09-30": "77.76300", "2018-06-30": "76.39900", "2018-03-31": "72.78800", "2017-12-31": "58.55900", "2017-09-30": "36.11300", "2017-06-30": "42.05300", "2017-03-31": "40.86300", "2016-12-31": "38.48700", "2016-09-30": "33.51400", "2016-06-30": "35.65700", "2016-03-31": "30.11600", "2015-12-31": "33.40000", "2015-09-30": "35.14000", "2015-06-30": "45.51300", "2015-03-31": "47.50200", "2014-12-31": "39.17500", "2014-09-30": "42.91600", "2014-06-30": "42.55100", "2014-03-31": "34.81000", "2013-12-31": "33.08100", "2013-09-30": "38.51400", "2013-06-30": "47.07400", "2013-03-31": "41.81400", "2012-12-31": "38.58300", "2012-09-30": "38.33400", "2012-06-30": "45.44600", "2012-03-31": "37.42100", "2011-12-31": "36.39200", "2011-09-30": "46.78900", "2011-06-30": "60.24200", "2011-03-31": "49.64900", "2010-12-31": "28.24100", "2010-09-30": "35.22700", "2010-06-30": "47.62800", "2010-03-31": "35.08400", "2009-12-31": "32.03000", "2009-09-30": "31.48300", "2009-06-30": "40.17100", "2009-03-31": "28.69600", "2008-12-31": "29.70500", "2008-09-30": "23.10800", "2008-06-30": "29.49600", "2008-03-31": "21.33300", "2007-12-31": "14.56700", "2007-09-30": "17.11500", "2007-06-30": "14.65700", "2007-03-31": "12.63100", "2006-12-31": "12.71300", "2006-09-30": "17.61400", "2006-06-30": "14.91400", "2006-03-31": "12.88200", "2005-12-31": "11.38700", "2005-09-30": "12.44100", "2005-06-30": "10.13900", "2005-03-31": "9.44700"}, "Other Current Assets": {"2020-12-31": "", "2020-09-30": "", "2020-06-30": "", "2020-03-31": "", "2019-12-31": "", "2019-09-30": "", "2019-06-30": "", "2019-03-31": "", "2018-12-31": "", "2018-09-30": "", "2018-06-30": "", "2018-03-31": "", "2017-12-31": "", "2017-09-30": "", "2017-06-30": "", "2017-03-31": "", "2016-12-31": "", "2016-09-30": "", "2016-06-30": "", "2016-03-31": "", "2015-12-31": "", "2015-09-30": "", "2015-06-30": "", "2015-03-31": "", "2014-12-31": "", "2014-09-30": "", "2014-06-30": "", "2014-03-31": "", "2013-12-31": "", "2013-09-30": "", "2013-06-30": "", "2013-03-31": "", "2012-12-31": "", "2012-09-30": "", "2012-06-30": "", "2012-03-31": "", "2011-12-31": "", "2011-09-30": "", "2011-06-30": "", "2011-03-31": "", "2010-12-31": "", "2010-09-30": "", "2010-06-30": "", "2010-03-31": "", "2009-12-31": "", "2009-09-30": "", "2009-06-30": "", "2009-03-31": "", "2008-12-31": "", "2008-09-30": "", "2008-06-30": "", "2008-03-31": "", "2007-12-31": "", "2007-09-30": "", "2007-06-30": "", "2007-03-31": "", "2006-12-31": "", "2006-09-30": "", "2006-06-30": "", "2006-03-31": "", "2005-12-31": "", "2005-09-30": "", "2005-06-30": "", "2005-03-31": ""}, "Total Current Assets": {"2020-12-31": "1855.62100", "2020-09-30": "1647.79900", "2020-06-30": "1602.76500", "2020-03-31": "1710.73700", "2019-12-31": "1875.74600", "2019-09-30": "1698.85100", "2019-06-30": "1662.16700", "2019-03-31": "1638.65000", "2018-12-31": "1765.30600", "2018-09-30": "1712.85700", "2018-06-30": "1660.21700", "2018-03-31": "1603.36800", "2017-12-31": "1649.49700", "2017-09-30": "1491.79700", "2017-06-30": "1404.94600", "2017-03-31": "1290.63700", "2016-12-31": "1412.02300", "2016-09-30": "1327.42700", "2016-06-30": "1310.45000", "2016-03-31": "1162.44200", "2015-12-31": "1249.38900", "2015-09-30": "1348.59600", "2015-06-30": "1297.84900", "2015-03-31": "1172.11000", "2014-12-31": "1266.04100", "2014-09-30": "1233.04900", "2014-06-30": "1150.13100", "2014-03-31": "1192.19200", "2013-12-31": "1250.47200", "2013-09-30": "1180.20800", "2013-06-30": "1130.26900", "2013-03-31": "1028.46600", "2012-12-31": "1122.60300", "2012-09-30": "1087.02000", "2012-06-30": "1052.37200", "2012-03-31": "961.55400", "2011-12-31": "1049.52600", "2011-09-30": "1029.97000", "2011-06-30": "1000.40800", "2011-03-31": "950.18800", "2010-12-31": "990.88000", "2010-09-30": "1036.00400", "2010-06-30": "932.74100", "2010-03-31": "903.78200", "2009-12-31": "921.71200", "2009-09-30": "894.45800", "2009-06-30": "828.46400", "2009-03-31": "793.95700", "2008-12-31": "872.51900", "2008-09-30": "867.82700", "2008-06-30": "835.68700", "2008-03-31": "814.88800", "2007-12-31": "885.66400", "2007-09-30": "875.93100", "2007-06-30": "801.24100", "2007-03-31": "752.00800", "2006-12-31": "757.68400", "2006-09-30": "758.90100", "2006-06-30": "650.70300", "2006-03-31": "688.33400", "2005-12-31": "763.12600", "2005-09-30": "767.82100", "2005-06-30": "654.80500", "2005-03-31": "763.29400"}, "Property, Plant, And Equipment": {"2020-12-31": "309.79200", "2020-09-30": "322.16700", "2020-06-30": "328.90400", "2020-03-31": "332.99700", "2019-12-31": "346.65100", "2019-09-30": "349.30200", "2019-06-30": "312.94800", "2019-03-31": "298.37900", "2018-12-31": "291.59600", "2018-09-30": "284.74400", "2018-06-30": "280.72600", "2018-03-31": "281.21300", "2017-12-31": "281.39400", "2017-09-30": "285.58200", "2017-06-30": "286.00600", "2017-03-31": "279.73000", "2016-12-31": "279.65000", "2016-09-30": "285.51400", "2016-06-30": "287.86900", "2016-03-31": "289.66300", "2015-12-31": "291.68700", "2015-09-30": "294.92600", "2015-06-30": "285.83300", "2015-03-31": "283.09100", "2014-12-31": "291.56300", "2014-09-30": "289.48000", "2014-06-30": "291.27000", "2014-03-31": "282.29000", "2013-12-31": "279.37300", "2013-09-30": "280.68200", "2013-06-30": "273.01600", "2013-03-31": "266.94600", "2012-12-31": "260.52400", "2012-09-30": "260.42300", "2012-06-30": "253.00900", "2012-03-31": "256.42000", "2011-12-31": "250.91000", "2011-09-30": "231.51100", "2011-06-30": "230.36300", "2011-03-31": "225.21000", "2010-12-31": "221.81300", "2010-09-30": "227.76900", "2010-06-30": "224.86500", "2010-03-31": "232.24800", "2009-12-31": "235.44000", "2009-09-30": "237.55000", "2009-06-30": "232.60500", "2009-03-31": "228.26400", "2008-12-31": "229.69300", "2008-09-30": "224.90100", "2008-06-30": "228.72800", "2008-03-31": "222.20700", "2007-12-31": "210.45000", "2007-09-30": "202.86900", "2007-06-30": "200.02100", "2007-03-31": "199.82700", "2006-12-31": "199.42600", "2006-09-30": "195.65100", "2006-06-30": "195.74100", "2006-03-31": "176.98500", "2005-12-31": "165.75200", "2005-09-30": "160.65200", "2005-06-30": "154.66100", "2005-03-31": "155.26700"}, "Long-Term Investments": {"2020-12-31": "", "2020-09-30": "", "2020-06-30": "", "2020-03-31": "", "2019-12-31": "", "2019-09-30": "", "2019-06-30": "", "2019-03-31": "", "2018-12-31": "", "2018-09-30": "", "2018-06-30": "", "2018-03-31": "", "2017-12-31": "", "2017-09-30": "", "2017-06-30": "", "2017-03-31": "", "2016-12-31": "", "2016-09-30": "", "2016-06-30": "", "2016-03-31": "", "2015-12-31": "", "2015-09-30": "", "2015-06-30": "", "2015-03-31": "", "2014-12-31": "", "2014-09-30": "", "2014-06-30": "", "2014-03-31": "", "2013-12-31": "", "2013-09-30": "", "2013-06-30": "", "2013-03-31": "", "2012-12-31": "", "2012-09-30": "", "2012-06-30": "", "2012-03-31": "", "2011-12-31": "", "2011-09-30": "", "2011-06-30": "", "2011-03-31": "", "2010-12-31": "", "2010-09-30": "", "2010-06-30": "", "2010-03-31": "", "2009-12-31": "", "2009-09-30": "", "2009-06-30": "", "2009-03-31": "", "2008-12-31": "", "2008-09-30": "", "2008-06-30": "", "2008-03-31": "", "2007-12-31": "", "2007-09-30": "", "2007-06-30": "", "2007-03-31": "", "2006-12-31": "", "2006-09-30": "", "2006-06-30": "", "2006-03-31": "", "2005-12-31": "", "2005-09-30": "", "2005-06-30": "", "2005-03-31": ""}, "Goodwill And Intangible Assets": {"2020-12-31": "172.15200", "2020-09-30": "190.06500", "2020-06-30": "190.69900", "2020-03-31": "191.44400", "2019-12-31": "192.18900", "2019-09-30": "192.93400", "2019-06-30": "193.67900", "2019-03-31": "194.42400", "2018-12-31": "195.16900", "2018-09-30": "195.91400", "2018-06-30": "196.65900", "2018-03-31": "197.40400", "2017-12-31": "198.14900", "2017-09-30": "198.89400", "2017-06-30": "199.63900", "2017-03-31": "200.74500", "2016-12-31": "202.03200", "2016-09-30": "203.31800", "2016-06-30": "204.60500", "2016-03-31": "205.89200", "2015-12-31": "207.17800", "2015-09-30": "208.46500", "2015-06-30": "209.75200", "2015-03-31": "211.03800", "2014-12-31": "212.32500", "2014-09-30": "214.77800", "2014-06-30": "218.47800", "2014-03-31": "50.39300", "2013-12-31": "50.72600", "2013-09-30": "51.05800", "2013-06-30": "51.39000", "2013-03-31": "51.72300", "2012-12-31": "52.05600", "2012-09-30": "52.40600", "2012-06-30": "52.75700", "2012-03-31": "53.10800", "2011-12-31": "53.45800", "2011-09-30": "53.80800", "2011-06-30": "54.15900", "2011-03-31": "54.54200", "2010-12-31": "54.89300", "2010-09-30": "55.32000", "2010-06-30": "39.73100", "2010-03-31": "39.75800", "2009-12-31": "39.78600", "2009-09-30": "52.30900", "2009-06-30": "50.79000", "2009-03-31": "50.83300", "2008-12-31": "46.02400", "2008-09-30": "70.03100", "2008-06-30": "70.39200", "2008-03-31": "70.56200", "2007-12-31": "70.36700", "2007-09-30": "70.44700", "2007-06-30": "70.23600", "2007-03-31": "69.60900", "2006-12-31": "70.17900", "2006-09-30": "69.67400", "2006-06-30": "69.63800", "2006-03-31": "69.60600", "2005-12-31": "38.76200", "2005-09-30": "38.74500", "2005-06-30": "38.40200", "2005-03-31": "38.21200"}, "Other Long-Term Assets": {"2020-12-31": "63.63600", "2020-09-30": "63.95100", "2020-06-30": "61.11300", "2020-03-31": "54.49800", "2019-12-31": "43.65500", "2019-09-30": "40.24200", "2019-06-30": "42.37900", "2019-03-31": "41.92800", "2018-12-31": "38.49500", "2018-09-30": "36.91100", "2018-06-30": "38.99700", "2018-03-31": "29.65600", "2017-12-31": "27.05800", "2017-09-30": "26.47900", "2017-06-30": "26.09500", "2017-03-31": "26.85300", "2016-12-31": "27.69500", "2016-09-30": "25.62200", "2016-06-30": "25.97900", "2016-03-31": "24.67500", "2015-12-31": "21.71800", "2015-09-30": "21.91700", "2015-06-30": "22.23100", "2015-03-31": "20.11700", "2014-12-31": "19.45500", "2014-09-30": "24.57000", "2014-06-30": "25.41200", "2014-03-31": "24.65400", "2013-12-31": "25.01700", "2013-09-30": "22.35400", "2013-06-30": "22.35900", "2013-03-31": "25.34600", "2012-12-31": "23.65900", "2012-09-30": "27.99700", "2012-06-30": "27.95700", "2012-03-31": "28.99000", "2011-12-31": "28.64800", "2011-09-30": "29.08700", "2011-06-30": "27.92100", "2011-03-31": "26.09300", "2010-12-31": "27.16800", "2010-09-30": "13.47200", "2010-06-30": "14.67000", "2010-03-31": "14.19400", "2009-12-31": "15.94500", "2009-09-30": "", "2009-06-30": "", "2009-03-31": "", "2008-12-31": "", "2008-09-30": "", "2008-06-30": "", "2008-03-31": "", "2007-12-31": "", "2007-09-30": "", "2007-06-30": "", "2007-03-31": "", "2006-12-31": "", "2006-09-30": "", "2006-06-30": "", "2006-03-31": "", "2005-12-31": "", "2005-09-30": "", "2005-06-30": "", "2005-03-31": ""}, "Total Long-Term Assets": {"2020-12-31": "980.95000", "2020-09-30": "1004.51500", "2020-06-30": "1019.63200", "2020-03-31": "1040.75000", "2019-12-31": "1055.84500", "2019-09-30": "1052.22900", "2019-06-30": "1000.28000", "2019-03-31": "975.05900", "2018-12-31": "603.41500", "2018-09-30": "586.48200", "2018-06-30": "586.73300", "2018-03-31": "585.31600", "2017-12-31": "563.40500", "2017-09-30": "609.01700", "2017-06-30": "606.25400", "2017-03-31": "597.43700", "2016-12-31": "601.87100", "2016-09-30": "594.38800", "2016-06-30": "597.10400", "2016-03-31": "598.32000", "2015-12-31": "596.76400", "2015-09-30": "528.28000", "2015-06-30": "520.80700", "2015-03-31": "516.96300", "2014-12-31": "526.16800", "2014-09-30": "528.82800", "2014-06-30": "535.16000", "2014-03-31": "357.33700", "2013-12-31": "355.11600", "2013-09-30": "354.09400", "2013-06-30": "346.76500", "2013-03-31": "344.01500", "2012-12-31": "336.23900", "2012-09-30": "340.82600", "2012-06-30": "333.72300", "2012-03-31": "338.51800", "2011-12-31": "333.01600", "2011-09-30": "314.40600", "2011-06-30": "312.44300", "2011-03-31": "305.84500", "2010-12-31": "303.87400", "2010-09-30": "296.56100", "2010-06-30": "279.26600", "2010-03-31": "286.20000", "2009-12-31": "291.17100", "2009-09-30": "289.85900", "2009-06-30": "283.39500", "2009-03-31": "279.09700", "2008-12-31": "275.71700", "2008-09-30": "294.93200", "2008-06-30": "299.12000", "2008-03-31": "292.76900", "2007-12-31": "280.81700", "2007-09-30": "273.31600", "2007-06-30": "270.25700", "2007-03-31": "269.43600", "2006-12-31": "269.60500", "2006-09-30": "265.32500", "2006-06-30": "265.37900", "2006-03-31": "246.59100", "2005-12-31": "204.51400", "2005-09-30": "199.39700", "2005-06-30": "193.06300", "2005-03-31": "193.47900"}, "Total Assets": {"2020-12-31": "2836.57100", "2020-09-30": "2652.31400", "2020-06-30": "2622.39700", "2020-03-31": "2751.48700", "2019-12-31": "2931.59100", "2019-09-30": "2751.08000", "2019-06-30": "2662.44700", "2019-03-31": "2613.70900", "2018-12-31": "2368.72100", "2018-09-30": "2299.33900", "2018-06-30": "2246.95000", "2018-03-31": "2188.68400", "2017-12-31": "2212.90200", "2017-09-30": "2100.81400", "2017-06-30": "2011.20000", "2017-03-31": "1888.07400", "2016-12-31": "2013.89400", "2016-09-30": "1921.81500", "2016-06-30": "1907.55400", "2016-03-31": "1760.76200", "2015-12-31": "1846.15300", "2015-09-30": "1876.87600", "2015-06-30": "1818.65600", "2015-03-31": "1689.07300", "2014-12-31": "1792.20900", "2014-09-30": "1761.87700", "2014-06-30": "1685.29100", "2014-03-31": "1549.52900", "2013-12-31": "1605.58800", "2013-09-30": "1534.30200", "2013-06-30": "1477.03400", "2013-03-31": "1372.48100", "2012-12-31": "1458.84200", "2012-09-30": "1427.84600", "2012-06-30": "1386.09500", "2012-03-31": "1300.07200", "2011-12-31": "1382.54200", "2011-09-30": "1344.37600", "2011-06-30": "1312.85100", "2011-03-31": "1256.03300", "2010-12-31": "1294.75400", "2010-09-30": "1332.56500", "2010-06-30": "1212.00700", "2010-03-31": "1189.98200", "2009-12-31": "1212.88300", "2009-09-30": "1184.31700", "2009-06-30": "1111.85900", "2009-03-31": "1073.05400", "2008-12-31": "1148.23600", "2008-09-30": "1162.75900", "2008-06-30": "1134.80700", "2008-03-31": "1107.65700", "2007-12-31": "1166.48100", "2007-09-30": "1149.24700", "2007-06-30": "1071.49800", "2007-03-31": "1021.44400", "2006-12-31": "1027.28900", "2006-09-30": "1024.22600", "2006-06-30": "916.08200", "2006-03-31": "934.92500", "2005-12-31": "967.64000", "2005-09-30": "967.21800", "2005-06-30": "847.86800", "2005-03-31": "956.77300"}, "Total Current Liabilities": {"2020-12-31": "552.62200", "2020-09-30": "499.59400", "2020-06-30": "535.82800", "2020-03-31": "610.35500", "2019-12-31": "630.91500", "2019-09-30": "558.14700", "2019-06-30": "577.98100", "2019-03-31": "479.84400", "2018-12-31": "572.88200", "2018-09-30": "509.58400", "2018-06-30": "486.32300", "2018-03-31": "383.73400", "2017-12-31": "453.63600", "2017-09-30": "384.46400", "2017-06-30": "382.93300", "2017-03-31": "227.91700", "2016-12-31": "362.85100", "2016-09-30": "332.51500", "2016-06-30": "401.76300", "2016-03-31": "238.99000", "2015-12-31": "366.07000", "2015-09-30": "385.75100", "2015-06-30": "400.71200", "2015-03-31": "249.44600", "2014-12-31": "373.12000", "2014-09-30": "380.61000", "2014-06-30": "347.61900", "2014-03-31": "206.13500", "2013-12-31": "301.25400", "2013-09-30": "270.73300", "2013-06-30": "274.77500", "2013-03-31": "166.55800", "2012-12-31": "252.05900", "2012-09-30": "257.34200", "2012-06-30": "286.68100", "2012-03-31": "181.58100", "2011-12-31": "267.00200", "2011-09-30": "260.64600", "2011-06-30": "252.61800", "2011-03-31": "189.24000", "2010-12-31": "251.62600", "2010-09-30": "263.91900", "2010-06-30": "192.64500", "2010-03-31": "150.70200", "2009-12-31": "179.28700", "2009-09-30": "165.81700", "2009-06-30": "148.50100", "2009-03-31": "106.76800", "2008-12-31": "173.18900", "2008-09-30": "180.39200", "2008-06-30": "153.52300", "2008-03-31": "119.64800", "2007-12-31": "166.53100", "2007-09-30": "173.96200", "2007-06-30": "175.20100", "2007-03-31": "124.35300", "2006-12-31": "187.90900", "2006-09-30": "227.10200", "2006-06-30": "183.29900", "2006-03-31": "149.73300", "2005-12-31": "209.17500", "2005-09-30": "195.94900", "2005-06-30": "144.59100", "2005-03-31": "134.25600"}, "Long Term Debt": {"2020-12-31": "", "2020-09-30": "", "2020-06-30": "", "2020-03-31": "", "2019-12-31": "", "2019-09-30": "", "2019-06-30": "", "2019-03-31": "", "2018-12-31": "", "2018-09-30": "", "2018-06-30": "", "2018-03-31": "", "2017-12-31": "", "2017-09-30": "", "2017-06-30": "", "2017-03-31": "14.17100", "2016-12-31": "14.05300", "2016-09-30": "14.62900", "2016-06-30": "14.68100", "2016-03-31": "15.12300", "2015-12-31": "15.03000", "2015-09-30": "15.35600", "2015-06-30": "15.73900", "2015-03-31": "15.74300", "2014-12-31": "15.72800", "2014-09-30": "15.89700", "2014-06-30": "15.73400", "2014-03-31": "15.69900", "2013-12-31": "", "2013-09-30": "", "2013-06-30": "", "2013-03-31": "", "2012-12-31": "", "2012-09-30": "", "2012-06-30": "", "2012-03-31": "", "2011-12-31": "", "2011-09-30": "", "2011-06-30": "", "2011-03-31": "", "2010-12-31": "", "2010-09-30": "", "2010-06-30": "", "2010-03-31": "", "2009-12-31": "", "2009-09-30": "", "2009-06-30": "", "2009-03-31": "", "2008-12-31": "", "2008-09-30": "", "2008-06-30": "", "2008-03-31": "5.40500", "2007-12-31": "", "2007-09-30": "", "2007-06-30": "", "2007-03-31": "", "2006-12-31": "", "2006-09-30": "3.74300", "2006-06-30": "7.35000", "2006-03-31": "7.38200", "2005-12-31": "7.41400", "2005-09-30": "7.44500", "2005-06-30": "11.99700", "2005-03-31": "13.07100"}, "Other Non-Current Liabilities": {"2020-12-31": "92.79200", "2020-09-30": "85.64700", "2020-06-30": "77.83100", "2020-03-31": "71.29700", "2019-12-31": "73.36100", "2019-09-30": "71.60100", "2019-06-30": "75.69100", "2019-03-31": "66.27200", "2018-12-31": "96.00500", "2018-09-30": "108.14600", "2018-06-30": "106.23900", "2018-03-31": "113.42600", "2017-12-31": "106.83900", "2017-09-30": "57.77600", "2017-06-30": "55.91100", "2017-03-31": "53.82000", "2016-12-31": "55.33200", "2016-09-30": "53.79000", "2016-06-30": "53.27400", "2016-03-31": "52.50300", "2015-12-31": "49.01100", "2015-09-30": "49.88100", "2015-06-30": "47.60900", "2015-03-31": "45.99000", "2014-12-31": "44.82300", "2014-09-30": "38.61700", "2014-06-30": "35.71200", "2014-03-31": "44.89900", "2013-12-31": "43.51100", "2013-09-30": "41.99800", "2013-06-30": "41.02500", "2013-03-31": "40.04500", "2012-12-31": "38.80900", "2012-09-30": "41.05600", "2012-06-30": "38.98000", "2012-03-31": "38.17300", "2011-12-31": "39.24200", "2011-09-30": "38.44200", "2011-06-30": "42.56100", "2011-03-31": "41.88900", "2010-12-31": "41.15400", "2010-09-30": "39.23200", "2010-06-30": "38.52600", "2010-03-31": "37.77000", "2009-12-31": "34.87400", "2009-09-30": "33.36500", "2009-06-30": "32.57900", "2009-03-31": "32.28500", "2008-12-31": "30.95700", "2008-09-30": "31.01000", "2008-06-30": "27.45600", "2008-03-31": "19.77700", "2007-12-31": "20.86100", "2007-09-30": "25.81100", "2007-06-30": "21.89300", "2007-03-31": "21.48300", "2006-12-31": "0.88300", "2006-09-30": "", "2006-06-30": "", "2006-03-31": "", "2005-12-31": "", "2005-09-30": "", "2005-06-30": "", "2005-03-31": ""}, "Total Long Term Liabilities": {"2020-12-31": "451.17800", "2020-09-30": "429.90400", "2020-06-30": "433.74000", "2020-03-31": "444.54100", "2019-12-31": "451.22900", "2019-09-30": "445.82700", "2019-06-30": "429.27200", "2019-03-31": "413.21600", "2018-12-31": "105.52600", "2018-09-30": "108.15900", "2018-06-30": "106.25200", "2018-03-31": "113.59700", "2017-12-31": "107.00700", "2017-09-30": "57.93000", "2017-06-30": "56.06700", "2017-03-31": "68.14000", "2016-12-31": "69.53200", "2016-09-30": "68.64800", "2016-06-30": "68.18300", "2016-03-31": "67.85700", "2015-12-31": "64.27000", "2015-09-30": "69.60100", "2015-06-30": "66.45200", "2015-03-31": "65.19200", "2014-12-31": "63.85500", "2014-09-30": "54.73200", "2014-06-30": "59.70700", "2014-03-31": "68.70300", "2013-12-31": "51.47000", "2013-09-30": "43.84700", "2013-06-30": "42.80300", "2013-03-31": "41.80000", "2012-12-31": "40.61600", "2012-09-30": "42.80100", "2012-06-30": "40.69600", "2012-03-31": "39.98000", "2011-12-31": "40.99500", "2011-09-30": "40.02600", "2011-06-30": "44.27500", "2011-03-31": "41.88900", "2010-12-31": "41.15400", "2010-09-30": "39.23200", "2010-06-30": "38.52600", "2010-03-31": "37.77000", "2009-12-31": "36.36800", "2009-09-30": "37.81600", "2009-06-30": "32.57900", "2009-03-31": "32.28500", "2008-12-31": "30.95700", "2008-09-30": "36.45400", "2008-06-30": "33.41700", "2008-03-31": "31.15800", "2007-12-31": "29.82900", "2007-09-30": "35.72200", "2007-06-30": "30.67900", "2007-03-31": "29.44700", "2006-12-31": "8.67700", "2006-09-30": "13.20300", "2006-06-30": "16.36400", "2006-03-31": "15.77700", "2005-12-31": "15.67500", "2005-09-30": "18.22700", "2005-06-30": "21.64600", "2005-03-31": "22.73400"}, "Total Liabilities": {"2020-12-31": "1003.80000", "2020-09-30": "929.49800", "2020-06-30": "969.56800", "2020-03-31": "1054.89600", "2019-12-31": "1082.14400", "2019-09-30": "1003.97400", "2019-06-30": "1007.25300", "2019-03-31": "893.06000", "2018-12-31": "678.40800", "2018-09-30": "617.74300", "2018-06-30": "592.57500", "2018-03-31": "497.33100", "2017-12-31": "560.64300", "2017-09-30": "442.39400", "2017-06-30": "439.00000", "2017-03-31": "296.05700", "2016-12-31": "432.38300", "2016-09-30": "401.16300", "2016-06-30": "469.94600", "2016-03-31": "306.84700", "2015-12-31": "430.34000", "2015-09-30": "455.35200", "2015-06-30": "467.16400", "2015-03-31": "314.63800", "2014-12-31": "436.97500", "2014-09-30": "435.34200", "2014-06-30": "407.32600", "2014-03-31": "274.83800", "2013-12-31": "352.72400", "2013-09-30": "314.58000", "2013-06-30": "317.57800", "2013-03-31": "208.35800", "2012-12-31": "292.67500", "2012-09-30": "300.14300", "2012-06-30": "327.37700", "2012-03-31": "221.56100", "2011-12-31": "307.99700", "2011-09-30": "300.67200", "2011-06-30": "296.89300", "2011-03-31": "231.12900", "2010-12-31": "292.78000", "2010-09-30": "303.15100", "2010-06-30": "231.17100", "2010-03-31": "188.47200", "2009-12-31": "215.65500", "2009-09-30": "203.63300", "2009-06-30": "181.08000", "2009-03-31": "139.05300", "2008-12-31": "204.14600", "2008-09-30": "216.84600", "2008-06-30": "186.94000", "2008-03-31": "150.80600", "2007-12-31": "196.36000", "2007-09-30": "209.68400", "2007-06-30": "205.88000", "2007-03-31": "153.80000", "2006-12-31": "196.58600", "2006-09-30": "240.30500", "2006-06-30": "199.66300", "2006-03-31": "165.51000", "2005-12-31": "224.85000", "2005-09-30": "214.17600", "2005-06-30": "166.23700", "2005-03-31": "156.99000"}, "Common Stock Net": {"2020-12-31": "", "2020-09-30": "13.14200", "2020-06-30": "5.39600", "2020-03-31": "0.56500", "2019-12-31": "4.93700", "2019-09-30": "0.00000", "2019-06-30": "0.10000", "2019-03-31": "0.09400", "2018-12-31": "", "2018-09-30": "0.21000", "2018-06-30": "23.16200", "2018-03-31": "36.19000", "2017-12-31": "45.82900", "2017-09-30": "39.00700", "2017-06-30": "31.04500", "2017-03-31": "28.02000", "2016-12-31": "53.80100", "2016-09-30": "49.09100", "2016-06-30": "44.52500", "2016-03-31": "40.51000", "2015-12-31": "34.77600", "2015-09-30": "86.86900", "2015-06-30": "80.34600", "2015-03-31": "87.56700", "2014-12-31": "72.70000", "2014-09-30": "79.02900", "2014-06-30": "77.79300", "2014-03-31": "65.88700", "2013-12-31": "52.32500", "2013-09-30": "44.37100", "2013-06-30": "38.97200", "2013-03-31": "31.40700", "2012-12-31": "24.81400", "2012-09-30": "17.48200", "2012-06-30": "10.38100", "2012-03-31": "7.79500", "2011-12-31": "3.03700", "2011-09-30": "1.03500", "2011-06-30": "17.80100", "2011-03-31": "11.56500", "2010-12-31": "5.05200", "2010-09-30": "1.42600", "2010-06-30": "6.71200", "2010-03-31": "2.40400", "2009-12-31": "0.83600", "2009-09-30": "0.62300", "2009-06-30": "3.83800", "2009-03-31": "2.40900", "2008-12-31": "1.48100", "2008-09-30": "0.44000", "2008-06-30": "3.84100", "2008-03-31": "1.91200", "2007-12-31": "17.00400", "2007-09-30": "29.24100", "2007-06-30": "27.12800", "2007-03-31": "38.71800", "2006-12-31": "24.37000", "2006-09-30": "", "2006-06-30": "", "2006-03-31": "18.27900", "2005-12-31": "13.10400", "2005-09-30": "55.26500", "2005-06-30": "52.20900", "2005-03-31": "166.61700"}, "Retained Earnings (Accumulated Deficit)": {"2020-12-31": "", "2020-09-30": "1716.04400", "2020-06-30": "1653.29300", "2020-03-31": "1704.00000", "2019-12-31": "1848.93500", "2019-09-30": "1754.37900", "2019-06-30": "1656.39200", "2019-03-31": "1723.87300", "2018-12-31": "1677.92000", "2018-09-30": "1669.39000", "2018-06-30": "1623.61200", "2018-03-31": "1629.27900", "2017-12-31": "1585.00900", "2017-09-30": "1604.21400", "2017-06-30": "1529.06100", "2017-03-31": "1553.14300", "2016-12-31": "1529.63600", "2016-09-30": "1457.49500", "2016-06-30": "1385.76900", "2016-03-31": "1405.78900", "2015-12-31": "1385.86000", "2015-09-30": "1334.39000", "2015-06-30": "1253.88300", "2015-03-31": "1270.98400", "2014-12-31": "1255.07000", "2014-09-30": "1209.93400", "2014-06-30": "1154.10300", "2014-03-31": "1170.22600", "2013-12-31": "1157.73300", "2013-09-30": "1129.63600", "2013-06-30": "1082.63400", "2013-03-31": "1097.27100", "2012-12-31": "1094.69000", "2012-09-30": "1062.67400", "2012-06-30": "1005.75900", "2012-03-31": "1021.09000", "2011-12-31": "1024.61100", "2011-09-30": "995.28100", "2011-06-30": "935.18200", "2011-03-31": "956.21500", "2010-12-31": "950.20700", "2010-09-30": "981.23000", "2010-06-30": "937.46100", "2010-03-31": "954.15100", "2009-12-31": "952.94800", "2009-09-30": "936.94400", "2009-06-30": "895.62100", "2009-03-31": "910.92200", "2008-12-31": "909.44300", "2008-09-30": "900.29700", "2008-06-30": "877.13600", "2008-03-31": "886.66300", "2007-12-31": "895.47600", "2007-09-30": "855.48500", "2007-06-30": "797.93200", "2007-03-31": "792.95000", "2006-12-31": "771.93900", "2006-09-30": "752.04200", "2006-06-30": "684.24400", "2006-03-31": "724.19100", "2005-12-31": "704.72400", "2005-09-30": "668.09400", "2005-06-30": "601.63800", "2005-03-31": "595.32500"}, "Comprehensive Income": {"2020-12-31": "", "2020-09-30": "-6.37000", "2020-06-30": "-5.86000", "2020-03-31": "-7.97400", "2019-12-31": "-4.42500", "2019-09-30": "-7.27300", "2019-06-30": "-1.29800", "2019-03-31": "-3.31800", "2018-12-31": "-4.06300", "2018-09-30": "-4.23500", "2018-06-30": "-6.37400", "2018-03-31": "-8.94900", "2017-12-31": "-8.88700", "2017-09-30": "-13.92900", "2017-06-30": "-13.29600", "2017-03-31": "-12.89200", "2016-12-31": "-22.61700", "2016-09-30": "-6.93400", "2016-06-30": "-10.77300", "2016-03-31": "-11.01400", "2015-12-31": "-20.83600", "2015-09-30": "-14.86200", "2015-06-30": "3.41700", "2015-03-31": "2.77800", "2014-12-31": "15.83300", "2014-09-30": "27.09600", "2014-06-30": "38.07500", "2014-03-31": "30.20900", "2013-12-31": "35.36000", "2013-09-30": "37.90500", "2013-06-30": "30.02500", "2013-03-31": "35.44500", "2012-12-31": "46.66300", "2012-09-30": "47.54700", "2012-06-30": "42.57800", "2012-03-31": "49.62600", "2011-12-31": "46.89700", "2011-09-30": "47.38800", "2011-06-30": "62.97500", "2011-03-31": "57.12400", "2010-12-31": "46.71500", "2010-09-30": "46.75800", "2010-06-30": "36.66300", "2010-03-31": "44.95500", "2009-12-31": "43.44400", "2009-09-30": "43.11700", "2009-06-30": "31.32000", "2009-03-31": "20.67000", "2008-12-31": "33.16600", "2008-09-30": "45.17600", "2008-06-30": "66.89000", "2008-03-31": "68.27600", "2007-12-31": "57.64100", "2007-09-30": "54.83700", "2007-06-30": "40.55800", "2007-03-31": "35.97600", "2006-12-31": "34.39400", "2006-09-30": "31.87900", "2006-06-30": "32.17500", "2006-03-31": "26.94500", "2005-12-31": "24.96200", "2005-09-30": "29.68300", "2005-06-30": "27.78400", "2005-03-31": "37.84100"}, "Other Share Holders Equity": {"2020-12-31": "", "2020-09-30": "", "2020-06-30": "", "2020-03-31": "", "2019-12-31": "", "2019-09-30": "", "2019-06-30": "", "2019-03-31": "", "2018-12-31": "", "2018-09-30": "", "2018-06-30": "", "2018-03-31": "", "2017-12-31": "", "2017-09-30": "", "2017-06-30": "", "2017-03-31": "", "2016-12-31": "", "2016-09-30": "", "2016-06-30": "", "2016-03-31": "", "2015-12-31": "", "2015-09-30": "", "2015-06-30": "", "2015-03-31": "", "2014-12-31": "", "2014-09-30": "", "2014-06-30": "", "2014-03-31": "", "2013-12-31": "", "2013-09-30": "", "2013-06-30": "", "2013-03-31": "", "2012-12-31": "", "2012-09-30": "", "2012-06-30": "", "2012-03-31": "", "2011-12-31": "", "2011-09-30": "", "2011-06-30": "", "2011-03-31": "", "2010-12-31": "", "2010-09-30": "", "2010-06-30": "", "2010-03-31": "", "2009-12-31": "", "2009-09-30": "", "2009-06-30": "", "2009-03-31": "", "2008-12-31": "", "2008-09-30": "", "2008-06-30": "", "2008-03-31": "", "2007-12-31": "", "2007-09-30": "", "2007-06-30": "", "2007-03-31": "", "2006-12-31": "", "2006-09-30": "", "2006-06-30": "", "2006-03-31": "", "2005-12-31": "", "2005-09-30": "", "2005-06-30": "", "2005-03-31": ""}, "Share Holder Equity": {"2020-12-31": "1832.77100", "2020-09-30": "1722.81600", "2020-06-30": "1652.82900", "2020-03-31": "1696.59100", "2019-12-31": "1849.44700", "2019-09-30": "1747.10600", "2019-06-30": "1655.19400", "2019-03-31": "1720.64900", "2018-12-31": "1690.31300", "2018-09-30": "1681.59600", "2018-06-30": "1654.37500", "2018-03-31": "1691.35300", "2017-12-31": "1652.25900", "2017-09-30": "1658.42000", "2017-06-30": "1572.20000", "2017-03-31": "1592.01700", "2016-12-31": "1581.51100", "2016-09-30": "1520.65200", "2016-06-30": "1437.60800", "2016-03-31": "1453.91500", "2015-12-31": "1415.81300", "2015-09-30": "1421.52400", "2015-06-30": "1351.49200", "2015-03-31": "1374.43500", "2014-12-31": "1355.23400", "2014-09-30": "1326.53500", "2014-06-30": "1277.96500", "2014-03-31": "1274.69100", "2013-12-31": "1252.86400", "2013-09-30": "1219.72200", "2013-06-30": "1159.45600", "2013-03-31": "1164.12300", "2012-12-31": "1166.16700", "2012-09-30": "1127.70300", "2012-06-30": "1058.71800", "2012-03-31": "1078.51100", "2011-12-31": "1074.54500", "2011-09-30": "1043.70400", "2011-06-30": "1015.95800", "2011-03-31": "1024.90400", "2010-12-31": "1001.97400", "2010-09-30": "1029.41400", "2010-06-30": "980.83600", "2010-03-31": "1001.51000", "2009-12-31": "997.22800", "2009-09-30": "980.68400", "2009-06-30": "930.77900", "2009-03-31": "934.00100", "2008-12-31": "944.09000", "2008-09-30": "945.91300", "2008-06-30": "947.86700", "2008-03-31": "956.85100", "2007-12-31": "970.12100", "2007-09-30": "939.56300", "2007-06-30": "865.61800", "2007-03-31": "867.64400", "2006-12-31": "830.70300", "2006-09-30": "783.92100", "2006-06-30": "716.41900", "2006-03-31": "769.41500", "2005-12-31": "742.79000", "2005-09-30": "753.04200", "2005-06-30": "681.63100", "2005-03-31": "799.78300"}, "Total Liabilities And Share Holders Equity": {"2020-12-31": "2836.57100", "2020-09-30": "2652.31400", "2020-06-30": "2622.39700", "2020-03-31": "2751.48700", "2019-12-31": "2931.59100", "2019-09-30": "2751.08000", "2019-06-30": "2662.44700", "2019-03-31": "2613.70900", "2018-12-31": "2368.72100", "2018-09-30": "2299.33900", "2018-06-30": "2246.95000", "2018-03-31": "2188.68400", "2017-12-31": "2212.90200", "2017-09-30": "2100.81400", "2017-06-30": "2011.20000", "2017-03-31": "1888.07400", "2016-12-31": "2013.89400", "2016-09-30": "1921.81500", "2016-06-30": "1907.55400", "2016-03-31": "1760.76200", "2015-12-31": "1846.15300", "2015-09-30": "1876.87600", "2015-06-30": "1818.65600", "2015-03-31": "1689.07300", "2014-12-31": "1792.20900", "2014-09-30": "1761.87700", "2014-06-30": "1685.29100", "2014-03-31": "1549.52900", "2013-12-31": "1605.58800", "2013-09-30": "1534.30200", "2013-06-30": "1477.03400", "2013-03-31": "1372.48100", "2012-12-31": "1458.84200", "2012-09-30": "1427.84600", "2012-06-30": "1386.09500", "2012-03-31": "1300.07200", "2011-12-31": "1382.54200", "2011-09-30": "1344.37600", "2011-06-30": "1312.85100", "2011-03-31": "1256.03300", "2010-12-31": "1294.75400", "2010-09-30": "1332.56500", "2010-06-30": "1212.00700", "2010-03-31": "1189.98200", "2009-12-31": "1212.88300", "2009-09-30": "1184.31700", "2009-06-30": "1111.85900", "2009-03-31": "1073.05400", "2008-12-31": "1148.23600", "2008-09-30": "1162.75900", "2008-06-30": "1134.80700", "2008-03-31": "1107.65700", "2007-12-31": "1166.48100", "2007-09-30": "1149.24700", "2007-06-30": "1071.49800", "2007-03-31": "1021.44400", "2006-12-31": "1027.28900", "2006-09-30": "1024.22600", "2006-06-30": "916.08200", "2006-03-31": "934.92500", "2005-12-31": "967.64000", "2005-09-30": "967.21800", "2005-06-30": "847.86800", "2005-03-31": "956.77300"}}, "cash flow statement": {"Net Income/Loss": {"2020-12-31": "108.01300", "2019-12-31": "330.48900", "2018-12-31": "274.94800", "2017-12-31": "112.31500", "2016-12-31": "198.43900", "2015-12-31": "179.85100", "2014-12-31": "141.85900", "2013-12-31": "93.60300", "2012-12-31": "99.85900", "2011-12-31": "103.47900", "2010-12-31": "77.03700", "2009-12-31": "67.02100", "2008-12-31": "95.04700", "2007-12-31": "144.45200", "2006-12-31": "123.01800", "2005-12-31": "130.73600"}, "Total Depreciation And Amortization - Cash Flow": {"2020-12-31": "146.60100", "2019-12-31": "121.72500", "2018-12-31": "58.23000", "2017-12-31": "59.94500", "2016-12-31": "60.01600", "2015-12-31": "56.52100", "2014-12-31": "54.01700", "2013-12-31": "40.87100", "2012-12-31": "40.89200", "2011-12-31": "43.56000", "2010-12-31": "38.43000", "2009-12-31": "36.25300", "2008-12-31": "31.15800", "2007-12-31": "30.33800", "2006-12-31": "23.54700", "2005-12-31": "23.54600"}, "Other Non-Cash Items": {"2020-12-31": "57.01300", "2019-12-31": "21.46600", "2018-12-31": "19.96100", "2017-12-31": "58.06400", "2016-12-31": "-3.38700", "2015-12-31": "-2.81200", "2014-12-31": "-0.30400", "2013-12-31": "25.50800", "2012-12-31": "15.53900", "2011-12-31": "8.94500", "2010-12-31": "-13.04700", "2009-12-31": "8.19500", "2008-12-31": "20.88700", "2007-12-31": "5.96400", "2006-12-31": "6.24800", "2005-12-31": "3.53300"}, "Total Non-Cash Items": {"2020-12-31": "203.61400", "2019-12-31": "143.19100", "2018-12-31": "78.19100", "2017-12-31": "118.00900", "2016-12-31": "56.62900", "2015-12-31": "53.70900", "2014-12-31": "53.71300", "2013-12-31": "66.37900", "2012-12-31": "56.43100", "2011-12-31": "52.50500", "2010-12-31": "25.38300", "2009-12-31": "44.44800", "2008-12-31": "52.04500", "2007-12-31": "36.30200", "2006-12-31": "29.79500", "2005-12-31": "27.07900"}, "Change In Accounts Receivable": {"2020-12-31": "22.88500", "2019-12-31": "-37.53700", "2018-12-31": "-25.60100", "2017-12-31": "-24.19700", "2016-12-31": "36.71000", "2015-12-31": "-40.41900", "2014-12-31": "-31.47800", "2013-12-31": "27.44200", "2012-12-31": "18.16600", "2011-12-31": "-54.33400", "2010-12-31": "-69.50000", "2009-12-31": "77.49000", "2008-12-31": "-9.68900", "2007-12-31": "-3.09300", "2006-12-31": "4.25900", "2005-12-31": "-24.81500"}, "Change In Inventories": {"2020-12-31": "64.88400", "2019-12-31": "-84.05800", "2018-12-31": "-94.71600", "2017-12-31": "46.66200", "2016-12-31": "-18.77700", "2015-12-31": "-103.29600", "2014-12-31": "-62.08600", "2013-12-31": "34.08900", "2012-12-31": "2.95100", "2011-12-31": "-55.22300", "2010-12-31": "-87.26500", "2009-12-31": "38.83100", "2008-12-31": "4.50700", "2007-12-31": "-46.01000", "2006-12-31": "-15.44800", "2005-12-31": "-22.87300"}, "Change In Accounts Payable": {"2020-12-31": "-49.27500", "2019-12-31": "-10.41900", "2018-12-31": "19.38400", "2017-12-31": "30.56800", "2016-12-31": "1.48300", "2015-12-31": "11.41800", "2014-12-31": "41.94100", "2013-12-31": "31.71100", "2012-12-31": "-12.33000", "2011-12-31": "19.08100", "2010-12-31": "26.02800", "2009-12-31": "-16.94400", "2008-12-31": "8.94400", "2007-12-31": "1.38100", "2006-12-31": "1.93000", "2005-12-31": "16.93400"}, "Change In Assets/Liabilities": {"2020-12-31": "-31.01100", "2019-12-31": "-65.67500", "2018-12-31": "-25.57900", "2017-12-31": "-12.51200", "2016-12-31": "-8.93200", "2015-12-31": "6.85300", "2014-12-31": "5.61700", "2013-12-31": "3.30700", "2012-12-31": "-0.15800", "2011-12-31": "-12.33200", "2010-12-31": "8.59200", "2009-12-31": "-2.47900", "2008-12-31": "-7.44400", "2007-12-31": "1.34800", "2006-12-31": "-2.36200", "2005-12-31": "0.13700"}, "Total Change In Assets/Liabilities": {"2020-12-31": "-35.55000", "2019-12-31": "-188.22800", "2018-12-31": "-63.57000", "2017-12-31": "110.80400", "2016-12-31": "20.09900", "2015-12-31": "-138.45500", "2014-12-31": "-9.78900", "2013-12-31": "114.29300", "2012-12-31": "-7.62200", "2011-12-31": "-92.18800", "2010-12-31": "-78.90300", "2009-12-31": "102.90300", "2008-12-31": "-2.16200", "2007-12-31": "-56.43900", "2006-12-31": "-0.00600", "2005-12-31": "-22.59800"}, "Cash Flow From Operating Activities": {"2020-12-31": "276.07700", "2019-12-31": "285.45200", "2018-12-31": "289.56900", "2017-12-31": "341.12800", "2016-12-31": "275.16700", "2015-12-31": "95.10500", "2014-12-31": "185.78300", "2013-12-31": "274.27500", "2012-12-31": "148.66800", "2011-12-31": "63.79600", "2010-12-31": "23.51700", "2009-12-31": "214.37200", "2008-12-31": "144.93000", "2007-12-31": "124.31500", "2006-12-31": "153.10900", "2005-12-31": "135.21700"}, "Net Change In Property, Plant, And Equipment": {"2020-12-31": "-28.75800", "2019-12-31": "-123.51600", "2018-12-31": "-65.60300", "2017-12-31": "-53.07300", "2016-12-31": "-49.89000", "2015-12-31": "-69.77300", "2014-12-31": "-60.21200", "2013-12-31": "-69.33200", "2012-12-31": "-43.39200", "2011-12-31": "-78.23600", "2010-12-31": "-28.79600", "2009-12-31": "-33.04300", "2008-12-31": "-47.52800", "2007-12-31": "-31.93900", "2006-12-31": "-47.35900", "2005-12-31": "-36.47400"}, "Net Change In Intangible Assets": {"2020-12-31": "", "2019-12-31": "", "2018-12-31": "", "2017-12-31": "", "2016-12-31": "", "2015-12-31": "", "2014-12-31": "", "2013-12-31": "", "2012-12-31": "", "2011-12-31": "", "2010-12-31": "", "2009-12-31": "", "2008-12-31": "", "2007-12-31": "", "2006-12-31": "1.70000", "2005-12-31": ""}, "Net Acquisitions/Divestitures": {"2020-12-31": "", "2019-12-31": "", "2018-12-31": "", "2017-12-31": "", "2016-12-31": "", "2015-12-31": "", "2014-12-31": "-188.46700", "2013-12-31": "", "2012-12-31": "", "2011-12-31": "", "2010-12-31": "-16.31500", "2009-12-31": "", "2008-12-31": "", "2007-12-31": "", "2006-12-31": "-35.37700", "2005-12-31": "-1.63100"}, "Net Change In Short-term Investments": {"2020-12-31": "1.58700", "2019-12-31": "264.24400", "2018-12-31": "-166.62800", "2017-12-31": "-94.71100", "2016-12-31": "0.00000", "2015-12-31": "26.77200", "2014-12-31": "64.65200", "2013-12-31": "-46.75400", "2012-12-31": "-41.65000", "2011-12-31": "65.72100", "2010-12-31": "-46.07000", "2009-12-31": "-0.14200", "2008-12-31": "59.22800", "2007-12-31": "73.69100", "2006-12-31": "3.90500", "2005-12-31": "1.13000"}, "Net Change In Long-Term Investments": {"2020-12-31": "", "2019-12-31": "", "2018-12-31": "", "2017-12-31": "", "2016-12-31": "", "2015-12-31": "", "2014-12-31": "", "2013-12-31": "", "2012-12-31": "", "2011-12-31": "", "2010-12-31": "", "2009-12-31": "", "2008-12-31": "", "2007-12-31": "", "2006-12-31": "", "2005-12-31": ""}, "Net Change In Investments - Total": {"2020-12-31": "1.58700", "2019-12-31": "264.24400", "2018-12-31": "-166.62800", "2017-12-31": "-94.71100", "2016-12-31": "0.00000", "2015-12-31": "26.77200", "2014-12-31": "64.65200", "2013-12-31": "-46.75400", "2012-12-31": "-41.65000", "2011-12-31": "65.72100", "2010-12-31": "-46.07000", "2009-12-31": "-0.14200", "2008-12-31": "59.22800", "2007-12-31": "73.69100", "2006-12-31": "3.90500", "2005-12-31": "1.13000"}, "Investing Activities - Other": {"2020-12-31": "", "2019-12-31": "", "2018-12-31": "", "2017-12-31": "", "2016-12-31": "", "2015-12-31": "", "2014-12-31": "", "2013-12-31": "", "2012-12-31": "", "2011-12-31": "", "2010-12-31": "", "2009-12-31": "", "2008-12-31": "", "2007-12-31": "", "2006-12-31": "", "2005-12-31": "-0.55100"}, "Cash Flow From Investing Activities": {"2020-12-31": "-27.17100", "2019-12-31": "140.72800", "2018-12-31": "-232.23100", "2017-12-31": "-147.78400", "2016-12-31": "-49.89000", "2015-12-31": "-43.00100", "2014-12-31": "-184.02700", "2013-12-31": "-116.08600", "2012-12-31": "-85.04200", "2011-12-31": "-12.51500", "2010-12-31": "-91.18100", "2009-12-31": "-33.18500", "2008-12-31": "11.70000", "2007-12-31": "41.75200", "2006-12-31": "-77.13100", "2005-12-31": "-37.52600"}, "Net Long-Term Debt": {"2020-12-31": "", "2019-12-31": "", "2018-12-31": "", "2017-12-31": "-14.23600", "2016-12-31": "", "2015-12-31": "", "2014-12-31": "16.07200", "2013-12-31": "", "2012-12-31": "", "2011-12-31": "", "2010-12-31": "", "2009-12-31": "-0.00400", "2008-12-31": "-0.02100", "2007-12-31": "-0.02200", "2006-12-31": "-13.75900", "2005-12-31": "-5.59000"}, "Net Current Debt": {"2020-12-31": "-0.72400", "2019-12-31": "", "2018-12-31": "", "2017-12-31": "", "2016-12-31": "-1.94000", "2015-12-31": "1.95000", "2014-12-31": "0.15100", "2013-12-31": "-0.15600", "2012-12-31": "0.15600", "2011-12-31": "", "2010-12-31": "", "2009-12-31": "", "2008-12-31": "", "2007-12-31": "-3.62500", "2006-12-31": "-42.94600", "2005-12-31": "39.77500"}, "Debt Issuance/Retirement Net - Total": {"2020-12-31": "-0.72400", "2019-12-31": "", "2018-12-31": "", "2017-12-31": "-14.23600", "2016-12-31": "-1.94000", "2015-12-31": "1.95000", "2014-12-31": "16.22300", "2013-12-31": "-0.15600", "2012-12-31": "0.15600", "2011-12-31": "", "2010-12-31": "", "2009-12-31": "-0.00400", "2008-12-31": "-0.02100", "2007-12-31": "-3.64700", "2006-12-31": "-56.70500", "2005-12-31": "34.18500"}, "Net Common Equity Issued/Repurchased": {"2020-12-31": "-125.97000", "2019-12-31": "-101.90900", "2018-12-31": "-183.11600", "2017-12-31": "-15.59600", "2016-12-31": "13.15600", "2015-12-31": "-52.62600", "2014-12-31": "7.27700", "2013-12-31": "19.53700", "2012-12-31": "14.39400", "2011-12-31": "-9.00900", "2010-12-31": "-6.50500", "2009-12-31": "-6.68900", "2008-12-31": "-80.37700", "2007-12-31": "-17.65700", "2006-12-31": "-53.77800", "2005-12-31": "-154.99700"}, "Net Total Equity Issued/Repurchased": {"2020-12-31": "-125.97000", "2019-12-31": "-101.90900", "2018-12-31": "-183.11600", "2017-12-31": "-15.59600", "2016-12-31": "13.15600", "2015-12-31": "-52.62600", "2014-12-31": "7.27700", "2013-12-31": "19.53700", "2012-12-31": "14.39400", "2011-12-31": "-9.00900", "2010-12-31": "-6.50500", "2009-12-31": "-6.68900", "2008-12-31": "-80.37700", "2007-12-31": "-17.65700", "2006-12-31": "-53.77800", "2005-12-31": "-154.99700"}, "Total Common And Preferred Stock Dividends Paid": {"2020-12-31": "-17.19500", "2019-12-31": "-65.12700", "2018-12-31": "-82.61300", "2017-12-31": "-50.90900", "2016-12-31": "-48.12200", "2015-12-31": "-43.54700", "2014-12-31": "-39.83600", "2013-12-31": "-31.29800", "2012-12-31": "-29.78000", "2011-12-31": "-29.07500", "2010-12-31": "-75.43900", "2009-12-31": "-22.33100", "2008-12-31": "-22.09800", "2007-12-31": "-20.91500", "2006-12-31": "-5.02600", "2005-12-31": ""}, "Financial Activities - Other": {"2020-12-31": "-7.81100", "2019-12-31": "-23.68600", "2018-12-31": "-4.28500", "2017-12-31": "-3.66200", "2016-12-31": "-5.11700", "2015-12-31": "2.97800", "2014-12-31": "1.78600", "2013-12-31": "7.24100", "2012-12-31": "-0.47000", "2011-12-31": "-1.14600", "2010-12-31": "-0.35500", "2009-12-31": "-0.58300", "2008-12-31": "0.07200", "2007-12-31": "1.81100", "2006-12-31": "2.14800", "2005-12-31": ""}, "Cash Flow From Financial Activities": {"2020-12-31": "-151.70000", "2019-12-31": "-190.72200", "2018-12-31": "-270.01400", "2017-12-31": "-84.40300", "2016-12-31": "-42.02300", "2015-12-31": "-91.24500", "2014-12-31": "-14.55000", "2013-12-31": "-4.67600", "2012-12-31": "-15.70000", "2011-12-31": "-39.23000", "2010-12-31": "-82.29900", "2009-12-31": "-29.60700", "2008-12-31": "-102.42400", "2007-12-31": "-40.40800", "2006-12-31": "-113.36100", "2005-12-31": "-120.81200"}, "Net Cash Flow": {"2020-12-31": "104.71600", "2019-12-31": "234.21400", "2018-12-31": "-221.37100", "2017-12-31": "121.77700", "2016-12-31": "181.61900", "2015-12-31": "-43.78800", "2014-12-31": "-23.93100", "2013-12-31": "146.70800", "2012-12-31": "49.74700", "2011-12-31": "6.77700", "2010-12-31": "-152.40700", "2009-12-31": "156.04700", "2008-12-31": "38.66700", "2007-12-31": "127.07000", "2006-12-31": "-36.21100", "2005-12-31": "-28.93200"}, "Stock-Based Compensation": {"2020-12-31": "17.77800", "2019-12-31": "17.83200", "2018-12-31": "14.29100", "2017-12-31": "11.28600", "2016-12-31": "10.98600", "2015-12-31": "11.67200", "2014-12-31": "11.12000", "2013-12-31": "8.87800", "2012-12-31": "7.83300", "2011-12-31": "7.87000", "2010-12-31": "6.73000", "2009-12-31": "6.35300", "2008-12-31": "6.30200", "2007-12-31": "7.26000", "2006-12-31": "10.12000", "2005-12-31": ""}, "Common Stock Dividends Paid": {"2020-12-31": "-17.19500", "2019-12-31": "-65.12700", "2018-12-31": "-82.61300", "2017-12-31": "-50.90900", "2016-12-31": "-48.12200", "2015-12-31": "-43.54700", "2014-12-31": "-39.83600", "2013-12-31": "-31.29800", "2012-12-31": "-29.78000", "2011-12-31": "-29.07500", "2010-12-31": "-75.43900", "2009-12-31": "-22.33100", "2008-12-31": "-22.09800", "2007-12-31": "-20.91500", "2006-12-31": "-5.02600", "2005-12-31": ""}}, "cash flow statement, quarterly": {"Net Income/Loss": {"2020-12-31": 95.756, "2020-09-30": 62.751, "2020-06-30": -50.707, "2020-03-31": "0.21300", "2019-12-31": 114.025, "2019-09-30": 119.258, "2019-06-30": 23.029, "2019-03-31": "74.17700", "2018-12-31": 113.349, "2018-09-30": 102.375, "2018-06-30": 10.495, "2018-03-31": "48.72900", "2017-12-31": -6.356, "2017-09-30": 91.102, "2017-06-30": -11.316, "2017-03-31": "38.88500", "2016-12-31": 85.566, "2016-09-30": 86.552, "2016-06-30": -7.873, "2016-03-31": "34.19400", "2015-12-31": 64.796, "2015-09-30": 92.94, "2015-06-30": -5.804, "2015-03-31": "27.91900", "2014-12-31": 56.989, "2014-09-30": 67.932, "2014-06-30": -6.738, "2014-03-31": "23.67600", "2013-12-31": 36.281, "2013-09-30": 54.55, "2013-06-30": -7.33, "2013-03-31": "10.10200", "2012-12-31": 39.487, "2012-09-30": 64.375, "2012-06-30": -7.901, "2012-03-31": "3.89800", "2011-12-31": 36.728, "2011-09-30": 67.539, "2011-06-30": -13.558, "2011-03-31": "12.77000", "2010-12-31": 26.208, "2010-09-30": 52.205, "2010-06-30": -10.604, "2010-03-31": "9.22800", "2009-12-31": 23.086, "2009-09-30": 46.915, "2009-06-30": -9.878, "2009-03-31": "6.89800", "2008-12-31": 18.557, "2008-09-30": 58.329, "2008-06-30": -1.77, "2008-03-31": "19.93100", "2007-12-31": 45.72, "2007-09-30": 62.609, "2007-06-30": 10.037, "2007-03-31": "26.08600", "2006-12-31": 38.387, "2006-09-30": 60.331, "2006-06-30": 4.833, "2006-03-31": "19.46700", "2005-12-31": 36.63, "2005-09-30": 66.456, "2005-06-30": 6.313, "2005-03-31": "21.33700"}, "Total Depreciation And Amortization - Cash Flow": {"2020-12-31": 44.318, "2020-09-30": 36.359, "2020-06-30": 32.93, "2020-03-31": "32.99400", "2019-12-31": 32.95, "2019-09-30": 31.288, "2019-06-30": 28.489, "2019-03-31": "28.99800", "2018-12-31": 14.686, "2018-09-30": 14.477, "2018-06-30": 14.531, "2018-03-31": "14.53600", "2017-12-31": 15.285, "2017-09-30": 14.728, "2017-06-30": 14.992, "2017-03-31": "14.94000", "2016-12-31": 15.538, "2016-09-30": 14.987, "2016-06-30": 14.809, "2016-03-31": "14.68200", "2015-12-31": 14.6, "2015-09-30": 14.143, "2015-06-30": 13.842, "2015-03-31": "13.93600", "2014-12-31": 15.392, "2014-09-30": 15.391, "2014-06-30": 12.982, "2014-03-31": "10.25200", "2013-12-31": 10.534, "2013-09-30": 10.446, "2013-06-30": 10.033, "2013-03-31": "9.85800", "2012-12-31": 10.129, "2012-09-30": 9.719, "2012-06-30": 10.026, "2012-03-31": "11.01800", "2011-12-31": 11.445, "2011-09-30": 11.052, "2011-06-30": 10.597, "2011-03-31": "10.46600", "2010-12-31": 10.531, "2010-09-30": 9.409, "2010-06-30": 9.374, "2010-03-31": "9.11600", "2009-12-31": 10.352, "2009-09-30": 9.235, "2009-06-30": 8.516, "2009-03-31": "8.15000", "2008-12-31": 7.86, "2008-09-30": 8.066, "2008-06-30": 7.365, "2008-03-31": "7.86700", "2007-12-31": 8.145, "2007-09-30": 7.795, "2007-06-30": 8.067, "2007-03-31": "6.33100", "2006-12-31": 5.818, "2006-09-30": 5.846, "2006-06-30": 5.903, "2006-03-31": "5.98000", "2005-12-31": 6.01, "2005-09-30": 6.016, "2005-06-30": 5.778, "2005-03-31": "5.74200"}, "Other Non-Cash Items": {"2020-12-31": 6.24, "2020-09-30": 7.084, "2020-06-30": 14.845, "2020-03-31": "28.84400", "2019-12-31": 6.84, "2019-09-30": 10.73, "2019-06-30": 0.849, "2019-03-31": "3.04700", "2018-12-31": 5.632, "2018-09-30": 5.111, "2018-06-30": 2.833, "2018-03-31": "6.38500", "2017-12-31": 44.946, "2017-09-30": 3.58, "2017-06-30": 2.011, "2017-03-31": "7.52700", "2016-12-31": -16.414, "2016-09-30": 2.6, "2016-06-30": 5.872, "2016-03-31": "4.55500", "2015-12-31": -7.761, "2015-09-30": -2.843, "2015-06-30": 2.345, "2015-03-31": "5.44700", "2014-12-31": -4.843, "2014-09-30": -2.548, "2014-06-30": 2.483, "2014-03-31": "4.60400", "2013-12-31": 17.516, "2013-09-30": 1.151, "2013-06-30": 2.798, "2013-03-31": "4.04300", "2012-12-31": 8.957, "2012-09-30": 1.586, "2012-06-30": 2.454, "2012-03-31": "2.54200", "2011-12-31": 1.492, "2011-09-30": 1.319, "2011-06-30": 2.015, "2011-03-31": "4.11900", "2010-12-31": -15.575, "2010-09-30": -1.136, "2010-06-30": 1.688, "2010-03-31": "1.97600", "2009-12-31": -0.91, "2009-09-30": 6.455, "2009-06-30": 1.4, "2009-03-31": "1.25000", "2008-12-31": 19.032, "2008-09-30": 1.697, "2008-06-30": -1.28, "2008-03-31": "1.43800", "2007-12-31": -1.515, "2007-09-30": 2.664, "2007-06-30": 1.726, "2007-03-31": "3.08900", "2006-12-31": -3.231, "2006-09-30": 3.346, "2006-06-30": 3.167, "2006-03-31": "2.96600", "2005-12-31": -4.535, "2005-09-30": 3.753, "2005-06-30": 1.007, "2005-03-31": "3.30800"}, "Total Non-Cash Items": {"2020-12-31": 50.558, "2020-09-30": 43.443, "2020-06-30": 47.775, "2020-03-31": "61.83800", "2019-12-31": 39.79, "2019-09-30": 42.018, "2019-06-30": 29.338, "2019-03-31": "32.04500", "2018-12-31": 20.318, "2018-09-30": 19.588, "2018-06-30": 17.364, "2018-03-31": "20.92100", "2017-12-31": 60.231, "2017-09-30": 18.308, "2017-06-30": 17.003, "2017-03-31": "22.46700", "2016-12-31": -0.876, "2016-09-30": 17.587, "2016-06-30": 20.681, "2016-03-31": "19.23700", "2015-12-31": 6.839, "2015-09-30": 11.3, "2015-06-30": 16.187, "2015-03-31": "19.38300", "2014-12-31": 10.549, "2014-09-30": 12.843, "2014-06-30": 15.465, "2014-03-31": "14.85600", "2013-12-31": 28.05, "2013-09-30": 11.597, "2013-06-30": 12.831, "2013-03-31": "13.90100", "2012-12-31": 19.086, "2012-09-30": 11.305, "2012-06-30": 12.48, "2012-03-31": "13.56000", "2011-12-31": 12.937, "2011-09-30": 12.371, "2011-06-30": 12.612, "2011-03-31": "14.58500", "2010-12-31": -5.044, "2010-09-30": 8.273, "2010-06-30": 11.062, "2010-03-31": "11.09200", "2009-12-31": 9.442, "2009-09-30": 15.69, "2009-06-30": 9.916, "2009-03-31": "9.40000", "2008-12-31": 26.892, "2008-09-30": 9.763, "2008-06-30": 6.085, "2008-03-31": "9.30500", "2007-12-31": 6.63, "2007-09-30": 10.459, "2007-06-30": 9.793, "2007-03-31": "9.42000", "2006-12-31": 2.587, "2006-09-30": 9.192, "2006-06-30": 9.07, "2006-03-31": "8.94600", "2005-12-31": 1.475, "2005-09-30": 9.769, "2005-06-30": 6.785, "2005-03-31": "9.05000"}, "Change In Accounts Receivable": {"2020-12-31": 40.015, "2020-09-30": -261.242, "2020-06-30": 93.425, "2020-03-31": "150.68700", "2019-12-31": 161.637, "2019-09-30": -370.951, "2019-06-30": 60.823, "2019-03-31": "110.95400", "2018-12-31": 99.832, "2018-09-30": -314.33, "2018-06-30": 73.483, "2018-03-31": "115.41400", "2017-12-31": 102.806, "2017-09-30": -283.758, "2017-06-30": 80.136, "2017-03-31": "76.61900", "2016-12-31": 143.616, "2016-09-30": -294.038, "2016-06-30": 78.464, "2016-03-31": "108.66800", "2015-12-31": 154.599, "2015-09-30": -334.748, "2015-06-30": 54.203, "2015-03-31": "85.52700", "2014-12-31": 108.1, "2014-09-30": -251.918, "2014-06-30": 54.577, "2014-03-31": "57.76300", "2013-12-31": 71.154, "2013-09-30": -197.095, "2013-06-30": 57.388, "2013-03-31": "95.99500", "2012-12-31": 86.771, "2012-09-30": -216.6, "2012-06-30": 49.102, "2012-03-31": "98.89300", "2011-12-31": 67.615, "2011-09-30": -251.867, "2011-06-30": 45.911, "2011-03-31": "84.00700", "2010-12-31": 65.837, "2010-09-30": -213.268, "2010-06-30": 48.216, "2010-03-31": "29.71500", "2009-12-31": 92.56, "2009-09-30": -167.305, "2009-06-30": 71.384, "2009-03-31": "80.85100", "2008-12-31": 60.666, "2008-09-30": -200.81, "2008-06-30": 72.428, "2008-03-31": "58.02700", "2007-12-31": 94.004, "2007-09-30": -202.515, "2007-06-30": 52.906, "2007-03-31": "52.51200", "2006-12-31": 88.259, "2006-09-30": -211.565, "2006-06-30": 57.111, "2006-03-31": "70.45400", "2005-12-31": 76.855, "2005-09-30": -197.224, "2005-06-30": 60.539, "2005-03-31": "35.01500"}, "Change In Inventories": {"2020-12-31": 224.974, "2020-09-30": 42.556, "2020-06-30": -226.156, "2020-03-31": "23.51000", "2019-12-31": 114.941, "2019-09-30": 33.118, "2019-06-30": -232.979, "2019-03-31": "0.86200", "2018-12-31": 93.828, "2018-09-30": -47.647, "2018-06-30": -173.03, "2018-03-31": "32.13300", "2017-12-31": 103.238, "2017-09-30": 5.233, "2017-06-30": -156.296, "2017-03-31": "94.48700", "2016-12-31": 84.698, "2016-09-30": 63.986, "2016-06-30": -235.972, "2016-03-31": "68.51100", "2015-12-31": 70.148, "2015-09-30": 28.832, "2015-06-30": -216.956, "2015-03-31": "14.68000", "2014-12-31": 101.788, "2014-09-30": -49.158, "2014-06-30": -153.747, "2014-03-31": "39.03100", "2013-12-31": 80.884, "2013-09-30": 13.654, "2013-06-30": -98.524, "2013-03-31": "38.07500", "2012-12-31": 110.978, "2012-09-30": 52.03, "2012-06-30": -158.417, "2012-03-31": "-1.64000", "2011-12-31": 67.775, "2011-09-30": -20.571, "2011-06-30": -116.131, "2011-03-31": "13.70400", "2010-12-31": 45.398, "2010-09-30": -39.455, "2010-06-30": -92.148, "2010-03-31": "-1.06000", "2009-12-31": 78.439, "2009-09-30": -1.648, "2009-06-30": -65.499, "2009-03-31": "27.53900", "2008-12-31": 45.263, "2008-09-30": -34.82, "2008-06-30": -36.813, "2008-03-31": "30.87700", "2007-12-31": 55.669, "2007-09-30": -6.204, "2007-06-30": -98.561, "2007-03-31": "3.08600", "2006-12-31": 60.824, "2006-09-30": -0.558, "2006-06-30": -74.917, "2006-03-31": "-0.79700", "2005-12-31": 36.571, "2005-09-30": -5.171, "2005-06-30": -53.32, "2005-03-31": "-0.95300"}, "Change In Accounts Payable": {"2020-12-31": 40.515, "2020-09-30": -93.187, "2020-06-30": 103.799, "2020-03-31": "-100.40200", "2019-12-31": 54.772, "2019-09-30": -106.66, "2019-06-30": 122.711, "2019-03-31": "-81.24200", "2018-12-31": 33.647, "2018-09-30": -52.231, "2018-06-30": 125.46, "2018-03-31": "-87.49200", "2017-12-31": 61.284, "2017-09-30": -70.489, "2017-06-30": 162.597, "2017-03-31": "-122.82400", "2016-12-31": 84.073, "2016-09-30": -136.048, "2016-06-30": 157.877, "2016-03-31": "-104.41900", "2015-12-31": 52.745, "2015-09-30": -119.579, "2015-06-30": 140.503, "2015-03-31": "-62.25100", "2014-12-31": -2.834, "2014-09-30": -15.314, "2014-06-30": 124.848, "2014-03-31": "-64.75900", "2013-12-31": 33.232, "2013-09-30": -41.599, "2013-06-30": 109.917, "2013-03-31": "-69.83900", "2012-12-31": 33.33, "2012-09-30": -91.816, "2012-06-30": 106.966, "2012-03-31": "-60.81000", "2011-12-31": 7.718, "2011-09-30": -13.339, "2011-06-30": 64.76, "2011-03-31": "-40.05800", "2010-12-31": -11.692, "2010-09-30": 19.012, "2010-06-30": 44.256, "2010-03-31": "-25.54800", "2009-12-31": 20.588, "2009-09-30": -18.459, "2009-06-30": 39.763, "2009-03-31": "-58.83600", "2008-12-31": 21.913, "2008-09-30": -3.85, "2008-06-30": 40.348, "2008-03-31": "-49.46700", "2007-12-31": 16.54, "2007-09-30": -43.692, "2007-06-30": 61.231, "2007-03-31": "-32.69800", "2006-12-31": 14.855, "2006-09-30": -37.733, "2006-06-30": 55.453, "2006-03-31": "-30.64500", "2005-12-31": -7.553, "2005-09-30": 6.032, "2005-06-30": 20.823, "2005-03-31": "-2.36800"}, "Change In Assets/Liabilities": {"2020-12-31": 14.059, "2020-09-30": -5.768, "2020-06-30": -3.5, "2020-03-31": "-35.80200", "2019-12-31": -15.804, "2019-09-30": -2.077, "2019-06-30": -38.126, "2019-03-31": "-9.66800", "2018-12-31": -5.288, "2018-09-30": 1.245, "2018-06-30": -20.221, "2018-03-31": "-1.31500", "2017-12-31": -21.269, "2017-09-30": 7.812, "2017-06-30": 1.651, "2017-03-31": "-0.70600", "2016-12-31": -9.314, "2016-09-30": 2.572, "2016-06-30": -5.018, "2016-03-31": "2.82800", "2015-12-31": 3.4, "2015-09-30": 11.815, "2015-06-30": 0.581, "2015-03-31": "-8.94300", "2014-12-31": 9.306, "2014-09-30": 1.638, "2014-06-30": -4.635, "2014-03-31": "-0.69200", "2013-12-31": 2.391, "2013-09-30": 8.596, "2013-06-30": -3.52, "2013-03-31": "-4.16000", "2012-12-31": -0.406, "2012-09-30": 7.792, "2012-06-30": -7.062, "2012-03-31": "-0.48200", "2011-12-31": 6.904, "2011-09-30": 11.107, "2011-06-30": -9.818, "2011-03-31": "-20.52500", "2010-12-31": 7.195, "2010-09-30": 16.185, "2010-06-30": -12.455, "2010-03-31": "-2.33300", "2009-12-31": -3.048, "2009-09-30": 10.258, "2009-06-30": -11.085, "2009-03-31": "1.39600", "2008-12-31": -4.836, "2008-09-30": 7.129, "2008-06-30": -6.525, "2008-03-31": "-3.21200", "2007-12-31": 4.805, "2007-09-30": -2.113, "2007-06-30": -1.764, "2007-03-31": "0.42000", "2006-12-31": 0.85, "2006-09-30": -0.039, "2006-06-30": -1.954, "2006-03-31": "-1.21900", "2005-12-31": 3.286, "2005-09-30": -3.263, "2005-06-30": -1.063, "2005-03-31": "1.17700"}, "Total Change In Assets/Liabilities": {"2020-12-31": 327.723, "2020-09-30": -266.878, "2020-06-30": -47.098, "2020-03-31": "-49.29700", "2019-12-31": 329.796, "2019-09-30": -362.032, "2019-06-30": -108.414, "2019-03-31": "-47.57800", "2018-12-31": 253.968, "2018-09-30": -319.354, "2018-06-30": -5.886, "2018-03-31": "7.70200", "2017-12-31": 299.684, "2017-09-30": -278.888, "2017-06-30": 63.131, "2017-03-31": "26.87700", "2016-12-31": 275.644, "2016-09-30": -292.008, "2016-06-30": -7.102, "2016-03-31": "43.56500", "2015-12-31": 234.335, "2015-09-30": -339.241, "2015-06-30": -14.954, "2015-03-31": "-18.59500", "2014-12-31": 226.774, "2014-09-30": -252.258, "2014-06-30": 10.731, "2014-03-31": "4.96400", "2013-12-31": 186.221, "2013-09-30": -178.127, "2013-06-30": 64.367, "2013-03-31": "41.83200", "2012-12-31": 200.671, "2012-09-30": -204.955, "2012-06-30": -8.093, "2012-03-31": "4.75500", "2011-12-31": 156.156, "2011-09-30": -233.904, "2011-06-30": -23.439, "2011-03-31": "8.99900", "2010-12-31": 110.441, "2010-09-30": -185.03, "2010-06-30": -3.928, "2010-03-31": "-0.38600", "2009-12-31": 181.762, "2009-09-30": -150.773, "2009-06-30": 29.43, "2009-03-31": "42.48400", "2008-12-31": 93.992, "2008-09-30": -194.067, "2008-06-30": 66.245, "2008-03-31": "31.66800", "2007-12-31": 140.387, "2007-09-30": -212.914, "2007-06-30": 0.183, "2007-03-31": "15.90500", "2006-12-31": 140.908, "2006-09-30": -197.032, "2006-06-30": 25.001, "2006-03-31": "31.11700", "2005-12-31": 90.569, "2005-09-30": -156.416, "2005-06-30": 19.22, "2005-03-31": "24.02900"}, "Cash Flow From Operating Activities": {"2020-12-31": 474.037, "2020-09-30": -160.684, "2020-06-30": -50.03, "2020-03-31": "12.75400", "2019-12-31": 483.611, "2019-09-30": -200.756, "2019-06-30": -56.047, "2019-03-31": "58.64400", "2018-12-31": 387.635, "2018-09-30": -197.391, "2018-06-30": 21.973, "2018-03-31": "77.35200", "2017-12-31": 353.559, "2017-09-30": -169.478, "2017-06-30": 68.818, "2017-03-31": "88.22900", "2016-12-31": 360.334, "2016-09-30": -187.869, "2016-06-30": 5.706, "2016-03-31": "96.99600", "2015-12-31": 305.97, "2015-09-30": -235.001, "2015-06-30": -4.571, "2015-03-31": "28.70700", "2014-12-31": 294.312, "2014-09-30": -171.483, "2014-06-30": 19.458, "2014-03-31": "43.49600", "2013-12-31": 250.552, "2013-09-30": -111.98, "2013-06-30": 69.868, "2013-03-31": "65.83500", "2012-12-31": 259.244, "2012-09-30": -129.275, "2012-06-30": -3.514, "2012-03-31": "22.21300", "2011-12-31": 205.821, "2011-09-30": -153.994, "2011-06-30": -24.385, "2011-03-31": "36.35400", "2010-12-31": 131.605, "2010-09-30": -124.552, "2010-06-30": -3.47, "2010-03-31": "19.93400", "2009-12-31": 214.29, "2009-09-30": -88.168, "2009-06-30": 29.468, "2009-03-31": "58.78200", "2008-12-31": 139.441, "2008-09-30": -125.975, "2008-06-30": 70.56, "2008-03-31": "60.90400", "2007-12-31": 192.737, "2007-09-30": -139.846, "2007-06-30": 20.013, "2007-03-31": "51.41100", "2006-12-31": 182.184, "2006-09-30": -127.509, "2006-06-30": 38.904, "2006-03-31": "59.53000", "2005-12-31": 128.674, "2005-09-30": -80.191, "2005-06-30": 32.318, "2005-03-31": "54.41600"}, "Net Change In Property, Plant, And Equipment": {"2020-12-31": -3.594, "2020-09-30": -4.205, "2020-06-30": -11.507, "2020-03-31": "-9.45200", "2019-12-31": -18.989, "2019-09-30": -53.727, "2019-06-30": -25.601, "2019-03-31": "-25.19900", "2018-12-31": -20.432, "2018-09-30": -15.572, "2018-06-30": -17.328, "2018-03-31": "-12.27100", "2017-12-31": -11.521, "2017-09-30": -17.431, "2017-06-30": -12.873, "2017-03-31": "-11.24800", "2016-12-31": -14.354, "2016-09-30": -12.604, "2016-06-30": -12.908, "2016-03-31": "-10.02400", "2015-12-31": -22.103, "2015-09-30": -19.409, "2015-06-30": -12.863, "2015-03-31": "-15.39800", "2014-12-31": -17.427, "2014-09-30": -17.837, "2014-06-30": -7.201, "2014-03-31": "-17.74700", "2013-12-31": -20.224, "2013-09-30": -17.651, "2013-06-30": -16.728, "2013-03-31": "-14.72900", "2012-12-31": -10.967, "2012-09-30": -11.025, "2012-06-30": -9.396, "2012-03-31": "-12.00400", "2011-12-31": -38.233, "2011-09-30": -17.523, "2011-06-30": -13.47, "2011-03-31": "-9.01000", "2010-12-31": -7.829, "2010-09-30": -6.605, "2010-06-30": -8.306, "2010-03-31": "-6.05600", "2009-12-31": -8.371, "2009-09-30": -10.215, "2009-06-30": -9.297, "2009-03-31": "-5.16000", "2008-12-31": -14.704, "2008-09-30": -8.953, "2008-06-30": -14.357, "2008-03-31": "-9.51400", "2007-12-31": -14.226, "2007-09-30": -4.486, "2007-06-30": -7.245, "2007-03-31": "-5.98200", "2006-12-31": -3.863, "2006-09-30": -6.342, "2006-06-30": -21.583, "2006-03-31": "-15.57100", "2005-12-31": -11.739, "2005-09-30": -12.228, "2005-06-30": -7.745, "2005-03-31": "-4.76200"}, "Net Change In Intangible Assets": {"2020-12-31": 0, "2020-09-30": 0, "2020-06-30": 0, "2020-03-31": "", "2019-12-31": 0, "2019-09-30": 0, "2019-06-30": 0, "2019-03-31": "", "2018-12-31": 0, "2018-09-30": 0, "2018-06-30": 0, "2018-03-31": "", "2017-12-31": 0, "2017-09-30": 0, "2017-06-30": 0, "2017-03-31": "", "2016-12-31": 0, "2016-09-30": 0, "2016-06-30": 0, "2016-03-31": "", "2015-12-31": 0, "2015-09-30": 0, "2015-06-30": 0, "2015-03-31": "", "2014-12-31": 0, "2014-09-30": 0, "2014-06-30": 0, "2014-03-31": "", "2013-12-31": 0, "2013-09-30": 0, "2013-06-30": 0, "2013-03-31": "", "2012-12-31": 0, "2012-09-30": 0, "2012-06-30": 0, "2012-03-31": "", "2011-12-31": 0, "2011-09-30": 0, "2011-06-30": 0, "2011-03-31": "", "2010-12-31": 0, "2010-09-30": 0, "2010-06-30": 0, "2010-03-31": "", "2009-12-31": 0, "2009-09-30": 0, "2009-06-30": 0, "2009-03-31": "", "2008-12-31": 0, "2008-09-30": 0, "2008-06-30": 0, "2008-03-31": "", "2007-12-31": 0, "2007-09-30": 0, "2007-06-30": 0, "2007-03-31": "", "2006-12-31": 0, "2006-09-30": 0, "2006-06-30": 0, "2006-03-31": "1.70000", "2005-12-31": 0, "2005-09-30": 0, "2005-06-30": 0, "2005-03-31": ""}, "Net Acquisitions/Divestitures": {"2020-12-31": 0, "2020-09-30": 0, "2020-06-30": 0, "2020-03-31": "", "2019-12-31": 0, "2019-09-30": 0, "2019-06-30": 0, "2019-03-31": "", "2018-12-31": 0, "2018-09-30": 0, "2018-06-30": 0, "2018-03-31": "", "2017-12-31": 0, "2017-09-30": 0, "2017-06-30": 0, "2017-03-31": "", "2016-12-31": 0, "2016-09-30": 0, "2016-06-30": 0, "2016-03-31": "", "2015-12-31": 0, "2015-09-30": 0, "2015-06-30": 0, "2015-03-31": "", "2014-12-31": 0, "2014-09-30": 0, "2014-06-30": -188.467, "2014-03-31": "", "2013-12-31": 0, "2013-09-30": 0, "2013-06-30": 0, "2013-03-31": "", "2012-12-31": 0, "2012-09-30": 0, "2012-06-30": 0, "2012-03-31": "", "2011-12-31": 0, "2011-09-30": 0, "2011-06-30": 0, "2011-03-31": "", "2010-12-31": 0, "2010-09-30": -16.315, "2010-06-30": 0, "2010-03-31": "", "2009-12-31": 0, "2009-09-30": 0, "2009-06-30": 0, "2009-03-31": "", "2008-12-31": 0, "2008-09-30": 0, "2008-06-30": 0, "2008-03-31": "", "2007-12-31": 0, "2007-09-30": 0, "2007-06-30": -0.225, "2007-03-31": "0.22500", "2006-12-31": 0, "2006-09-30": 0, "2006-06-30": 0, "2006-03-31": "-35.37700", "2005-12-31": 0, "2005-09-30": -1.631, "2005-06-30": 0, "2005-03-31": ""}, "Net Change In Short-term Investments": {"2020-12-31": 0.001, "2020-09-30": 0, "2020-06-30": 34.999, "2020-03-31": "-33.41300", "2019-12-31": 0, "2019-09-30": 137, "2019-06-30": 135.501, "2019-03-31": "-8.25700", "2018-12-31": 6.923, "2018-09-30": -4.366, "2018-06-30": -173.128, "2018-03-31": "3.94300", "2017-12-31": -76.892, "2017-09-30": -16.884, "2017-06-30": 32.878, "2017-03-31": "-33.81300", "2016-12-31": 0, "2016-09-30": 12.408, "2016-06-30": 8.373, "2016-03-31": "-20.78100", "2015-12-31": 0, "2015-09-30": 45.767, "2015-06-30": 6.801, "2015-03-31": "-25.79600", "2014-12-31": -26.772, "2014-09-30": 26.689, "2014-06-30": 12.323, "2014-03-31": "52.41200", "2013-12-31": -62.634, "2013-09-30": 60.729, "2013-06-30": -18.532, "2013-03-31": "-26.31700", "2012-12-31": -42.529, "2012-09-30": 33.192, "2012-06-30": -23.163, "2012-03-31": "-9.15000", "2011-12-31": -0.55, "2011-09-30": 88.09, "2011-06-30": 9.642, "2011-03-31": "-31.46100", "2010-12-31": -6.492, "2010-09-30": -10.545, "2010-06-30": -1.872, "2010-03-31": "-27.16100", "2009-12-31": -5.077, "2009-09-30": -15.065, "2009-06-30": 25.163, "2009-03-31": "-5.16300", "2008-12-31": -20, "2008-09-30": 0, "2008-06-30": -0.782, "2008-03-31": "80.01000", "2007-12-31": -14.65, "2007-09-30": 89.725, "2007-06-30": 32.806, "2007-03-31": "-34.19000", "2006-12-31": -113.59, "2006-09-30": 84.545, "2006-06-30": 55.727, "2006-03-31": "-22.77700", "2005-12-31": -130.975, "2005-09-30": 39.91, "2005-06-30": 113.04, "2005-03-31": "-20.84500"}, "Net Change In Long-Term Investments": {"2020-12-31": 0, "2020-09-30": 0, "2020-06-30": 0, "2020-03-31": "", "2019-12-31": 0, "2019-09-30": 0, "2019-06-30": 0, "2019-03-31": "", "2018-12-31": 0, "2018-09-30": 0, "2018-06-30": 0, "2018-03-31": "", "2017-12-31": 0, "2017-09-30": 0, "2017-06-30": 0, "2017-03-31": "", "2016-12-31": 0, "2016-09-30": 0, "2016-06-30": 0, "2016-03-31": "", "2015-12-31": 0, "2015-09-30": 0, "2015-06-30": 0, "2015-03-31": "", "2014-12-31": 0, "2014-09-30": 0, "2014-06-30": 0, "2014-03-31": "", "2013-12-31": 0, "2013-09-30": 0, "2013-06-30": 0, "2013-03-31": "", "2012-12-31": 0, "2012-09-30": 0, "2012-06-30": 0, "2012-03-31": "", "2011-12-31": 0, "2011-09-30": 0, "2011-06-30": 0, "2011-03-31": "", "2010-12-31": 0, "2010-09-30": 0, "2010-06-30": 0, "2010-03-31": "", "2009-12-31": 0, "2009-09-30": 0, "2009-06-30": 0, "2009-03-31": "", "2008-12-31": 0, "2008-09-30": 0, "2008-06-30": 0, "2008-03-31": "", "2007-12-31": 0, "2007-09-30": 0, "2007-06-30": 0, "2007-03-31": "", "2006-12-31": 0, "2006-09-30": 0, "2006-06-30": 0, "2006-03-31": "", "2005-12-31": 0, "2005-09-30": 0, "2005-06-30": 0, "2005-03-31": ""}, "Net Change In Investments - Total": {"2020-12-31": 0.001, "2020-09-30": 0, "2020-06-30": 34.999, "2020-03-31": "-33.41300", "2019-12-31": 0, "2019-09-30": 137, "2019-06-30": 135.501, "2019-03-31": "-8.25700", "2018-12-31": 6.923, "2018-09-30": -4.366, "2018-06-30": -173.128, "2018-03-31": "3.94300", "2017-12-31": -76.892, "2017-09-30": -16.884, "2017-06-30": 32.878, "2017-03-31": "-33.81300", "2016-12-31": 0, "2016-09-30": 12.408, "2016-06-30": 8.373, "2016-03-31": "-20.78100", "2015-12-31": 0, "2015-09-30": 45.767, "2015-06-30": 6.801, "2015-03-31": "-25.79600", "2014-12-31": -26.772, "2014-09-30": 26.689, "2014-06-30": 12.323, "2014-03-31": "52.41200", "2013-12-31": -62.634, "2013-09-30": 60.729, "2013-06-30": -18.532, "2013-03-31": "-26.31700", "2012-12-31": -42.529, "2012-09-30": 33.192, "2012-06-30": -23.163, "2012-03-31": "-9.15000", "2011-12-31": -0.55, "2011-09-30": 88.09, "2011-06-30": 9.642, "2011-03-31": "-31.46100", "2010-12-31": -6.492, "2010-09-30": -10.545, "2010-06-30": -1.872, "2010-03-31": "-27.16100", "2009-12-31": -5.077, "2009-09-30": -15.065, "2009-06-30": 25.163, "2009-03-31": "-5.16300", "2008-12-31": -20, "2008-09-30": 0, "2008-06-30": -0.782, "2008-03-31": "80.01000", "2007-12-31": -14.65, "2007-09-30": 89.725, "2007-06-30": 32.806, "2007-03-31": "-34.19000", "2006-12-31": -113.59, "2006-09-30": 84.545, "2006-06-30": 55.727, "2006-03-31": "-22.77700", "2005-12-31": -130.975, "2005-09-30": 39.91, "2005-06-30": 113.04, "2005-03-31": "-20.84500"}, "Investing Activities - Other": {"2020-12-31": 0, "2020-09-30": 0, "2020-06-30": 0, "2020-03-31": "", "2019-12-31": 0, "2019-09-30": 0, "2019-06-30": 0, "2019-03-31": "", "2018-12-31": 0, "2018-09-30": 0, "2018-06-30": 0, "2018-03-31": "", "2017-12-31": 0, "2017-09-30": 0, "2017-06-30": 0, "2017-03-31": "", "2016-12-31": 0, "2016-09-30": 0, "2016-06-30": 0, "2016-03-31": "", "2015-12-31": 0, "2015-09-30": 0, "2015-06-30": 0, "2015-03-31": "", "2014-12-31": 0, "2014-09-30": 0, "2014-06-30": 0, "2014-03-31": "", "2013-12-31": 0, "2013-09-30": 0, "2013-06-30": 0, "2013-03-31": "", "2012-12-31": 0, "2012-09-30": 0, "2012-06-30": 0, "2012-03-31": "", "2011-12-31": 0, "2011-09-30": 0, "2011-06-30": 0, "2011-03-31": "", "2010-12-31": 0, "2010-09-30": 0, "2010-06-30": 0, "2010-03-31": "", "2009-12-31": 0, "2009-09-30": 0, "2009-06-30": 0, "2009-03-31": "", "2008-12-31": 0, "2008-09-30": 0, "2008-06-30": 0, "2008-03-31": "", "2007-12-31": 0, "2007-09-30": 0, "2007-06-30": 0.048, "2007-03-31": "-0.04800", "2006-12-31": 0.532, "2006-09-30": -0.48, "2006-06-30": -0.026, "2006-03-31": "-0.02600", "2005-12-31": -0.019, "2005-09-30": -0.532, "2005-06-30": 0.026, "2005-03-31": "-0.02600"}, "Cash Flow From Investing Activities": {"2020-12-31": -3.593, "2020-09-30": -4.205, "2020-06-30": 23.492, "2020-03-31": "-42.86500", "2019-12-31": -18.989, "2019-09-30": 83.273, "2019-06-30": 109.9, "2019-03-31": "-33.45600", "2018-12-31": -13.509, "2018-09-30": -19.938, "2018-06-30": -190.456, "2018-03-31": "-8.32800", "2017-12-31": -88.413, "2017-09-30": -34.315, "2017-06-30": 20.005, "2017-03-31": "-45.06100", "2016-12-31": -14.354, "2016-09-30": -0.196, "2016-06-30": -4.535, "2016-03-31": "-30.80500", "2015-12-31": -22.103, "2015-09-30": 26.358, "2015-06-30": -6.062, "2015-03-31": "-41.19400", "2014-12-31": -44.199, "2014-09-30": 8.852, "2014-06-30": -183.345, "2014-03-31": "34.66500", "2013-12-31": -82.858, "2013-09-30": 43.078, "2013-06-30": -35.26, "2013-03-31": "-41.04600", "2012-12-31": -53.496, "2012-09-30": 22.167, "2012-06-30": -32.559, "2012-03-31": "-21.15400", "2011-12-31": -38.783, "2011-09-30": 70.567, "2011-06-30": -3.828, "2011-03-31": "-40.47100", "2010-12-31": -14.321, "2010-09-30": -33.465, "2010-06-30": -10.178, "2010-03-31": "-33.21700", "2009-12-31": -13.448, "2009-09-30": -25.28, "2009-06-30": 15.866, "2009-03-31": "-10.32300", "2008-12-31": -34.704, "2008-09-30": -8.953, "2008-06-30": -15.139, "2008-03-31": "70.49600", "2007-12-31": -28.876, "2007-09-30": 85.239, "2007-06-30": 25.384, "2007-03-31": "-39.99500", "2006-12-31": -116.921, "2006-09-30": 77.723, "2006-06-30": 34.118, "2006-03-31": "-72.05100", "2005-12-31": -142.733, "2005-09-30": 25.519, "2005-06-30": 105.321, "2005-03-31": "-25.63300"}, "Net Long-Term Debt": {"2020-12-31": 0, "2020-09-30": 0, "2020-06-30": 0, "2020-03-31": "", "2019-12-31": 0, "2019-09-30": 0, "2019-06-30": 0, "2019-03-31": "", "2018-12-31": 0, "2018-09-30": 0, "2018-06-30": 0, "2018-03-31": "", "2017-12-31": 0, "2017-09-30": 0, "2017-06-30": -14.236, "2017-03-31": "", "2016-12-31": 0, "2016-09-30": 0, "2016-06-30": 0, "2016-03-31": "", "2015-12-31": 0, "2015-09-30": 0, "2015-06-30": 0, "2015-03-31": "", "2014-12-31": 0, "2014-09-30": 0, "2014-06-30": 0, "2014-03-31": "16.07200", "2013-12-31": 0, "2013-09-30": 0, "2013-06-30": 0, "2013-03-31": "", "2012-12-31": 0, "2012-09-30": 0, "2012-06-30": 0, "2012-03-31": "", "2011-12-31": 0, "2011-09-30": 0, "2011-06-30": 0, "2011-03-31": "", "2010-12-31": 0, "2010-09-30": 0, "2010-06-30": 0, "2010-03-31": "", "2009-12-31": 0, "2009-09-30": 0, "2009-06-30": 0.001, "2009-03-31": "-0.00500", "2008-12-31": -0.004, "2008-09-30": -0.029, "2008-06-30": -0.002, "2008-03-31": "0.01400", "2007-12-31": -0.005, "2007-09-30": -0.006, "2007-06-30": -0.006, "2007-03-31": "-0.00500", "2006-12-31": -7.149, "2006-09-30": -4.05, "2006-06-30": -0.005, "2006-03-31": "-2.55500", "2005-12-31": 0.031, "2005-09-30": -4.065, "2005-06-30": -1.035, "2005-03-31": "-0.52100"}, "Net Current Debt": {"2020-12-31": -0.251, "2020-09-30": -2.842, "2020-06-30": -172.296, "2020-03-31": "174.66500", "2019-12-31": 0, "2019-09-30": 0, "2019-06-30": 0, "2019-03-31": "", "2018-12-31": -8.311, "2018-09-30": 8.311, "2018-06-30": 0, "2018-03-31": "", "2017-12-31": 0, "2017-09-30": 0, "2017-06-30": 0, "2017-03-31": "", "2016-12-31": -0.02, "2016-09-30": -2.343, "2016-06-30": 2.363, "2016-03-31": "-1.94000", "2015-12-31": -19.226, "2015-09-30": 21.176, "2015-06-30": 0, "2015-03-31": "", "2014-12-31": -2.137, "2014-09-30": 2.288, "2014-06-30": 0, "2014-03-31": "", "2013-12-31": 0, "2013-09-30": 0, "2013-06-30": 0, "2013-03-31": "-0.15600", "2012-12-31": -10.05, "2012-09-30": 10.206, "2012-06-30": 0, "2012-03-31": "", "2011-12-31": 0, "2011-09-30": 0, "2011-06-30": 0, "2011-03-31": "", "2010-12-31": 0, "2010-09-30": 0, "2010-06-30": 0, "2010-03-31": "", "2009-12-31": 0, "2009-09-30": 0, "2009-06-30": 0, "2009-03-31": "", "2008-12-31": 0, "2008-09-30": 0, "2008-06-30": 0, "2008-03-31": "", "2007-12-31": -0.001, "2007-09-30": 0.001, "2007-06-30": 0.002, "2007-03-31": "-3.62700", "2006-12-31": -26.022, "2006-09-30": 29.749, "2006-06-30": -16.179, "2006-03-31": "-30.49400", "2005-12-31": 39.775, "2005-09-30": 0, "2005-06-30": 0, "2005-03-31": ""}, "Debt Issuance/Retirement Net - Total": {"2020-12-31": -0.251, "2020-09-30": -2.842, "2020-06-30": -172.296, "2020-03-31": "174.66500", "2019-12-31": 0, "2019-09-30": 0, "2019-06-30": 0, "2019-03-31": "", "2018-12-31": -8.311, "2018-09-30": 8.311, "2018-06-30": 0, "2018-03-31": "", "2017-12-31": 0, "2017-09-30": 0, "2017-06-30": -14.236, "2017-03-31": "", "2016-12-31": -0.02, "2016-09-30": -2.343, "2016-06-30": 2.363, "2016-03-31": "-1.94000", "2015-12-31": -19.226, "2015-09-30": 21.176, "2015-06-30": 0, "2015-03-31": "", "2014-12-31": -2.137, "2014-09-30": 2.288, "2014-06-30": 0, "2014-03-31": "16.07200", "2013-12-31": 0, "2013-09-30": 0, "2013-06-30": 0, "2013-03-31": "-0.15600", "2012-12-31": -10.05, "2012-09-30": 10.206, "2012-06-30": 0, "2012-03-31": "", "2011-12-31": 0, "2011-09-30": 0, "2011-06-30": 0, "2011-03-31": "", "2010-12-31": 0, "2010-09-30": 0, "2010-06-30": 0, "2010-03-31": "", "2009-12-31": 0, "2009-09-30": 0, "2009-06-30": 0.001, "2009-03-31": "-0.00500", "2008-12-31": -0.004, "2008-09-30": -0.029, "2008-06-30": -0.002, "2008-03-31": "0.01400", "2007-12-31": -0.006, "2007-09-30": -0.005, "2007-06-30": -0.004, "2007-03-31": "-3.63200", "2006-12-31": -33.171, "2006-09-30": 25.699, "2006-06-30": -16.184, "2006-03-31": "-33.04900", "2005-12-31": 39.806, "2005-09-30": -4.065, "2005-06-30": -1.035, "2005-03-31": "-0.52100"}, "Net Common Equity Issued/Repurchased": {"2020-12-31": 2.126, "2020-09-30": 2.806, "2020-06-30": 0.891, "2020-03-31": "-131.79300", "2019-12-31": -3.357, "2019-09-30": -9.545, "2019-06-30": -78.741, "2019-03-31": "-10.26600", "2018-12-31": -92.402, "2018-09-30": -65.579, "2018-06-30": -16.416, "2018-03-31": "-8.71900", "2017-12-31": 3.89, "2017-09-30": 5.45, "2017-06-30": 0.273, "2017-03-31": "-25.20900", "2016-12-31": 2.425, "2016-09-30": 1.629, "2016-06-30": 1.685, "2016-03-31": "7.41700", "2015-12-31": -55.002, "2015-09-30": 2.53, "2015-06-30": -11.255, "2015-03-31": "11.10100", "2014-12-31": -12.009, "2014-09-30": 0.269, "2014-06-30": 7.849, "2014-03-31": "11.16800", "2013-12-31": 5.338, "2013-09-30": 3.149, "2013-06-30": 5.045, "2013-03-31": "6.00500", "2012-12-31": 4.993, "2012-09-30": 5.408, "2012-06-30": 0.518, "2012-03-31": "3.47500", "2011-12-31": -2.922, "2011-09-30": -15.851, "2011-06-30": 3.921, "2011-03-31": "5.84300", "2010-12-31": 1.825, "2010-09-30": -9.434, "2010-06-30": 3.756, "2010-03-31": "-2.65200", "2009-12-31": -1.577, "2009-09-30": -5.038, "2009-06-30": 0.068, "2009-03-31": "-0.14200", "2008-12-31": -4.295, "2008-09-30": -34.129, "2008-06-30": -1.757, "2008-03-31": "-40.19600", "2007-12-31": -14.197, "2007-09-30": 0.3, "2007-06-30": -14.118, "2007-03-31": "10.35800", "2006-12-31": 7.609, "2006-09-30": 4.91, "2006-06-30": -67.401, "2006-03-31": "1.10400", "2005-12-31": -43.537, "2005-09-30": 2.475, "2005-06-30": -114.761, "2005-03-31": "0.82600"}, "Net Total Equity Issued/Repurchased": {"2020-12-31": 2.126, "2020-09-30": 2.806, "2020-06-30": 0.891, "2020-03-31": "-131.79300", "2019-12-31": -3.357, "2019-09-30": -9.545, "2019-06-30": -78.741, "2019-03-31": "-10.26600", "2018-12-31": -92.402, "2018-09-30": -65.579, "2018-06-30": -16.416, "2018-03-31": "-8.71900", "2017-12-31": 3.89, "2017-09-30": 5.45, "2017-06-30": 0.273, "2017-03-31": "-25.20900", "2016-12-31": 2.425, "2016-09-30": 1.629, "2016-06-30": 1.685, "2016-03-31": "7.41700", "2015-12-31": -55.002, "2015-09-30": 2.53, "2015-06-30": -11.255, "2015-03-31": "11.10100", "2014-12-31": -12.009, "2014-09-30": 0.269, "2014-06-30": 7.849, "2014-03-31": "11.16800", "2013-12-31": 5.338, "2013-09-30": 3.149, "2013-06-30": 5.045, "2013-03-31": "6.00500", "2012-12-31": 4.993, "2012-09-30": 5.408, "2012-06-30": 0.518, "2012-03-31": "3.47500", "2011-12-31": -2.922, "2011-09-30": -15.851, "2011-06-30": 3.921, "2011-03-31": "5.84300", "2010-12-31": 1.825, "2010-09-30": -9.434, "2010-06-30": 3.756, "2010-03-31": "-2.65200", "2009-12-31": -1.577, "2009-09-30": -5.038, "2009-06-30": 0.068, "2009-03-31": "-0.14200", "2008-12-31": -4.295, "2008-09-30": -34.129, "2008-06-30": -1.757, "2008-03-31": "-40.19600", "2007-12-31": -14.197, "2007-09-30": 0.3, "2007-06-30": -14.118, "2007-03-31": "10.35800", "2006-12-31": 7.609, "2006-09-30": 4.91, "2006-06-30": -67.401, "2006-03-31": "1.10400", "2005-12-31": -43.537, "2005-09-30": 2.475, "2005-06-30": -114.761, "2005-03-31": "0.82600"}, "Total Common And Preferred Stock Dividends Paid": {"2020-12-31": 0, "2020-09-30": 0, "2020-06-30": 0, "2020-03-31": "-17.19500", "2019-12-31": -16.21, "2019-09-30": -16.231, "2019-06-30": -16.268, "2019-03-31": "-16.41800", "2018-12-31": -16.504, "2018-09-30": -35.253, "2018-06-30": -15.404, "2018-03-31": "-15.45200", "2017-12-31": -13.292, "2017-09-30": -12.571, "2017-06-30": -12.547, "2017-03-31": "-12.49900", "2016-12-31": -12.574, "2016-09-30": -11.859, "2016-06-30": -11.848, "2016-03-31": "-11.84100", "2015-12-31": -11.88, "2015-09-30": -10.554, "2015-06-30": -10.556, "2015-03-31": "-10.55700", "2014-12-31": -10.467, "2014-09-30": -9.813, "2014-06-30": -9.794, "2014-03-31": "-9.76200", "2013-12-31": -8.633, "2013-09-30": -7.584, "2013-06-30": -7.56, "2013-03-31": "-7.52100", "2012-12-31": -7.471, "2012-09-30": -7.46, "2012-06-30": -7.43, "2012-03-31": "-7.41900", "2011-12-31": -7.398, "2011-09-30": -7.44, "2011-06-30": -7.475, "2011-03-31": "-6.76200", "2010-12-31": -57.231, "2010-09-30": -6.057, "2010-06-30": -6.086, "2010-03-31": "-6.06500", "2009-12-31": -6.072, "2009-09-30": -5.417, "2009-06-30": -5.423, "2009-03-31": "-5.41900", "2008-12-31": -5.417, "2008-09-30": -5.509, "2008-06-30": -5.567, "2008-03-31": "-5.60500", "2007-12-31": -5.729, "2007-09-30": -5.056, "2007-06-30": -5.055, "2007-03-31": "-5.07500", "2006-12-31": -5.026, "2006-09-30": 0, "2006-06-30": 0, "2006-03-31": "", "2005-12-31": 0, "2005-09-30": 0, "2005-06-30": 0, "2005-03-31": ""}, "Financial Activities - Other": {"2020-12-31": -1.261, "2020-09-30": -0.572, "2020-06-30": -1.771, "2020-03-31": "-4.20700", "2019-12-31": -0.067, "2019-09-30": -0.15, "2019-06-30": -4.067, "2019-03-31": "-19.40200", "2018-12-31": -0.064, "2018-09-30": -0.09, "2018-06-30": -0.098, "2018-03-31": "-4.03300", "2017-12-31": -0.077, "2017-09-30": -0.046, "2017-06-30": -0.026, "2017-03-31": "-3.51300", "2016-12-31": -0.247, "2016-09-30": -0.064, "2016-06-30": -0.05, "2016-03-31": "-4.75600", "2015-12-31": -0.031, "2015-09-30": 1.198, "2015-06-30": 1.038, "2015-03-31": "0.77300", "2014-12-31": 0.726, "2014-09-30": -0.01, "2014-06-30": 1.304, "2014-03-31": "-0.23400", "2013-12-31": 0.302, "2013-09-30": 0.033, "2013-06-30": 8.223, "2013-03-31": "-1.31700", "2012-12-31": 0.187, "2012-09-30": 0.27, "2012-06-30": -0.036, "2012-03-31": "-0.89100", "2011-12-31": -0.018, "2011-09-30": -0.057, "2011-06-30": 0.328, "2011-03-31": "-1.39900", "2010-12-31": 0.004, "2010-09-30": 0.003, "2010-06-30": 0.096, "2010-03-31": "-0.45800", "2009-12-31": -0.603, "2009-09-30": 0.005, "2009-06-30": 0, "2009-03-31": "0.01500", "2008-12-31": 0.035, "2008-09-30": 0.023, "2008-06-30": 0.006, "2008-03-31": "0.00800", "2007-12-31": 0.139, "2007-09-30": 0.07, "2007-06-30": 0.402, "2007-03-31": "1.20000", "2006-12-31": 1.125, "2006-09-30": 0.236, "2006-06-30": 0.523, "2006-03-31": "0.26400", "2005-12-31": 0, "2005-09-30": 0, "2005-06-30": 0, "2005-03-31": ""}, "Cash Flow From Financial Activities": {"2020-12-31": 0.614, "2020-09-30": -0.608, "2020-06-30": -173.176, "2020-03-31": "21.47000", "2019-12-31": -19.634, "2019-09-30": -25.926, "2019-06-30": -99.076, "2019-03-31": "-46.08600", "2018-12-31": -117.281, "2018-09-30": -92.611, "2018-06-30": -31.918, "2018-03-31": "-28.20400", "2017-12-31": -9.479, "2017-09-30": -7.167, "2017-06-30": -26.536, "2017-03-31": "-41.22100", "2016-12-31": -10.416, "2016-09-30": -12.637, "2016-06-30": -7.85, "2016-03-31": "-11.12000", "2015-12-31": -86.139, "2015-09-30": 14.35, "2015-06-30": -20.773, "2015-03-31": "1.31700", "2014-12-31": -23.887, "2014-09-30": -7.266, "2014-06-30": -0.641, "2014-03-31": "17.24400", "2013-12-31": -2.993, "2013-09-30": -4.402, "2013-06-30": 5.708, "2013-03-31": "-2.98900", "2012-12-31": -12.341, "2012-09-30": 8.424, "2012-06-30": -6.948, "2012-03-31": "-4.83500", "2011-12-31": -10.338, "2011-09-30": -23.348, "2011-06-30": -3.226, "2011-03-31": "-2.31800", "2010-12-31": -55.402, "2010-09-30": -15.488, "2010-06-30": -2.234, "2010-03-31": "-9.17500", "2009-12-31": -8.252, "2009-09-30": -10.45, "2009-06-30": -5.354, "2009-03-31": "-5.55100", "2008-12-31": -9.681, "2008-09-30": -39.644, "2008-06-30": -7.325, "2008-03-31": "-45.77400", "2007-12-31": -19.793, "2007-09-30": -4.691, "2007-06-30": -18.775, "2007-03-31": "2.85100", "2006-12-31": -29.463, "2006-09-30": 30.845, "2006-06-30": -83.062, "2006-03-31": "-31.68100", "2005-12-31": -3.731, "2005-09-30": -1.59, "2005-06-30": -115.796, "2005-03-31": "0.30500"}, "Net Cash Flow": {"2020-12-31": 477.296, "2020-09-30": -161.364, "2020-06-30": -196.315, "2020-03-31": "-14.90100", "2019-12-31": 446.698, "2019-09-30": -146.839, "2019-06-30": -44.297, "2019-03-31": "-21.34800", "2018-12-31": 255.65, "2018-09-30": -314.511, "2018-06-30": -206.56, "2018-03-31": "44.05000", "2017-12-31": 261.361, "2017-09-30": -208.834, "2017-06-30": 64.633, "2017-03-31": "4.61700", "2016-12-31": 332.2, "2016-09-30": -196.755, "2016-06-30": -14.056, "2016-03-31": "60.23000", "2015-12-31": 196.36, "2015-09-30": -197.652, "2015-06-30": -30.542, "2015-03-31": "-11.95400", "2014-12-31": 228.311, "2014-09-30": -181.918, "2014-06-30": -160.873, "2014-03-31": "90.54900", "2013-12-31": 163.329, "2013-09-30": -66.268, "2013-06-30": 36.774, "2013-03-31": "12.87300", "2012-12-31": 196.617, "2012-09-30": -99.081, "2012-06-30": -47.48, "2012-03-31": "-0.30900", "2011-12-31": 153.092, "2011-09-30": -119.487, "2011-06-30": -27.553, "2011-03-31": "0.72500", "2010-12-31": 60.32, "2010-09-30": -172.706, "2010-06-30": -19.305, "2010-03-31": "-20.71600", "2009-12-31": 193.785, "2009-09-30": -122.387, "2009-06-30": 43.154, "2009-03-31": "41.49500", "2008-12-31": 87.662, "2008-09-30": -181.93, "2008-06-30": 48.64, "2008-03-31": "84.29500", "2007-12-31": 143.036, "2007-09-30": -59.034, "2007-06-30": 28.682, "2007-03-31": "14.38600", "2006-12-31": 35.882, "2006-09-30": -18.628, "2006-06-30": -9.571, "2006-03-31": "-43.89400", "2005-12-31": -19.105, "2005-09-30": -54.673, "2005-06-30": 17.586, "2005-03-31": "27.26000"}, "Stock-Based Compensation": {"2020-12-31": 4.976, "2020-09-30": 5.09, "2020-06-30": 4.037, "2020-03-31": "3.67500", "2019-12-31": 4.673, "2019-09-30": 4.378, "2019-06-30": 4.566, "2019-03-31": "4.21500", "2018-12-31": 4.044, "2018-09-30": 3.648, "2018-06-30": 3.486, "2018-03-31": "3.11300", "2017-12-31": 3.009, "2017-09-30": 2.558, "2017-06-30": 2.778, "2017-03-31": "2.94100", "2016-12-31": 2.532, "2016-09-30": 3.001, "2016-06-30": 2.38, "2016-03-31": "3.07300", "2015-12-31": 2.941, "2015-09-30": 2.792, "2015-06-30": 2.993, "2015-03-31": "2.94600", "2014-12-31": 2.984, "2014-09-30": 2.928, "2014-06-30": 2.631, "2014-03-31": "2.57700", "2013-12-31": 2.346, "2013-09-30": 2.25, "2013-06-30": 2.332, "2013-03-31": "1.95000", "2012-12-31": 2.126, "2012-09-30": 1.404, "2012-06-30": 2.191, "2012-03-31": "2.11200", "2011-12-31": 2.015, "2011-09-30": 2.051, "2011-06-30": 1.991, "2011-03-31": "1.81300", "2010-12-31": 1.726, "2010-09-30": 1.732, "2010-06-30": 1.727, "2010-03-31": "1.54500", "2009-12-31": 1.454, "2009-09-30": 1.712, "2009-06-30": 1.789, "2009-03-31": "1.39800", "2008-12-31": 1.4, "2008-09-30": 1.315, "2008-06-30": 1.587, "2008-03-31": "2.00000", "2007-12-31": 1.831, "2007-09-30": 1.733, "2007-06-30": 1.947, "2007-03-31": "1.74900", "2006-12-31": 1.684, "2006-09-30": 2.033, "2006-06-30": 2.986, "2006-03-31": "3.41700", "2005-12-31": 0, "2005-09-30": 0, "2005-06-30": 0, "2005-03-31": ""}, "Common Stock Dividends Paid": {"2020-12-31": 0, "2020-09-30": 0, "2020-06-30": 0, "2020-03-31": "-17.19500", "2019-12-31": -16.21, "2019-09-30": -16.231, "2019-06-30": -16.268, "2019-03-31": "-16.41800", "2018-12-31": -16.504, "2018-09-30": -35.253, "2018-06-30": -15.404, "2018-03-31": "-15.45200", "2017-12-31": -13.292, "2017-09-30": -12.571, "2017-06-30": -12.547, "2017-03-31": "-12.49900", "2016-12-31": -12.574, "2016-09-30": -11.859, "2016-06-30": -11.848, "2016-03-31": "-11.84100", "2015-12-31": -11.88, "2015-09-30": -10.554, "2015-06-30": -10.556, "2015-03-31": "-10.55700", "2014-12-31": -10.467, "2014-09-30": -9.813, "2014-06-30": -9.794, "2014-03-31": "-9.76200", "2013-12-31": -8.633, "2013-09-30": -7.584, "2013-06-30": -7.56, "2013-03-31": "-7.52100", "2012-12-31": -7.471, "2012-09-30": -7.46, "2012-06-30": -7.43, "2012-03-31": "-7.41900", "2011-12-31": -7.398, "2011-09-30": -7.44, "2011-06-30": -7.475, "2011-03-31": "-6.76200", "2010-12-31": -57.231, "2010-09-30": -6.057, "2010-06-30": -6.086, "2010-03-31": "-6.06500", "2009-12-31": -6.072, "2009-09-30": -5.417, "2009-06-30": -5.423, "2009-03-31": "-5.41900", "2008-12-31": -5.417, "2008-09-30": -5.509, "2008-06-30": -5.567, "2008-03-31": "-5.60500", "2007-12-31": -5.729, "2007-09-30": -5.056, "2007-06-30": -5.055, "2007-03-31": "-5.07500", "2006-12-31": -5.026, "2006-09-30": 0, "2006-06-30": 0, "2006-03-31": "", "2005-12-31": 0, "2005-09-30": 0, "2005-06-30": 0, "2005-03-31": ""}}, "financial ratios": {"Current Ratio": {"2019-12-31": "2.97310", "2018-12-31": "3.08140", "2017-12-31": "3.63620", "2016-12-31": "3.89150", "2015-12-31": "3.41300", "2014-12-31": "3.39310", "2013-12-31": "4.15090", "2012-12-31": "4.45370", "2011-12-31": "3.93080", "2010-12-31": "3.93790", "2009-12-31": "5.14100", "2008-12-31": "5.03800", "2007-12-31": "5.31830", "2006-12-31": "4.03220", "2005-12-31": "3.64830"}, "Long-term Debt / Capital": {"2019-12-31": "", "2018-12-31": "", "2017-12-31": "", "2016-12-31": "0.00880", "2015-12-31": "0.01050", "2014-12-31": "0.01150", "2013-12-31": "", "2012-12-31": "", "2011-12-31": "", "2010-12-31": "", "2009-12-31": "", "2008-12-31": "", "2007-12-31": "", "2006-12-31": "", "2005-12-31": "0.00990"}, "Debt/Equity Ratio": {"2019-12-31": "", "2018-12-31": "", "2017-12-31": "", "2016-12-31": "0.00890", "2015-12-31": "0.01200", "2014-12-31": "0.01160", "2013-12-31": "", "2012-12-31": "0.00010", "2011-12-31": "", "2010-12-31": "", "2009-12-31": "", "2008-12-31": "", "2007-12-31": "", "2006-12-31": "0.00430", "2005-12-31": "0.07310"}, "Gross Margin": {"2019-12-31": "49.81700", "2018-12-31": "49.47130", "2017-12-31": "47.03620", "2016-12-31": "46.71130", "2015-12-31": "46.14860", "2014-12-31": "45.46110", "2013-12-31": "44.13390", "2012-12-31": "42.90910", "2011-12-31": "43.40700", "2010-12-31": "42.42630", "2009-12-31": "42.12770", "2008-12-31": "43.08670", "2007-12-31": "42.75330", "2006-12-31": "42.01810", "2005-12-31": "43.58530"}, "Operating Margin": {"2019-12-31": "12.98190", "2018-12-31": "12.52470", "2017-12-31": "10.66330", "2016-12-31": "10.79100", "2015-12-31": "10.73520", "2014-12-31": "9.46610", "2013-12-31": "7.82160", "2012-12-31": "7.99780", "2011-12-31": "8.05240", "2010-12-31": "6.96500", "2009-12-31": "7.05470", "2008-12-31": "9.00760", "2007-12-31": "14.68530", "2006-12-31": "13.96110", "2005-12-31": "16.08990"}, "EBIT Margin": {"2019-12-31": "12.98190", "2018-12-31": "12.52470", "2017-12-31": "10.66330", "2016-12-31": "10.79100", "2015-12-31": "10.73520", "2014-12-31": "9.46610", "2013-12-31": "7.82160", "2012-12-31": "7.99780", "2011-12-31": "8.05240", "2010-12-31": "6.96500", "2009-12-31": "7.05470", "2008-12-31": "9.00760", "2007-12-31": "14.68530", "2006-12-31": "13.96110", "2005-12-31": "16.08990"}, "EBITDA Margin": {"2019-12-31": "16.98270", "2018-12-31": "14.60260", "2017-12-31": "13.09410", "2016-12-31": "13.31590", "2015-12-31": "13.16500", "2014-12-31": "12.03760", "2013-12-31": "10.24720", "2012-12-31": "10.44710", "2011-12-31": "10.62380", "2010-12-31": "9.55540", "2009-12-31": "9.96890", "2008-12-31": "11.37200", "2007-12-31": "16.92260", "2006-12-31": "15.78970", "2005-12-31": "18.12720"}, "Pre-Tax Profit Margin": {"2019-12-31": "13.32560", "2018-12-31": "12.87210", "2017-12-31": "10.81600", "2016-12-31": "10.80750", "2015-12-31": "10.63200", "2014-12-31": "9.45070", "2013-12-31": "7.79980", "2012-12-31": "8.02050", "2011-12-31": "8.12760", "2010-12-31": "7.07040", "2009-12-31": "7.22250", "2008-12-31": "9.57960", "2007-12-31": "15.34080", "2006-12-31": "14.39300", "2005-12-31": "16.51290"}, "Net Profit Margin": {"2019-12-31": "10.86250", "2018-12-31": "9.57260", "2017-12-31": "4.26270", "2016-12-31": "8.07300", "2015-12-31": "7.49460", "2014-12-31": "6.53020", "2013-12-31": "5.59890", "2012-12-31": "5.98110", "2011-12-31": "6.10860", "2010-12-31": "5.19280", "2009-12-31": "5.38740", "2008-12-31": "7.21240", "2007-12-31": "10.65250", "2006-12-31": "9.55350", "2005-12-31": "11.31140"}, "Asset Turnover": {"2019-12-31": "1.03780", "2018-12-31": "1.18310", "2017-12-31": "1.11440", "2016-12-31": "1.18030", "2015-12-31": "1.26000", "2014-12-31": "1.17210", "2013-12-31": "1.04950", "2012-12-31": "1.14440", "2011-12-31": "1.22530", "2010-12-31": "1.14580", "2009-12-31": "1.02570", "2008-12-31": "1.14770", "2007-12-31": "1.16250", "2006-12-31": "1.25350", "2005-12-31": "1.19440"}, "Inventory Turnover Ratio": {"2019-12-31": "2.51960", "2018-12-31": "2.71350", "2017-12-31": "2.85230", "2016-12-31": "2.59570", "2015-12-31": "2.64480", "2014-12-31": "2.97840", "2013-12-31": "2.85920", "2012-12-31": "2.62350", "2011-12-31": "2.62510", "2010-12-31": "2.71750", "2009-12-31": "3.24060", "2008-12-31": "2.92620", "2007-12-31": "2.91980", "2006-12-31": "3.51640", "2005-12-31": "3.50800"}, "Receiveable Turnover": {"2019-12-31": "6.23160", "2018-12-31": "6.23600", "2017-12-31": "6.75900", "2016-12-31": "7.12380", "2015-12-31": "6.25400", "2014-12-31": "6.09950", "2013-12-31": "5.49080", "2012-12-31": "4.99380", "2011-12-31": "4.81880", "2010-12-31": "4.94210", "2009-12-31": "5.49120", "2008-12-31": "4.39890", "2007-12-31": "4.51250", "2006-12-31": "4.50460", "2005-12-31": "4.06930"}, "Days Sales In Receivables": {"2019-12-31": "58.57230", "2018-12-31": "58.53150", "2017-12-31": "54.00200", "2016-12-31": "51.23690", "2015-12-31": "58.36300", "2014-12-31": "59.84150", "2013-12-31": "66.47520", "2012-12-31": "73.08990", "2011-12-31": "75.74530", "2010-12-31": "73.85530", "2009-12-31": "66.46990", "2008-12-31": "82.97590", "2007-12-31": "80.88610", "2006-12-31": "81.02850", "2005-12-31": "89.69670"}, "ROE - Return On Equity": {"2019-12-31": "17.86960", "2018-12-31": "16.26610", "2017-12-31": "6.79770", "2016-12-31": "12.54740", "2015-12-31": "12.70300", "2014-12-31": "10.46750", "2013-12-31": "7.47110", "2012-12-31": "8.56300", "2011-12-31": "9.63000", "2010-12-31": "7.68850", "2009-12-31": "6.72070", "2008-12-31": "10.06760", "2007-12-31": "14.89010", "2006-12-31": "14.80890", "2005-12-31": "17.60070"}, "Return On Tangible Equity": {"2019-12-31": "19.94190", "2018-12-31": "18.38940", "2017-12-31": "7.72400", "2016-12-31": "14.38510", "2015-12-31": "14.88050", "2014-12-31": "12.41210", "2013-12-31": "7.78640", "2012-12-31": "8.96310", "2011-12-31": "10.13420", "2010-12-31": "8.13420", "2009-12-31": "7.00000", "2008-12-31": "10.58350", "2007-12-31": "16.05460", "2006-12-31": "16.17540", "2005-12-31": "18.56970"}, "ROA - Return On Assets": {"2019-12-31": "11.27340", "2018-12-31": "11.60750", "2017-12-31": "5.07550", "2016-12-31": "9.85350", "2015-12-31": "9.74190", "2014-12-31": "7.91530", "2013-12-31": "5.82980", "2012-12-31": "6.84510", "2011-12-31": "7.48470", "2010-12-31": "5.94990", "2009-12-31": "5.52580", "2008-12-31": "8.27770", "2007-12-31": "12.38360", "2006-12-31": "11.97500", "2005-12-31": "13.51080"}, "ROI - Return On Investment": {"2019-12-31": "17.86960", "2018-12-31": "16.26610", "2017-12-31": "6.79770", "2016-12-31": "12.43690", "2015-12-31": "12.56960", "2014-12-31": "10.34740", "2013-12-31": "7.47110", "2012-12-31": "8.56300", "2011-12-31": "9.63000", "2010-12-31": "7.68850", "2009-12-31": "6.72070", "2008-12-31": "10.06760", "2007-12-31": "14.89010", "2006-12-31": "14.80890", "2005-12-31": "17.42670"}, "Book Value Per Share": {"2019-12-31": "27.37450", "2018-12-31": "24.76790", "2017-12-31": "23.60540", "2016-12-31": "22.63410", "2015-12-31": "20.43700", "2014-12-31": "19.40820", "2013-12-31": "18.10760", "2012-12-31": "17.11180", "2011-12-31": "15.97220", "2010-12-31": "14.87360", "2009-12-31": "14.77990", "2008-12-31": "13.93900", "2007-12-31": "13.54010", "2006-12-31": "11.53820", "2005-12-31": "10.07500"}, "Operating Cash Flow Per Share": {"2019-12-31": 0.0545, "2018-12-31": -0.7288, "2017-12-31": 0.9461, "2016-12-31": 2.5575, "2015-12-31": -1.2902, "2014-12-31": -1.3217, "2013-12-31": 1.7724, "2012-12-31": 1.2452, "2011-12-31": 0.5877, "2010-12-31": -2.8094, "2009-12-31": 1.0666, "2008-12-31": 0.3817, "2007-12-31": -0.3831, "2006-12-31": 0.353, "2005-12-31": 1.7361}, "Free Cash Flow Per Share": {"2019-12-31": -0.817, "2018-12-31": -0.9073, "2017-12-31": 0.8992, "2016-12-31": 2.8329, "2015-12-31": -1.4201, "2014-12-31": -1.175, "2013-12-31": 1.4094, "2012-12-31": 1.7533, "2011-12-31": -0.1337, "2010-12-31": -2.7455, "2009-12-31": 1.2651, "2008-12-31": 0.1353, "2007-12-31": -0.1752, "2006-12-31": 0.1751, "2005-12-31": 1.2678}}, "financial ratios, quarterly": {"Current Ratio": {"2020-09-30": "3.29830", "2020-06-30": "2.99120", "2020-03-31": "2.80290", "2019-12-31": "2.97310", "2019-09-30": "3.04370", "2019-06-30": "2.87580", "2019-03-31": "3.41500", "2018-12-31": "3.08140", "2018-09-30": "3.36130", "2018-06-30": "3.41380", "2018-03-31": "4.17830", "2017-12-31": "3.63620", "2017-09-30": "3.88020", "2017-06-30": "3.66890", "2017-03-31": "5.66280", "2016-12-31": "3.89150", "2016-09-30": "3.99210", "2016-06-30": "3.26170", "2016-03-31": "4.86400", "2015-12-31": "3.41300", "2015-09-30": "3.49600", "2015-06-30": "3.23890", "2015-03-31": "4.69890", "2014-12-31": "3.39310", "2014-09-30": "3.23970", "2014-06-30": "3.30860", "2014-03-31": "5.78360", "2013-12-31": "4.15090", "2013-09-30": "4.35930", "2013-06-30": "4.11340", "2013-03-31": "6.17480", "2012-12-31": "4.45370", "2012-09-30": "4.22400", "2012-06-30": "3.67090", "2012-03-31": "5.29550", "2011-12-31": "3.93080", "2011-09-30": "3.95160", "2011-06-30": "3.96020", "2011-03-31": "5.02110", "2010-12-31": "3.93790", "2010-09-30": "3.92550", "2010-06-30": "4.84180", "2010-03-31": "5.99710", "2009-12-31": "5.14100", "2009-09-30": "5.39420", "2009-06-30": "5.57880", "2009-03-31": "7.43630", "2008-12-31": "5.03800", "2008-09-30": "4.81080", "2008-06-30": "5.44340", "2008-03-31": "6.81070", "2007-12-31": "5.31830", "2007-09-30": "5.03520", "2007-06-30": "4.57330", "2007-03-31": "6.04740", "2006-12-31": "4.03220", "2006-09-30": "3.34170", "2006-06-30": "3.55000", "2006-03-31": "4.59710", "2005-12-31": "3.64830", "2005-09-30": "3.91850", "2005-06-30": "4.52870", "2005-03-31": "5.68540"}, "Long-term Debt / Capital": {"2020-09-30": "", "2020-06-30": "", "2020-03-31": "", "2019-12-31": "", "2019-09-30": "", "2019-06-30": "", "2019-03-31": "", "2018-12-31": "", "2018-09-30": "", "2018-06-30": "", "2018-03-31": "", "2017-12-31": "", "2017-09-30": "", "2017-06-30": "", "2017-03-31": "0.00880", "2016-12-31": "0.00880", "2016-09-30": "0.00950", "2016-06-30": "0.01010", "2016-03-31": "0.01030", "2015-12-31": "0.01050", "2015-09-30": "0.01070", "2015-06-30": "0.01150", "2015-03-31": "0.01130", "2014-12-31": "0.01150", "2014-09-30": "0.01180", "2014-06-30": "0.01220", "2014-03-31": "0.01220", "2013-12-31": "", "2013-09-30": "", "2013-06-30": "", "2013-03-31": "", "2012-12-31": "", "2012-09-30": "", "2012-06-30": "", "2012-03-31": "", "2011-12-31": "", "2011-09-30": "", "2011-06-30": "", "2011-03-31": "", "2010-12-31": "", "2010-09-30": "", "2010-06-30": "", "2010-03-31": "", "2009-12-31": "", "2009-09-30": "", "2009-06-30": "", "2009-03-31": "", "2008-12-31": "", "2008-09-30": "", "2008-06-30": "", "2008-03-31": "0.00560", "2007-12-31": "", "2007-09-30": "", "2007-06-30": "", "2007-03-31": "", "2006-12-31": "", "2006-09-30": "0.00480", "2006-06-30": "0.01020", "2006-03-31": "0.00950", "2005-12-31": "0.00990", "2005-09-30": "0.00980", "2005-06-30": "0.01730", "2005-03-31": "0.01610"}, "Debt/Equity Ratio": {"2020-09-30": "", "2020-06-30": "0.00170", "2020-03-31": "0.10280", "2019-12-31": "", "2019-09-30": "", "2019-06-30": "", "2019-03-31": "", "2018-12-31": "", "2018-09-30": "0.00490", "2018-06-30": "", "2018-03-31": "", "2017-12-31": "", "2017-09-30": "", "2017-06-30": "", "2017-03-31": "0.00890", "2016-12-31": "0.00890", "2016-09-30": "0.00960", "2016-06-30": "0.01190", "2016-03-31": "0.01040", "2015-12-31": "0.01200", "2015-09-30": "0.02560", "2015-06-30": "0.01160", "2015-03-31": "0.01150", "2014-12-31": "0.01160", "2014-09-30": "0.01200", "2014-06-30": "0.01230", "2014-03-31": "0.01230", "2013-12-31": "", "2013-09-30": "", "2013-06-30": "", "2013-03-31": "", "2012-12-31": "0.00010", "2012-09-30": "0.00910", "2012-06-30": "", "2012-03-31": "", "2011-12-31": "", "2011-09-30": "", "2011-06-30": "", "2011-03-31": "", "2010-12-31": "", "2010-09-30": "", "2010-06-30": "", "2010-03-31": "", "2009-12-31": "", "2009-09-30": "", "2009-06-30": "", "2009-03-31": "", "2008-12-31": "", "2008-09-30": "", "2008-06-30": "", "2008-03-31": "0.00560", "2007-12-31": "", "2007-09-30": "0.00020", "2007-06-30": "0.00020", "2007-03-31": "0.00020", "2006-12-31": "0.00430", "2006-09-30": "0.04730", "2006-06-30": "0.01680", "2006-03-31": "0.03590", "2005-12-31": "0.07310", "2005-09-30": "0.01940", "2005-06-30": "0.02820", "2005-03-31": "0.02540"}, "Gross Margin": {"2020-09-30": "48.91060", "2020-06-30": "46.18600", "2020-03-31": "47.81780", "2019-12-31": "50.12790", "2019-09-30": "49.26100", "2019-06-30": "48.19200", "2019-03-31": "51.43980", "2018-12-31": "51.72050", "2018-09-30": "48.21600", "2018-06-30": "47.46930", "2018-03-31": "49.30580", "2017-12-31": "47.86390", "2017-09-30": "46.72270", "2017-06-30": "45.33970", "2017-03-31": "47.53040", "2016-12-31": "47.06600", "2016-09-30": "46.35990", "2016-06-30": "46.19580", "2016-03-31": "47.10720", "2015-12-31": "45.31620", "2015-09-30": "46.44130", "2015-06-30": "45.05590", "2015-03-31": "47.76260", "2014-12-31": "45.35820", "2014-09-30": "45.42910", "2014-06-30": "44.41840", "2014-03-31": "46.47330", "2013-12-31": "44.59080", "2013-09-30": "44.41910", "2013-06-30": "42.88280", "2013-03-31": "44.01410", "2012-12-31": "41.29350", "2012-09-30": "44.71240", "2012-06-30": "40.59420", "2012-03-31": "44.40640", "2011-12-31": "42.53630", "2011-09-30": "44.03480", "2011-06-30": "41.94050", "2011-03-31": "44.89410", "2010-12-31": "41.74810", "2010-09-30": "42.51370", "2010-06-30": "43.69180", "2010-03-31": "42.37730", "2009-12-31": "42.05140", "2009-09-30": "43.40870", "2009-06-30": "41.45020", "2009-03-31": "40.62820", "2008-12-31": "42.10590", "2008-09-30": "44.66100", "2008-06-30": "40.23750", "2008-03-31": "43.90430", "2007-12-31": "42.18810", "2007-09-30": "43.20510", "2007-06-30": "41.44170", "2007-03-31": "43.74330", "2006-12-31": "41.39280", "2006-09-30": "43.65350", "2006-06-30": "38.48870", "2006-03-31": "42.90250", "2005-12-31": "42.84820", "2005-09-30": "45.97210", "2005-06-30": "39.49560", "2005-03-31": "43.64690"}, "Operating Margin": {"2020-09-30": "12.21570", "2020-06-30": "-22.20390", "2020-03-31": "-0.34970", "2019-12-31": "14.51860", "2019-09-30": "16.76400", "2019-06-30": "3.11000", "2019-03-31": "13.43670", "2018-12-31": "16.64870", "2018-09-30": "16.22820", "2018-06-30": "2.02420", "2018-03-31": "9.76790", "2017-12-31": "14.09230", "2017-09-30": "16.44270", "2017-06-30": "-4.33310", "2017-03-31": "8.82780", "2016-12-31": "13.99380", "2016-09-30": "16.57870", "2016-06-30": "-3.03180", "2016-03-31": "8.42920", "2015-12-31": "11.76580", "2015-09-30": "17.23260", "2015-06-30": "-2.35700", "2015-03-31": "9.21160", "2014-12-31": "12.12770", "2014-09-30": "14.55390", "2014-06-30": "-5.23950", "2014-03-31": "8.35940", "2013-12-31": "9.78480", "2013-09-30": "14.70110", "2013-06-30": "-3.56410", "2013-03-31": "3.65420", "2012-12-31": "10.19900", "2012-09-30": "16.11330", "2012-06-30": "-3.70170", "2012-03-31": "1.60740", "2011-12-31": "9.60120", "2011-09-30": "15.28180", "2011-06-30": "-6.95440", "2011-03-31": "5.38000", "2010-12-31": "8.09410", "2010-09-30": "13.59910", "2010-06-30": "-6.63430", "2010-03-31": "4.15770", "2009-12-31": "7.67950", "2009-09-30": "15.13030", "2009-06-30": "-8.86160", "2009-03-31": "3.82180", "2008-12-31": "3.50000", "2008-09-30": "18.37430", "2008-06-30": "-2.03150", "2008-03-31": "9.24320", "2007-12-31": "15.07840", "2007-09-30": "19.65480", "2007-06-30": "5.67670", "2007-03-31": "12.88950", "2006-12-31": "15.28740", "2006-09-30": "20.07800", "2006-06-30": "2.58230", "2006-03-31": "10.69250", "2005-12-31": "17.30990", "2005-09-30": "22.47360", "2005-06-30": "4.47880", "2005-03-31": "12.68510"}, "EBIT Margin": {"2020-09-30": "12.21570", "2020-06-30": "-22.20390", "2020-03-31": "-0.34970", "2019-12-31": "14.51860", "2019-09-30": "16.76400", "2019-06-30": "3.11000", "2019-03-31": "13.43670", "2018-12-31": "16.64870", "2018-09-30": "16.22820", "2018-06-30": "2.02420", "2018-03-31": "9.76790", "2017-12-31": "14.09230", "2017-09-30": "16.44270", "2017-06-30": "-4.33310", "2017-03-31": "8.82780", "2016-12-31": "13.99390", "2016-09-30": "16.57870", "2016-06-30": "-3.03180", "2016-03-31": "8.42920", "2015-12-31": "11.76580", "2015-09-30": "17.23260", "2015-06-30": "-2.35700", "2015-03-31": "9.21160", "2014-12-31": "12.12770", "2014-09-30": "14.55390", "2014-06-30": "-5.23950", "2014-03-31": "8.35940", "2013-12-31": "9.78480", "2013-09-30": "14.70110", "2013-06-30": "-3.56410", "2013-03-31": "3.65420", "2012-12-31": "10.19900", "2012-09-30": "16.11330", "2012-06-30": "-3.70170", "2012-03-31": "1.60740", "2011-12-31": "9.60120", "2011-09-30": "15.28180", "2011-06-30": "-6.95440", "2011-03-31": "5.38000", "2010-12-31": "8.09410", "2010-09-30": "13.59910", "2010-06-30": "-6.63430", "2010-03-31": "4.15770", "2009-12-31": "7.67950", "2009-09-30": "15.13030", "2009-06-30": "-8.86160", "2009-03-31": "3.82180", "2008-12-31": "3.50000", "2008-09-30": "18.37430", "2008-06-30": "-2.03150", "2008-03-31": "9.24320", "2007-12-31": "15.07840", "2007-09-30": "19.65480", "2007-06-30": "5.67670", "2007-03-31": "12.88950", "2006-12-31": "15.28740", "2006-09-30": "20.07800", "2006-06-30": "2.58230", "2006-03-31": "10.69250", "2005-12-31": "17.30990", "2005-09-30": "22.47360", "2005-06-30": "4.47880", "2005-03-31": "12.68510"}, "EBITDA Margin": {"2020-09-30": "", "2020-06-30": "", "2020-03-31": "", "2019-12-31": "", "2019-09-30": "", "2019-06-30": "", "2019-03-31": "", "2018-12-31": "", "2018-09-30": "", "2018-06-30": "", "2018-03-31": "", "2017-12-31": "", "2017-09-30": "", "2017-06-30": "", "2017-03-31": "", "2016-12-31": "", "2016-09-30": "", "2016-06-30": "", "2016-03-31": "", "2015-12-31": "", "2015-09-30": "", "2015-06-30": "", "2015-03-31": "", "2014-12-31": "", "2014-09-30": "", "2014-06-30": "", "2014-03-31": "", "2013-12-31": "", "2013-09-30": "", "2013-06-30": "", "2013-03-31": "", "2012-12-31": "", "2012-09-30": "", "2012-06-30": "", "2012-03-31": "", "2011-12-31": "", "2011-09-30": "", "2011-06-30": "", "2011-03-31": "", "2010-12-31": "", "2010-09-30": "", "2010-06-30": "", "2010-03-31": "", "2009-12-31": "", "2009-09-30": "", "2009-06-30": "", "2009-03-31": "", "2008-12-31": "", "2008-09-30": "", "2008-06-30": "", "2008-03-31": "", "2007-12-31": "", "2007-09-30": "", "2007-06-30": "", "2007-03-31": "", "2006-12-31": "", "2006-09-30": "", "2006-06-30": "", "2006-03-31": "", "2005-12-31": "", "2005-09-30": "", "2005-06-30": "", "2005-03-31": ""}, "Pre-Tax Profit Margin": {"2020-09-30": "12.10940", "2020-06-30": "-22.16280", "2020-03-31": "0.27520", "2019-12-31": "14.74610", "2019-09-30": "16.85620", "2019-06-30": "3.79470", "2019-03-31": "14.02430", "2018-12-31": "16.82470", "2018-09-30": "16.63780", "2018-06-30": "2.61220", "2018-03-31": "10.10180", "2017-12-31": "14.18910", "2017-09-30": "16.56720", "2017-06-30": "-3.97460", "2017-03-31": "8.94790", "2016-12-31": "14.03970", "2016-09-30": "16.51440", "2016-06-30": "-2.85460", "2016-03-31": "8.40110", "2015-12-31": "11.83050", "2015-09-30": "17.03410", "2015-06-30": "-2.15630", "2015-03-31": "8.77470", "2014-12-31": "12.04260", "2014-09-30": "14.64600", "2014-06-30": "-5.25250", "2014-03-31": "8.28230", "2013-12-31": "9.76890", "2013-09-30": "14.79150", "2013-06-30": "-3.65600", "2013-03-31": "3.51130", "2012-12-31": "10.19060", "2012-09-30": "16.11010", "2012-06-30": "-3.63590", "2012-03-31": "1.68160", "2011-12-31": "9.60660", "2011-09-30": "15.36330", "2011-06-30": "-6.78250", "2011-03-31": "5.47700", "2010-12-31": "8.20150", "2010-09-30": "13.62820", "2010-06-30": "-6.45760", "2010-03-31": "4.33550", "2009-12-31": "7.76020", "2009-09-30": "15.20370", "2009-06-30": "-8.54590", "2009-03-31": "4.15790", "2008-12-31": "3.82320", "2008-09-30": "18.77240", "2008-06-30": "-0.93970", "2008-03-31": "10.00390", "2007-12-31": "15.56600", "2007-09-30": "20.09210", "2007-06-30": "6.95740", "2007-03-31": "13.64630", "2006-12-31": "15.51460", "2006-09-30": "20.28210", "2006-06-30": "3.48750", "2006-03-31": "11.42190", "2005-12-31": "17.69040", "2005-09-30": "22.71490", "2005-06-30": "5.17580", "2005-03-31": "13.25770"}, "Net Profit Margin": {"2020-09-30": "8.95050", "2020-06-30": "-16.01560", "2020-03-31": "0.03750", "2019-12-31": "11.94150", "2019-09-30": "13.15160", "2019-06-30": "4.37640", "2019-03-31": "11.33150", "2018-12-31": "12.34310", "2018-09-30": "12.58510", "2018-06-30": "2.02170", "2018-03-31": "7.42740", "2017-12-31": "-0.91130", "2017-09-30": "11.73770", "2017-06-30": "-2.89170", "2017-03-31": "6.62130", "2016-12-31": "11.80780", "2016-09-30": "11.20870", "2016-06-30": "-2.10210", "2016-03-31": "6.04990", "2015-12-31": "9.05760", "2015-09-30": "11.86390", "2015-06-30": "-1.72130", "2015-03-31": "5.52650", "2014-12-31": "8.21360", "2014-09-30": "9.72080", "2014-06-30": "-1.95190", "2014-03-31": "5.24780", "2013-12-31": "6.88980", "2013-09-30": "10.43540", "2013-06-30": "-2.52300", "2013-03-31": "2.90030", "2012-12-31": "7.88070", "2012-09-30": "11.81180", "2012-06-30": "-2.72110", "2012-03-31": "1.17010", "2011-12-31": "6.98150", "2011-09-30": "11.91600", "2011-06-30": "-5.05840", "2011-03-31": "3.83380", "2010-12-31": "5.73150", "2010-09-30": "10.35760", "2010-06-30": "-4.78020", "2010-03-31": "3.07180", "2009-12-31": "6.44290", "2009-09-30": "10.79810", "2009-06-30": "-5.51020", "2009-03-31": "2.53630", "2008-12-31": "5.22870", "2008-09-30": "12.89280", "2008-06-30": "-0.83040", "2008-03-31": "6.70260", "2007-12-31": "12.13510", "2007-09-30": "13.29050", "2007-06-30": "4.59230", "2007-03-31": "9.00640", "2006-12-31": "10.61090", "2006-09-30": "13.28470", "2006-06-30": "2.28450", "2006-03-31": "7.48120", "2005-12-31": "11.66200", "2005-09-30": "16.21840", "2005-06-30": "3.38990", "2005-03-31": "8.68400"}, "Asset Turnover": {"2020-09-30": "0.26430", "2020-06-30": "0.12070", "2020-03-31": "0.20650", "2019-12-31": "0.32570", "2019-09-30": "0.32960", "2019-06-30": "0.19760", "2019-03-31": "0.25050", "2018-12-31": "0.38740", "2018-09-30": "0.34610", "2018-06-30": "0.21430", "2018-03-31": "0.27750", "2017-12-31": "0.35070", "2017-09-30": "0.35580", "2017-06-30": "0.19830", "2017-03-31": "0.28800", "2016-12-31": "0.35630", "2016-09-30": "0.38800", "2016-06-30": "0.20380", "2016-03-31": "0.29820", "2015-12-31": "0.37880", "2015-09-30": "0.40900", "2015-06-30": "0.20910", "2015-03-31": "0.28360", "2014-12-31": "0.37770", "2014-09-30": "0.38330", "2014-06-30": "0.19240", "2014-03-31": "0.27370", "2013-12-31": "0.33200", "2013-09-30": "0.34090", "2013-06-30": "0.18990", "2013-03-31": "0.25380", "2012-12-31": "0.34350", "2012-09-30": "0.38170", "2012-06-30": "0.20950", "2012-03-31": "0.25620", "2011-12-31": "0.38050", "2011-09-30": "0.42160", "2011-06-30": "0.20420", "2011-03-31": "0.26520", "2010-12-31": "0.35320", "2010-09-30": "0.37820", "2010-06-30": "0.18300", "2010-03-31": "0.25240", "2009-12-31": "0.29540", "2009-09-30": "0.36690", "2009-06-30": "0.16120", "2009-03-31": "0.25350", "2008-12-31": "0.30910", "2008-09-30": "0.38910", "2008-06-30": "0.18780", "2008-03-31": "0.26850", "2007-12-31": "0.32300", "2007-09-30": "0.40990", "2007-06-30": "0.20400", "2007-03-31": "0.28360", "2006-12-31": "0.35220", "2006-09-30": "0.44340", "2006-06-30": "0.23090", "2006-03-31": "0.27830", "2005-12-31": "0.32460", "2005-09-30": "0.42360", "2005-06-30": "0.21960", "2005-03-31": "0.25680"}, "Inventory Turnover Ratio": {"2020-09-30": "0.46410", "2020-06-30": "0.21120", "2020-03-31": "0.51380", "2019-12-31": "0.78590", "2019-09-30": "0.64130", "2019-06-30": "0.36040", "2019-03-31": "0.61060", "2018-12-31": "0.84900", "2018-09-30": "0.66770", "2018-06-30": "0.44350", "2018-03-31": "0.75840", "2017-12-31": "0.88350", "2017-09-30": "0.71290", "2017-06-30": "0.38970", "2017-03-31": "0.71540", "2016-12-31": "0.77820", "2016-09-30": "0.68030", "2016-06-30": "0.32000", "2016-03-31": "0.67380", "2015-12-31": "0.80750", "2015-09-30": "0.75200", "2015-06-30": "0.35960", "2015-03-31": "0.68800", "2014-12-31": "0.96170", "2014-09-30": "0.74480", "2014-06-30": "0.39480", "2014-03-31": "0.78220", "2013-12-31": "0.89720", "2013-09-30": "0.70890", "2013-06-30": "0.37810", "2013-03-31": "0.59960", "2012-12-31": "0.80960", "2012-09-30": "0.63340", "2012-06-30": "0.32980", "2012-03-31": "0.50520", "2011-12-31": "0.82780", "2011-09-30": "0.73410", "2011-06-30": "0.36880", "2011-03-31": "0.60560", "2010-12-31": "0.84750", "2010-09-30": "0.80890", "2010-06-30": "0.40230", "2010-03-31": "0.77730", "2009-12-31": "0.93460", "2009-09-30": "0.81560", "2009-06-30": "0.35770", "2009-03-31": "0.72180", "2008-12-31": "0.80160", "2008-09-30": "0.83070", "2008-06-30": "0.46690", "2008-03-31": "0.70060", "2007-12-31": "0.81920", "2007-09-30": "0.83450", "2007-06-30": "0.41320", "2007-03-31": "0.77700", "2006-12-31": "0.99860", "2006-09-30": "0.94040", "2006-06-30": "0.47800", "2006-03-31": "0.76350", "2005-12-31": "0.96580", "2005-09-30": "0.99250", "2005-06-30": "0.52180", "2005-03-31": "0.84020"}, "Receiveable Turnover": {"2020-09-30": "1.46250", "2020-06-30": "1.45540", "2020-03-31": "1.81570", "2019-12-31": "1.95580", "2019-09-30": "1.40280", "2019-06-30": "1.87500", "2019-03-31": "1.91890", "2018-12-31": "2.04190", "2018-09-30": "1.44050", "2018-06-30": "2.01790", "2018-03-31": "1.91930", "2017-12-31": "2.12690", "2017-09-30": "1.60090", "2017-06-30": "2.20240", "2017-03-31": "2.08790", "2016-12-31": "2.15010", "2016-09-30": "1.53360", "2016-06-30": "2.02100", "2016-03-31": "1.95310", "2015-12-31": "1.88040", "2015-09-30": "1.44860", "2015-06-30": "1.91750", "2015-03-31": "1.90300", "2014-12-31": "1.96570", "2014-09-30": "1.47170", "2014-06-30": "1.58530", "2014-03-31": "1.70240", "2013-12-31": "1.73720", "2013-09-30": "1.38370", "2013-06-30": "1.55020", "2013-03-31": "1.46150", "2012-12-31": "1.49870", "2012-09-30": "1.28920", "2012-06-30": "1.42920", "2012-03-31": "1.31520", "2011-12-31": "1.49650", "2011-09-30": "1.35600", "2011-06-30": "1.53320", "2011-03-31": "1.52170", "2010-12-31": "1.52330", "2010-09-30": "1.38460", "2010-06-30": "1.52500", "2010-03-31": "1.51570", "2009-12-31": "1.58160", "2009-09-30": "1.35960", "2009-06-30": "1.22130", "2009-03-31": "1.27390", "2008-12-31": "1.18470", "2008-09-30": "1.23540", "2008-06-30": "1.23470", "2008-03-31": "1.20800", "2007-12-31": "1.25370", "2007-09-30": "1.19670", "2007-06-30": "1.18650", "2007-03-31": "1.23630", "2006-12-31": "1.26560", "2006-09-30": "1.21280", "2006-06-30": "1.27940", "2006-03-31": "1.18830", "2005-12-31": "1.10590", "2005-09-30": "1.12240", "2005-06-30": "1.12700", "2005-03-31": "1.07100"}, "Days Sales In Receivables": {"2020-09-30": "61.53810", "2020-06-30": "61.83690", "2020-03-31": "49.56740", "2019-12-31": "46.01790", "2019-09-30": "64.15720", "2019-06-30": "47.99930", "2019-03-31": "46.90170", "2018-12-31": "44.07640", "2018-09-30": "62.47770", "2018-06-30": "44.60110", "2018-03-31": "46.89110", "2017-12-31": "42.31420", "2017-09-30": "56.21960", "2017-06-30": "40.86370", "2017-03-31": "43.10660", "2016-12-31": "41.85800", "2016-09-30": "58.68370", "2016-06-30": "44.53270", "2016-03-31": "46.08020", "2015-12-31": "47.86260", "2015-09-30": "62.12750", "2015-06-30": "46.93590", "2015-03-31": "47.29440", "2014-12-31": "45.78540", "2014-09-30": "61.15240", "2014-06-30": "56.77000", "2014-03-31": "52.86770", "2013-12-31": "51.80740", "2013-09-30": "65.04290", "2013-06-30": "58.05570", "2013-03-31": "61.58150", "2012-12-31": "60.05100", "2012-09-30": "69.81230", "2012-06-30": "62.97120", "2012-03-31": "68.42970", "2011-12-31": "60.14020", "2011-09-30": "66.36990", "2011-06-30": "58.70230", "2011-03-31": "59.14550", "2010-12-31": "59.08310", "2010-09-30": "64.99910", "2010-06-30": "59.01640", "2010-03-31": "59.37780", "2009-12-31": "56.90320", "2009-09-30": "66.19360", "2009-06-30": "73.69420", "2009-03-31": "70.64760", "2008-12-31": "75.97040", "2008-09-30": "72.85280", "2008-06-30": "72.89320", "2008-03-31": "74.50440", "2007-12-31": "71.78490", "2007-09-30": "75.20550", "2007-06-30": "75.85270", "2007-03-31": "72.79730", "2006-12-31": "71.11520", "2006-09-30": "74.20750", "2006-06-30": "70.34410", "2006-03-31": "75.74140", "2005-12-31": "81.38440", "2005-09-30": "80.18220", "2005-06-30": "79.86150", "2005-03-31": "84.03610"}, "ROE - Return On Equity": {"2020-09-30": "3.64240", "2020-06-30": "-3.06790", "2020-03-31": "0.01260", "2019-12-31": "6.16540", "2019-09-30": "6.82600", "2019-06-30": "1.39130", "2019-03-31": "4.31100", "2018-12-31": "6.70580", "2018-09-30": "6.08800", "2018-06-30": "0.63440", "2018-03-31": "2.88110", "2017-12-31": "-0.38470", "2017-09-30": "5.49330", "2017-06-30": "-0.71980", "2017-03-31": "2.44250", "2016-12-31": "5.41040", "2016-09-30": "5.69180", "2016-06-30": "-0.54760", "2016-03-31": "2.35190", "2015-12-31": "4.57660", "2015-09-30": "6.53810", "2015-06-30": "-0.42950", "2015-03-31": "2.03130", "2014-12-31": "4.20510", "2014-09-30": "5.12100", "2014-06-30": "-0.52720", "2014-03-31": "1.85740", "2013-12-31": "2.89580", "2013-09-30": "4.47230", "2013-06-30": "-0.63220", "2013-03-31": "0.86780", "2012-12-31": "3.38610", "2012-09-30": "5.70850", "2012-06-30": "-0.74630", "2012-03-31": "0.36140", "2011-12-31": "3.41800", "2011-09-30": "6.47110", "2011-06-30": "-1.33450", "2011-03-31": "1.24600", "2010-12-31": "2.61560", "2010-09-30": "5.07130", "2010-06-30": "-1.08110", "2010-03-31": "0.92140", "2009-12-31": "2.31500", "2009-09-30": "4.78390", "2009-06-30": "-1.06130", "2009-03-31": "0.73850", "2008-12-31": "1.96560", "2008-09-30": "6.16640", "2008-06-30": "-0.18670", "2008-03-31": "2.08300", "2007-12-31": "4.71280", "2007-09-30": "6.66360", "2007-06-30": "1.15950", "2007-03-31": "3.00650", "2006-12-31": "4.62100", "2006-09-30": "7.69610", "2006-06-30": "0.67460", "2006-03-31": "2.53010", "2005-12-31": "4.93140", "2005-09-30": "8.82500", "2005-06-30": "0.92620", "2005-03-31": "2.66780"}, "Return On Tangible Equity": {"2020-09-30": "4.09400", "2020-06-30": "-3.46800", "2020-03-31": "0.01420", "2019-12-31": "6.88030", "2019-09-30": "7.67340", "2019-06-30": "1.57570", "2019-03-31": "4.86020", "2018-12-31": "7.58110", "2018-09-30": "6.89080", "2018-06-30": "0.72000", "2018-03-31": "3.26180", "2017-12-31": "-0.43710", "2017-09-30": "6.24190", "2017-06-30": "-0.82440", "2017-03-31": "2.79490", "2016-12-31": "6.20280", "2016-09-30": "6.57020", "2016-06-30": "-0.63850", "2016-03-31": "2.73990", "2015-12-31": "5.36110", "2015-09-30": "7.66160", "2015-06-30": "-0.50830", "2015-03-31": "2.39980", "2014-12-31": "4.98630", "2014-09-30": "6.11030", "2014-06-30": "-0.63600", "2014-03-31": "1.93380", "2013-12-31": "3.01800", "2013-09-30": "4.66770", "2013-06-30": "-0.66150", "2013-03-31": "0.90810", "2012-12-31": "3.54430", "2012-09-30": "5.98670", "2012-06-30": "-0.78540", "2012-03-31": "0.38010", "2011-12-31": "3.59700", "2011-09-30": "6.82280", "2011-06-30": "-1.40970", "2011-03-31": "1.31600", "2010-12-31": "2.76720", "2010-09-30": "5.35930", "2010-06-30": "-1.12680", "2010-03-31": "0.95950", "2009-12-31": "2.41120", "2009-09-30": "5.05350", "2009-06-30": "-1.12250", "2009-03-31": "0.78110", "2008-12-31": "2.06630", "2008-09-30": "6.65950", "2008-06-30": "-0.20170", "2008-03-31": "2.24880", "2007-12-31": "5.08140", "2007-09-30": "7.20380", "2007-06-30": "1.26190", "2007-03-31": "3.26880", "2006-12-31": "5.04740", "2006-09-30": "8.44680", "2006-06-30": "0.74720", "2006-03-31": "2.78180", "2005-12-31": "5.20290", "2005-09-30": "9.30370", "2005-06-30": "0.98150", "2005-03-31": "2.80170"}, "ROA - Return On Assets": {"2020-09-30": "2.36590", "2020-06-30": "-1.93360", "2020-03-31": "0.00770", "2019-12-31": "3.88950", "2019-09-30": "4.33500", "2019-06-30": "0.86500", "2019-03-31": "2.83800", "2018-12-31": "4.78520", "2018-09-30": "4.45240", "2018-06-30": "0.46710", "2018-03-31": "2.22640", "2017-12-31": "-0.28720", "2017-09-30": "4.33650", "2017-06-30": "-0.56260", "2017-03-31": "2.05950", "2016-12-31": "4.24880", "2016-09-30": "4.50370", "2016-06-30": "-0.41270", "2016-03-31": "1.94200", "2015-12-31": "3.50980", "2015-09-30": "4.95180", "2015-06-30": "-0.31910", "2015-03-31": "1.65290", "2014-12-31": "3.17980", "2014-09-30": "3.85570", "2014-06-30": "-0.39980", "2014-03-31": "1.52790", "2013-12-31": "2.25970", "2013-09-30": "3.55540", "2013-06-30": "-0.49630", "2013-03-31": "0.73600", "2012-12-31": "2.70670", "2012-09-30": "4.50850", "2012-06-30": "-0.57000", "2012-03-31": "0.29980", "2011-12-31": "2.65660", "2011-09-30": "5.02380", "2011-06-30": "-1.03270", "2011-03-31": "1.01670", "2010-12-31": "2.02420", "2010-09-30": "3.91760", "2010-06-30": "-0.87490", "2010-03-31": "0.77550", "2009-12-31": "1.90340", "2009-09-30": "3.96140", "2009-06-30": "-0.88840", "2009-03-31": "0.64280", "2008-12-31": "1.61610", "2008-09-30": "5.01640", "2008-06-30": "-0.15600", "2008-03-31": "1.79940", "2007-12-31": "3.91950", "2007-09-30": "5.44780", "2007-06-30": "0.93670", "2007-03-31": "2.55380", "2006-12-31": "3.73670", "2006-09-30": "5.89040", "2006-06-30": "0.52760", "2006-03-31": "2.08220", "2005-12-31": "3.78550", "2005-09-30": "6.87080", "2005-06-30": "0.74460", "2005-03-31": "2.23010"}, "ROI - Return On Investment": {"2020-09-30": "3.64240", "2020-06-30": "-3.06790", "2020-03-31": "0.01260", "2019-12-31": "6.16540", "2019-09-30": "6.82600", "2019-06-30": "1.39130", "2019-03-31": "4.31100", "2018-12-31": "6.70580", "2018-09-30": "6.08800", "2018-06-30": "0.63440", "2018-03-31": "2.88110", "2017-12-31": "-0.38470", "2017-09-30": "5.49330", "2017-06-30": "-0.71980", "2017-03-31": "2.42090", "2016-12-31": "5.36270", "2016-09-30": "5.63750", "2016-06-30": "-0.54210", "2016-03-31": "2.32760", "2015-12-31": "4.52850", "2015-09-30": "6.46820", "2015-06-30": "-0.42450", "2015-03-31": "2.00830", "2014-12-31": "4.15690", "2014-09-30": "5.06040", "2014-06-30": "-0.52080", "2014-03-31": "1.83480", "2013-12-31": "2.89580", "2013-09-30": "4.47230", "2013-06-30": "-0.63220", "2013-03-31": "0.86780", "2012-12-31": "3.38610", "2012-09-30": "5.70850", "2012-06-30": "-0.74630", "2012-03-31": "0.36140", "2011-12-31": "3.41800", "2011-09-30": "6.47110", "2011-06-30": "-1.33450", "2011-03-31": "1.24600", "2010-12-31": "2.61560", "2010-09-30": "5.07130", "2010-06-30": "-1.08110", "2010-03-31": "0.92140", "2009-12-31": "2.31500", "2009-09-30": "4.78390", "2009-06-30": "-1.06130", "2009-03-31": "0.73850", "2008-12-31": "1.96560", "2008-09-30": "6.16640", "2008-06-30": "-0.18670", "2008-03-31": "2.07130", "2007-12-31": "4.71280", "2007-09-30": "6.66360", "2007-06-30": "1.15950", "2007-03-31": "3.00650", "2006-12-31": "4.62100", "2006-09-30": "7.65950", "2006-06-30": "0.66780", "2006-03-31": "2.50610", "2005-12-31": "4.88270", "2005-09-30": "8.73860", "2005-06-30": "0.91010", "2005-03-31": "2.62490"}, "Book Value Per Share": {"2020-09-30": "26.02050", "2020-06-30": "24.98680", "2020-03-31": "25.66080", "2019-12-31": "27.37450", "2019-09-30": "25.85930", "2019-06-30": "24.49020", "2019-03-31": "25.17560", "2018-12-31": "24.76790", "2018-09-30": "24.27600", "2018-06-30": "23.63800", "2018-03-31": "24.12330", "2017-12-31": "23.60540", "2017-09-30": "23.73820", "2017-06-30": "22.56120", "2017-03-31": "22.86260", "2016-12-31": "22.63410", "2016-09-30": "21.78830", "2016-06-30": "20.61710", "2016-03-31": "20.87010", "2015-12-31": "20.43700", "2015-09-30": "20.19900", "2015-06-30": "19.23480", "2015-03-31": "19.52460", "2014-12-31": "19.40820", "2014-09-30": "18.93780", "2014-06-30": "18.23580", "2014-03-31": "18.27670", "2013-12-31": "18.10760", "2013-09-30": "17.68840", "2013-06-30": "16.84820", "2013-03-31": "16.97910", "2012-12-31": "17.11180", "2012-09-30": "16.61270", "2012-06-30": "15.66340", "2012-03-31": "15.96850", "2011-12-31": "15.97220", "2011-09-30": "15.51520", "2011-06-30": "14.94010", "2011-03-31": "15.11570", "2010-12-31": "14.87360", "2010-09-30": "15.30270", "2010-06-30": "14.49950", "2010-03-31": "14.83590", "2009-12-31": "14.77990", "2009-09-30": "14.51100", "2009-06-30": "13.72350", "2009-03-31": "13.77830", "2008-12-31": "13.93900", "2008-09-30": "13.92440", "2008-06-30": "13.60470", "2008-03-31": "13.72380", "2007-12-31": "13.54010", "2007-09-30": "13.00540", "2007-06-30": "11.98880", "2007-03-31": "11.95500", "2006-12-31": "11.53820", "2006-09-30": "10.96060", "2006-06-30": "10.05640", "2006-03-31": "10.41860", "2005-12-31": "10.07500", "2005-09-30": "9.95220", "2005-06-30": "9.03130", "2005-03-31": "9.93450"}, "Operating Cash Flow Per Share": {"2020-09-30": -2.4116, "2020-06-30": -0.7528, "2020-03-31": "0.18920", "2019-12-31": 7.074, "2019-09-30": -2.9443, "2019-06-30": -0.8114, "2019-03-31": "0.84930", "2018-12-31": 5.5069, "2018-09-30": -2.7977, "2018-06-30": 0.312, "2018-03-31": "1.09190", "2017-12-31": 5.0185, "2017-09-30": -2.4307, "2017-06-30": 1.0011, "2017-03-31": "1.25300", "2016-12-31": 5.1016, "2016-09-30": -2.6794, "2016-06-30": 0.0969, "2016-03-31": "1.37670", "2015-12-31": 4.2983, "2015-09-30": -3.3031, "2015-06-30": -0.0612, "2015-03-31": "0.40430", "2014-12-31": 4.161, "2014-09-30": -2.4329, "2014-06-30": 0.2825, "2014-03-31": "0.61790", "2013-12-31": 3.6089, "2013-09-30": -1.6338, "2013-06-30": 1.0196, "2013-03-31": "0.95550", "2012-12-31": 3.7965, "2012-09-30": -1.8955, "2012-06-30": -0.0503, "2012-03-31": "0.32710", "2011-12-31": 3.0104, "2011-09-30": -2.254, "2011-06-30": -0.3539, "2011-03-31": "0.53010", "2010-12-31": 1.9323, "2010-09-30": -1.831, "2010-06-30": -0.0496, "2010-03-31": "0.29320", "2009-12-31": 3.1531, "2009-09-30": -1.3003, "2009-06-30": 0.4362, "2009-03-31": "0.86530", "2008-12-31": 2.0082, "2008-09-30": -1.8084, "2008-06-30": 1.0304, "2008-03-31": "0.85750", "2007-12-31": 2.6447, "2007-09-30": -1.9158, "2007-06-30": 0.2739, "2007-03-31": "0.70320", "2006-12-31": 2.4923, "2006-09-30": -1.7346, "2006-06-30": 0.5342, "2006-03-31": "0.79720", "2005-12-31": 1.6503, "2005-09-30": -1.0169, "2005-06-30": 0.4335, "2005-03-31": "0.66920"}, "Free Cash Flow Per Share": {"2020-09-30": -2.4729, "2020-06-30": -0.9295, "2020-03-31": "0.04900", "2019-12-31": 6.8038, "2019-09-30": -3.7364, "2019-06-30": -1.1874, "2019-03-31": "0.48430", "2018-12-31": 5.2172, "2018-09-30": -3.0215, "2018-06-30": 0.0669, "2018-03-31": "0.91870", "2017-12-31": 4.8555, "2017-09-30": -2.6748, "2017-06-30": 0.8146, "2017-03-31": "1.09330", "2016-12-31": 4.8983, "2016-09-30": -2.8535, "2016-06-30": -0.0898, "2016-03-31": "1.23440", "2015-12-31": 3.9856, "2015-09-30": -3.5705, "2015-06-30": -0.246, "2015-03-31": "0.18740", "2014-12-31": 3.9133, "2014-09-30": -2.6803, "2014-06-30": 0.1778, "2014-03-31": "0.36580", "2013-12-31": 3.3168, "2013-09-30": -1.8825, "2013-06-30": 0.7755, "2013-03-31": "0.74180", "2012-12-31": 3.6356, "2012-09-30": -2.0534, "2012-06-30": -0.1903, "2012-03-31": "0.15030", "2011-12-31": 2.4519, "2011-09-30": -2.5082, "2011-06-30": -0.5535, "2011-03-31": "0.39870", "2010-12-31": 1.8179, "2010-09-30": -1.9264, "2010-06-30": -0.173, "2010-03-31": "0.20410", "2009-12-31": 3.0298, "2009-09-30": -1.45, "2009-06-30": 0.299, "2009-03-31": "0.78930", "2008-12-31": 1.799, "2008-09-30": -1.9411, "2008-06-30": 0.8216, "2008-03-31": "0.72350", "2007-12-31": 2.4494, "2007-09-30": -1.9779, "2007-06-30": 0.1748, "2007-03-31": "0.62140", "2006-12-31": 2.4492, "2006-09-30": -1.8352, "2006-06-30": 0.2403, "2006-03-31": "0.58860", "2005-12-31": 1.5063, "2005-09-30": -1.1822, "2005-06-30": 0.3331, "2005-03-31": "0.61060"}}, "revenue": {"Columbia Sportswear Annual Revenue (Millions of US $)": {"2020": "$2,502", "2019": "$3,042", "2018": "$2,802", "2017": "$2,466", "2016": "$2,377", "2015": "$2,326", "2014": "$2,101", "2013": "$1,685", "2012": "$1,670", "2011": "$1,694", "2010": "$1,484", "2009": "$1,244", "2008": "$1,318", "2007": "$1,356", "2006": "$1,288", "2005": "$1,156"}, "Columbia Sportswear Quarterly Revenue (Millions of US $)": {"2020-12-31": "$916", "2020-09-30": "$701", "2020-06-30": "$317", "2020-03-31": "$568", "2019-12-31": "$955", "2019-09-30": "$907", "2019-06-30": "$526", "2019-03-31": "$655", "2018-12-31": "$918", "2018-09-30": "$796", "2018-06-30": "$482", "2018-03-31": "$607", "2017-12-31": "$776", "2017-09-30": "$747", "2017-06-30": "$399", "2017-03-31": "$544", "2016-12-31": "$717", "2016-09-30": "$746", "2016-06-30": "$389", "2016-03-31": "$525", "2015-12-31": "$699", "2015-09-30": "$768", "2015-06-30": "$380", "2015-03-31": "$479", "2014-12-31": "$677", "2014-09-30": "$675", "2014-06-30": "$324", "2014-03-31": "$424", "2013-12-31": "$533", "2013-09-30": "$523", "2013-06-30": "$280", "2013-03-31": "$348", "2012-12-31": "$501", "2012-09-30": "$545", "2012-06-30": "$290", "2012-03-31": "$333", "2011-12-31": "$526", "2011-09-30": "$567", "2011-06-30": "$268", "2011-03-31": "$333", "2010-12-31": "$457", "2010-09-30": "$504", "2010-06-30": "$222", "2010-03-31": "$300", "2009-12-31": "$358", "2009-09-30": "$434", "2009-06-30": "$179", "2009-03-31": "$272", "2008-12-31": "$355", "2008-09-30": "$452", "2008-06-30": "$213", "2008-03-31": "$297", "2007-12-31": "$377", "2007-09-30": "$471", "2007-06-30": "$219", "2007-03-31": "$290", "2006-12-31": "$362", "2006-09-30": "$454", "2006-06-30": "$212", "2006-03-31": "$260", "2005-12-31": "$314", "2005-09-30": "$410", "2005-06-30": "$186", "2005-03-31": "$246"}}, "gross-profit": {"Columbia Sportswear Annual Gross Profit (Millions of US $)": {"2020": "$1,224", "2019": "$1,516", "2018": "$1,386", "2017": "$1,160", "2016": "$1,110", "2015": "$1,074", "2014": "$955", "2013": "$744", "2012": "$716", "2011": "$735", "2010": "$629", "2009": "$524", "2008": "$568", "2007": "$580", "2006": "$541", "2005": "$504"}, "Columbia Sportswear Quarterly Gross Profit (Millions of US $)": {"2020-12-31": "$463", "2020-09-30": "$343", "2020-06-30": "$146", "2020-03-31": "$272", "2019-12-31": "$479", "2019-09-30": "$447", "2019-06-30": "$254", "2019-03-31": "$337", "2018-12-31": "$475", "2018-09-30": "$384", "2018-06-30": "$229", "2018-03-31": "$299", "2017-12-31": "$371", "2017-09-30": "$349", "2017-06-30": "$181", "2017-03-31": "$258", "2016-12-31": "$338", "2016-09-30": "$346", "2016-06-30": "$180", "2016-03-31": "$247", "2015-12-31": "$317", "2015-09-30": "$356", "2015-06-30": "$171", "2015-03-31": "$229", "2014-12-31": "$307", "2014-09-30": "$307", "2014-06-30": "$144", "2014-03-31": "$197", "2013-12-31": "$238", "2013-09-30": "$232", "2013-06-30": "$120", "2013-03-31": "$153", "2012-12-31": "$207", "2012-09-30": "$244", "2012-06-30": "$118", "2012-03-31": "$148", "2011-12-31": "$224", "2011-09-30": "$250", "2011-06-30": "$112", "2011-03-31": "$150", "2010-12-31": "$191", "2010-09-30": "$214", "2010-06-30": "$97", "2010-03-31": "$127", "2009-12-31": "$151", "2009-09-30": "$189", "2009-06-30": "$74", "2009-03-31": "$110", "2008-12-31": "$149", "2008-09-30": "$202", "2008-06-30": "$86", "2008-03-31": "$131", "2007-12-31": "$159", "2007-09-30": "$204", "2007-06-30": "$91", "2007-03-31": "$127", "2006-12-31": "$150", "2006-09-30": "$198", "2006-06-30": "$81", "2006-03-31": "$112", "2005-12-31": "$135", "2005-09-30": "$188", "2005-06-30": "$74", "2005-03-31": "$107"}}, "operating-income": {"Columbia Sportswear Annual Operating Income (Millions of US $)": {"2020": "$137", "2019": "$395", "2018": "$351", "2017": "$263", "2016": "$257", "2015": "$250", "2014": "$199", "2013": "$132", "2012": "$134", "2011": "$136", "2010": "$103", "2009": "$88", "2008": "$119", "2007": "$199", "2006": "$180", "2005": "$186"}, "Columbia Sportswear Quarterly Operating Income (Millions of US $)": {"2020-12-31": "$124", "2020-09-30": "$86", "2020-06-30": "$-70", "2020-03-31": "$-2", "2019-12-31": "$139", "2019-09-30": "$152", "2019-06-30": "$16", "2019-03-31": "$88", "2018-12-31": "$153", "2018-09-30": "$129", "2018-06-30": "$10", "2018-03-31": "$59", "2017-12-31": "$109", "2017-09-30": "$123", "2017-06-30": "$-17", "2017-03-31": "$48", "2016-12-31": "$100", "2016-09-30": "$124", "2016-06-30": "$-12", "2016-03-31": "$44", "2015-12-31": "$82", "2015-09-30": "$132", "2015-06-30": "$-9", "2015-03-31": "$44", "2014-12-31": "$82", "2014-09-30": "$98", "2014-06-30": "$-17", "2014-03-31": "$35", "2013-12-31": "$52", "2013-09-30": "$77", "2013-06-30": "$-10", "2013-03-31": "$13", "2012-12-31": "$51", "2012-09-30": "$88", "2012-06-30": "$-11", "2012-03-31": "$5", "2011-12-31": "$51", "2011-09-30": "$87", "2011-06-30": "$-19", "2011-03-31": "$18", "2010-12-31": "$37", "2010-09-30": "$69", "2010-06-30": "$-15", "2010-03-31": "$12", "2009-12-31": "$28", "2009-09-30": "$66", "2009-06-30": "$-16", "2009-03-31": "$10", "2008-12-31": "$12", "2008-09-30": "$83", "2008-06-30": "$-4", "2008-03-31": "$27", "2007-12-31": "$57", "2007-09-30": "$93", "2007-06-30": "$12", "2007-03-31": "$37", "2006-12-31": "$55", "2006-09-30": "$91", "2006-06-30": "$5", "2006-03-31": "$28", "2005-12-31": "$54", "2005-09-30": "$92", "2005-06-30": "$8", "2005-03-31": "$31"}}, "ebitda": {"Columbia Sportswear Annual EBITDA (Millions of US $)": {"2019": "$517", "2018": "$409", "2017": "$323", "2016": "$317", "2015": "$306", "2014": "$253", "2013": "$173", "2012": "$174", "2011": "$180", "2010": "$142", "2009": "$124", "2008": "$150", "2007": "$229", "2006": "$203", "2005": "$210"}, "Columbia Sportswear Quarterly EBITDA (Millions of US $)": {"2020-09-30": "$122", "2020-06-30": "$-37", "2020-03-31": "$31", "2019-12-31": "$172", "2019-09-30": "$183", "2019-06-30": "$45", "2019-03-31": "$117", "2018-12-31": "$167", "2018-09-30": "$144", "2018-06-30": "$24", "2018-03-31": "$74", "2017-12-31": "$125", "2017-09-30": "$138", "2017-06-30": "$-2", "2017-03-31": "$63", "2016-12-31": "$116", "2016-09-30": "$139", "2016-06-30": "$3", "2016-03-31": "$59", "2015-12-31": "$97", "2015-09-30": "$146", "2015-06-30": "$5", "2015-03-31": "$58", "2014-12-31": "$97", "2014-09-30": "$114", "2014-06-30": "$-4", "2014-03-31": "$46", "2013-12-31": "$63", "2013-09-30": "$87", "2013-06-30": "$0", "2013-03-31": "$23", "2012-12-31": "$61", "2012-09-30": "$98", "2012-06-30": "$-1", "2012-03-31": "$16", "2011-12-31": "$62", "2011-09-30": "$98", "2011-06-30": "$-8", "2011-03-31": "$28", "2010-12-31": "$48", "2010-09-30": "$78", "2010-06-30": "$-5", "2010-03-31": "$22", "2009-12-31": "$38", "2009-09-30": "$75", "2009-06-30": "$-7", "2009-03-31": "$19", "2008-12-31": "$20", "2008-09-30": "$91", "2008-06-30": "$3", "2008-03-31": "$35", "2007-12-31": "$65", "2007-09-30": "$100", "2007-06-30": "$20", "2007-03-31": "$44", "2006-12-31": "$61", "2006-09-30": "$97", "2006-06-30": "$11", "2006-03-31": "$34", "2005-12-31": "$60", "2005-09-30": "$98", "2005-06-30": "$14", "2005-03-31": "$37"}}, "net-income": {"Columbia Sportswear Annual Net Income (Millions of US $)": {"2020": "$108", "2019": "$330", "2018": "$268", "2017": "$105", "2016": "$192", "2015": "$174", "2014": "$137", "2013": "$94", "2012": "$100", "2011": "$103", "2010": "$77", "2009": "$67", "2008": "$95", "2007": "$144", "2006": "$123", "2005": "$131"}, "Columbia Sportswear Quarterly Net Income (Millions of US $)": {"2020-12-31": "$96", "2020-09-30": "$63", "2020-06-30": "$-51", "2020-03-31": "$0", "2019-12-31": "$114", "2019-09-30": "$119", "2019-06-30": "$23", "2019-03-31": "$74", "2018-12-31": "$113", "2018-09-30": "$100", "2018-06-30": "$10", "2018-03-31": "$45", "2017-12-31": "$-7", "2017-09-30": "$88", "2017-06-30": "$-12", "2017-03-31": "$36", "2016-12-31": "$85", "2016-09-30": "$84", "2016-06-30": "$-8", "2016-03-31": "$32", "2015-12-31": "$63", "2015-09-30": "$91", "2015-06-30": "$-7", "2015-03-31": "$26", "2014-12-31": "$56", "2014-09-30": "$66", "2014-06-30": "$-6", "2014-03-31": "$22", "2013-12-31": "$37", "2013-09-30": "$55", "2013-06-30": "$-7", "2013-03-31": "$10", "2012-12-31": "$39", "2012-09-30": "$64", "2012-06-30": "$-8", "2012-03-31": "$4", "2011-12-31": "$37", "2011-09-30": "$68", "2011-06-30": "$-14", "2011-03-31": "$13", "2010-12-31": "$26", "2010-09-30": "$52", "2010-06-30": "$-11", "2010-03-31": "$9", "2009-12-31": "$23", "2009-09-30": "$47", "2009-06-30": "$-10", "2009-03-31": "$7", "2008-12-31": "$19", "2008-09-30": "$58", "2008-06-30": "$-2", "2008-03-31": "$20", "2007-12-31": "$46", "2007-09-30": "$63", "2007-06-30": "$10", "2007-03-31": "$26", "2006-12-31": "$38", "2006-09-30": "$60", "2006-06-30": "$5", "2006-03-31": "$19", "2005-12-31": "$37", "2005-09-30": "$66", "2005-06-30": "$6", "2005-03-31": "$21"}}, "eps-earnings-per-share-diluted": {"Columbia Sportswear Annual EPS": {"2020": "$1.62", "2019": "$4.83", "2018": "$3.81", "2017": "$1.49", "2016": "$2.72", "2015": "$2.45", "2014": "$1.94", "2013": "$1.36", "2012": "$1.46", "2011": "$1.52", "2010": "$1.13", "2009": "$0.99", "2008": "$1.37", "2007": "$1.98", "2006": "$1.68", "2005": "$1.68"}, "Columbia Sportswear Quarterly EPS": {"2020-12-31": "$1.44", "2020-09-30": "$0.94", "2020-06-30": "$-0.77", "2020-03-31": "$0.00", "2019-12-31": "$1.67", "2019-09-30": "$1.75", "2019-06-30": "$0.34", "2019-03-31": "$1.07", "2018-12-31": "$1.61", "2018-09-30": "$1.42", "2018-06-30": "$0.14", "2018-03-31": "$0.64", "2017-12-31": "$-0.10", "2017-09-30": "$1.25", "2017-06-30": "$-0.17", "2017-03-31": "$0.51", "2016-12-31": "$1.21", "2016-09-30": "$1.18", "2016-06-30": "$-0.12", "2016-03-31": "$0.45", "2015-12-31": "$0.89", "2015-09-30": "$1.28", "2015-06-30": "$-0.09", "2015-03-31": "$0.37", "2014-12-31": "$0.78", "2014-09-30": "$0.93", "2014-06-30": "$-0.09", "2014-03-31": "$0.32", "2013-12-31": "$0.53", "2013-09-30": "$0.79", "2013-06-30": "$-0.11", "2013-03-31": "$0.15", "2012-12-31": "$0.58", "2012-09-30": "$0.94", "2012-06-30": "$-0.12", "2012-03-31": "$0.06", "2011-12-31": "$0.54", "2011-09-30": "$0.99", "2011-06-30": "$-0.20", "2011-03-31": "$0.19", "2010-12-31": "$0.39", "2010-09-30": "$0.77", "2010-06-30": "$-0.16", "2010-03-31": "$0.14", "2009-12-31": "$0.34", "2009-09-30": "$0.69", "2009-06-30": "$-0.15", "2009-03-31": "$0.10", "2008-12-31": "$0.27", "2008-09-30": "$0.85", "2008-06-30": "$-0.03", "2008-03-31": "$0.28", "2007-12-31": "$0.63", "2007-09-30": "$0.86", "2007-06-30": "$0.14", "2007-03-31": "$0.36", "2006-12-31": "$0.52", "2006-09-30": "$0.84", "2006-06-30": "$0.07", "2006-03-31": "$0.26", "2005-12-31": "$0.47", "2005-09-30": "$0.87", "2005-06-30": "$0.08", "2005-03-31": "$0.26"}}, "shares-outstanding": {"Columbia Sportswear Annual Shares Outstanding (Millions of Shares)": {"2020": "67", "2019": "68", "2018": "70", "2017": "70", "2016": "71", "2015": "71", "2014": "71", "2013": "69", "2012": "68", "2011": "68", "2010": "68", "2009": "68", "2008": "69", "2007": "73", "2006": "73", "2005": "78"}, "Columbia Sportswear Quarterly Shares Outstanding (Millions of Shares)": {"2020-12-31": "67", "2020-09-30": "67", "2020-06-30": "66", "2020-03-31": "67", "2019-12-31": "68", "2019-09-30": "68", "2019-06-30": "69", "2019-03-31": "69", "2018-12-31": "70", "2018-09-30": "70", "2018-06-30": "71", "2018-03-31": "71", "2017-12-31": "70", "2017-09-30": "70", "2017-06-30": "70", "2017-03-31": "70", "2016-12-31": "71", "2016-09-30": "71", "2016-06-30": "70", "2016-03-31": "70", "2015-12-31": "71", "2015-09-30": "71", "2015-06-30": "70", "2015-03-31": "71", "2014-12-31": "71", "2014-09-30": "71", "2014-06-30": "70", "2014-03-31": "70", "2013-12-31": "69", "2013-09-30": "70", "2013-06-30": "69", "2013-03-31": "69", "2012-12-31": "68", "2012-09-30": "68", "2012-06-30": "68", "2012-03-31": "68", "2011-12-31": "68", "2011-09-30": "68", "2011-06-30": "68", "2011-03-31": "69", "2010-12-31": "68", "2010-09-30": "68", "2010-06-30": "68", "2010-03-31": "68", "2009-12-31": "68", "2009-09-30": "68", "2009-06-30": "68", "2009-03-31": "68", "2008-12-31": "69", "2008-09-30": "69", "2008-06-30": "70", "2008-03-31": "71", "2007-12-31": "73", "2007-09-30": "73", "2007-06-30": "73", "2007-03-31": "73", "2006-12-31": "73", "2006-09-30": "72", "2006-06-30": "74", "2006-03-31": "75", "2005-12-31": "78", "2005-09-30": "76", "2005-06-30": "79", "2005-03-31": "81"}}, "total-assets": {"Columbia Sportswear Annual Total Assets (Millions of US $)": {"2019": "$2,932", "2018": "$2,369", "2017": "$2,213", "2016": "$2,014", "2015": "$1,846", "2014": "$1,792", "2013": "$1,606", "2012": "$1,459", "2011": "$1,383", "2010": "$1,295", "2009": "$1,213", "2008": "$1,148", "2007": "$1,166", "2006": "$1,027", "2005": "$968"}, "Columbia Sportswear Quarterly Total Assets (Millions of US $)": {"2020-09-30": "$2,652", "2020-06-30": "$2,622", "2020-03-31": "$2,751", "2019-12-31": "$2,932", "2019-09-30": "$2,751", "2019-06-30": "$2,662", "2019-03-31": "$2,614", "2018-12-31": "$2,369", "2018-09-30": "$2,299", "2018-06-30": "$2,247", "2018-03-31": "$2,189", "2017-12-31": "$2,213", "2017-09-30": "$2,101", "2017-06-30": "$2,011", "2017-03-31": "$1,888", "2016-12-31": "$2,014", "2016-09-30": "$1,922", "2016-06-30": "$1,908", "2016-03-31": "$1,761", "2015-12-31": "$1,846", "2015-09-30": "$1,877", "2015-06-30": "$1,819", "2015-03-31": "$1,689", "2014-12-31": "$1,792", "2014-09-30": "$1,762", "2014-06-30": "$1,685", "2014-03-31": "$1,550", "2013-12-31": "$1,606", "2013-09-30": "$1,534", "2013-06-30": "$1,477", "2013-03-31": "$1,372", "2012-12-31": "$1,459", "2012-09-30": "$1,428", "2012-06-30": "$1,386", "2012-03-31": "$1,300", "2011-12-31": "$1,383", "2011-09-30": "$1,344", "2011-06-30": "$1,313", "2011-03-31": "$1,256", "2010-12-31": "$1,295", "2010-09-30": "$1,333", "2010-06-30": "$1,212", "2010-03-31": "$1,190", "2009-12-31": "$1,213", "2009-09-30": "$1,184", "2009-06-30": "$1,112", "2009-03-31": "$1,073", "2008-12-31": "$1,148", "2008-09-30": "$1,163", "2008-06-30": "$1,135", "2008-03-31": "$1,108", "2007-12-31": "$1,166", "2007-09-30": "$1,149", "2007-06-30": "$1,071", "2007-03-31": "$1,021", "2006-12-31": "$1,027", "2006-09-30": "$1,024", "2006-06-30": "$916", "2006-03-31": "$935", "2005-12-31": "$968", "2005-09-30": "$967", "2005-06-30": "$848", "2005-03-31": "$957"}}, "cash-on-hand": {"Columbia Sportswear Annual Cash on Hand (Millions of US $)": {"2019": "$688", "2018": "$715", "2017": "$768", "2016": "$552", "2015": "$370", "2014": "$441", "2013": "$529", "2012": "$335", "2011": "$244", "2010": "$303", "2009": "$409", "2008": "$253", "2007": "$274", "2006": "$220", "2005": "$260"}, "Columbia Sportswear Quarterly Cash on Hand (Millions of US $)": {"2020-09-30": "$315", "2020-06-30": "$476", "2020-03-31": "$707", "2019-12-31": "$688", "2019-09-30": "$241", "2019-06-30": "$524", "2019-03-31": "$703", "2018-12-31": "$715", "2018-09-30": "$465", "2018-06-30": "$775", "2018-03-31": "$808", "2017-12-31": "$768", "2017-09-30": "$430", "2017-06-30": "$622", "2017-03-31": "$590", "2016-12-31": "$552", "2016-09-30": "$220", "2016-06-30": "$429", "2016-03-31": "$451", "2015-12-31": "$370", "2015-09-30": "$174", "2015-06-30": "$417", "2015-03-31": "$455", "2014-12-31": "$441", "2014-09-30": "$186", "2014-06-30": "$394", "2014-03-31": "$568", "2013-12-31": "$529", "2013-09-30": "$303", "2013-06-30": "$431", "2013-03-31": "$375", "2012-12-31": "$335", "2012-09-30": "$96", "2012-06-30": "$229", "2012-03-31": "$253", "2011-12-31": "$244", "2011-09-30": "$90", "2011-06-30": "$298", "2011-03-31": "$335", "2010-12-31": "$303", "2010-09-30": "$236", "2010-06-30": "$398", "2010-03-31": "$416", "2009-12-31": "$409", "2009-09-30": "$211", "2009-06-30": "$318", "2009-03-31": "$300", "2008-12-31": "$253", "2008-09-30": "$145", "2008-06-30": "$327", "2008-03-31": "$278", "2007-12-31": "$274", "2007-09-30": "$116", "2007-06-30": "$264", "2007-03-31": "$269", "2006-12-31": "$220", "2006-09-30": "$71", "2006-06-30": "$174", "2006-03-31": "$239", "2005-12-31": "$260", "2005-09-30": "$148", "2005-06-30": "$243", "2005-03-31": "$338"}}, "long-term-debt": {"Columbia Sportswear Annual Long Term Debt (Millions of US $)": {"2019": "$", "2018": "$", "2017": "$", "2016": "$14", "2015": "$15", "2014": "$16", "2013": "$", "2012": "$", "2011": "$", "2010": "$", "2009": "$", "2008": "$", "2007": "$", "2006": "$", "2005": "$7"}, "Columbia Sportswear Quarterly Long Term Debt (Millions of US $)": {"2020-09-30": "", "2020-06-30": "", "2020-03-31": "", "2019-12-31": "", "2019-09-30": "", "2019-06-30": "", "2019-03-31": "", "2018-12-31": "", "2018-09-30": "", "2018-06-30": "", "2018-03-31": "", "2017-12-31": "", "2017-09-30": "", "2017-06-30": "", "2017-03-31": "$14", "2016-12-31": "$14", "2016-09-30": "$15", "2016-06-30": "$15", "2016-03-31": "$15", "2015-12-31": "$15", "2015-09-30": "$15", "2015-06-30": "$16", "2015-03-31": "$16", "2014-12-31": "$16", "2014-09-30": "$16", "2014-06-30": "$16", "2014-03-31": "$16", "2013-12-31": "", "2013-09-30": "", "2013-06-30": "", "2013-03-31": "", "2012-12-31": "", "2012-09-30": "", "2012-06-30": "", "2012-03-31": "", "2011-12-31": "", "2011-09-30": "", "2011-06-30": "", "2011-03-31": "", "2010-12-31": "", "2010-09-30": "", "2010-06-30": "", "2010-03-31": "", "2009-12-31": "", "2009-09-30": "", "2009-06-30": "", "2009-03-31": "", "2008-12-31": "", "2008-09-30": "", "2008-06-30": "", "2008-03-31": "$5", "2007-12-31": "", "2007-09-30": "", "2007-06-30": "", "2007-03-31": "", "2006-12-31": "", "2006-09-30": "$4", "2006-06-30": "$7", "2006-03-31": "$7", "2005-12-31": "$7", "2005-09-30": "$7", "2005-06-30": "$12", "2005-03-31": "$13"}}, "total-liabilities": {"Columbia Sportswear Annual Total Liabilities (Millions of US $)": {"2019": "$1,082", "2018": "$678", "2017": "$561", "2016": "$432", "2015": "$430", "2014": "$437", "2013": "$353", "2012": "$293", "2011": "$308", "2010": "$293", "2009": "$216", "2008": "$204", "2007": "$196", "2006": "$197", "2005": "$225"}, "Columbia Sportswear Quarterly Total Liabilities (Millions of US $)": {"2020-09-30": "$929", "2020-06-30": "$970", "2020-03-31": "$1,055", "2019-12-31": "$1,082", "2019-09-30": "$1,004", "2019-06-30": "$1,007", "2019-03-31": "$893", "2018-12-31": "$678", "2018-09-30": "$618", "2018-06-30": "$593", "2018-03-31": "$497", "2017-12-31": "$561", "2017-09-30": "$442", "2017-06-30": "$439", "2017-03-31": "$296", "2016-12-31": "$432", "2016-09-30": "$401", "2016-06-30": "$470", "2016-03-31": "$307", "2015-12-31": "$430", "2015-09-30": "$455", "2015-06-30": "$467", "2015-03-31": "$315", "2014-12-31": "$437", "2014-09-30": "$435", "2014-06-30": "$407", "2014-03-31": "$275", "2013-12-31": "$353", "2013-09-30": "$315", "2013-06-30": "$318", "2013-03-31": "$208", "2012-12-31": "$293", "2012-09-30": "$300", "2012-06-30": "$327", "2012-03-31": "$222", "2011-12-31": "$308", "2011-09-30": "$301", "2011-06-30": "$297", "2011-03-31": "$231", "2010-12-31": "$293", "2010-09-30": "$303", "2010-06-30": "$231", "2010-03-31": "$188", "2009-12-31": "$216", "2009-09-30": "$204", "2009-06-30": "$181", "2009-03-31": "$139", "2008-12-31": "$204", "2008-09-30": "$217", "2008-06-30": "$187", "2008-03-31": "$151", "2007-12-31": "$196", "2007-09-30": "$210", "2007-06-30": "$206", "2007-03-31": "$154", "2006-12-31": "$197", "2006-09-30": "$240", "2006-06-30": "$200", "2006-03-31": "$166", "2005-12-31": "$225", "2005-09-30": "$214", "2005-06-30": "$166", "2005-03-31": "$157"}}, "total-share-holder-equity": {"Columbia Sportswear Annual Share Holder Equity (Millions of US $)": {"2019": "$1,849", "2018": "$1,690", "2017": "$1,652", "2016": "$1,582", "2015": "$1,416", "2014": "$1,355", "2013": "$1,253", "2012": "$1,166", "2011": "$1,075", "2010": "$1,002", "2009": "$997", "2008": "$944", "2007": "$970", "2006": "$831", "2005": "$743"}, "Columbia Sportswear Quarterly Share Holder Equity (Millions of US $)": {"2020-09-30": "$1,723", "2020-06-30": "$1,653", "2020-03-31": "$1,697", "2019-12-31": "$1,849", "2019-09-30": "$1,747", "2019-06-30": "$1,655", "2019-03-31": "$1,721", "2018-12-31": "$1,690", "2018-09-30": "$1,682", "2018-06-30": "$1,654", "2018-03-31": "$1,691", "2017-12-31": "$1,652", "2017-09-30": "$1,658", "2017-06-30": "$1,572", "2017-03-31": "$1,592", "2016-12-31": "$1,582", "2016-09-30": "$1,521", "2016-06-30": "$1,438", "2016-03-31": "$1,454", "2015-12-31": "$1,416", "2015-09-30": "$1,422", "2015-06-30": "$1,351", "2015-03-31": "$1,374", "2014-12-31": "$1,355", "2014-09-30": "$1,327", "2014-06-30": "$1,278", "2014-03-31": "$1,275", "2013-12-31": "$1,253", "2013-09-30": "$1,220", "2013-06-30": "$1,159", "2013-03-31": "$1,164", "2012-12-31": "$1,166", "2012-09-30": "$1,128", "2012-06-30": "$1,059", "2012-03-31": "$1,079", "2011-12-31": "$1,075", "2011-09-30": "$1,044", "2011-06-30": "$1,016", "2011-03-31": "$1,025", "2010-12-31": "$1,002", "2010-09-30": "$1,029", "2010-06-30": "$981", "2010-03-31": "$1,002", "2009-12-31": "$997", "2009-09-30": "$981", "2009-06-30": "$931", "2009-03-31": "$934", "2008-12-31": "$944", "2008-09-30": "$946", "2008-06-30": "$948", "2008-03-31": "$957", "2007-12-31": "$970", "2007-09-30": "$940", "2007-06-30": "$866", "2007-03-31": "$868", "2006-12-31": "$831", "2006-09-30": "$784", "2006-06-30": "$716", "2006-03-31": "$769", "2005-12-31": "$743", "2005-09-30": "$753", "2005-06-30": "$682", "2005-03-31": "$800"}}, "profit-margins": {"current": "4.32%"}, "gross margin": {"2020-12-31": "48.92%", "2020-09-30": "48.80%", "2020-06-30": "48.93%", "2020-03-31": "49.12%", "2019-12-31": "49.85%", "2019-09-30": "50.33%", "2019-06-30": "50.09%", "2019-03-31": "49.98%", "2018-12-31": "49.48%", "2018-09-30": "48.21%", "2018-06-30": "47.78%", "2018-03-31": "47.45%", "2017-12-31": "47.00%", "2017-09-30": "46.78%", "2017-06-30": "46.67%", "2017-03-31": "46.83%", "2016-12-31": "46.74%", "2016-09-30": "46.21%", "2016-06-30": "46.20%", "2016-03-31": "45.99%", "2015-12-31": "46.13%", "2015-09-30": "46.14%", "2015-06-30": "45.86%", "2015-03-31": "45.80%", "2014-12-31": "45.48%", "2014-09-30": "45.30%", "2014-06-30": "44.96%", "2014-03-31": "44.72%", "2013-12-31": "44.12%", "2013-09-30": "43.10%", "2013-06-30": "43.25%", "2013-03-31": "42.87%", "2012-12-31": "42.96%", "2012-09-30": "43.33%", "2012-06-30": "43.12%", "2012-03-31": "43.33%", "2011-12-31": "43.45%", "2011-09-30": "43.26%", "2011-06-30": "42.70%", "2011-03-31": "43.01%", "2010-12-31": "42.41%", "2010-09-30": "42.56%", "2010-06-30": "42.92%", "2010-03-31": "42.56%", "2009-12-31": "42.16%", "2009-09-30": "42.10%", "2009-06-30": "42.53%", "2009-03-31": "42.34%", "2008-12-31": "43.13%", "2008-09-30": "43.17%", "2008-06-30": "42.71%", "2008-03-31": "42.89%", "2007-12-31": "42.82%", "2007-09-30": "42.62%", "2007-06-30": "42.72%", "2007-03-31": "42.19%", "2006-12-31": "42.00%", "2006-09-30": "42.42%", "2006-06-30": "43.14%", "2006-03-31": "43.50%", "2005-12-31": "43.60%"}, "operating margin": {"2020-12-31": "5.52%", "2020-09-30": "6.02%", "2020-06-30": "7.97%", "2020-03-31": "10.32%", "2019-12-31": "12.98%", "2019-09-30": "13.61%", "2019-06-30": "13.33%", "2019-03-31": "13.33%", "2018-12-31": "12.52%", "2018-09-30": "11.54%", "2018-06-30": "11.52%", "2018-03-31": "10.83%", "2017-12-31": "10.67%", "2017-09-30": "10.55%", "2017-06-30": "10.60%", "2017-03-31": "10.85%", "2016-12-31": "10.77%", "2016-09-30": "10.09%", "2016-06-30": "10.33%", "2016-03-31": "10.50%", "2015-12-31": "10.71%", "2015-09-30": "10.81%", "2015-06-30": "9.72%", "2015-03-31": "9.61%", "2014-12-31": "9.43%", "2014-09-30": "8.59%", "2014-06-30": "8.15%", "2014-03-31": "8.75%", "2013-12-31": "7.84%", "2013-09-30": "7.93%", "2013-06-30": "8.48%", "2013-03-31": "8.37%", "2012-12-31": "7.97%", "2012-09-30": "7.85%", "2012-06-30": "7.69%", "2012-03-31": "7.32%", "2011-12-31": "8.09%", "2011-09-30": "7.57%", "2011-06-30": "6.72%", "2011-03-31": "7.19%", "2010-12-31": "6.95%", "2010-09-30": "6.79%", "2010-06-30": "6.93%", "2010-03-31": "7.08%", "2009-12-31": "7.08%", "2009-09-30": "5.81%", "2009-06-30": "7.07%", "2009-03-31": "7.82%", "2008-12-31": "8.96%", "2008-09-30": "12.17%", "2008-06-30": "12.74%", "2008-03-31": "13.86%", "2007-12-31": "14.66%", "2007-09-30": "14.68%", "2007-06-30": "14.72%", "2007-03-31": "14.26%", "2006-12-31": "13.90%", "2006-09-30": "14.35%", "2006-06-30": "14.97%", "2006-03-31": "15.56%", "2005-12-31": "16.00%"}, "ebitda margin": {"2020-09-30": "11.33%", "2020-06-30": "12.70%", "2020-03-31": "14.58%", "2019-12-31": "16.99%", "2019-09-30": "17.03%", "2019-06-30": "16.34%", "2019-03-31": "15.85%", "2018-12-31": "14.59%", "2018-09-30": "13.79%", "2018-06-30": "13.82%", "2018-03-31": "13.25%", "2017-12-31": "13.14%", "2017-09-30": "13.09%", "2017-06-30": "13.13%", "2017-03-31": "13.40%", "2016-12-31": "13.34%", "2016-09-30": "12.63%", "2016-06-30": "12.81%", "2016-03-31": "12.94%", "2015-12-31": "13.16%", "2015-09-30": "13.28%", "2015-06-30": "12.39%", "2015-03-31": "12.30%", "2014-12-31": "12.05%", "2014-09-30": "11.20%", "2014-06-30": "10.64%", "2014-03-31": "11.14%", "2013-12-31": "10.27%", "2013-09-30": "10.35%", "2013-06-30": "10.87%", "2013-03-31": "10.75%", "2012-12-31": "10.43%", "2012-09-30": "10.33%", "2012-06-30": "10.20%", "2012-03-31": "9.92%", "2011-12-31": "10.63%", "2011-09-30": "10.22%", "2011-06-30": "9.35%", "2011-03-31": "9.83%", "2010-12-31": "9.64%", "2010-09-30": "9.61%", "2010-06-30": "9.89%", "2010-03-31": "10.07%", "2009-12-31": "10.06%", "2009-09-30": "8.63%", "2009-06-30": "9.78%", "2009-03-31": "10.29%", "2008-12-31": "11.31%", "2008-09-30": "14.49%", "2008-06-30": "14.95%", "2008-03-31": "16.13%", "2007-12-31": "16.88%", "2007-09-30": "16.77%", "2007-06-30": "16.75%", "2007-03-31": "16.16%", "2006-12-31": "15.76%", "2006-09-30": "16.29%", "2006-06-30": "16.97%", "2006-03-31": "17.61%", "2005-12-31": "18.08%"}, "pre tax profit margin": {"2020-12-31": "5.60%", "2020-09-30": "6.22%", "2020-06-30": "8.23%", "2020-03-31": "10.69%", "2019-12-31": "13.34%", "2019-09-30": "13.94%", "2019-06-30": "13.75%", "2019-03-31": "13.71%", "2018-12-31": "12.84%", "2018-09-30": "11.88%", "2018-06-30": "11.79%", "2018-03-31": "11.03%", "2017-12-31": "10.83%", "2017-09-30": "10.72%", "2017-06-30": "10.68%", "2017-03-31": "10.93%", "2016-12-31": "10.81%", "2016-09-30": "10.13%", "2016-06-30": "10.37%", "2016-03-31": "10.54%", "2015-12-31": "10.66%", "2015-09-30": "10.72%", "2015-06-30": "9.72%", "2015-03-31": "9.56%", "2014-12-31": "9.48%", "2014-09-30": "8.64%", "2014-06-30": "8.15%", "2014-03-31": "8.75%", "2013-12-31": "7.78%", "2013-09-30": "7.87%", "2013-06-30": "8.42%", "2013-03-31": "8.31%", "2012-12-31": "8.03%", "2012-09-30": "7.91%", "2012-06-30": "7.75%", "2012-03-31": "7.44%", "2011-12-31": "8.15%", "2011-09-30": "7.69%", "2011-06-30": "6.85%", "2011-03-31": "7.32%", "2010-12-31": "7.15%", "2010-09-30": "6.94%", "2010-06-30": "7.08%", "2010-03-31": "7.24%", "2009-12-31": "7.24%", "2009-09-30": "6.13%", "2009-06-30": "7.55%", "2009-03-31": "8.36%", "2008-12-31": "9.64%", "2008-09-30": "12.85%", "2008-06-30": "13.40%", "2008-03-31": "14.59%", "2007-12-31": "15.40%", "2007-09-30": "15.35%", "2007-06-30": "15.32%", "2007-03-31": "14.80%", "2006-12-31": "14.36%", "2006-09-30": "14.92%", "2006-06-30": "15.55%", "2006-03-31": "16.15%", "2005-12-31": "16.61%"}, "net profit margin": {"2020-12-31": "4.32%", "2020-09-30": "4.96%", "2020-06-30": "6.63%", "2020-03-31": "8.66%", "2019-12-31": "10.84%", "2019-09-30": "10.94%", "2019-06-30": "10.71%", "2019-03-31": "10.42%", "2018-12-31": "9.56%", "2018-09-30": "5.56%", "2018-06-30": "5.21%", "2018-03-31": "4.51%", "2017-12-31": "4.26%", "2017-09-30": "8.18%", "2017-06-30": "8.02%", "2017-03-31": "8.22%", "2016-12-31": "8.12%", "2016-09-30": "7.25%", "2016-06-30": "7.48%", "2016-03-31": "7.55%", "2015-12-31": "7.44%", "2015-09-30": "7.20%", "2015-06-30": "6.38%", "2015-03-31": "6.59%", "2014-12-31": "6.57%", "2014-09-30": "6.08%", "2014-06-30": "5.99%", "2014-03-31": "6.08%", "2013-12-31": "5.64%", "2013-09-30": "5.87%", "2013-06-30": "6.33%", "2013-03-31": "6.24%", "2012-12-31": "5.93%", "2012-09-30": "5.73%", "2012-06-30": "5.89%", "2012-03-31": "5.61%", "2011-12-31": "6.14%", "2011-09-30": "5.72%", "2011-06-30": "4.93%", "2011-03-31": "5.28%", "2010-12-31": "5.12%", "2010-09-30": "5.27%", "2010-06-30": "5.18%", "2010-03-31": "5.43%", "2009-12-31": "5.39%", "2009-09-30": "5.08%", "2009-06-30": "5.88%", "2009-03-31": "6.35%", "2008-12-31": "7.21%", "2008-09-30": "9.11%", "2008-06-30": "9.35%", "2008-03-31": "10.19%", "2007-12-31": "10.69%", "2007-09-30": "10.21%", "2007-06-30": "10.11%", "2007-03-31": "9.79%", "2006-12-31": "9.47%", "2006-09-30": "9.76%", "2006-06-30": "10.62%", "2006-03-31": "10.94%", "2005-12-31": "11.25%"}, "pe ratio": {"current": "67.01", "2021-02-05": "634.65", "2020-12-31": "514.00", "2020-09-30": "47.27", "2020-06-30": "30.41", "2020-03-31": "18.56", "2019-12-31": "20.67", "2019-09-30": "20.10", "2019-06-30": "22.26", "2019-03-31": "24.18", "2018-12-31": "21.66", "2018-09-30": "43.61", "2018-06-30": "46.52", "2018-03-31": "46.19", "2017-12-31": "47.09", "2017-09-30": "21.48", "2017-06-30": "20.71", "2017-03-31": "20.51", "2016-12-31": "20.74", "2016-09-30": "22.63", "2016-06-30": "21.96", "2016-03-31": "22.59", "2015-12-31": "18.88", "2015-09-30": "23.74", "2015-06-30": "28.62", "2015-03-31": "28.76", "2014-12-31": "21.57", "2014-09-30": "19.99", "2014-06-30": "25.17", "2014-03-31": "25.34", "2013-12-31": "27.09", "2013-09-30": "19.91", "2013-06-30": "18.58", "2013-03-31": "17.21", "2012-12-31": "16.78", "2012-09-30": "17.29", "2012-06-30": "16.55", "2012-03-31": "15.47", "2011-12-31": "13.81", "2011-09-30": "15.27", "2011-06-30": "24.90", "2011-03-31": "22.38", "2010-12-31": "23.64", "2010-09-30": "23.13", "2010-06-30": "19.77", "2010-03-31": "21.96", "2009-12-31": "16.83", "2009-09-30": "18.92", "2009-06-30": "12.10", "2009-03-31": "10.48", "2008-12-31": "10.71", "2008-09-30": "10.05", "2008-06-30": "8.69", "2008-03-31": "9.51", "2007-12-31": "9.12", "2007-09-30": "12.02", "2007-06-30": "15.09", "2007-03-31": "14.19", "2006-12-31": "13.37"}, "price sales": {"2021-02-05": "2.88", "2020-12-31": "2.33", "2020-09-30": "2.31", "2020-06-30": "1.99", "2020-03-31": "1.61", "2019-12-31": "2.25", "2019-09-30": "2.21", "2019-06-30": "2.39", "2019-03-31": "2.54", "2018-12-31": "2.09", "2018-09-30": "2.43", "2018-06-30": "2.43", "2018-03-31": "2.08", "2017-12-31": "2.00", "2017-09-30": "1.75", "2017-06-30": "1.65", "2017-03-31": "1.67", "2016-12-31": "1.67", "2016-09-30": "1.63", "2016-06-30": "1.64", "2016-03-31": "1.71", "2015-12-31": "1.42", "2015-09-30": "1.72", "2015-06-30": "1.83", "2015-03-31": "1.89", "2014-12-31": "1.41", "2014-09-30": "1.20", "2014-06-30": "1.49", "2014-03-31": "1.52", "2013-12-31": "1.50", "2013-09-30": "1.16", "2013-06-30": "1.18", "2013-03-31": "1.08", "2012-12-31": "1.00", "2012-09-30": "0.99", "2012-06-30": "0.97", "2012-03-31": "0.86", "2011-12-31": "0.84", "2011-09-30": "0.87", "2011-06-30": "1.23", "2011-03-31": "1.19", "2010-12-31": "1.22", "2010-09-30": "1.23", "2010-06-30": "1.03", "2010-03-31": "1.20", "2009-12-31": "0.91", "2009-09-30": "0.96", "2009-06-30": "0.71", "2009-03-31": "0.67", "2008-12-31": "0.78", "2008-09-30": "0.92", "2008-06-30": "0.80", "2008-03-31": "0.96", "2007-12-31": "0.97", "2007-09-30": "1.23", "2007-06-30": "1.54", "2007-03-31": "1.40", "2006-12-31": "1.29"}, "price book": {"current": "4.15", "2021-02-05": "4.15", "2020-09-30": "3.34", "2020-06-30": "3.22", "2020-03-31": "2.72", "2019-12-31": "3.65", "2019-09-30": "3.72", "2019-06-30": "4.05", "2019-03-31": "4.09", "2018-12-31": "3.35", "2018-09-30": "3.77", "2018-06-30": "3.80", "2018-03-31": "3.10", "2017-12-31": "2.97", "2017-09-30": "2.52", "2017-06-30": "2.50", "2017-03-31": "2.49", "2016-12-31": "2.48", "2016-09-30": "2.50", "2016-06-30": "2.67", "2016-03-31": "2.75", "2015-12-31": "2.27", "2015-09-30": "2.76", "2015-06-30": "2.98", "2015-03-31": "2.95", "2014-12-31": "2.16", "2014-09-30": "1.77", "2014-06-30": "2.12", "2014-03-31": "2.11", "2013-12-31": "2.02", "2013-09-30": "1.58", "2013-06-30": "1.71", "2013-03-31": "1.57", "2012-12-31": "1.43", "2012-09-30": "1.48", "2012-06-30": "1.55", "2012-03-31": "1.34", "2011-12-31": "1.31", "2011-09-30": "1.34", "2011-06-30": "1.89", "2011-03-31": "1.75", "2010-12-31": "1.80", "2010-09-30": "1.64", "2010-06-30": "1.38", "2010-03-31": "1.51", "2009-12-31": "1.12", "2009-09-30": "1.20", "2009-06-30": "0.95", "2009-03-31": "0.91", "2008-12-31": "1.06", "2008-09-30": "1.25", "2008-06-30": "1.12", "2008-03-31": "1.32", "2007-12-31": "1.33", "2007-09-30": "1.74", "2007-06-30": "2.33", "2007-03-31": "2.12", "2006-12-31": "1.96", "2006-09-30": "2.06", "2006-06-30": "1.82", "2006-03-31": "2.07"}, "price fcf": {"2021-02-05": "", "2020-09-30": "$3.45", "2020-06-30": "$2.19", "2020-03-31": "$1.93", "2019-12-31": "$2.36", "2019-09-30": "$0.78", "2019-06-30": "$1.49", "2019-03-31": "$2.75", "2018-12-31": "$3.18", "2018-09-30": "$2.82", "2018-06-30": "$3.17", "2018-03-31": "$3.91", "2017-12-31": "$4.09", "2017-09-30": "$4.13", "2017-06-30": "$3.95", "2017-03-31": "$3.05", "2016-12-31": "$3.19", "2016-09-30": "$2.28", "2016-06-30": "$1.56", "2016-03-31": "$1.40", "2015-12-31": "$0.36", "2015-09-30": "$0.28", "2015-06-30": "$1.17", "2015-03-31": "$1.60", "2014-12-31": "$1.78", "2014-09-30": "$1.18", "2014-06-30": "$1.98", "2014-03-31": "$2.58", "2013-12-31": "$2.95", "2013-09-30": "$3.27", "2013-06-30": "$3.10", "2013-03-31": "$2.13", "2012-12-31": "$1.54", "2012-09-30": "$0.36", "2012-06-30": "$-0.10", "2012-03-31": "$-0.46", "2011-12-31": "$-0.21", "2011-09-30": "$-0.85", "2011-06-30": "$-0.26", "2011-03-31": "$0.12", "2010-12-31": "$-0.08", "2010-09-30": "$1.13", "2010-06-30": "$1.61", "2010-03-31": "$2.08", "2009-12-31": "$2.67", "2009-09-30": "$1.44", "2009-06-30": "$0.95", "2009-03-31": "$1.47", "2008-12-31": "$1.40", "2008-09-30": "$2.05", "2008-06-30": "$2.02", "2008-03-31": "$1.37", "2007-12-31": "$1.27", "2007-09-30": "$1.27", "2007-06-30": "$1.41", "2007-03-31": "$1.48", "2006-12-31": "$1.44"}, "net worth": {"value": "$7.14B"}, "current ratio": {"2020-12-31": "3.36", "2020-09-30": "3.30", "2020-06-30": "2.99", "2020-03-31": "2.80", "2019-12-31": "2.97", "2019-09-30": "3.04", "2019-06-30": "2.88", "2019-03-31": "3.42", "2018-12-31": "3.08", "2018-09-30": "3.36", "2018-06-30": "3.41", "2018-03-31": "4.18", "2017-12-31": "3.64", "2017-09-30": "3.88", "2017-06-30": "3.67", "2017-03-31": "5.66", "2016-12-31": "3.89", "2016-09-30": "3.99", "2016-06-30": "3.26", "2016-03-31": "4.86", "2015-12-31": "3.41", "2015-09-30": "3.50", "2015-06-30": "3.24", "2015-03-31": "4.70", "2014-12-31": "3.39", "2014-09-30": "3.24", "2014-06-30": "3.31", "2014-03-31": "5.78", "2013-12-31": "4.15", "2013-09-30": "4.36", "2013-06-30": "4.11", "2013-03-31": "6.18", "2012-12-31": "4.45", "2012-09-30": "4.22", "2012-06-30": "3.67", "2012-03-31": "5.30", "2011-12-31": "3.93", "2011-09-30": "3.95", "2011-06-30": "3.96", "2011-03-31": "5.02", "2010-12-31": "3.94", "2010-09-30": "3.93", "2010-06-30": "4.84", "2010-03-31": "6.00", "2009-12-31": "5.14", "2009-09-30": "5.39", "2009-06-30": "5.58", "2009-03-31": "7.44", "2008-12-31": "5.04", "2008-09-30": "4.81", "2008-06-30": "5.44", "2008-03-31": "6.81", "2007-12-31": "5.32", "2007-09-30": "5.04", "2007-06-30": "4.57", "2007-03-31": "6.05", "2006-12-31": "4.03", "2006-09-30": "3.34", "2006-06-30": "3.55", "2006-03-31": "4.60", "2005-12-31": "3.65", "2005-09-30": "3.92", "2005-06-30": "4.53", "2005-03-31": "5.69"}, "quick ratio": {"2020-12-31": "2.35", "2020-09-30": "1.75", "2020-06-30": "1.49", "2020-03-31": "1.86", "2019-12-31": "2.01", "2019-09-30": "1.76", "2019-06-30": "1.57", "2019-03-31": "2.33", "2018-12-31": "2.17", "2018-09-30": "2.15", "2018-06-30": "2.24", "2018-03-31": "3.12", "2017-12-31": "2.63", "2017-09-30": "2.43", "2017-06-30": "2.21", "2017-03-31": "3.91", "2016-12-31": "2.55", "2016-09-30": "2.22", "2016-06-30": "1.64", "2016-03-31": "3.14", "2015-12-31": "2.12", "2015-09-30": "2.08", "2015-06-30": "1.79", "2015-03-31": "3.24", "2014-12-31": "2.36", "2014-09-30": "1.94", "2014-06-30": "2.00", "2014-03-31": "4.38", "2013-12-31": "3.06", "2013-09-30": "2.84", "2013-06-30": "2.57", "2013-03-31": "4.22", "2012-12-31": "3.01", "2012-09-30": "2.38", "2012-06-30": "1.85", "2012-03-31": "3.28", "2011-12-31": "2.56", "2011-09-30": "2.29", "2011-06-30": "2.29", "2011-03-31": "3.42", "2010-12-31": "2.69", "2010-09-30": "2.57", "2010-06-30": "3.23", "2010-03-31": "4.52", "2009-12-31": "3.90", "2009-09-30": "3.58", "2009-06-30": "3.60", "2009-03-31": "5.34", "2008-12-31": "3.56", "2008-09-30": "3.14", "2008-06-30": "3.67", "2008-03-31": "4.82", "2007-12-31": "3.72", "2007-09-30": "3.19", "2007-06-30": "2.81", "2007-03-31": "4.36", "2006-12-31": "2.90", "2006-09-30": "2.14", "2006-06-30": "2.07", "2006-03-31": "3.30", "2005-12-31": "2.76", "2005-09-30": "2.78", "2005-06-30": "3.04", "2005-03-31": "4.46"}, "debt equity ratio": {"current": "0.00", "2020-12-31": "0.55", "2020-09-30": "0.54", "2020-06-30": "0.59", "2020-03-31": "0.62", "2019-12-31": "0.59", "2019-09-30": "0.58", "2019-06-30": "0.61", "2019-03-31": "0.52", "2018-12-31": "0.40", "2018-09-30": "0.37", "2018-06-30": "0.36", "2018-03-31": "0.29", "2017-12-31": "0.34", "2017-09-30": "0.27", "2017-06-30": "0.28", "2017-03-31": "0.19", "2016-12-31": "0.27", "2016-09-30": "0.26", "2016-06-30": "0.33", "2016-03-31": "0.21", "2015-12-31": "0.30", "2015-09-30": "0.32", "2015-06-30": "0.35", "2015-03-31": "0.23", "2014-12-31": "0.32", "2014-09-30": "0.33", "2014-06-30": "0.32", "2014-03-31": "0.22", "2013-12-31": "0.28", "2013-09-30": "0.26", "2013-06-30": "0.27", "2013-03-31": "0.18", "2012-12-31": "0.25", "2012-09-30": "0.27", "2012-06-30": "0.31", "2012-03-31": "0.21", "2011-12-31": "0.29", "2011-09-30": "0.29", "2011-06-30": "0.29", "2011-03-31": "0.23", "2010-12-31": "0.29", "2010-09-30": "0.29", "2010-06-30": "0.24", "2010-03-31": "0.19", "2009-12-31": "0.22", "2009-09-30": "0.21", "2009-06-30": "0.20", "2009-03-31": "0.15", "2008-12-31": "0.22", "2008-09-30": "0.23", "2008-06-30": "0.20", "2008-03-31": "0.16", "2007-12-31": "0.20", "2007-09-30": "0.22", "2007-06-30": "0.24", "2007-03-31": "0.18", "2006-12-31": "0.24", "2006-09-30": "0.31", "2006-06-30": "0.28", "2006-03-31": "0.22", "2005-12-31": "0.30", "2005-09-30": "0.28", "2005-06-30": "0.24", "2005-03-31": "0.20"}, "return on equity": {"2020-12-31": "6.26%", "2020-09-30": "7.28%", "2020-06-30": "10.48%", "2020-03-31": "14.74%", "2019-12-31": "18.93%", "2019-09-30": "19.32%", "2019-06-30": "18.38%", "2019-03-31": "17.61%", "2018-12-31": "15.96%", "2018-09-30": "8.86%", "2018-06-30": "8.17%", "2018-03-31": "6.94%", "2017-12-31": "6.49%", "2017-09-30": "12.30%", "2017-06-30": "12.32%", "2017-03-31": "12.85%", "2016-12-31": "12.88%", "2016-09-30": "11.73%", "2016-06-30": "12.43%", "2016-03-31": "12.69%", "2015-12-31": "12.44%", "2015-09-30": "12.07%", "2015-06-30": "10.43%", "2015-03-31": "10.65%", "2014-12-31": "10.54%", "2014-09-30": "9.27%", "2014-06-30": "8.60%", "2014-03-31": "8.72%", "2013-12-31": "7.92%", "2013-09-30": "8.24%", "2013-06-30": "9.18%", "2013-03-31": "9.30%", "2012-12-31": "8.94%", "2012-09-30": "8.94%", "2012-06-30": "9.49%", "2012-03-31": "9.02%", "2011-12-31": "10.00%", "2011-09-30": "9.10%", "2011-06-30": "7.56%", "2011-03-31": "7.93%", "2010-12-31": "7.57%", "2010-09-30": "7.28%", "2010-06-30": "6.87%", "2010-03-31": "7.06%", "2009-12-31": "6.97%", "2009-09-30": "6.65%", "2009-06-30": "7.88%", "2009-03-31": "8.70%", "2008-12-31": "10.01%", "2008-09-30": "12.77%", "2008-06-30": "13.32%", "2008-03-31": "14.89%", "2007-12-31": "15.92%", "2007-09-30": "15.63%", "2007-06-30": "16.00%", "2007-03-31": "16.13%", "2006-12-31": "15.74%", "2006-09-30": "16.07%", "2006-06-30": "17.04%", "2006-03-31": "17.37%", "2005-12-31": "17.46%"}, "return on assets": {"2020-12-31": "3.98%", "2020-09-30": "4.60%", "2020-06-30": "6.58%", "2020-03-31": "9.23%", "2019-12-31": "12.04%", "2019-09-30": "12.66%", "2019-06-30": "12.47%", "2019-03-31": "12.47%", "2018-12-31": "11.78%", "2018-09-30": "6.62%", "2018-06-30": "6.22%", "2018-03-31": "5.36%", "2017-12-31": "5.11%", "2017-09-30": "9.83%", "2017-06-30": "9.85%", "2017-03-31": "10.19%", "2016-12-31": "10.15%", "2016-09-30": "9.20%", "2016-06-30": "9.63%", "2016-03-31": "9.80%", "2015-12-31": "9.57%", "2015-09-30": "9.25%", "2015-06-30": "7.99%", "2015-03-31": "8.20%", "2014-12-31": "8.13%", "2014-09-30": "7.21%", "2014-06-30": "6.78%", "2014-03-31": "6.94%", "2013-12-31": "6.34%", "2013-09-30": "6.64%", "2013-06-30": "7.39%", "2013-03-31": "7.44%", "2012-12-31": "7.11%", "2012-09-30": "7.06%", "2012-06-30": "7.46%", "2012-03-31": "7.12%", "2011-12-31": "7.85%", "2011-09-30": "7.14%", "2011-06-30": "5.93%", "2011-03-31": "6.28%", "2010-12-31": "6.04%", "2010-09-30": "5.90%", "2010-06-30": "5.67%", "2010-03-31": "5.87%", "2009-12-31": "5.85%", "2009-09-30": "5.58%", "2009-06-30": "6.58%", "2009-03-31": "7.26%", "2008-12-31": "8.34%", "2008-09-30": "10.67%", "2008-06-30": "11.15%", "2008-03-31": "12.37%", "2007-12-31": "13.16%", "2007-09-30": "12.84%", "2007-06-30": "12.94%", "2007-03-31": "12.94%", "2006-12-31": "12.51%", "2006-09-30": "12.59%", "2006-06-30": "13.42%", "2006-03-31": "13.77%", "2005-12-31": "13.90%"}, "return on investments": {"2020-12-31": "inf%", "2020-09-30": "inf%", "2020-06-30": "inf%", "2020-03-31": "inf%", "2019-12-31": "inf%", "2019-09-30": "inf%", "2019-06-30": "inf%", "2019-03-31": "inf%", "2018-12-31": "inf%", "2018-09-30": "inf%", "2018-06-30": "inf%", "2018-03-31": "inf%", "2017-12-31": "65.50%", "2017-09-30": "31.73%", "2017-06-30": "21.53%", "2017-03-31": "16.80%", "2016-12-31": "16.92%", "2016-09-30": "16.17%", "2016-06-30": "17.00%", "2016-03-31": "17.46%", "2015-12-31": "17.71%", "2015-09-30": "17.90%", "2015-06-30": "15.72%", "2015-03-31": "15.34%", "2014-12-31": "14.95%", "2014-09-30": "17.12%", "2014-06-30": "22.76%", "2014-03-31": "47.75%", "2013-12-31": "inf%", "2013-09-30": "inf%", "2013-06-30": "inf%", "2013-03-31": "inf%", "2012-12-31": "inf%", "2012-09-30": "inf%", "2012-06-30": "inf%", "2012-03-31": "inf%", "2011-12-31": "inf%", "2011-09-30": "inf%", "2011-06-30": "inf%", "2011-03-31": "inf%", "2010-12-31": "inf%", "2010-09-30": "inf%", "2010-06-30": "inf%", "2010-03-31": "inf%", "2009-12-31": "inf%", "2009-09-30": "inf%", "2009-06-30": "inf%", "2009-03-31": "inf%", "2008-12-31": "49.06%", "2008-09-30": "67.78%", "2008-06-30": "71.93%", "2008-03-31": "78.59%", "2007-12-31": "inf%", "2007-09-30": "inf%", "2007-06-30": "98.98%", "2007-03-31": "49.74%", "2006-12-31": "31.28%", "2006-09-30": "23.43%", "2006-06-30": "23.78%", "2006-03-31": "24.42%", "2005-12-31": "24.53%"}, "return on tangible equity": {"2020-09-30": "8.19%", "2020-06-30": "11.78%", "2020-03-31": "16.57%", "2019-12-31": "21.29%", "2019-09-30": "21.80%", "2019-06-30": "20.77%", "2019-03-31": "19.92%", "2018-12-31": "18.07%", "2018-09-30": "10.05%", "2018-06-30": "9.27%", "2018-03-31": "7.89%", "2017-12-31": "7.40%", "2017-09-30": "14.06%", "2017-06-30": "14.14%", "2017-03-31": "14.81%", "2016-12-31": "14.91%", "2016-09-30": "13.66%", "2016-06-30": "14.52%", "2016-03-31": "14.88%", "2015-12-31": "14.64%", "2015-09-30": "14.25%", "2015-06-30": "12.37%", "2015-03-31": "12.69%", "2014-12-31": "12.16%", "2014-09-30": "10.35%", "2014-06-30": "9.28%", "2014-03-31": "9.10%", "2013-12-31": "8.28%", "2013-09-30": "8.62%", "2013-06-30": "9.62%", "2013-03-31": "9.75%", "2012-12-31": "9.38%", "2012-09-30": "9.40%", "2012-06-30": "10.00%", "2012-03-31": "9.50%", "2011-12-31": "10.55%", "2011-09-30": "9.61%", "2011-06-30": "7.99%", "2011-03-31": "8.35%", "2010-12-31": "7.95%", "2010-09-30": "7.62%", "2010-06-30": "7.18%", "2010-03-31": "7.41%", "2009-12-31": "7.35%", "2009-09-30": "7.02%", "2009-06-30": "8.37%", "2009-03-31": "9.28%", "2008-12-31": "10.74%", "2008-09-30": "13.79%", "2008-06-30": "14.38%", "2008-03-31": "16.12%", "2007-12-31": "17.25%", "2007-09-30": "17.00%", "2007-06-30": "17.47%", "2007-03-31": "17.67%", "2006-12-31": "17.29%", "2006-09-30": "17.50%", "2006-06-30": "18.37%", "2006-03-31": "18.54%", "2005-12-31": "18.42%"}, "dividend yield history": {"last payout": "$0.00", "last yield": "0.00%"}}