{"ticker": "CMCSA", "price": {"title": "Comcast Historical Annual Stock Price Data", "value": 51.11, "historical": {"2021": {"Average Stock Price": "50.1662", "Year Open": "52.4000", "Year High": "52.4000", "Year Low": "48.4200", "Year Close": "51.1100", "Annual % Change": "-2.46%"}, "2020": {"Average Stock Price": "42.9397", "Year Open": "45.3700", "Year High": "52.4000", "Year Low": "32.4200", "Year Close": "52.4000", "Annual % Change": "16.52%"}, "2019": {"Average Stock Price": "42.2115", "Year Open": "34.3700", "Year High": "46.9700", "Year Low": "34.3700", "Year Close": "44.9700", "Annual % Change": "32.07%"}, "2018": {"Average Stock Price": "35.7816", "Year Open": "41.0700", "Year High": "42.9900", "Year Low": "30.5900", "Year Close": "34.0500", "Annual % Change": "-14.98%"}, "2017": {"Average Stock Price": "38.3816", "Year Open": "34.5250", "Year High": "41.9900", "Year Low": "34.5250", "Year Close": "40.0500", "Annual % Change": "16.00%"}, "2016": {"Average Stock Price": "31.6337", "Year Open": "27.8200", "Year High": "35.5100", "Year Low": "26.7750", "Year Close": "34.5250", "Annual % Change": "22.36%"}, "2015": {"Average Stock Price": "29.4885", "Year Open": "28.6750", "Year High": "32.2500", "Year Low": "26.5725", "Year Close": "28.2150", "Annual % Change": "-2.72%"}, "2014": {"Average Stock Price": "26.6418", "Year Open": "25.7250", "Year High": "29.4375", "Year Low": "23.9800", "Year Close": "29.0050", "Annual % Change": "11.63%"}, "2013": {"Average Stock Price": "21.6299", "Year Open": "19.2600", "Year High": "25.9825", "Year Low": "18.9500", "Year Close": "25.9825", "Annual % Change": "39.09%"}, "2012": {"Average Stock Price": "15.9978", "Year Open": "12.2475", "Year High": "19.0450", "Year Low": "12.2475", "Year Close": "18.6800", "Annual % Change": "57.57%"}, "2011": {"Average Stock Price": "11.7583", "Year Open": "11.1850", "Year High": "13.3400", "Year Low": "9.8900", "Year Close": "11.8550", "Annual % Change": "7.92%"}, "2010": {"Average Stock Price": "9.2103", "Year Open": "8.4850", "Year High": "11.1250", "Year Low": "7.6050", "Year Close": "10.9850", "Annual % Change": "30.31%"}, "2009": {"Average Stock Price": "7.4578", "Year Open": "8.9950", "Year High": "8.9950", "Year Low": "5.6100", "Year Close": "8.4300", "Annual % Change": "-0.12%"}, "2008": {"Average Stock Price": "9.4825", "Year Open": "8.8500", "Year High": "11.3600", "Year Low": "6.5350", "Year Close": "8.4400", "Annual % Change": "-7.56%"}, "2007": {"Average Stock Price": "12.6611", "Year Open": "14.2200", "Year High": "15.0333", "Year Low": "8.8150", "Year Close": "9.1300", "Annual % Change": "-35.29%"}, "2006": {"Average Stock Price": "11.0281", "Year Open": "8.7433", "Year High": "14.3733", "Year Low": "8.7000", "Year Close": "14.1100", "Annual % Change": "63.31%"}, "2005": {"Average Stock Price": "10.2161", "Year Open": "10.9567", "Year High": "11.4333", "Year Low": "8.6400", "Year Close": "8.6400", "Annual % Change": "-22.12%"}, "2004": {"Average Stock Price": "9.8952", "Year Open": "10.9867", "Year High": "12.0433", "Year Low": "8.8267", "Year Close": "11.0933", "Annual % Change": "1.49%"}, "2003": {"Average Stock Price": "10.0527", "Year Open": "8.2667", "Year High": "11.5133", "Year Low": "8.1567", "Year Close": "10.9300", "Annual % Change": "39.12%"}, "2002": {"Average Stock Price": "9.1084", "Year Open": "11.9700", "Year High": "12.3767", "Year Low": "5.8000", "Year Close": "7.8567", "Annual % Change": "-34.53%"}, "2001": {"Average Stock Price": "13.1811", "Year Open": "13.3133", "Year High": "15.0833", "Year Low": "10.9300", "Year Close": "12.0000", "Annual % Change": "-12.85%"}, "2000": {"Average Stock Price": "12.7323", "Year Open": "15.5833", "Year High": "17.1467", "Year Low": "9.9167", "Year Close": "13.7700", "Annual % Change": "-13.72%"}, "1999": {"Average Stock Price": "15.4265", "Year Open": "19.2933", "Year High": "24.8967", "Year Low": "9.8133", "Year Close": "15.9600", "Annual % Change": "-16.64%"}, "1998": {"Average Stock Price": "13.5519", "Year Open": "10.7100", "Year High": "19.2933", "Year Low": "10.0433", "Year Close": "19.1467", "Annual % Change": "80.18%"}, "1997": {"Average Stock Price": "7.2072", "Year Open": "5.7500", "Year High": "10.9167", "Year Low": "4.8333", "Year Close": "10.6267", "Annual % Change": "80.93%"}, "1996": {"Average Stock Price": "5.6858", "Year Open": "5.9567", "Year High": "6.8750", "Year Low": "4.6250", "Year Close": "5.8733", "Annual % Change": "-0.06%"}, "1995": {"Average Stock Price": "5.8875", "Year Open": "5.1267", "Year High": "7.3767", "Year Low": "4.5833", "Year Close": "5.8767", "Annual % Change": "14.63%"}, "1994": {"Average Stock Price": "5.8557", "Year Open": "7.6667", "Year High": "7.6933", "Year Low": "4.7500", "Year Close": "5.1267", "Annual % Change": "-36.57%"}, "1993": {"Average Stock Price": "5.9234", "Year Open": "4.3067", "Year High": "9.2778", "Year Low": "3.9444", "Year Close": "8.0822", "Annual % Change": "87.67%"}, "1992": {"Average Stock Price": "3.6411", "Year Open": "3.6667", "Year High": "4.3600", "Year Low": "3.0556", "Year Close": "4.3067", "Annual % Change": "15.70%"}, "1991": {"Average Stock Price": "3.3986", "Year Open": "2.8333", "Year High": "4.0000", "Year Low": "2.4711", "Year Close": "3.7222", "Annual % Change": "27.57%"}, "1990": {"Average Stock Price": "2.7903", "Year Open": "3.8600", "Year High": "3.8889", "Year Low": "1.8067", "Year Close": "2.9178", "Annual % Change": "-21.61%"}, "1989": {"Average Stock Price": "3.4856", "Year Open": "2.4622", "Year High": "4.3896", "Year Low": "2.4622", "Year Close": "3.7222", "Annual % Change": "50.00%"}}}, "market cap": {"value": "$233.84B"}, "income statement": {"Revenue": {"2020-12-31": "103564.00000", "2019-12-31": "108942.00000", "2018-12-31": "94507.00000", "2017-12-31": "85029.00000", "2016-12-31": "80736.00000", "2015-12-31": "74510.00000", "2014-12-31": "68775.00000", "2013-12-31": "64657.00000", "2012-12-31": "62570.00000", "2011-12-31": "55842.00000", "2010-12-31": "37937.00000", "2009-12-31": "35756.00000", "2008-12-31": "34423.00000", "2007-12-31": "31060.00000", "2006-12-31": "24966.00000", "2005-12-31": "21075.00000"}, "Cost Of Goods Sold": {"2020-12-31": "66230.00000", "2019-12-31": "67247.00000", "2018-12-31": "57786.00000", "2017-12-31": "50804.00000", "2016-12-31": "48188.00000", "2015-12-31": "43875.00000", "2014-12-31": "40751.00000", "2013-12-31": "38245.00000", "2012-12-31": "37762.00000", "2011-12-31": "33242.00000", "2010-12-31": "20932.00000", "2009-12-31": "22042.00000", "2008-12-31": "13662.00000", "2007-12-31": "12334.00000", "2006-12-31": "9819.00000", "2005-12-31": "7513.00000"}, "Gross Profit": {"2020-12-31": "37334.00000", "2019-12-31": "41695.00000", "2018-12-31": "36721.00000", "2017-12-31": "34225.00000", "2016-12-31": "32548.00000", "2015-12-31": "30635.00000", "2014-12-31": "28024.00000", "2013-12-31": "26412.00000", "2012-12-31": "24808.00000", "2011-12-31": "22600.00000", "2010-12-31": "17005.00000", "2009-12-31": "13714.00000", "2008-12-31": "20761.00000", "2007-12-31": "18726.00000", "2006-12-31": "15147.00000", "2005-12-31": "13562.00000"}, "Research And Development Expenses": {"2020-12-31": "", "2019-12-31": "", "2018-12-31": "", "2017-12-31": "", "2016-12-31": "", "2015-12-31": "", "2014-12-31": "", "2013-12-31": "", "2012-12-31": "", "2011-12-31": "", "2010-12-31": "", "2009-12-31": "", "2008-12-31": "", "2007-12-31": "", "2006-12-31": "", "2005-12-31": ""}, "SG&A Expenses": {"2020-12-31": "6741.00000", "2019-12-31": "7617.00000", "2018-12-31": "7036.00000", "2017-12-31": "6519.00000", "2016-12-31": "6291.00000", "2015-12-31": "5957.00000", "2014-12-31": "5101.00000", "2013-12-31": "4978.00000", "2012-12-31": "4831.00000", "2011-12-31": "4243.00000", "2010-12-31": "2409.00000", "2009-12-31": "", "2008-12-31": "7629.00000", "2007-12-31": "6940.00000", "2006-12-31": "5705.00000", "2005-12-31": "5490.00000"}, "Other Operating Income Or Expenses": {"2020-12-31": "", "2019-12-31": "", "2018-12-31": "341.00000", "2017-12-31": "442.00000", "2016-12-31": "", "2015-12-31": "", "2014-12-31": "", "2013-12-31": "", "2012-12-31": "", "2011-12-31": "", "2010-12-31": "", "2009-12-31": "", "2008-12-31": "", "2007-12-31": "", "2006-12-31": "", "2005-12-31": ""}, "Operating Expenses": {"2020-12-31": "86071.00000", "2019-12-31": "87817.00000", "2018-12-31": "75498.00000", "2017-12-31": "67011.00000", "2016-12-31": "63905.00000", "2015-12-31": "58512.00000", "2014-12-31": "53871.00000", "2013-12-31": "51094.00000", "2012-12-31": "50391.00000", "2011-12-31": "45121.00000", "2010-12-31": "29957.00000", "2009-12-31": "28542.00000", "2008-12-31": "27691.00000", "2007-12-31": "25482.00000", "2006-12-31": "20347.00000", "2005-12-31": "17554.00000"}, "Operating Income": {"2020-12-31": "17493.00000", "2019-12-31": "21125.00000", "2018-12-31": "19009.00000", "2017-12-31": "18018.00000", "2016-12-31": "16831.00000", "2015-12-31": "15998.00000", "2014-12-31": "14904.00000", "2013-12-31": "13563.00000", "2012-12-31": "12179.00000", "2011-12-31": "10721.00000", "2010-12-31": "7980.00000", "2009-12-31": "7214.00000", "2008-12-31": "6732.00000", "2007-12-31": "5578.00000", "2006-12-31": "4619.00000", "2005-12-31": "3521.00000"}, "Total Non-Operating Income/Expense": {"2020-12-31": "-3428.00000", "2019-12-31": "-4129.00000", "2018-12-31": "-3767.00000", "2017-12-31": "-2665.00000", "2016-12-31": "-2505.00000", "2015-12-31": "-2626.00000", "2014-12-31": "-2439.00000", "2013-12-31": "-2448.00000", "2012-12-31": "-570.00000", "2011-12-31": "-2514.00000", "2010-12-31": "-1876.00000", "2009-12-31": "-2108.00000", "2008-12-31": "-2674.00000", "2007-12-31": "-1229.00000", "2006-12-31": "-1025.00000", "2005-12-31": "-1801.00000"}, "Pre-Tax Income": {"2020-12-31": "14065.00000", "2019-12-31": "16996.00000", "2018-12-31": "15242.00000", "2017-12-31": "15353.00000", "2016-12-31": "14326.00000", "2015-12-31": "13372.00000", "2014-12-31": "12465.00000", "2013-12-31": "11115.00000", "2012-12-31": "11609.00000", "2011-12-31": "8207.00000", "2010-12-31": "6104.00000", "2009-12-31": "5106.00000", "2008-12-31": "4058.00000", "2007-12-31": "4349.00000", "2006-12-31": "3594.00000", "2005-12-31": "1720.00000"}, "Income Taxes": {"2020-12-31": "3364.00000", "2019-12-31": "3673.00000", "2018-12-31": "3380.00000", "2017-12-31": "-7569.00000", "2016-12-31": "5298.00000", "2015-12-31": "4959.00000", "2014-12-31": "3873.00000", "2013-12-31": "3980.00000", "2012-12-31": "3744.00000", "2011-12-31": "3050.00000", "2010-12-31": "2436.00000", "2009-12-31": "1478.00000", "2008-12-31": "1533.00000", "2007-12-31": "1800.00000", "2006-12-31": "1347.00000", "2005-12-31": "873.00000"}, "Income After Taxes": {"2020-12-31": "10701.00000", "2019-12-31": "13323.00000", "2018-12-31": "11862.00000", "2017-12-31": "22922.00000", "2016-12-31": "9028.00000", "2015-12-31": "8413.00000", "2014-12-31": "8592.00000", "2013-12-31": "7135.00000", "2012-12-31": "7865.00000", "2011-12-31": "5157.00000", "2010-12-31": "3668.00000", "2009-12-31": "3628.00000", "2008-12-31": "2525.00000", "2007-12-31": "2549.00000", "2006-12-31": "2247.00000", "2005-12-31": "847.00000"}, "Other Income": {"2020-12-31": "", "2019-12-31": "", "2018-12-31": "", "2017-12-31": "", "2016-12-31": "", "2015-12-31": "", "2014-12-31": "", "2013-12-31": "", "2012-12-31": "", "2011-12-31": "", "2010-12-31": "", "2009-12-31": "", "2008-12-31": "", "2007-12-31": "", "2006-12-31": "", "2005-12-31": ""}, "Income From Continuous Operations": {"2020-12-31": "10701.00000", "2019-12-31": "13323.00000", "2018-12-31": "11862.00000", "2017-12-31": "22922.00000", "2016-12-31": "9028.00000", "2015-12-31": "8413.00000", "2014-12-31": "8592.00000", "2013-12-31": "7135.00000", "2012-12-31": "7865.00000", "2011-12-31": "5157.00000", "2010-12-31": "3668.00000", "2009-12-31": "3628.00000", "2008-12-31": "2525.00000", "2007-12-31": "2549.00000", "2006-12-31": "2235.00000", "2005-12-31": "828.00000"}, "Income From Discontinued Operations": {"2020-12-31": "", "2019-12-31": "", "2018-12-31": "", "2017-12-31": "", "2016-12-31": "", "2015-12-31": "", "2014-12-31": "", "2013-12-31": "", "2012-12-31": "", "2011-12-31": "", "2010-12-31": "", "2009-12-31": "", "2008-12-31": "", "2007-12-31": "", "2006-12-31": "298.00000", "2005-12-31": "100.00000"}, "Net Income": {"2020-12-31": "10534.00000", "2019-12-31": "13057.00000", "2018-12-31": "11731.00000", "2017-12-31": "22735.00000", "2016-12-31": "8678.00000", "2015-12-31": "8163.00000", "2014-12-31": "8380.00000", "2013-12-31": "6816.00000", "2012-12-31": "6203.00000", "2011-12-31": "4160.00000", "2010-12-31": "3635.00000", "2009-12-31": "3638.00000", "2008-12-31": "2547.00000", "2007-12-31": "2587.00000", "2006-12-31": "2533.00000", "2005-12-31": "928.00000"}, "EBITDA": {"2020-12-31": "30593.00000", "2019-12-31": "34078.00000", "2018-12-31": "29685.00000", "2017-12-31": "27706.00000", "2016-12-31": "26257.00000", "2015-12-31": "24678.00000", "2014-12-31": "22923.00000", "2013-12-31": "21434.00000", "2012-12-31": "19977.00000", "2011-12-31": "25144.00000", "2010-12-31": "14783.00000", "2009-12-31": "14063.00000", "2008-12-31": "13132.00000", "2007-12-31": "11786.00000", "2006-12-31": "9442.00000", "2005-12-31": "8072.00000"}, "EBIT": {"2020-12-31": "17493.00000", "2019-12-31": "21125.00000", "2018-12-31": "19009.00000", "2017-12-31": "18018.00000", "2016-12-31": "16831.00000", "2015-12-31": "15998.00000", "2014-12-31": "14904.00000", "2013-12-31": "13563.00000", "2012-12-31": "12179.00000", "2011-12-31": "10721.00000", "2010-12-31": "7980.00000", "2009-12-31": "7214.00000", "2008-12-31": "6732.00000", "2007-12-31": "5578.00000", "2006-12-31": "4619.00000", "2005-12-31": "3521.00000"}, "Basic Shares Outstanding": {"2020-12-31": "4574.00000", "2019-12-31": "4548.00000", "2018-12-31": "4584.00000", "2017-12-31": "4708.00000", "2016-12-31": "4819.00000", "2015-12-31": "4972.00000", "2014-12-31": "5166.00000", "2013-12-31": "5250.00000", "2012-12-31": "5356.00000", "2011-12-31": "5492.00000", "2010-12-31": "5616.00000", "2009-12-31": "5750.00000", "2008-12-31": "5878.00000", "2007-12-31": "6196.00000", "2006-12-31": "6320.00000", "2005-12-31": "6590.00000"}, "Shares Outstanding": {"2020-12-31": "4624.00000", "2019-12-31": "4610.00000", "2018-12-31": "4640.00000", "2017-12-31": "4786.00000", "2016-12-31": "4875.00000", "2015-12-31": "5035.00000", "2014-12-31": "5240.00000", "2013-12-31": "5330.00000", "2012-12-31": "5434.00000", "2011-12-31": "5556.00000", "2010-12-31": "5640.00000", "2009-12-31": "5770.00000", "2008-12-31": "5904.00000", "2007-12-31": "6258.00000", "2006-12-31": "6360.00000", "2005-12-31": "6624.00000"}, "Basic EPS": {"2020-12-31": "2.30000", "2019-12-31": "2.87000", "2018-12-31": "2.56000", "2017-12-31": "4.83000", "2016-12-31": "1.80000", "2015-12-31": "1.64000", "2014-12-31": "1.62000", "2013-12-31": "1.30000", "2012-12-31": "1.16000", "2011-12-31": "0.75500", "2010-12-31": "0.64500", "2009-12-31": "0.63500", "2008-12-31": "0.43500", "2007-12-31": "0.42000", "2006-12-31": "0.40000", "2005-12-31": "0.14000"}, "EPS - Earnings Per Share": {"2020-12-31": "2.28000", "2019-12-31": "2.83000", "2018-12-31": "2.53000", "2017-12-31": "4.75000", "2016-12-31": "1.78000", "2015-12-31": "1.62000", "2014-12-31": "1.60000", "2013-12-31": "1.28000", "2012-12-31": "1.14000", "2011-12-31": "0.75000", "2010-12-31": "0.64500", "2009-12-31": "0.63000", "2008-12-31": "0.43000", "2007-12-31": "0.41500", "2006-12-31": "0.39500", "2005-12-31": "0.14000"}}, "income statement, quarterly": {"Revenue": {"2020-12-31": "27708.00000", "2020-09-30": "25532.00000", "2020-06-30": "23715.00000", "2020-03-31": "26609.00000", "2019-12-31": "28398.00000", "2019-09-30": "26827.00000", "2019-06-30": "26858.00000", "2019-03-31": "26859.00000", "2018-12-31": "27846.00000", "2018-09-30": "22135.00000", "2018-06-30": "21735.00000", "2018-03-31": "22791.00000", "2017-12-31": "22075.00000", "2017-09-30": "21081.00000", "2017-06-30": "21286.00000", "2017-03-31": "20587.00000", "2016-12-31": "21358.00000", "2016-09-30": "21319.00000", "2016-06-30": "19269.00000", "2016-03-31": "18790.00000", "2015-12-31": "19245.00000", "2015-09-30": "18669.00000", "2015-06-30": "18743.00000", "2015-03-31": "17853.00000", "2014-12-31": "17732.00000", "2014-09-30": "16791.00000", "2014-06-30": "16844.00000", "2014-03-31": "17408.00000", "2013-12-31": "16926.00000", "2013-09-30": "16151.00000", "2013-06-30": "16270.00000", "2013-03-31": "15310.00000", "2012-12-31": "15937.00000", "2012-09-30": "16544.00000", "2012-06-30": "15211.00000", "2012-03-31": "14878.00000", "2011-12-31": "15042.00000", "2011-09-30": "14339.00000", "2011-06-30": "14333.00000", "2011-03-31": "12128.00000", "2010-12-31": "9721.00000", "2010-09-30": "9489.00000", "2010-06-30": "9525.00000", "2010-03-31": "9202.00000", "2009-12-31": "9067.00000", "2009-09-30": "8845.00000", "2009-06-30": "8978.00000", "2009-03-31": "8866.00000", "2008-12-31": "8932.00000", "2008-09-30": "8549.00000", "2008-06-30": "8553.00000", "2008-03-31": "8389.00000", "2007-12-31": "8179.00000", "2007-09-30": "7781.00000", "2007-06-30": "7712.00000", "2007-03-31": "7388.00000", "2006-12-31": "7031.00000", "2006-09-30": "6432.00000", "2006-06-30": "5908.00000", "2006-03-31": "5595.00000", "2005-12-31": "4830.00000", "2005-09-30": "5284.00000", "2005-06-30": "5598.00000", "2005-03-31": "5363.00000"}, "Cost Of Goods Sold": {"2020-12-31": "18588.00000", "2020-09-30": "16624.00000", "2020-06-30": "14463.00000", "2020-03-31": "16555.00000", "2019-12-31": "18031.00000", "2019-09-30": "16406.00000", "2019-06-30": "16341.00000", "2019-03-31": "16469.00000", "2018-12-31": "18023.00000", "2018-09-30": "13155.00000", "2018-06-30": "12665.00000", "2018-03-31": "13943.00000", "2017-12-31": "13712.00000", "2017-09-30": "12594.00000", "2017-06-30": "12498.00000", "2017-03-31": "12000.00000", "2016-12-31": "12977.00000", "2016-09-30": "12999.00000", "2016-06-30": "11255.00000", "2016-03-31": "10957.00000", "2015-12-31": "11423.00000", "2015-09-30": "10972.00000", "2015-06-30": "10943.00000", "2015-03-31": "10537.00000", "2014-12-31": "10509.00000", "2014-09-30": "9789.00000", "2014-06-30": "9796.00000", "2014-03-31": "10657.00000", "2013-12-31": "10040.00000", "2013-09-30": "9538.00000", "2013-06-30": "9538.00000", "2013-03-31": "9129.00000", "2012-12-31": "9559.00000", "2012-09-30": "10306.00000", "2012-06-30": "8916.00000", "2012-03-31": "8981.00000", "2011-12-31": "5883.00000", "2011-09-30": "9765.00000", "2011-06-30": "9532.00000", "2011-03-31": "8062.00000", "2010-12-31": "3596.00000", "2010-09-30": "5911.00000", "2010-06-30": "5788.00000", "2010-03-31": "5637.00000", "2009-12-31": "11339.00000", "2009-09-30": "3530.00000", "2009-06-30": "3581.00000", "2009-03-31": "3592.00000", "2008-12-31": "3622.00000", "2008-09-30": "3345.00000", "2008-06-30": "3334.00000", "2008-03-31": "3361.00000", "2007-12-31": "4062.00000", "2007-09-30": "2759.00000", "2007-06-30": "2754.00000", "2007-03-31": "2759.00000", "2006-12-31": "3342.00000", "2006-09-30": "2274.00000", "2006-06-30": "2130.00000", "2006-03-31": "2073.00000", "2005-12-31": "1718.00000", "2005-09-30": "1894.00000", "2005-06-30": "1944.00000", "2005-03-31": "1957.00000"}, "Gross Profit": {"2020-12-31": "9120.00000", "2020-09-30": "8908.00000", "2020-06-30": "9252.00000", "2020-03-31": "10054.00000", "2019-12-31": "10367.00000", "2019-09-30": "10421.00000", "2019-06-30": "10517.00000", "2019-03-31": "10390.00000", "2018-12-31": "9823.00000", "2018-09-30": "8980.00000", "2018-06-30": "9070.00000", "2018-03-31": "8848.00000", "2017-12-31": "8363.00000", "2017-09-30": "8487.00000", "2017-06-30": "8788.00000", "2017-03-31": "8587.00000", "2016-12-31": "8381.00000", "2016-09-30": "8320.00000", "2016-06-30": "8014.00000", "2016-03-31": "7833.00000", "2015-12-31": "7822.00000", "2015-09-30": "7697.00000", "2015-06-30": "7800.00000", "2015-03-31": "7316.00000", "2014-12-31": "7223.00000", "2014-09-30": "7002.00000", "2014-06-30": "7048.00000", "2014-03-31": "6751.00000", "2013-12-31": "6886.00000", "2013-09-30": "6613.00000", "2013-06-30": "6732.00000", "2013-03-31": "6181.00000", "2012-12-31": "6378.00000", "2012-09-30": "6238.00000", "2012-06-30": "6295.00000", "2012-03-31": "5897.00000", "2011-12-31": "9159.00000", "2011-09-30": "4574.00000", "2011-06-30": "4801.00000", "2011-03-31": "4066.00000", "2010-12-31": "6125.00000", "2010-09-30": "3578.00000", "2010-06-30": "3737.00000", "2010-03-31": "3565.00000", "2009-12-31": "-2272.00000", "2009-09-30": "5315.00000", "2009-06-30": "5397.00000", "2009-03-31": "5274.00000", "2008-12-31": "5310.00000", "2008-09-30": "5204.00000", "2008-06-30": "5219.00000", "2008-03-31": "5028.00000", "2007-12-31": "4117.00000", "2007-09-30": "5022.00000", "2007-06-30": "4958.00000", "2007-03-31": "4629.00000", "2006-12-31": "3689.00000", "2006-09-30": "4158.00000", "2006-06-30": "3778.00000", "2006-03-31": "3522.00000", "2005-12-31": "3112.00000", "2005-09-30": "3390.00000", "2005-06-30": "3654.00000", "2005-03-31": "3406.00000"}, "Research And Development Expenses": {"2020-12-31": "", "2020-09-30": "", "2020-06-30": "", "2020-03-31": "", "2019-12-31": "", "2019-09-30": "", "2019-06-30": "", "2019-03-31": "", "2018-12-31": "", "2018-09-30": "", "2018-06-30": "", "2018-03-31": "", "2017-12-31": "", "2017-09-30": "", "2017-06-30": "", "2017-03-31": "", "2016-12-31": "", "2016-09-30": "", "2016-06-30": "", "2016-03-31": "", "2015-12-31": "", "2015-09-30": "", "2015-06-30": "", "2015-03-31": "", "2014-12-31": "", "2014-09-30": "", "2014-06-30": "", "2014-03-31": "", "2013-12-31": "", "2013-09-30": "", "2013-06-30": "", "2013-03-31": "", "2012-12-31": "", "2012-09-30": "", "2012-06-30": "", "2012-03-31": "", "2011-12-31": "", "2011-09-30": "", "2011-06-30": "", "2011-03-31": "", "2010-12-31": "", "2010-09-30": "", "2010-06-30": "", "2010-03-31": "", "2009-12-31": "", "2009-09-30": "", "2009-06-30": "", "2009-03-31": "", "2008-12-31": "", "2008-09-30": "", "2008-06-30": "", "2008-03-31": "", "2007-12-31": "", "2007-09-30": "", "2007-06-30": "", "2007-03-31": "", "2006-12-31": "", "2006-09-30": "", "2006-06-30": "", "2006-03-31": "", "2005-12-31": "", "2005-09-30": "", "2005-06-30": "", "2005-03-31": ""}, "SG&A Expenses": {"2020-12-31": "1950.00000", "2020-09-30": "1512.00000", "2020-06-30": "1341.00000", "2020-03-31": "1938.00000", "2019-12-31": "1943.00000", "2019-09-30": "1901.00000", "2019-06-30": "1885.00000", "2019-03-31": "1888.00000", "2018-12-31": "2112.00000", "2018-09-30": "1667.00000", "2018-06-30": "1653.00000", "2018-03-31": "1604.00000", "2017-12-31": "1625.00000", "2017-09-30": "1604.00000", "2017-06-30": "1713.00000", "2017-03-31": "1577.00000", "2016-12-31": "1781.00000", "2016-09-30": "1485.00000", "2016-06-30": "1559.00000", "2016-03-31": "1466.00000", "2015-12-31": "1550.00000", "2015-09-30": "1513.00000", "2015-06-30": "1534.00000", "2015-03-31": "1360.00000", "2014-12-31": "1346.00000", "2014-09-30": "1298.00000", "2014-06-30": "1244.00000", "2014-03-31": "1213.00000", "2013-12-31": "1241.00000", "2013-09-30": "1283.00000", "2013-06-30": "1307.00000", "2013-03-31": "1147.00000", "2012-12-31": "1101.00000", "2012-09-30": "1230.00000", "2012-06-30": "1291.00000", "2012-03-31": "1209.00000", "2011-12-31": "", "2011-09-30": "", "2011-06-30": "", "2011-03-31": "", "2010-12-31": "", "2010-09-30": "", "2010-06-30": "", "2010-03-31": "", "2009-12-31": "", "2009-09-30": "1989.00000", "2009-06-30": "1862.00000", "2009-03-31": "1830.00000", "2008-12-31": "1940.00000", "2008-09-30": "1967.00000", "2008-06-30": "1868.00000", "2008-03-31": "1854.00000", "2007-12-31": "1035.00000", "2007-09-30": "2093.00000", "2007-06-30": "1946.00000", "2007-03-31": "1866.00000", "2006-12-31": "1095.00000", "2006-09-30": "1721.00000", "2006-06-30": "1467.00000", "2006-03-31": "1422.00000", "2005-12-31": "1275.00000", "2005-09-30": "1394.00000", "2005-06-30": "1445.00000", "2005-03-31": "1376.00000"}, "Other Operating Income Or Expenses": {"2020-12-31": "", "2020-09-30": "", "2020-06-30": "", "2020-03-31": "", "2019-12-31": "", "2019-09-30": "", "2019-06-30": "", "2019-03-31": "", "2018-12-31": "", "2018-09-30": "141.00000", "2018-06-30": "200.00000", "2018-03-31": "", "2017-12-31": "", "2017-09-30": "442.00000", "2017-06-30": "", "2017-03-31": "", "2016-12-31": "", "2016-09-30": "", "2016-06-30": "", "2016-03-31": "", "2015-12-31": "", "2015-09-30": "", "2015-06-30": "", "2015-03-31": "", "2014-12-31": "", "2014-09-30": "", "2014-06-30": "", "2014-03-31": "", "2013-12-31": "", "2013-09-30": "", "2013-06-30": "", "2013-03-31": "", "2012-12-31": "", "2012-09-30": "", "2012-06-30": "", "2012-03-31": "", "2011-12-31": "", "2011-09-30": "", "2011-06-30": "", "2011-03-31": "", "2010-12-31": "", "2010-09-30": "", "2010-06-30": "", "2010-03-31": "", "2009-12-31": "", "2009-09-30": "", "2009-06-30": "", "2009-03-31": "", "2008-12-31": "", "2008-09-30": "", "2008-06-30": "", "2008-03-31": "", "2007-12-31": "", "2007-09-30": "", "2007-06-30": "", "2007-03-31": "", "2006-12-31": "", "2006-09-30": "", "2006-06-30": "", "2006-03-31": "", "2005-12-31": "", "2005-09-30": "", "2005-06-30": "", "2005-03-31": ""}, "Operating Expenses": {"2020-12-31": "23790.00000", "2020-09-30": "21456.00000", "2020-06-30": "19068.00000", "2020-03-31": "21757.00000", "2019-12-31": "23151.00000", "2019-09-30": "21487.00000", "2019-06-30": "21502.00000", "2019-03-31": "21677.00000", "2018-12-31": "23332.00000", "2018-09-30": "17299.00000", "2018-06-30": "16721.00000", "2018-03-31": "18146.00000", "2017-12-31": "17946.00000", "2017-09-30": "16302.00000", "2017-06-30": "16718.00000", "2017-03-31": "16045.00000", "2016-12-31": "17122.00000", "2016-09-30": "16879.00000", "2016-06-30": "15203.00000", "2016-03-31": "14701.00000", "2015-12-31": "15243.00000", "2015-09-30": "14668.00000", "2015-06-30": "14638.00000", "2015-03-31": "13963.00000", "2014-12-31": "13945.00000", "2014-09-30": "13046.00000", "2014-06-30": "13040.00000", "2014-03-31": "13840.00000", "2013-12-31": "13279.00000", "2013-09-30": "12737.00000", "2013-06-30": "12835.00000", "2013-03-31": "12243.00000", "2012-12-31": "12643.00000", "2012-09-30": "13496.00000", "2012-06-30": "12132.00000", "2012-03-31": "12120.00000", "2011-12-31": "12124.00000", "2011-09-30": "11698.00000", "2011-06-30": "11395.00000", "2011-03-31": "9904.00000", "2010-12-31": "7708.00000", "2010-09-30": "7535.00000", "2010-06-30": "7447.00000", "2010-03-31": "7267.00000", "2009-12-31": "7250.00000", "2009-09-30": "7134.00000", "2009-06-30": "7103.00000", "2009-03-31": "7055.00000", "2008-12-31": "7175.00000", "2008-09-30": "6879.00000", "2008-06-30": "6803.00000", "2008-03-31": "6834.00000", "2007-12-31": "6721.00000", "2007-09-30": "6390.00000", "2007-06-30": "6244.00000", "2007-03-31": "6127.00000", "2006-12-31": "5813.00000", "2006-09-30": "5208.00000", "2006-06-30": "4735.00000", "2006-03-31": "4591.00000", "2005-12-31": "4064.00000", "2005-09-30": "4443.00000", "2005-06-30": "4550.00000", "2005-03-31": "4497.00000"}, "Operating Income": {"2020-12-31": "3918.00000", "2020-09-30": "4076.00000", "2020-06-30": "4647.00000", "2020-03-31": "4852.00000", "2019-12-31": "5247.00000", "2019-09-30": "5340.00000", "2019-06-30": "5356.00000", "2019-03-31": "5182.00000", "2018-12-31": "4514.00000", "2018-09-30": "4836.00000", "2018-06-30": "5014.00000", "2018-03-31": "4645.00000", "2017-12-31": "4129.00000", "2017-09-30": "4779.00000", "2017-06-30": "4568.00000", "2017-03-31": "4542.00000", "2016-12-31": "4236.00000", "2016-09-30": "4440.00000", "2016-06-30": "4066.00000", "2016-03-31": "4089.00000", "2015-12-31": "4002.00000", "2015-09-30": "4001.00000", "2015-06-30": "4105.00000", "2015-03-31": "3890.00000", "2014-12-31": "3787.00000", "2014-09-30": "3745.00000", "2014-06-30": "3804.00000", "2014-03-31": "3568.00000", "2013-12-31": "3647.00000", "2013-09-30": "3414.00000", "2013-06-30": "3435.00000", "2013-03-31": "3067.00000", "2012-12-31": "3294.00000", "2012-09-30": "3048.00000", "2012-06-30": "3079.00000", "2012-03-31": "2758.00000", "2011-12-31": "2918.00000", "2011-09-30": "2641.00000", "2011-06-30": "2938.00000", "2011-03-31": "2224.00000", "2010-12-31": "2013.00000", "2010-09-30": "1954.00000", "2010-06-30": "2078.00000", "2010-03-31": "1935.00000", "2009-12-31": "1817.00000", "2009-09-30": "1711.00000", "2009-06-30": "1875.00000", "2009-03-31": "1811.00000", "2008-12-31": "1757.00000", "2008-09-30": "1670.00000", "2008-06-30": "1750.00000", "2008-03-31": "1555.00000", "2007-12-31": "1458.00000", "2007-09-30": "1391.00000", "2007-06-30": "1468.00000", "2007-03-31": "1261.00000", "2006-12-31": "1218.00000", "2006-09-30": "1224.00000", "2006-06-30": "1173.00000", "2006-03-31": "1004.00000", "2005-12-31": "766.00000", "2005-09-30": "841.00000", "2005-06-30": "1048.00000", "2005-03-31": "866.00000"}, "Total Non-Operating Income/Expense": {"2020-12-31": "498.00000", "2020-09-30": "-1306.00000", "2020-06-30": "-692.00000", "2020-03-31": "-1928.00000", "2019-12-31": "-1186.00000", "2019-09-30": "-1277.00000", "2019-06-30": "-1192.00000", "2019-03-31": "-474.00000", "2018-12-31": "-1446.00000", "2018-09-30": "-941.00000", "2018-06-30": "-729.00000", "2018-03-31": "-651.00000", "2017-12-31": "-685.00000", "2017-09-30": "-696.00000", "2017-06-30": "-659.00000", "2017-03-31": "-625.00000", "2016-12-31": "-527.00000", "2016-09-30": "-716.00000", "2016-06-30": "-708.00000", "2016-03-31": "-554.00000", "2015-12-31": "-784.00000", "2015-09-30": "-737.00000", "2015-06-30": "-617.00000", "2015-03-31": "-488.00000", "2014-12-31": "-677.00000", "2014-09-30": "-705.00000", "2014-06-30": "-545.00000", "2014-03-31": "-512.00000", "2013-12-31": "-693.00000", "2013-09-30": "-615.00000", "2013-06-30": "-643.00000", "2013-03-31": "-497.00000", "2012-12-31": "-709.00000", "2012-09-30": "1335.00000", "2012-06-30": "-635.00000", "2012-03-31": "-561.00000", "2011-12-31": "-532.00000", "2011-09-30": "-836.00000", "2011-06-30": "-557.00000", "2011-03-31": "-589.00000", "2010-12-31": "-307.00000", "2010-09-30": "-500.00000", "2010-06-30": "-604.00000", "2010-03-31": "-465.00000", "2009-12-31": "-467.00000", "2009-09-30": "-574.00000", "2009-06-30": "-495.00000", "2009-03-31": "-572.00000", "2008-12-31": "-1176.00000", "2008-09-30": "-513.00000", "2008-06-30": "-676.00000", "2008-03-31": "-309.00000", "2007-12-31": "-462.00000", "2007-09-30": "-426.00000", "2007-06-30": "-439.00000", "2007-03-31": "98.00000", "2006-12-31": "-566.00000", "2006-09-30": "358.00000", "2006-06-30": "-409.00000", "2006-03-31": "-408.00000", "2005-12-31": "-423.00000", "2005-09-30": "-525.00000", "2005-06-30": "-277.00000", "2005-03-31": "-576.00000"}, "Pre-Tax Income": {"2020-12-31": "4416.00000", "2020-09-30": "2770.00000", "2020-06-30": "3955.00000", "2020-03-31": "2924.00000", "2019-12-31": "4061.00000", "2019-09-30": "4063.00000", "2019-06-30": "4164.00000", "2019-03-31": "4708.00000", "2018-12-31": "3068.00000", "2018-09-30": "3895.00000", "2018-06-30": "4285.00000", "2018-03-31": "3994.00000", "2017-12-31": "3444.00000", "2017-09-30": "4083.00000", "2017-06-30": "3909.00000", "2017-03-31": "3917.00000", "2016-12-31": "3709.00000", "2016-09-30": "3724.00000", "2016-06-30": "3358.00000", "2016-03-31": "3535.00000", "2015-12-31": "3218.00000", "2015-09-30": "3264.00000", "2015-06-30": "3488.00000", "2015-03-31": "3402.00000", "2014-12-31": "3110.00000", "2014-09-30": "3040.00000", "2014-06-30": "3259.00000", "2014-03-31": "3056.00000", "2013-12-31": "2954.00000", "2013-09-30": "2799.00000", "2013-06-30": "2792.00000", "2013-03-31": "2570.00000", "2012-12-31": "2585.00000", "2012-09-30": "4383.00000", "2012-06-30": "2444.00000", "2012-03-31": "2197.00000", "2011-12-31": "2386.00000", "2011-09-30": "1805.00000", "2011-06-30": "2381.00000", "2011-03-31": "1635.00000", "2010-12-31": "1706.00000", "2010-09-30": "1454.00000", "2010-06-30": "1474.00000", "2010-03-31": "1470.00000", "2009-12-31": "1350.00000", "2009-09-30": "1137.00000", "2009-06-30": "1380.00000", "2009-03-31": "1239.00000", "2008-12-31": "581.00000", "2008-09-30": "1157.00000", "2008-06-30": "1074.00000", "2008-03-31": "1246.00000", "2007-12-31": "996.00000", "2007-09-30": "965.00000", "2007-06-30": "1029.00000", "2007-03-31": "1359.00000", "2006-12-31": "652.00000", "2006-09-30": "1582.00000", "2006-06-30": "764.00000", "2006-03-31": "596.00000", "2005-12-31": "343.00000", "2005-09-30": "316.00000", "2005-06-30": "771.00000", "2005-03-31": "290.00000"}, "Income Taxes": {"2020-12-31": "979.00000", "2020-09-30": "739.00000", "2020-06-30": "946.00000", "2020-03-31": "700.00000", "2019-12-31": "861.00000", "2019-09-30": "775.00000", "2019-06-30": "961.00000", "2019-03-31": "1076.00000", "2018-12-31": "486.00000", "2018-09-30": "999.00000", "2018-06-30": "1077.00000", "2018-03-31": "818.00000", "2017-12-31": "-11607.00000", "2017-09-30": "1409.00000", "2017-06-30": "1367.00000", "2017-03-31": "1262.00000", "2016-12-31": "1309.00000", "2016-09-30": "1400.00000", "2016-06-30": "1278.00000", "2016-03-31": "1311.00000", "2015-12-31": "1162.00000", "2015-09-30": "1223.00000", "2015-06-30": "1313.00000", "2015-03-31": "1261.00000", "2014-12-31": "1114.00000", "2014-09-30": "407.00000", "2014-06-30": "1234.00000", "2014-03-31": "1118.00000", "2013-12-31": "986.00000", "2013-09-30": "1021.00000", "2013-06-30": "1048.00000", "2013-03-31": "925.00000", "2012-12-31": "778.00000", "2012-09-30": "1405.00000", "2012-06-30": "811.00000", "2012-03-31": "750.00000", "2011-12-31": "801.00000", "2011-09-30": "639.00000", "2011-06-30": "1014.00000", "2011-03-31": "596.00000", "2010-12-31": "673.00000", "2010-09-30": "584.00000", "2010-06-30": "588.00000", "2010-03-31": "591.00000", "2009-12-31": "390.00000", "2009-09-30": "203.00000", "2009-06-30": "424.00000", "2009-03-31": "461.00000", "2008-12-31": "169.00000", "2008-09-30": "401.00000", "2008-06-30": "455.00000", "2008-03-31": "508.00000", "2007-12-31": "400.00000", "2007-09-30": "421.00000", "2007-06-30": "453.00000", "2007-03-31": "526.00000", "2006-12-31": "221.00000", "2006-09-30": "610.00000", "2006-06-30": "369.00000", "2006-03-31": "147.00000", "2005-12-31": "273.00000", "2005-09-30": "129.00000", "2005-06-30": "331.00000", "2005-03-31": "140.00000"}, "Income After Taxes": {"2020-12-31": "3437.00000", "2020-09-30": "2031.00000", "2020-06-30": "3009.00000", "2020-03-31": "2224.00000", "2019-12-31": "3200.00000", "2019-09-30": "3288.00000", "2019-06-30": "3203.00000", "2019-03-31": "3632.00000", "2018-12-31": "2582.00000", "2018-09-30": "2896.00000", "2018-06-30": "3208.00000", "2018-03-31": "3176.00000", "2017-12-31": "15051.00000", "2017-09-30": "2674.00000", "2017-06-30": "2542.00000", "2017-03-31": "2655.00000", "2016-12-31": "2400.00000", "2016-09-30": "2324.00000", "2016-06-30": "2080.00000", "2016-03-31": "2224.00000", "2015-12-31": "2056.00000", "2015-09-30": "2041.00000", "2015-06-30": "2175.00000", "2015-03-31": "2141.00000", "2014-12-31": "1996.00000", "2014-09-30": "2633.00000", "2014-06-30": "2025.00000", "2014-03-31": "1938.00000", "2013-12-31": "1968.00000", "2013-09-30": "1778.00000", "2013-06-30": "1744.00000", "2013-03-31": "1645.00000", "2012-12-31": "1807.00000", "2012-09-30": "2978.00000", "2012-06-30": "1633.00000", "2012-03-31": "1447.00000", "2011-12-31": "1585.00000", "2011-09-30": "1166.00000", "2011-06-30": "1367.00000", "2011-03-31": "1039.00000", "2010-12-31": "1033.00000", "2010-09-30": "870.00000", "2010-06-30": "886.00000", "2010-03-31": "879.00000", "2009-12-31": "960.00000", "2009-09-30": "934.00000", "2009-06-30": "956.00000", "2009-03-31": "778.00000", "2008-12-31": "412.00000", "2008-09-30": "756.00000", "2008-06-30": "619.00000", "2008-03-31": "738.00000", "2007-12-31": "596.00000", "2007-09-30": "544.00000", "2007-06-30": "576.00000", "2007-03-31": "833.00000", "2006-12-31": "431.00000", "2006-09-30": "972.00000", "2006-06-30": "395.00000", "2006-03-31": "449.00000", "2005-12-31": "70.00000", "2005-09-30": "187.00000", "2005-06-30": "440.00000", "2005-03-31": "150.00000"}, "Other Income": {"2020-12-31": "", "2020-09-30": "", "2020-06-30": "", "2020-03-31": "", "2019-12-31": "", "2019-09-30": "", "2019-06-30": "", "2019-03-31": "", "2018-12-31": "", "2018-09-30": "", "2018-06-30": "", "2018-03-31": "", "2017-12-31": "", "2017-09-30": "", "2017-06-30": "", "2017-03-31": "", "2016-12-31": "", "2016-09-30": "", "2016-06-30": "", "2016-03-31": "", "2015-12-31": "", "2015-09-30": "", "2015-06-30": "", "2015-03-31": "", "2014-12-31": "", "2014-09-30": "", "2014-06-30": "", "2014-03-31": "", "2013-12-31": "", "2013-09-30": "", "2013-06-30": "", "2013-03-31": "", "2012-12-31": "", "2012-09-30": "", "2012-06-30": "", "2012-03-31": "", "2011-12-31": "", "2011-09-30": "", "2011-06-30": "", "2011-03-31": "", "2010-12-31": "", "2010-09-30": "", "2010-06-30": "", "2010-03-31": "", "2009-12-31": "", "2009-09-30": "", "2009-06-30": "", "2009-03-31": "", "2008-12-31": "", "2008-09-30": "", "2008-06-30": "", "2008-03-31": "", "2007-12-31": "", "2007-09-30": "", "2007-06-30": "", "2007-03-31": "", "2006-12-31": "", "2006-09-30": "", "2006-06-30": "", "2006-03-31": "", "2005-12-31": "", "2005-09-30": "", "2005-06-30": "", "2005-03-31": ""}, "Income From Continuous Operations": {"2020-12-31": "3437.00000", "2020-09-30": "2031.00000", "2020-06-30": "3009.00000", "2020-03-31": "2224.00000", "2019-12-31": "3200.00000", "2019-09-30": "3288.00000", "2019-06-30": "3203.00000", "2019-03-31": "3632.00000", "2018-12-31": "2582.00000", "2018-09-30": "2896.00000", "2018-06-30": "3208.00000", "2018-03-31": "3176.00000", "2017-12-31": "15051.00000", "2017-09-30": "2674.00000", "2017-06-30": "2542.00000", "2017-03-31": "2655.00000", "2016-12-31": "2400.00000", "2016-09-30": "2324.00000", "2016-06-30": "2080.00000", "2016-03-31": "2224.00000", "2015-12-31": "2056.00000", "2015-09-30": "2041.00000", "2015-06-30": "2175.00000", "2015-03-31": "2141.00000", "2014-12-31": "1996.00000", "2014-09-30": "2633.00000", "2014-06-30": "2025.00000", "2014-03-31": "1938.00000", "2013-12-31": "1968.00000", "2013-09-30": "1778.00000", "2013-06-30": "1744.00000", "2013-03-31": "1645.00000", "2012-12-31": "1807.00000", "2012-09-30": "2978.00000", "2012-06-30": "1633.00000", "2012-03-31": "1447.00000", "2011-12-31": "1585.00000", "2011-09-30": "1166.00000", "2011-06-30": "1367.00000", "2011-03-31": "1039.00000", "2010-12-31": "1033.00000", "2010-09-30": "870.00000", "2010-06-30": "886.00000", "2010-03-31": "879.00000", "2009-12-31": "960.00000", "2009-09-30": "934.00000", "2009-06-30": "956.00000", "2009-03-31": "778.00000", "2008-12-31": "412.00000", "2008-09-30": "756.00000", "2008-06-30": "619.00000", "2008-03-31": "738.00000", "2007-12-31": "564.00000", "2007-09-30": "560.00000", "2007-06-30": "588.00000", "2007-03-31": "837.00000", "2006-12-31": "429.00000", "2006-09-30": "969.00000", "2006-06-30": "399.00000", "2006-03-31": "438.00000", "2005-12-31": "57.00000", "2005-09-30": "198.00000", "2005-06-30": "430.00000", "2005-03-31": "143.00000"}, "Income From Discontinued Operations": {"2020-12-31": "", "2020-09-30": "", "2020-06-30": "", "2020-03-31": "", "2019-12-31": "", "2019-09-30": "", "2019-06-30": "", "2019-03-31": "", "2018-12-31": "", "2018-09-30": "", "2018-06-30": "", "2018-03-31": "", "2017-12-31": "", "2017-09-30": "", "2017-06-30": "", "2017-03-31": "", "2016-12-31": "", "2016-09-30": "", "2016-06-30": "", "2016-03-31": "", "2015-12-31": "", "2015-09-30": "", "2015-06-30": "", "2015-03-31": "", "2014-12-31": "", "2014-09-30": "", "2014-06-30": "", "2014-03-31": "", "2013-12-31": "", "2013-09-30": "", "2013-06-30": "", "2013-03-31": "", "2012-12-31": "", "2012-09-30": "", "2012-06-30": "", "2012-03-31": "", "2011-12-31": "", "2011-09-30": "", "2011-06-30": "", "2011-03-31": "", "2010-12-31": "", "2010-09-30": "", "2010-06-30": "", "2010-03-31": "", "2009-12-31": "", "2009-09-30": "", "2009-06-30": "", "2009-03-31": "", "2008-12-31": "", "2008-09-30": "", "2008-06-30": "", "2008-03-31": "", "2007-12-31": "", "2007-09-30": "", "2007-06-30": "", "2007-03-31": "", "2006-12-31": "-39.00000", "2006-09-30": "248.00000", "2006-06-30": "61.00000", "2006-03-31": "28.00000", "2005-12-31": "76.00000", "2005-09-30": "24.00000", "2005-06-30": "", "2005-03-31": ""}, "Net Income": {"2020-12-31": "3380.00000", "2020-09-30": "2019.00000", "2020-06-30": "2988.00000", "2020-03-31": "2147.00000", "2019-12-31": "3162.00000", "2019-09-30": "3217.00000", "2019-06-30": "3125.00000", "2019-03-31": "3553.00000", "2018-12-31": "2511.00000", "2018-09-30": "2886.00000", "2018-06-30": "3216.00000", "2018-03-31": "3118.00000", "2017-12-31": "14999.00000", "2017-09-30": "2642.00000", "2017-06-30": "2521.00000", "2017-03-31": "2573.00000", "2016-12-31": "2279.00000", "2016-09-30": "2237.00000", "2016-06-30": "2028.00000", "2016-03-31": "2134.00000", "2015-12-31": "1971.00000", "2015-09-30": "1996.00000", "2015-06-30": "2137.00000", "2015-03-31": "2059.00000", "2014-12-31": "1925.00000", "2014-09-30": "2592.00000", "2014-06-30": "1992.00000", "2014-03-31": "1871.00000", "2013-12-31": "1913.00000", "2013-09-30": "1732.00000", "2013-06-30": "1734.00000", "2013-03-31": "1437.00000", "2012-12-31": "1518.00000", "2012-09-30": "2113.00000", "2012-06-30": "1348.00000", "2012-03-31": "1224.00000", "2011-12-31": "1287.00000", "2011-09-30": "908.00000", "2011-06-30": "1022.00000", "2011-03-31": "943.00000", "2010-12-31": "1018.00000", "2010-09-30": "867.00000", "2010-06-30": "884.00000", "2010-03-31": "866.00000", "2009-12-31": "955.00000", "2009-09-30": "944.00000", "2009-06-30": "967.00000", "2009-03-31": "772.00000", "2008-12-31": "412.00000", "2008-09-30": "771.00000", "2008-06-30": "632.00000", "2008-03-31": "732.00000", "2007-12-31": "602.00000", "2007-09-30": "560.00000", "2007-06-30": "588.00000", "2007-03-31": "837.00000", "2006-12-31": "390.00000", "2006-09-30": "1217.00000", "2006-06-30": "460.00000", "2006-03-31": "466.00000", "2005-12-31": "133.00000", "2005-09-30": "222.00000", "2005-06-30": "430.00000", "2005-03-31": "143.00000"}, "EBITDA": {"2020-12-31": "7170.00000", "2020-09-30": "7396.00000", "2020-06-30": "7911.00000", "2020-03-31": "8116.00000", "2019-12-31": "8424.00000", "2019-09-30": "8520.00000", "2019-06-30": "8632.00000", "2019-03-31": "8502.00000", "2018-12-31": "7711.00000", "2018-09-30": "7313.00000", "2018-06-30": "7417.00000", "2018-03-31": "7244.00000", "2017-12-31": "6738.00000", "2017-09-30": "6883.00000", "2017-06-30": "7075.00000", "2017-03-31": "7010.00000", "2016-12-31": "6600.00000", "2016-09-30": "6835.00000", "2016-06-30": "6455.00000", "2016-03-31": "6367.00000", "2015-12-31": "6272.00000", "2015-09-30": "6184.00000", "2015-06-30": "6266.00000", "2015-03-31": "5956.00000", "2014-12-31": "5877.00000", "2014-09-30": "5704.00000", "2014-06-30": "5804.00000", "2014-03-31": "5538.00000", "2013-12-31": "5645.00000", "2013-09-30": "5330.00000", "2013-06-30": "3453.00000", "2013-03-31": "7006.00000", "2012-12-31": "-2018.00000", "2012-09-30": "8147.00000", "2012-06-30": "7007.00000", "2012-03-31": "6841.00000", "2011-12-31": "6934.00000", "2011-09-30": "6454.00000", "2011-06-30": "6506.00000", "2011-03-31": "5250.00000", "2010-12-31": "3804.00000", "2010-09-30": "3624.00000", "2010-06-30": "3765.00000", "2010-03-31": "3590.00000", "2009-12-31": "3758.00000", "2009-09-30": "3326.00000", "2009-06-30": "3535.00000", "2009-03-31": "3444.00000", "2008-12-31": "3370.00000", "2008-09-30": "3237.00000", "2008-06-30": "3351.00000", "2008-03-31": "3174.00000", "2007-12-31": "3082.00000", "2007-09-30": "2929.00000", "2007-06-30": "3012.00000", "2007-03-31": "2763.00000", "2006-12-31": "2594.00000", "2006-09-30": "2437.00000", "2006-06-30": "2311.00000", "2006-03-31": "2100.00000", "2005-12-31": "1957.00000", "2005-09-30": "1876.00000", "2005-06-30": "2209.00000", "2005-03-31": "2030.00000"}, "EBIT": {"2020-12-31": "3918.00000", "2020-09-30": "4076.00000", "2020-06-30": "4647.00000", "2020-03-31": "4852.00000", "2019-12-31": "5247.00000", "2019-09-30": "5340.00000", "2019-06-30": "5356.00000", "2019-03-31": "5182.00000", "2018-12-31": "4514.00000", "2018-09-30": "4836.00000", "2018-06-30": "5014.00000", "2018-03-31": "4645.00000", "2017-12-31": "4129.00000", "2017-09-30": "4779.00000", "2017-06-30": "4568.00000", "2017-03-31": "4542.00000", "2016-12-31": "4236.00000", "2016-09-30": "4440.00000", "2016-06-30": "4066.00000", "2016-03-31": "4089.00000", "2015-12-31": "4002.00000", "2015-09-30": "4001.00000", "2015-06-30": "4105.00000", "2015-03-31": "3890.00000", "2014-12-31": "3787.00000", "2014-09-30": "3745.00000", "2014-06-30": "3804.00000", "2014-03-31": "3568.00000", "2013-12-31": "3647.00000", "2013-09-30": "3414.00000", "2013-06-30": "3435.00000", "2013-03-31": "3067.00000", "2012-12-31": "3294.00000", "2012-09-30": "3048.00000", "2012-06-30": "3079.00000", "2012-03-31": "2758.00000", "2011-12-31": "2918.00000", "2011-09-30": "2641.00000", "2011-06-30": "2938.00000", "2011-03-31": "2224.00000", "2010-12-31": "2013.00000", "2010-09-30": "1954.00000", "2010-06-30": "2078.00000", "2010-03-31": "1935.00000", "2009-12-31": "1817.00000", "2009-09-30": "1711.00000", "2009-06-30": "1875.00000", "2009-03-31": "1811.00000", "2008-12-31": "1757.00000", "2008-09-30": "1670.00000", "2008-06-30": "1750.00000", "2008-03-31": "1555.00000", "2007-12-31": "1458.00000", "2007-09-30": "1391.00000", "2007-06-30": "1468.00000", "2007-03-31": "1261.00000", "2006-12-31": "1218.00000", "2006-09-30": "1224.00000", "2006-06-30": "1173.00000", "2006-03-31": "1004.00000", "2005-12-31": "766.00000", "2005-09-30": "841.00000", "2005-06-30": "1048.00000", "2005-03-31": "866.00000"}, "Basic Shares Outstanding": {"2020-12-31": "4574.00000", "2020-09-30": "4577.00000", "2020-06-30": "4570.00000", "2020-03-31": "4562.00000", "2019-12-31": "4548.00000", "2019-09-30": "4551.00000", "2019-06-30": "4547.00000", "2019-03-31": "4534.00000", "2018-12-31": "4584.00000", "2018-09-30": "4564.00000", "2018-06-30": "4598.00000", "2018-03-31": "4633.00000", "2017-12-31": "4708.00000", "2017-09-30": "4698.00000", "2017-06-30": "4728.00000", "2017-03-31": "4747.00000", "2016-12-31": "4819.00000", "2016-09-30": "4805.00000", "2016-06-30": "4839.00000", "2016-03-31": "4868.00000", "2015-12-31": "4972.00000", "2015-09-30": "4944.00000", "2015-06-30": "5000.00000", "2015-03-31": "5040.00000", "2014-12-31": "5166.00000", "2014-09-30": "5160.00000", "2014-06-30": "5188.00000", "2014-03-31": "5206.00000", "2013-12-31": "5250.00000", "2013-09-30": "5244.00000", "2013-06-30": "5262.00000", "2013-03-31": "5268.00000", "2012-12-31": "5356.00000", "2012-09-30": "5336.00000", "2012-06-30": "5374.00000", "2012-03-31": "5416.00000", "2011-12-31": "5492.00000", "2011-09-30": "5478.00000", "2011-06-30": "5518.00000", "2011-03-31": "5544.00000", "2010-12-31": "5616.00000", "2010-09-30": "5604.00000", "2010-06-30": "5632.00000", "2010-03-31": "5658.00000", "2009-12-31": "5750.00000", "2009-09-30": "5744.00000", "2009-06-30": "5774.00000", "2009-03-31": "5770.00000", "2008-12-31": "5878.00000", "2008-09-30": "5818.00000", "2008-06-30": "5914.00000", "2008-03-31": "6018.00000", "2007-12-31": "6196.00000", "2007-09-30": "6174.00000", "2007-06-30": "6226.00000", "2007-03-31": "6250.00000", "2006-12-31": "6320.00000", "2006-09-30": "6288.00000", "2006-06-30": "6336.00000", "2006-03-31": "6404.00000", "2005-12-31": "6590.00000", "2005-09-30": "6588.00000", "2005-06-30": "6621.00000", "2005-03-31": "6642.00000"}, "Shares Outstanding": {"2020-12-31": "4624.00000", "2020-09-30": "4628.00000", "2020-06-30": "4607.00000", "2020-03-31": "4617.00000", "2019-12-31": "4610.00000", "2019-09-30": "4619.00000", "2019-06-30": "4607.00000", "2019-03-31": "4594.00000", "2018-12-31": "4640.00000", "2018-09-30": "4619.00000", "2018-06-30": "4643.00000", "2018-03-31": "4705.00000", "2017-12-31": "4786.00000", "2017-09-30": "4777.00000", "2017-06-30": "4809.00000", "2017-03-31": "4832.00000", "2016-12-31": "4875.00000", "2016-09-30": "4861.00000", "2016-06-30": "4891.00000", "2016-03-31": "4925.00000", "2015-12-31": "5035.00000", "2015-09-30": "5004.00000", "2015-06-30": "5062.00000", "2015-03-31": "5112.00000", "2014-12-31": "5240.00000", "2014-09-30": "5232.00000", "2014-06-30": "5256.00000", "2014-03-31": "5290.00000", "2013-12-31": "5330.00000", "2013-09-30": "5316.00000", "2013-06-30": "5332.00000", "2013-03-31": "5350.00000", "2012-12-31": "5434.00000", "2012-09-30": "5406.00000", "2012-06-30": "5434.00000", "2012-03-31": "5488.00000", "2011-12-31": "5556.00000", "2011-09-30": "5522.00000", "2011-06-30": "5578.00000", "2011-03-31": "5610.00000", "2010-12-31": "5640.00000", "2010-09-30": "5620.00000", "2010-06-30": "5644.00000", "2010-03-31": "5674.00000", "2009-12-31": "5770.00000", "2009-09-30": "5754.00000", "2009-06-30": "5782.00000", "2009-03-31": "5780.00000", "2008-12-31": "5904.00000", "2008-09-30": "5840.00000", "2008-06-30": "5940.00000", "2008-03-31": "6034.00000", "2007-12-31": "6258.00000", "2007-09-30": "6236.00000", "2007-06-30": "6294.00000", "2007-03-31": "6322.00000", "2006-12-31": "6360.00000", "2006-09-30": "6326.00000", "2006-06-30": "6368.00000", "2006-03-31": "6426.00000", "2005-12-31": "6624.00000", "2005-09-30": "6627.00000", "2005-06-30": "6663.00000", "2005-03-31": "6666.00000"}, "Basic EPS": {"2020-12-31": "0.74000", "2020-09-30": "0.44000", "2020-06-30": "0.65000", "2020-03-31": "0.47000", "2019-12-31": "0.69000", "2019-09-30": "0.71000", "2019-06-30": "0.69000", "2019-03-31": "0.78000", "2018-12-31": "0.56000", "2018-09-30": "0.63000", "2018-06-30": "0.70000", "2018-03-31": "0.67000", "2017-12-31": "3.20000", "2017-09-30": "0.56000", "2017-06-30": "0.53000", "2017-03-31": "0.54000", "2016-12-31": "0.47000", "2016-09-30": "0.47000", "2016-06-30": "0.42000", "2016-03-31": "0.44000", "2015-12-31": "0.40000", "2015-09-30": "0.40500", "2015-06-30": "0.42500", "2015-03-31": "0.41000", "2014-12-31": "0.37500", "2014-09-30": "0.50000", "2014-06-30": "0.38500", "2014-03-31": "0.36000", "2013-12-31": "0.36500", "2013-09-30": "0.33000", "2013-06-30": "0.33000", "2013-03-31": "0.27500", "2012-12-31": "0.29000", "2012-09-30": "0.39500", "2012-06-30": "0.25000", "2012-03-31": "0.22500", "2011-12-31": "0.23500", "2011-09-30": "0.16500", "2011-06-30": "0.18500", "2011-03-31": "0.17000", "2010-12-31": "0.18000", "2010-09-30": "0.15500", "2010-06-30": "0.15500", "2010-03-31": "0.15500", "2009-12-31": "0.17000", "2009-09-30": "0.16500", "2009-06-30": "0.16500", "2009-03-31": "0.13500", "2008-12-31": "0.08000", "2008-09-30": "0.13000", "2008-06-30": "0.10500", "2008-03-31": "0.12000", "2007-12-31": "0.10000", "2007-09-30": "0.09000", "2007-06-30": "0.09500", "2007-03-31": "0.13500", "2006-12-31": "0.06000", "2006-09-30": "0.19000", "2006-06-30": "0.07500", "2006-03-31": "0.07500", "2005-12-31": "0.02330", "2005-09-30": "0.03330", "2005-06-30": "0.06330", "2005-03-31": "0.02000"}, "EPS - Earnings Per Share": {"2020-12-31": "0.73000", "2020-09-30": "0.44000", "2020-06-30": "0.65000", "2020-03-31": "0.46000", "2019-12-31": "0.68000", "2019-09-30": "0.70000", "2019-06-30": "0.68000", "2019-03-31": "0.77000", "2018-12-31": "0.56000", "2018-09-30": "0.62000", "2018-06-30": "0.69000", "2018-03-31": "0.66000", "2017-12-31": "3.15000", "2017-09-30": "0.55000", "2017-06-30": "0.52000", "2017-03-31": "0.53000", "2016-12-31": "0.48000", "2016-09-30": "0.46000", "2016-06-30": "0.41000", "2016-03-31": "0.43000", "2015-12-31": "0.39500", "2015-09-30": "0.40000", "2015-06-30": "0.42000", "2015-03-31": "0.40500", "2014-12-31": "0.37000", "2014-09-30": "0.49500", "2014-06-30": "0.38000", "2014-03-31": "0.35500", "2013-12-31": "0.36000", "2013-09-30": "0.32500", "2013-06-30": "0.32500", "2013-03-31": "0.27000", "2012-12-31": "0.27500", "2012-09-30": "0.39000", "2012-06-30": "0.25000", "2012-03-31": "0.22500", "2011-12-31": "0.23000", "2011-09-30": "0.16500", "2011-06-30": "0.18500", "2011-03-31": "0.17000", "2010-12-31": "0.18000", "2010-09-30": "0.15500", "2010-06-30": "0.15500", "2010-03-31": "0.15500", "2009-12-31": "0.16500", "2009-09-30": "0.16500", "2009-06-30": "0.16500", "2009-03-31": "0.13500", "2008-12-31": "0.07500", "2008-09-30": "0.13000", "2008-06-30": "0.10500", "2008-03-31": "0.12000", "2007-12-31": "0.10000", "2007-09-30": "0.09000", "2007-06-30": "0.09500", "2007-03-31": "0.13000", "2006-12-31": "0.05500", "2006-09-30": "0.19000", "2006-06-30": "0.07500", "2006-03-31": "0.07500", "2005-12-31": "0.02330", "2005-09-30": "0.03330", "2005-06-30": "0.06330", "2005-03-31": "0.02000"}}, "balance sheet": {"Cash On Hand": {"2020-12-31": "11740.00000", "2019-12-31": "5500.00000", "2018-12-31": "3814.00000", "2017-12-31": "3428.00000", "2016-12-31": "3301.00000", "2015-12-31": "2295.00000", "2014-12-31": "4512.00000", "2013-12-31": "5291.00000", "2012-12-31": "12415.00000", "2011-12-31": "1674.00000", "2010-12-31": "5984.00000", "2009-12-31": "721.00000", "2008-12-31": "1254.00000", "2007-12-31": "1061.00000", "2006-12-31": "2974.00000", "2005-12-31": "1095.00000"}, "Receivables": {"2020-12-31": "11466.00000", "2019-12-31": "11292.00000", "2018-12-31": "11104.00000", "2017-12-31": "8834.00000", "2016-12-31": "7955.00000", "2015-12-31": "6896.00000", "2014-12-31": "6321.00000", "2013-12-31": "6376.00000", "2012-12-31": "5521.00000", "2011-12-31": "4652.00000", "2010-12-31": "1855.00000", "2009-12-31": "1711.00000", "2008-12-31": "1626.00000", "2007-12-31": "1645.00000", "2006-12-31": "1450.00000", "2005-12-31": "1008.00000"}, "Inventory": {"2020-12-31": "", "2019-12-31": "", "2018-12-31": "", "2017-12-31": "", "2016-12-31": "", "2015-12-31": "", "2014-12-31": "", "2013-12-31": "", "2012-12-31": "", "2011-12-31": "", "2010-12-31": "", "2009-12-31": "", "2008-12-31": "", "2007-12-31": "", "2006-12-31": "", "2005-12-31": ""}, "Pre-Paid Expenses": {"2020-12-31": "", "2019-12-31": "", "2018-12-31": "", "2017-12-31": "", "2016-12-31": "", "2015-12-31": "", "2014-12-31": "", "2013-12-31": "", "2012-12-31": "", "2011-12-31": "", "2010-12-31": "", "2009-12-31": "", "2008-12-31": "", "2007-12-31": "", "2006-12-31": "", "2005-12-31": ""}, "Other Current Assets": {"2020-12-31": "3535.00000", "2019-12-31": "8600.00000", "2018-12-31": "6930.00000", "2017-12-31": "4081.00000", "2016-12-31": "5105.00000", "2015-12-31": "3112.00000", "2014-12-31": "2698.00000", "2013-12-31": "2408.00000", "2012-12-31": "2055.00000", "2011-12-31": "2247.00000", "2010-12-31": "1047.00000", "2009-12-31": "551.00000", "2008-12-31": "544.00000", "2007-12-31": "747.00000", "2006-12-31": "778.00000", "2005-12-31": "685.00000"}, "Total Current Assets": {"2020-12-31": "26741.00000", "2019-12-31": "25392.00000", "2018-12-31": "21848.00000", "2017-12-31": "16343.00000", "2016-12-31": "16361.00000", "2015-12-31": "12303.00000", "2014-12-31": "13531.00000", "2013-12-31": "14075.00000", "2012-12-31": "19991.00000", "2011-12-31": "8573.00000", "2010-12-31": "8886.00000", "2009-12-31": "3223.00000", "2008-12-31": "3716.00000", "2007-12-31": "3667.00000", "2006-12-31": "5202.00000", "2005-12-31": "2848.00000"}, "Property, Plant, And Equipment": {"2020-12-31": "51995.00000", "2019-12-31": "48322.00000", "2018-12-31": "44437.00000", "2017-12-31": "38470.00000", "2016-12-31": "36253.00000", "2015-12-31": "33665.00000", "2014-12-31": "30953.00000", "2013-12-31": "29840.00000", "2012-12-31": "27232.00000", "2011-12-31": "27559.00000", "2010-12-31": "23515.00000", "2009-12-31": "23855.00000", "2008-12-31": "24444.00000", "2007-12-31": "23624.00000", "2006-12-31": "21248.00000", "2005-12-31": "17704.00000"}, "Long-Term Investments": {"2020-12-31": "8267.00000", "2019-12-31": "7683.00000", "2018-12-31": "7883.00000", "2017-12-31": "6931.00000", "2016-12-31": "5247.00000", "2015-12-31": "3224.00000", "2014-12-31": "3135.00000", "2013-12-31": "3770.00000", "2012-12-31": "6325.00000", "2011-12-31": "9854.00000", "2010-12-31": "6670.00000", "2009-12-31": "5947.00000", "2008-12-31": "4783.00000", "2007-12-31": "7963.00000", "2006-12-31": "8847.00000", "2005-12-31": "12675.00000"}, "Goodwill And Intangible Assets": {"2020-12-31": "165423.00000", "2019-12-31": "164218.00000", "2018-12-31": "163877.00000", "2017-12-31": "114277.00000", "2016-12-31": "112618.00000", "2015-12-31": "109255.00000", "2014-12-31": "103660.00000", "2013-12-31": "103791.00000", "2012-12-31": "104189.00000", "2011-12-31": "104415.00000", "2010-12-31": "77831.00000", "2009-12-31": "78490.00000", "2008-12-31": "78896.00000", "2007-12-31": "77521.00000", "2006-12-31": "74576.00000", "2005-12-31": "65420.00000"}, "Other Long-Term Assets": {"2020-12-31": "21443.00000", "2019-12-31": "17799.00000", "2018-12-31": "13639.00000", "2017-12-31": "11441.00000", "2016-12-31": "10021.00000", "2015-12-31": "8127.00000", "2014-12-31": "7907.00000", "2013-12-31": "7337.00000", "2012-12-31": "7234.00000", "2011-12-31": "7417.00000", "2010-12-31": "1632.00000", "2009-12-31": "1218.00000", "2008-12-31": "1178.00000", "2007-12-31": "642.00000", "2006-12-31": "532.00000", "2005-12-31": "635.00000"}, "Total Long-Term Assets": {"2020-12-31": "247128.00000", "2019-12-31": "238022.00000", "2018-12-31": "229836.00000", "2017-12-31": "171119.00000", "2016-12-31": "164139.00000", "2015-12-31": "154271.00000", "2014-12-31": "145655.00000", "2013-12-31": "144738.00000", "2012-12-31": "144980.00000", "2011-12-31": "149245.00000", "2010-12-31": "109648.00000", "2009-12-31": "109510.00000", "2008-12-31": "109301.00000", "2007-12-31": "109750.00000", "2006-12-31": "105203.00000", "2005-12-31": "100552.00000"}, "Total Assets": {"2020-12-31": "273869.00000", "2019-12-31": "263414.00000", "2018-12-31": "251684.00000", "2017-12-31": "187462.00000", "2016-12-31": "180500.00000", "2015-12-31": "166574.00000", "2014-12-31": "159186.00000", "2013-12-31": "158813.00000", "2012-12-31": "164971.00000", "2011-12-31": "157818.00000", "2010-12-31": "118534.00000", "2009-12-31": "112733.00000", "2008-12-31": "113017.00000", "2007-12-31": "113417.00000", "2006-12-31": "110405.00000", "2005-12-31": "103400.00000"}, "Total Current Liabilities": {"2020-12-31": "28796.00000", "2019-12-31": "30292.00000", "2018-12-31": "27603.00000", "2017-12-31": "21993.00000", "2016-12-31": "21535.00000", "2015-12-31": "18178.00000", "2014-12-31": "17410.00000", "2013-12-31": "18912.00000", "2012-12-31": "16714.00000", "2011-12-31": "13241.00000", "2010-12-31": "8234.00000", "2009-12-31": "7249.00000", "2008-12-31": "8939.00000", "2007-12-31": "7952.00000", "2006-12-31": "7191.00000", "2005-12-31": "6524.00000"}, "Long Term Debt": {"2020-12-31": "105782.00000", "2019-12-31": "102931.00000", "2018-12-31": "107345.00000", "2017-12-31": "59422.00000", "2016-12-31": "55566.00000", "2015-12-31": "48994.00000", "2014-12-31": "43864.00000", "2013-12-31": "44567.00000", "2012-12-31": "38082.00000", "2011-12-31": "37942.00000", "2010-12-31": "29615.00000", "2009-12-31": "27940.00000", "2008-12-31": "30178.00000", "2007-12-31": "29828.00000", "2006-12-31": "27992.00000", "2005-12-31": "21682.00000"}, "Other Non-Current Liabilities": {"2020-12-31": "18222.00000", "2019-12-31": "16765.00000", "2018-12-31": "15329.00000", "2017-12-31": "10972.00000", "2016-12-31": "10925.00000", "2015-12-31": "10637.00000", "2014-12-31": "10819.00000", "2013-12-31": "11384.00000", "2012-12-31": "13271.00000", "2011-12-31": "13034.00000", "2010-12-31": "7862.00000", "2009-12-31": "6767.00000", "2008-12-31": "6171.00000", "2007-12-31": "7167.00000", "2006-12-31": "6476.00000", "2005-12-31": "6948.00000"}, "Total Long Term Liabilities": {"2020-12-31": "153335.00000", "2019-12-31": "149248.00000", "2018-12-31": "151579.00000", "2017-12-31": "96010.00000", "2016-12-31": "102791.00000", "2015-12-31": "94418.00000", "2014-12-31": "88708.00000", "2013-12-31": "88843.00000", "2012-12-31": "98461.00000", "2011-12-31": "96922.00000", "2010-12-31": "65866.00000", "2009-12-31": "62673.00000", "2008-12-31": "63502.00000", "2007-12-31": "64125.00000", "2006-12-31": "62047.00000", "2005-12-31": "56657.00000"}, "Total Liabilities": {"2020-12-31": "182131.00000", "2019-12-31": "179540.00000", "2018-12-31": "179182.00000", "2017-12-31": "118003.00000", "2016-12-31": "124326.00000", "2015-12-31": "112596.00000", "2014-12-31": "106118.00000", "2013-12-31": "107755.00000", "2012-12-31": "115175.00000", "2011-12-31": "110163.00000", "2010-12-31": "74100.00000", "2009-12-31": "69922.00000", "2008-12-31": "72441.00000", "2007-12-31": "72077.00000", "2006-12-31": "69238.00000", "2005-12-31": "63181.00000"}, "Common Stock Net": {"2020-12-31": "54.00000", "2019-12-31": "54.00000", "2018-12-31": "54.00000", "2017-12-31": "55.00000", "2016-12-31": "56.00000", "2015-12-31": "29.00000", "2014-12-31": "30.00000", "2013-12-31": "30.00000", "2012-12-31": "31.00000", "2011-12-31": "32.00000", "2010-12-31": "32.00000", "2009-12-31": "32.00000", "2008-12-31": "33.00000", "2007-12-31": "34.00000", "2006-12-31": "35.00000", "2005-12-31": "36.00000"}, "Retained Earnings (Accumulated Deficit)": {"2020-12-31": "56438.00000", "2019-12-31": "50695.00000", "2018-12-31": "41983.00000", "2017-12-31": "38202.00000", "2016-12-31": "23076.00000", "2015-12-31": "21413.00000", "2014-12-31": "21539.00000", "2013-12-31": "19235.00000", "2012-12-31": "16280.00000", "2011-12-31": "13971.00000", "2010-12-31": "12158.00000", "2009-12-31": "10005.00000", "2008-12-31": "7427.00000", "2007-12-31": "7191.00000", "2006-12-31": "6214.00000", "2005-12-31": "4825.00000"}, "Comprehensive Income": {"2020-12-31": "1884.00000", "2019-12-31": "1047.00000", "2018-12-31": "-368.00000", "2017-12-31": "379.00000", "2016-12-31": "98.00000", "2015-12-31": "-174.00000", "2014-12-31": "-146.00000", "2013-12-31": "56.00000", "2012-12-31": "15.00000", "2011-12-31": "-152.00000", "2010-12-31": "-99.00000", "2009-12-31": "-46.00000", "2008-12-31": "-113.00000", "2007-12-31": "-56.00000", "2006-12-31": "34.00000", "2005-12-31": "-114.00000"}, "Other Share Holders Equity": {"2020-12-31": "", "2019-12-31": "", "2018-12-31": "", "2017-12-31": "", "2016-12-31": "", "2015-12-31": "", "2014-12-31": "", "2013-12-31": "", "2012-12-31": "", "2011-12-31": "", "2010-12-31": "", "2009-12-31": "", "2008-12-31": "", "2007-12-31": "", "2006-12-31": "", "2005-12-31": ""}, "Share Holder Equity": {"2020-12-31": "91738.00000", "2019-12-31": "83874.00000", "2018-12-31": "72502.00000", "2017-12-31": "69459.00000", "2016-12-31": "56174.00000", "2015-12-31": "53978.00000", "2014-12-31": "53068.00000", "2013-12-31": "51058.00000", "2012-12-31": "49796.00000", "2011-12-31": "47655.00000", "2010-12-31": "44434.00000", "2009-12-31": "42811.00000", "2008-12-31": "40576.00000", "2007-12-31": "41340.00000", "2006-12-31": "41167.00000", "2005-12-31": "40219.00000"}, "Total Liabilities And Share Holders Equity": {"2020-12-31": "273869.00000", "2019-12-31": "263414.00000", "2018-12-31": "251684.00000", "2017-12-31": "187462.00000", "2016-12-31": "180500.00000", "2015-12-31": "166574.00000", "2014-12-31": "159186.00000", "2013-12-31": "158813.00000", "2012-12-31": "164971.00000", "2011-12-31": "157818.00000", "2010-12-31": "118534.00000", "2009-12-31": "112733.00000", "2008-12-31": "113017.00000", "2007-12-31": "113417.00000", "2006-12-31": "110405.00000", "2005-12-31": "103400.00000"}}, "balance sheet, quarterly": {"Cash On Hand": {"2020-12-31": "11740.00000", "2020-09-30": "13707.00000", "2020-06-30": "13935.00000", "2020-03-31": "8516.00000", "2019-12-31": "5500.00000", "2019-09-30": "3507.00000", "2019-06-30": "3919.00000", "2019-03-31": "3498.00000", "2018-12-31": "3814.00000", "2018-09-30": "10616.00000", "2018-06-30": "5726.00000", "2018-03-31": "6030.00000", "2017-12-31": "3428.00000", "2017-09-30": "4114.00000", "2017-06-30": "2693.00000", "2017-03-31": "4022.00000", "2016-12-31": "3301.00000", "2016-09-30": "2807.00000", "2016-06-30": "4665.00000", "2016-03-31": "5628.00000", "2015-12-31": "2295.00000", "2015-09-30": "2030.00000", "2015-06-30": "3630.00000", "2015-03-31": "4095.00000", "2014-12-31": "4512.00000", "2014-09-30": "5078.00000", "2014-06-30": "3854.00000", "2014-03-31": "5443.00000", "2013-12-31": "5291.00000", "2013-09-30": "5735.00000", "2013-06-30": "5154.00000", "2013-03-31": "4680.00000", "2012-12-31": "12415.00000", "2012-09-30": "10300.00000", "2012-06-30": "4332.00000", "2012-03-31": "2207.00000", "2011-12-31": "1674.00000", "2011-09-30": "1806.00000", "2011-06-30": "1997.00000", "2011-03-31": "1896.00000", "2010-12-31": "5984.00000", "2010-09-30": "4614.00000", "2010-06-30": "4081.00000", "2010-03-31": "3524.00000", "2009-12-31": "721.00000", "2009-09-30": "918.00000", "2009-06-30": "4051.00000", "2009-03-31": "1938.00000", "2008-12-31": "1254.00000", "2008-09-30": "2917.00000", "2008-06-30": "2062.00000", "2008-03-31": "721.00000", "2007-12-31": "1061.00000", "2007-09-30": "3014.00000", "2007-06-30": "1223.00000", "2007-03-31": "2285.00000", "2006-12-31": "2974.00000", "2006-09-30": "3430.00000", "2006-06-30": "1786.00000", "2006-03-31": "2512.00000", "2005-12-31": "1095.00000", "2005-09-30": "786.00000", "2005-06-30": "2183.00000", "2005-03-31": "1586.00000"}, "Receivables": {"2020-12-31": "11466.00000", "2020-09-30": "10310.00000", "2020-06-30": "10227.00000", "2020-03-31": "10800.00000", "2019-12-31": "11292.00000", "2019-09-30": "10684.00000", "2019-06-30": "10835.00000", "2019-03-31": "10736.00000", "2018-12-31": "11104.00000", "2018-09-30": "8983.00000", "2018-06-30": "8847.00000", "2018-03-31": "8759.00000", "2017-12-31": "8834.00000", "2017-09-30": "7915.00000", "2017-06-30": "7849.00000", "2017-03-31": "7525.00000", "2016-12-31": "7955.00000", "2016-09-30": "7533.00000", "2016-06-30": "6708.00000", "2016-03-31": "6375.00000", "2015-12-31": "6896.00000", "2015-09-30": "6527.00000", "2015-06-30": "7016.00000", "2015-03-31": "6144.00000", "2014-12-31": "6321.00000", "2014-09-30": "6172.00000", "2014-06-30": "6232.00000", "2014-03-31": "6151.00000", "2013-12-31": "6376.00000", "2013-09-30": "5501.00000", "2013-06-30": "5507.00000", "2013-03-31": "5063.00000", "2012-12-31": "5521.00000", "2012-09-30": "5123.00000", "2012-06-30": "4387.00000", "2012-03-31": "4379.00000", "2011-12-31": "4652.00000", "2011-09-30": "4096.00000", "2011-06-30": "4156.00000", "2011-03-31": "3708.00000", "2010-12-31": "1855.00000", "2010-09-30": "1868.00000", "2010-06-30": "1845.00000", "2010-03-31": "1581.00000", "2009-12-31": "1711.00000", "2009-09-30": "1639.00000", "2009-06-30": "1677.00000", "2009-03-31": "1483.00000", "2008-12-31": "1626.00000", "2008-09-30": "1658.00000", "2008-06-30": "1665.00000", "2008-03-31": "1497.00000", "2007-12-31": "1645.00000", "2007-09-30": "1598.00000", "2007-06-30": "1441.00000", "2007-03-31": "1282.00000", "2006-12-31": "1450.00000", "2006-09-30": "1228.00000", "2006-06-30": "1125.00000", "2006-03-31": "910.00000", "2005-12-31": "1008.00000", "2005-09-30": "990.00000", "2005-06-30": "1031.00000", "2005-03-31": "883.00000"}, "Inventory": {"2020-12-31": "", "2020-09-30": "", "2020-06-30": "", "2020-03-31": "", "2019-12-31": "", "2019-09-30": "", "2019-06-30": "", "2019-03-31": "", "2018-12-31": "", "2018-09-30": "", "2018-06-30": "", "2018-03-31": "", "2017-12-31": "", "2017-09-30": "", "2017-06-30": "", "2017-03-31": "", "2016-12-31": "", "2016-09-30": "", "2016-06-30": "", "2016-03-31": "", "2015-12-31": "", "2015-09-30": "", "2015-06-30": "", "2015-03-31": "", "2014-12-31": "", "2014-09-30": "", "2014-06-30": "", "2014-03-31": "", "2013-12-31": "", "2013-09-30": "", "2013-06-30": "", "2013-03-31": "", "2012-12-31": "", "2012-09-30": "", "2012-06-30": "", "2012-03-31": "", "2011-12-31": "", "2011-09-30": "", "2011-06-30": "", "2011-03-31": "", "2010-12-31": "", "2010-09-30": "", "2010-06-30": "", "2010-03-31": "", "2009-12-31": "", "2009-09-30": "", "2009-06-30": "", "2009-03-31": "", "2008-12-31": "", "2008-09-30": "", "2008-06-30": "", "2008-03-31": "", "2007-12-31": "", "2007-09-30": "", "2007-06-30": "", "2007-03-31": "", "2006-12-31": "", "2006-09-30": "", "2006-06-30": "", "2006-03-31": "", "2005-12-31": "", "2005-09-30": "", "2005-06-30": "", "2005-03-31": ""}, "Pre-Paid Expenses": {"2020-12-31": "", "2020-09-30": "", "2020-06-30": "", "2020-03-31": "", "2019-12-31": "", "2019-09-30": "", "2019-06-30": "", "2019-03-31": "", "2018-12-31": "", "2018-09-30": "", "2018-06-30": "", "2018-03-31": "", "2017-12-31": "", "2017-09-30": "", "2017-06-30": "", "2017-03-31": "", "2016-12-31": "", "2016-09-30": "", "2016-06-30": "", "2016-03-31": "", "2015-12-31": "", "2015-09-30": "", "2015-06-30": "", "2015-03-31": "", "2014-12-31": "", "2014-09-30": "", "2014-06-30": "", "2014-03-31": "", "2013-12-31": "", "2013-09-30": "", "2013-06-30": "", "2013-03-31": "", "2012-12-31": "", "2012-09-30": "", "2012-06-30": "", "2012-03-31": "", "2011-12-31": "", "2011-09-30": "", "2011-06-30": "", "2011-03-31": "", "2010-12-31": "", "2010-09-30": "", "2010-06-30": "", "2010-03-31": "", "2009-12-31": "", "2009-09-30": "", "2009-06-30": "", "2009-03-31": "", "2008-12-31": "", "2008-09-30": "", "2008-06-30": "", "2008-03-31": "", "2007-12-31": "", "2007-09-30": "", "2007-06-30": "", "2007-03-31": "", "2006-12-31": "", "2006-09-30": "", "2006-06-30": "", "2006-03-31": "", "2005-12-31": "", "2005-09-30": "", "2005-06-30": "", "2005-03-31": ""}, "Other Current Assets": {"2020-12-31": "3535.00000", "2020-09-30": "3352.00000", "2020-06-30": "3323.00000", "2020-03-31": "4768.00000", "2019-12-31": "8600.00000", "2019-09-30": "8132.00000", "2019-06-30": "6607.00000", "2019-03-31": "6039.00000", "2018-12-31": "6930.00000", "2018-09-30": "3607.00000", "2018-06-30": "3642.00000", "2018-03-31": "3964.00000", "2017-12-31": "4081.00000", "2017-09-30": "3931.00000", "2017-06-30": "4290.00000", "2017-03-31": "3698.00000", "2016-12-31": "5105.00000", "2016-09-30": "4888.00000", "2016-06-30": "3404.00000", "2016-03-31": "3177.00000", "2015-12-31": "3112.00000", "2015-09-30": "2944.00000", "2015-06-30": "2673.00000", "2015-03-31": "2682.00000", "2014-12-31": "2698.00000", "2014-09-30": "2686.00000", "2014-06-30": "2686.00000", "2014-03-31": "2449.00000", "2013-12-31": "2408.00000", "2013-09-30": "2171.00000", "2013-06-30": "2074.00000", "2013-03-31": "2040.00000", "2012-12-31": "2055.00000", "2012-09-30": "2643.00000", "2012-06-30": "2635.00000", "2012-03-31": "2769.00000", "2011-12-31": "2247.00000", "2011-09-30": "2680.00000", "2011-06-30": "2197.00000", "2011-03-31": "1943.00000", "2010-12-31": "1047.00000", "2010-09-30": "690.00000", "2010-06-30": "665.00000", "2010-03-31": "863.00000", "2009-12-31": "551.00000", "2009-09-30": "849.00000", "2009-06-30": "809.00000", "2009-03-31": "829.00000", "2008-12-31": "544.00000", "2008-09-30": "938.00000", "2008-06-30": "920.00000", "2008-03-31": "886.00000", "2007-12-31": "747.00000", "2007-09-30": "785.00000", "2007-06-30": "878.00000", "2007-03-31": "688.00000", "2006-12-31": "778.00000", "2006-09-30": "823.00000", "2006-06-30": "629.00000", "2006-03-31": "576.00000", "2005-12-31": "685.00000", "2005-09-30": "587.00000", "2005-06-30": "570.00000", "2005-03-31": "461.00000"}, "Total Current Assets": {"2020-12-31": "26741.00000", "2020-09-30": "27369.00000", "2020-06-30": "27485.00000", "2020-03-31": "24084.00000", "2019-12-31": "25392.00000", "2019-09-30": "22323.00000", "2019-06-30": "21361.00000", "2019-03-31": "20273.00000", "2018-12-31": "21848.00000", "2018-09-30": "23206.00000", "2018-06-30": "18215.00000", "2018-03-31": "18753.00000", "2017-12-31": "16343.00000", "2017-09-30": "15960.00000", "2017-06-30": "14832.00000", "2017-03-31": "15245.00000", "2016-12-31": "16361.00000", "2016-09-30": "15228.00000", "2016-06-30": "14777.00000", "2016-03-31": "15180.00000", "2015-12-31": "12303.00000", "2015-09-30": "11501.00000", "2015-06-30": "13319.00000", "2015-03-31": "12921.00000", "2014-12-31": "13531.00000", "2014-09-30": "13936.00000", "2014-06-30": "12772.00000", "2014-03-31": "14043.00000", "2013-12-31": "14075.00000", "2013-09-30": "13407.00000", "2013-06-30": "12735.00000", "2013-03-31": "11783.00000", "2012-12-31": "19991.00000", "2012-09-30": "18066.00000", "2012-06-30": "11354.00000", "2012-03-31": "9355.00000", "2011-12-31": "8573.00000", "2011-09-30": "8582.00000", "2011-06-30": "8350.00000", "2011-03-31": "7547.00000", "2010-12-31": "8886.00000", "2010-09-30": "7172.00000", "2010-06-30": "6591.00000", "2010-03-31": "5968.00000", "2009-12-31": "3223.00000", "2009-09-30": "3406.00000", "2009-06-30": "6537.00000", "2009-03-31": "4250.00000", "2008-12-31": "3716.00000", "2008-09-30": "5513.00000", "2008-06-30": "4647.00000", "2008-03-31": "3104.00000", "2007-12-31": "3667.00000", "2007-09-30": "5397.00000", "2007-06-30": "3542.00000", "2007-03-31": "4255.00000", "2006-12-31": "5202.00000", "2006-09-30": "5481.00000", "2006-06-30": "3540.00000", "2006-03-31": "3998.00000", "2005-12-31": "2848.00000", "2005-09-30": "2363.00000", "2005-06-30": "3784.00000", "2005-03-31": "2930.00000"}, "Property, Plant, And Equipment": {"2020-12-31": "51995.00000", "2020-09-30": "50466.00000", "2020-06-30": "48985.00000", "2020-03-31": "48442.00000", "2019-12-31": "48322.00000", "2019-09-30": "46790.00000", "2019-06-30": "46047.00000", "2019-03-31": "45721.00000", "2018-12-31": "44437.00000", "2018-09-30": "39855.00000", "2018-06-30": "39355.00000", "2018-03-31": "39068.00000", "2017-12-31": "38470.00000", "2017-09-30": "37856.00000", "2017-06-30": "37171.00000", "2017-03-31": "36626.00000", "2016-12-31": "36253.00000", "2016-09-30": "35656.00000", "2016-06-30": "34896.00000", "2016-03-31": "34122.00000", "2015-12-31": "33665.00000", "2015-09-30": "32170.00000", "2015-06-30": "31572.00000", "2015-03-31": "31127.00000", "2014-12-31": "30953.00000", "2014-09-30": "30362.00000", "2014-06-30": "29970.00000", "2014-03-31": "29588.00000", "2013-12-31": "29840.00000", "2013-09-30": "28806.00000", "2013-06-30": "28255.00000", "2013-03-31": "28219.00000", "2012-12-31": "27232.00000", "2012-09-30": "26984.00000", "2012-06-30": "26891.00000", "2012-03-31": "26962.00000", "2011-12-31": "27559.00000", "2011-09-30": "27441.00000", "2011-06-30": "24619.00000", "2011-03-31": "24911.00000", "2010-12-31": "23515.00000", "2010-09-30": "23328.00000", "2010-06-30": "23217.00000", "2010-03-31": "23441.00000", "2009-12-31": "23855.00000", "2009-09-30": "23605.00000", "2009-06-30": "23715.00000", "2009-03-31": "24038.00000", "2008-12-31": "24444.00000", "2008-09-30": "23910.00000", "2008-06-30": "23833.00000", "2008-03-31": "23949.00000", "2007-12-31": "23624.00000", "2007-09-30": "23213.00000", "2007-06-30": "22900.00000", "2007-03-31": "22513.00000", "2006-12-31": "21248.00000", "2006-09-30": "20671.00000", "2006-06-30": "18945.00000", "2006-03-31": "18709.00000", "2005-12-31": "17704.00000", "2005-09-30": "18781.00000", "2005-06-30": "18797.00000", "2005-03-31": "18738.00000"}, "Long-Term Investments": {"2020-12-31": "8267.00000", "2020-09-30": "7131.00000", "2020-06-30": "7378.00000", "2020-03-31": "7080.00000", "2019-12-31": "7683.00000", "2019-09-30": "8289.00000", "2019-06-30": "8438.00000", "2019-03-31": "9159.00000", "2018-12-31": "7883.00000", "2018-09-30": "7724.00000", "2018-06-30": "7438.00000", "2018-03-31": "7095.00000", "2017-12-31": "6931.00000", "2017-09-30": "6695.00000", "2017-06-30": "6521.00000", "2017-03-31": "5938.00000", "2016-12-31": "5247.00000", "2016-09-30": "3857.00000", "2016-06-30": "3679.00000", "2016-03-31": "3638.00000", "2015-12-31": "3224.00000", "2015-09-30": "3323.00000", "2015-06-30": "2999.00000", "2015-03-31": "3235.00000", "2014-12-31": "3135.00000", "2014-09-30": "3129.00000", "2014-06-30": "3072.00000", "2014-03-31": "3090.00000", "2013-12-31": "3770.00000", "2013-09-30": "3672.00000", "2013-06-30": "5299.00000", "2013-03-31": "5433.00000", "2012-12-31": "6325.00000", "2012-09-30": "5951.00000", "2012-06-30": "8018.00000", "2012-03-31": "10149.00000", "2011-12-31": "9854.00000", "2011-09-30": "9575.00000", "2011-06-30": "10829.00000", "2011-03-31": "10711.00000", "2010-12-31": "6670.00000", "2010-09-30": "6381.00000", "2010-06-30": "6098.00000", "2010-03-31": "6267.00000", "2009-12-31": "5947.00000", "2009-09-30": "5699.00000", "2009-06-30": "5190.00000", "2009-03-31": "4872.00000", "2008-12-31": "4783.00000", "2008-09-30": "5203.00000", "2008-06-30": "5366.00000", "2008-03-31": "5800.00000", "2007-12-31": "7963.00000", "2007-09-30": "6223.00000", "2007-06-30": "6211.00000", "2007-03-31": "6077.00000", "2006-12-31": "8847.00000", "2006-09-30": "7245.00000", "2006-06-30": "11838.00000", "2006-03-31": "12018.00000", "2005-12-31": "12675.00000", "2005-09-30": "13018.00000", "2005-06-30": "13208.00000", "2005-03-31": "12945.00000"}, "Goodwill And Intangible Assets": {"2020-12-31": "165423.00000", "2020-09-30": "162748.00000", "2020-06-30": "160905.00000", "2020-03-31": "161255.00000", "2019-12-31": "164218.00000", "2019-09-30": "161442.00000", "2019-06-30": "163386.00000", "2019-03-31": "164340.00000", "2018-12-31": "163877.00000", "2018-09-30": "114717.00000", "2018-06-30": "115085.00000", "2018-03-31": "114851.00000", "2017-12-31": "114277.00000", "2017-09-30": "114849.00000", "2017-06-30": "115013.00000", "2017-03-31": "114970.00000", "2016-12-31": "112618.00000", "2016-09-30": "113372.00000", "2016-06-30": "110360.00000", "2016-03-31": "109654.00000", "2015-12-31": "109255.00000", "2015-09-30": "103752.00000", "2015-06-30": "103588.00000", "2015-03-31": "103518.00000", "2014-12-31": "103660.00000", "2014-09-30": "103776.00000", "2014-06-30": "103920.00000", "2014-03-31": "103612.00000", "2013-12-31": "103791.00000", "2013-09-30": "103777.00000", "2013-06-30": "103879.00000", "2013-03-31": "103944.00000", "2012-12-31": "104189.00000", "2012-09-30": "104323.00000", "2012-06-30": "104160.00000", "2012-03-31": "104168.00000", "2011-12-31": "104415.00000", "2011-09-30": "103659.00000", "2011-06-30": "103752.00000", "2011-03-31": "104168.00000", "2010-12-31": "77831.00000", "2010-09-30": "78231.00000", "2010-06-30": "78353.00000", "2010-03-31": "78457.00000", "2009-12-31": "78490.00000", "2009-09-30": "78585.00000", "2009-06-30": "78671.00000", "2009-03-31": "78785.00000", "2008-12-31": "78896.00000", "2008-09-30": "78931.00000", "2008-06-30": "79137.00000", "2008-03-31": "79004.00000", "2007-12-31": "77521.00000", "2007-09-30": "77721.00000", "2007-06-30": "77495.00000", "2007-03-31": "76936.00000", "2006-12-31": "74576.00000", "2006-09-30": "74044.00000", "2006-06-30": "68250.00000", "2006-03-31": "67705.00000", "2005-12-31": "65420.00000", "2005-09-30": "68600.00000", "2005-06-30": "68851.00000", "2005-03-31": "68926.00000"}, "Other Long-Term Assets": {"2020-12-31": "21443.00000", "2020-09-30": "21226.00000", "2020-06-30": "21225.00000", "2020-03-31": "21560.00000", "2019-12-31": "17799.00000", "2019-09-30": "17530.00000", "2019-06-30": "17323.00000", "2019-03-31": "16696.00000", "2018-12-31": "13639.00000", "2018-09-30": "15133.00000", "2018-06-30": "11155.00000", "2018-03-31": "11109.00000", "2017-12-31": "11441.00000", "2017-09-30": "9941.00000", "2017-06-30": "9494.00000", "2017-03-31": "9700.00000", "2016-12-31": "10021.00000", "2016-09-30": "9811.00000", "2016-06-30": "8273.00000", "2016-03-31": "8005.00000", "2015-12-31": "8127.00000", "2015-09-30": "8212.00000", "2015-06-30": "8196.00000", "2015-03-31": "7956.00000", "2014-12-31": "7907.00000", "2014-09-30": "8034.00000", "2014-06-30": "7725.00000", "2014-03-31": "7440.00000", "2013-12-31": "7337.00000", "2013-09-30": "6933.00000", "2013-06-30": "6651.00000", "2013-03-31": "6985.00000", "2012-12-31": "7234.00000", "2012-09-30": "7130.00000", "2012-06-30": "7265.00000", "2012-03-31": "7315.00000", "2011-12-31": "7417.00000", "2011-09-30": "7570.00000", "2011-06-30": "7232.00000", "2011-03-31": "6922.00000", "2010-12-31": "1632.00000", "2010-09-30": "1413.00000", "2010-06-30": "1368.00000", "2010-03-31": "1287.00000", "2009-12-31": "1218.00000", "2009-09-30": "1168.00000", "2009-06-30": "1124.00000", "2009-03-31": "1126.00000", "2008-12-31": "1178.00000", "2008-09-30": "939.00000", "2008-06-30": "914.00000", "2008-03-31": "967.00000", "2007-12-31": "642.00000", "2007-09-30": "617.00000", "2007-06-30": "608.00000", "2007-03-31": "556.00000", "2006-12-31": "532.00000", "2006-09-30": "531.00000", "2006-06-30": "515.00000", "2006-03-31": "552.00000", "2005-12-31": "635.00000", "2005-09-30": "635.00000", "2005-06-30": "707.00000", "2005-03-31": "699.00000"}, "Total Long-Term Assets": {"2020-12-31": "247128.00000", "2020-09-30": "241571.00000", "2020-06-30": "238493.00000", "2020-03-31": "238337.00000", "2019-12-31": "238022.00000", "2019-09-30": "234051.00000", "2019-06-30": "235194.00000", "2019-03-31": "235916.00000", "2018-12-31": "229836.00000", "2018-09-30": "177429.00000", "2018-06-30": "173033.00000", "2018-03-31": "172123.00000", "2017-12-31": "171119.00000", "2017-09-30": "169341.00000", "2017-06-30": "168199.00000", "2017-03-31": "167234.00000", "2016-12-31": "164139.00000", "2016-09-30": "162696.00000", "2016-06-30": "157208.00000", "2016-03-31": "155419.00000", "2015-12-31": "154271.00000", "2015-09-30": "147457.00000", "2015-06-30": "146355.00000", "2015-03-31": "145836.00000", "2014-12-31": "145655.00000", "2014-09-30": "145301.00000", "2014-06-30": "144687.00000", "2014-03-31": "143730.00000", "2013-12-31": "144738.00000", "2013-09-30": "143188.00000", "2013-06-30": "144084.00000", "2013-03-31": "144581.00000", "2012-12-31": "144980.00000", "2012-09-30": "144388.00000", "2012-06-30": "146334.00000", "2012-03-31": "148594.00000", "2011-12-31": "149245.00000", "2011-09-30": "148245.00000", "2011-06-30": "146432.00000", "2011-03-31": "146712.00000", "2010-12-31": "109648.00000", "2010-09-30": "109353.00000", "2010-06-30": "109036.00000", "2010-03-31": "109452.00000", "2009-12-31": "109510.00000", "2009-09-30": "109057.00000", "2009-06-30": "108700.00000", "2009-03-31": "108821.00000", "2008-12-31": "109301.00000", "2008-09-30": "108983.00000", "2008-06-30": "109250.00000", "2008-03-31": "109720.00000", "2007-12-31": "109750.00000", "2007-09-30": "107774.00000", "2007-06-30": "107214.00000", "2007-03-31": "106082.00000", "2006-12-31": "105203.00000", "2006-09-30": "102491.00000", "2006-06-30": "99548.00000", "2006-03-31": "98984.00000", "2005-12-31": "100552.00000", "2005-09-30": "101034.00000", "2005-06-30": "101563.00000", "2005-03-31": "101308.00000"}, "Total Assets": {"2020-12-31": "273869.00000", "2020-09-30": "268940.00000", "2020-06-30": "265978.00000", "2020-03-31": "262421.00000", "2019-12-31": "263414.00000", "2019-09-30": "256374.00000", "2019-06-30": "256555.00000", "2019-03-31": "256189.00000", "2018-12-31": "251684.00000", "2018-09-30": "200635.00000", "2018-06-30": "191248.00000", "2018-03-31": "190876.00000", "2017-12-31": "187462.00000", "2017-09-30": "185301.00000", "2017-06-30": "183031.00000", "2017-03-31": "182479.00000", "2016-12-31": "180500.00000", "2016-09-30": "177924.00000", "2016-06-30": "171985.00000", "2016-03-31": "170599.00000", "2015-12-31": "166574.00000", "2015-09-30": "158958.00000", "2015-06-30": "159674.00000", "2015-03-31": "158757.00000", "2014-12-31": "159186.00000", "2014-09-30": "159237.00000", "2014-06-30": "157459.00000", "2014-03-31": "157773.00000", "2013-12-31": "158813.00000", "2013-09-30": "156595.00000", "2013-06-30": "156819.00000", "2013-03-31": "156364.00000", "2012-12-31": "164971.00000", "2012-09-30": "162454.00000", "2012-06-30": "157688.00000", "2012-03-31": "157949.00000", "2011-12-31": "157818.00000", "2011-09-30": "156827.00000", "2011-06-30": "154782.00000", "2011-03-31": "154259.00000", "2010-12-31": "118534.00000", "2010-09-30": "116525.00000", "2010-06-30": "115627.00000", "2010-03-31": "115420.00000", "2009-12-31": "112733.00000", "2009-09-30": "112463.00000", "2009-06-30": "115237.00000", "2009-03-31": "113071.00000", "2008-12-31": "113017.00000", "2008-09-30": "114496.00000", "2008-06-30": "113897.00000", "2008-03-31": "112824.00000", "2007-12-31": "113417.00000", "2007-09-30": "113171.00000", "2007-06-30": "110756.00000", "2007-03-31": "110337.00000", "2006-12-31": "110405.00000", "2006-09-30": "107972.00000", "2006-06-30": "103088.00000", "2006-03-31": "102982.00000", "2005-12-31": "103400.00000", "2005-09-30": "103397.00000", "2005-06-30": "105347.00000", "2005-03-31": "104238.00000"}, "Total Current Liabilities": {"2020-12-31": "28796.00000", "2020-09-30": "29511.00000", "2020-06-30": "28445.00000", "2020-03-31": "27600.00000", "2019-12-31": "30292.00000", "2019-09-30": "25989.00000", "2019-06-30": "31008.00000", "2019-03-31": "27917.00000", "2018-12-31": "27603.00000", "2018-09-30": "19627.00000", "2018-06-30": "19007.00000", "2018-03-31": "19179.00000", "2017-12-31": "21993.00000", "2017-09-30": "21449.00000", "2017-06-30": "22276.00000", "2017-03-31": "19074.00000", "2016-12-31": "21535.00000", "2016-09-30": "18038.00000", "2016-06-30": "17601.00000", "2016-03-31": "19084.00000", "2015-12-31": "18178.00000", "2015-09-30": "17359.00000", "2015-06-30": "17565.00000", "2015-03-31": "18502.00000", "2014-12-31": "17410.00000", "2014-09-30": "17084.00000", "2014-06-30": "17375.00000", "2014-03-31": "17803.00000", "2013-12-31": "18912.00000", "2013-09-30": "18666.00000", "2013-06-30": "18602.00000", "2013-03-31": "18018.00000", "2012-12-31": "16714.00000", "2012-09-30": "17335.00000", "2012-06-30": "15742.00000", "2012-03-31": "15632.00000", "2011-12-31": "13241.00000", "2011-09-30": "14146.00000", "2011-06-30": "12697.00000", "2011-03-31": "13747.00000", "2010-12-31": "8234.00000", "2010-09-30": "8857.00000", "2010-06-30": "8690.00000", "2010-03-31": "8615.00000", "2009-12-31": "7249.00000", "2009-09-30": "7092.00000", "2009-06-30": "10557.00000", "2009-03-31": "8887.00000", "2008-12-31": "8939.00000", "2008-09-30": "9259.00000", "2008-06-30": "8089.00000", "2008-03-31": "7403.00000", "2007-12-31": "7952.00000", "2007-09-30": "6704.00000", "2007-06-30": "6839.00000", "2007-03-31": "7374.00000", "2006-12-31": "7191.00000", "2006-09-30": "6176.00000", "2006-06-30": "5764.00000", "2006-03-31": "5700.00000", "2005-12-31": "6524.00000", "2005-09-30": "7162.00000", "2005-06-30": "9199.00000", "2005-03-31": "8796.00000"}, "Long Term Debt": {"2020-12-31": "105782.00000", "2020-09-30": "105162.00000", "2020-06-30": "105931.00000", "2020-03-31": "105770.00000", "2019-12-31": "102931.00000", "2019-09-30": "105012.00000", "2019-06-30": "101248.00000", "2019-03-31": "104464.00000", "2018-12-31": "107345.00000", "2018-09-30": "69711.00000", "2018-06-30": "61946.00000", "2018-03-31": "63678.00000", "2017-12-31": "59422.00000", "2017-09-30": "59720.00000", "2017-06-30": "57210.00000", "2017-03-31": "58276.00000", "2016-12-31": "55566.00000", "2016-09-30": "57095.00000", "2016-06-30": "52629.00000", "2016-03-31": "51515.00000", "2015-12-31": "48994.00000", "2015-09-30": "44605.00000", "2015-06-30": "44636.00000", "2015-03-31": "42953.00000", "2014-12-31": "43864.00000", "2014-09-30": "44827.00000", "2014-06-30": "43602.00000", "2014-03-31": "44581.00000", "2013-12-31": "44567.00000", "2013-09-30": "44188.00000", "2013-06-30": "44114.00000", "2013-03-31": "45049.00000", "2012-12-31": "38082.00000", "2012-09-30": "35791.00000", "2012-06-30": "34175.00000", "2012-03-31": "35080.00000", "2011-12-31": "37942.00000", "2011-09-30": "38522.00000", "2011-06-30": "38209.00000", "2011-03-31": "38130.00000", "2010-12-31": "29615.00000", "2010-09-30": "28738.00000", "2010-06-30": "28684.00000", "2010-03-31": "28582.00000", "2009-12-31": "27940.00000", "2009-09-30": "28493.00000", "2009-06-30": "28870.00000", "2009-03-31": "29415.00000", "2008-12-31": "30178.00000", "2008-09-30": "30601.00000", "2008-06-30": "30624.00000", "2008-03-31": "30009.00000", "2007-12-31": "29828.00000", "2007-09-30": "30340.00000", "2007-06-30": "27794.00000", "2007-03-31": "27222.00000", "2006-12-31": "27992.00000", "2006-09-30": "26446.00000", "2006-06-30": "23360.00000", "2006-03-31": "23249.00000", "2005-12-31": "21682.00000", "2005-09-30": "20107.00000", "2005-06-30": "19746.00000", "2005-03-31": "19317.00000"}, "Other Non-Current Liabilities": {"2020-12-31": "18222.00000", "2020-09-30": "17537.00000", "2020-06-30": "17608.00000", "2020-03-31": "17144.00000", "2019-12-31": "16765.00000", "2019-09-30": "16853.00000", "2019-06-30": "17144.00000", "2019-03-31": "18811.00000", "2018-12-31": "15329.00000", "2018-09-30": "12468.00000", "2018-06-30": "12069.00000", "2018-03-31": "11253.00000", "2017-12-31": "10972.00000", "2017-09-30": "10914.00000", "2017-06-30": "10837.00000", "2017-03-31": "10677.00000", "2016-12-31": "10925.00000", "2016-09-30": "11119.00000", "2016-06-30": "10719.00000", "2016-03-31": "10431.00000", "2015-12-31": "10637.00000", "2015-09-30": "10694.00000", "2015-06-30": "10438.00000", "2015-03-31": "10837.00000", "2014-12-31": "10819.00000", "2014-09-30": "10388.00000", "2014-06-30": "11241.00000", "2014-03-31": "11109.00000", "2013-12-31": "11384.00000", "2013-09-30": "11493.00000", "2013-06-30": "12461.00000", "2013-03-31": "12640.00000", "2012-12-31": "13271.00000", "2012-09-30": "12860.00000", "2012-06-30": "13432.00000", "2012-03-31": "13446.00000", "2011-12-31": "13034.00000", "2011-09-30": "11657.00000", "2011-06-30": "11985.00000", "2011-03-31": "11617.00000", "2010-12-31": "7862.00000", "2010-09-30": "7571.00000", "2010-06-30": "7009.00000", "2010-03-31": "7140.00000", "2009-12-31": "6767.00000", "2009-09-30": "6763.00000", "2009-06-30": "6602.00000", "2009-03-31": "6219.00000", "2008-12-31": "6171.00000", "2008-09-30": "6925.00000", "2008-06-30": "7207.00000", "2008-03-31": "7110.00000", "2007-12-31": "7167.00000", "2007-09-30": "7404.00000", "2007-06-30": "7487.00000", "2007-03-31": "7466.00000", "2006-12-31": "6476.00000", "2006-09-30": "6453.00000", "2006-06-30": "6512.00000", "2006-03-31": "6427.00000", "2005-12-31": "6948.00000", "2005-09-30": "7388.00000", "2005-06-30": "7310.00000", "2005-03-31": "7237.00000"}, "Total Long Term Liabilities": {"2020-12-31": "153335.00000", "2020-09-30": "151858.00000", "2020-06-30": "152742.00000", "2020-03-31": "152038.00000", "2019-12-31": "149248.00000", "2019-09-30": "151225.00000", "2019-06-30": "147717.00000", "2019-03-31": "152410.00000", "2018-12-31": "151579.00000", "2018-09-30": "108663.00000", "2018-06-30": "100498.00000", "2018-03-31": "100987.00000", "2017-12-31": "96010.00000", "2017-09-30": "107589.00000", "2017-06-30": "104907.00000", "2017-03-31": "105757.00000", "2016-12-31": "102791.00000", "2016-09-30": "104063.00000", "2016-06-30": "99108.00000", "2016-03-31": "97003.00000", "2015-12-31": "94418.00000", "2015-09-30": "89634.00000", "2015-06-30": "89380.00000", "2015-03-31": "87744.00000", "2014-12-31": "88708.00000", "2014-09-30": "88500.00000", "2014-06-30": "87752.00000", "2014-03-31": "88338.00000", "2013-12-31": "88843.00000", "2013-09-30": "87795.00000", "2013-06-30": "88731.00000", "2013-03-31": "89695.00000", "2012-12-31": "98461.00000", "2012-09-30": "95778.00000", "2012-06-30": "93767.00000", "2012-03-31": "94496.00000", "2011-12-31": "96922.00000", "2011-09-30": "95669.00000", "2011-06-30": "95180.00000", "2011-03-31": "93905.00000", "2010-12-31": "65866.00000", "2010-09-30": "63800.00000", "2010-06-30": "63413.00000", "2010-03-31": "63626.00000", "2009-12-31": "62673.00000", "2009-09-30": "62990.00000", "2009-06-30": "62866.00000", "2009-03-31": "62995.00000", "2008-12-31": "63502.00000", "2008-09-30": "65033.00000", "2008-06-30": "65471.00000", "2008-03-31": "64623.00000", "2007-12-31": "64125.00000", "2007-09-30": "64579.00000", "2007-06-30": "62092.00000", "2007-03-31": "61125.00000", "2006-12-31": "62047.00000", "2006-09-30": "61074.00000", "2006-06-30": "57417.00000", "2006-03-31": "57256.00000", "2005-12-31": "56657.00000", "2005-09-30": "55230.00000", "2005-06-30": "54730.00000", "2005-03-31": "54086.00000"}, "Total Liabilities": {"2020-12-31": "182131.00000", "2020-09-30": "181369.00000", "2020-06-30": "181187.00000", "2020-03-31": "179638.00000", "2019-12-31": "179540.00000", "2019-09-30": "177214.00000", "2019-06-30": "178725.00000", "2019-03-31": "180327.00000", "2018-12-31": "179182.00000", "2018-09-30": "128290.00000", "2018-06-30": "119505.00000", "2018-03-31": "120166.00000", "2017-12-31": "118003.00000", "2017-09-30": "129038.00000", "2017-06-30": "127183.00000", "2017-03-31": "124831.00000", "2016-12-31": "124326.00000", "2016-09-30": "122101.00000", "2016-06-30": "116709.00000", "2016-03-31": "116087.00000", "2015-12-31": "112596.00000", "2015-09-30": "106993.00000", "2015-06-30": "106945.00000", "2015-03-31": "106246.00000", "2014-12-31": "106118.00000", "2014-09-30": "105584.00000", "2014-06-30": "105127.00000", "2014-03-31": "106141.00000", "2013-12-31": "107755.00000", "2013-09-30": "106461.00000", "2013-06-30": "107333.00000", "2013-03-31": "107713.00000", "2012-12-31": "115175.00000", "2012-09-30": "113113.00000", "2012-06-30": "109509.00000", "2012-03-31": "110128.00000", "2011-12-31": "110163.00000", "2011-09-30": "109815.00000", "2011-06-30": "107877.00000", "2011-03-31": "107652.00000", "2010-12-31": "74100.00000", "2010-09-30": "72657.00000", "2010-06-30": "72103.00000", "2010-03-31": "72241.00000", "2009-12-31": "69922.00000", "2009-09-30": "70082.00000", "2009-06-30": "73423.00000", "2009-03-31": "71882.00000", "2008-12-31": "72441.00000", "2008-09-30": "74292.00000", "2008-06-30": "73560.00000", "2008-03-31": "72026.00000", "2007-12-31": "72077.00000", "2007-09-30": "71283.00000", "2007-06-30": "68931.00000", "2007-03-31": "68499.00000", "2006-12-31": "69238.00000", "2006-09-30": "67250.00000", "2006-06-30": "63181.00000", "2006-03-31": "62956.00000", "2005-12-31": "63181.00000", "2005-09-30": "62392.00000", "2005-06-30": "63929.00000", "2005-03-31": "62882.00000"}, "Common Stock Net": {"2020-12-31": "54.00000", "2020-09-30": "54.00000", "2020-06-30": "54.00000", "2020-03-31": "54.00000", "2019-12-31": "54.00000", "2019-09-30": "54.00000", "2019-06-30": "54.00000", "2019-03-31": "54.00000", "2018-12-31": "54.00000", "2018-09-30": "54.00000", "2018-06-30": "54.00000", "2018-03-31": "55.00000", "2017-12-31": "55.00000", "2017-09-30": "55.00000", "2017-06-30": "56.00000", "2017-03-31": "56.00000", "2016-12-31": "56.00000", "2016-09-30": "28.00000", "2016-06-30": "28.00000", "2016-03-31": "29.00000", "2015-12-31": "29.00000", "2015-09-30": "29.00000", "2015-06-30": "29.00000", "2015-03-31": "30.00000", "2014-12-31": "30.00000", "2014-09-30": "30.00000", "2014-06-30": "30.00000", "2014-03-31": "30.00000", "2013-12-31": "30.00000", "2013-09-30": "30.00000", "2013-06-30": "31.00000", "2013-03-31": "31.00000", "2012-12-31": "31.00000", "2012-09-30": "31.00000", "2012-06-30": "31.00000", "2012-03-31": "31.00000", "2011-12-31": "32.00000", "2011-09-30": "32.00000", "2011-06-30": "32.00000", "2011-03-31": "31.00000", "2010-12-31": "32.00000", "2010-09-30": "32.00000", "2010-06-30": "32.00000", "2010-03-31": "32.00000", "2009-12-31": "32.00000", "2009-09-30": "33.00000", "2009-06-30": "33.00000", "2009-03-31": "33.00000", "2008-12-31": "33.00000", "2008-09-30": "33.00000", "2008-06-30": "33.00000", "2008-03-31": "34.00000", "2007-12-31": "34.00000", "2007-09-30": "35.00000", "2007-06-30": "35.00000", "2007-03-31": "35.00000", "2006-12-31": "35.00000", "2006-09-30": "24.00000", "2006-06-30": "24.00000", "2006-03-31": "24.00000", "2005-12-31": "36.00000", "2005-09-30": "25.00000", "2005-06-30": "25.00000", "2005-03-31": "25.00000"}, "Retained Earnings (Accumulated Deficit)": {"2020-12-31": "56438.00000", "2020-09-30": "54254.00000", "2020-06-30": "53420.00000", "2020-03-31": "51516.00000", "2019-12-31": "50695.00000", "2019-09-30": "48570.00000", "2019-06-30": "46425.00000", "2019-03-31": "44379.00000", "2018-12-31": "41983.00000", "2018-09-30": "41218.00000", "2018-06-30": "40269.00000", "2018-03-31": "38961.00000", "2017-12-31": "38202.00000", "2017-09-30": "24979.00000", "2017-06-30": "24560.00000", "2017-03-31": "24063.00000", "2016-12-31": "23076.00000", "2016-09-30": "22510.00000", "2016-06-30": "22117.00000", "2016-03-31": "21750.00000", "2015-12-31": "21413.00000", "2015-09-30": "20883.00000", "2015-06-30": "21313.00000", "2015-03-31": "21186.00000", "2014-12-31": "21539.00000", "2014-09-30": "21805.00000", "2014-06-30": "20432.00000", "2014-03-31": "19737.00000", "2013-12-31": "19235.00000", "2013-09-30": "18324.00000", "2013-06-30": "17509.00000", "2013-03-31": "16730.00000", "2012-12-31": "16280.00000", "2012-09-30": "15774.00000", "2012-06-30": "14626.00000", "2012-03-31": "14217.00000", "2011-12-31": "13971.00000", "2011-09-30": "13236.00000", "2011-06-30": "12932.00000", "2011-03-31": "12504.00000", "2010-12-31": "12158.00000", "2010-09-30": "11525.00000", "2010-06-30": "11026.00000", "2010-03-31": "10517.00000", "2009-12-31": "10005.00000", "2009-09-30": "9416.00000", "2009-06-30": "8736.00000", "2009-03-31": "8004.00000", "2008-12-31": "7427.00000", "2008-09-30": "7196.00000", "2008-06-30": "6967.00000", "2008-03-31": "7187.00000", "2007-12-31": "7191.00000", "2007-09-30": "7145.00000", "2007-06-30": "6951.00000", "2007-03-31": "6814.00000", "2006-12-31": "6214.00000", "2006-09-30": "6088.00000", "2006-06-30": "5152.00000", "2006-03-31": "5012.00000", "2005-12-31": "4825.00000", "2005-09-30": "5046.00000", "2005-06-30": "5160.00000", "2005-03-31": "4899.00000"}, "Comprehensive Income": {"2020-12-31": "1884.00000", "2020-09-30": "212.00000", "2020-06-30": "-1279.00000", "2020-03-31": "-1144.00000", "2019-12-31": "1047.00000", "2019-09-30": "-1159.00000", "2019-06-30": "-62.00000", "2019-03-31": "422.00000", "2018-12-31": "-368.00000", "2018-09-30": "374.00000", "2018-06-30": "461.00000", "2018-03-31": "608.00000", "2017-12-31": "379.00000", "2017-09-30": "381.00000", "2017-06-30": "428.00000", "2017-03-31": "342.00000", "2016-12-31": "98.00000", "2016-09-30": "34.00000", "2016-06-30": "1.00000", "2016-03-31": "-84.00000", "2015-12-31": "-174.00000", "2015-09-30": "-195.00000", "2015-06-30": "-166.00000", "2015-03-31": "-188.00000", "2014-12-31": "-146.00000", "2014-09-30": "3.00000", "2014-06-30": "-14.00000", "2014-03-31": "33.00000", "2013-12-31": "56.00000", "2013-09-30": "-110.00000", "2013-06-30": "77.00000", "2013-03-31": "-11.00000", "2012-12-31": "15.00000", "2012-09-30": "-48.00000", "2012-06-30": "-170.00000", "2012-03-31": "-148.00000", "2011-12-31": "-152.00000", "2011-09-30": "-147.00000", "2011-06-30": "-105.00000", "2011-03-31": "-97.00000", "2010-12-31": "-99.00000", "2010-09-30": "-116.00000", "2010-06-30": "-86.00000", "2010-03-31": "-47.00000", "2009-12-31": "-46.00000", "2009-09-30": "-72.00000", "2009-06-30": "-80.00000", "2009-03-31": "-93.00000", "2008-12-31": "-113.00000", "2008-09-30": "-64.00000", "2008-06-30": "-59.00000", "2008-03-31": "-57.00000", "2007-12-31": "-56.00000", "2007-09-30": "-93.00000", "2007-06-30": "-52.00000", "2007-03-31": "-41.00000", "2006-12-31": "34.00000", "2006-09-30": "-94.00000", "2006-06-30": "-94.00000", "2006-03-31": "-115.00000", "2005-12-31": "-114.00000", "2005-09-30": "-65.00000", "2005-06-30": "-154.00000", "2005-03-31": "-106.00000"}, "Other Share Holders Equity": {"2020-12-31": "", "2020-09-30": "", "2020-06-30": "", "2020-03-31": "", "2019-12-31": "", "2019-09-30": "", "2019-06-30": "", "2019-03-31": "", "2018-12-31": "", "2018-09-30": "", "2018-06-30": "", "2018-03-31": "", "2017-12-31": "", "2017-09-30": "", "2017-06-30": "", "2017-03-31": "", "2016-12-31": "", "2016-09-30": "", "2016-06-30": "", "2016-03-31": "", "2015-12-31": "", "2015-09-30": "", "2015-06-30": "", "2015-03-31": "", "2014-12-31": "", "2014-09-30": "", "2014-06-30": "", "2014-03-31": "", "2013-12-31": "", "2013-09-30": "", "2013-06-30": "", "2013-03-31": "", "2012-12-31": "", "2012-09-30": "", "2012-06-30": "", "2012-03-31": "", "2011-12-31": "", "2011-09-30": "", "2011-06-30": "", "2011-03-31": "", "2010-12-31": "", "2010-09-30": "", "2010-06-30": "", "2010-03-31": "", "2009-12-31": "", "2009-09-30": "", "2009-06-30": "", "2009-03-31": "", "2008-12-31": "", "2008-09-30": "", "2008-06-30": "", "2008-03-31": "", "2007-12-31": "", "2007-09-30": "", "2007-06-30": "", "2007-03-31": "", "2006-12-31": "", "2006-09-30": "", "2006-06-30": "", "2006-03-31": "", "2005-12-31": "", "2005-09-30": "", "2005-06-30": "", "2005-03-31": ""}, "Share Holder Equity": {"2020-12-31": "91738.00000", "2020-09-30": "87571.00000", "2020-06-30": "84791.00000", "2020-03-31": "82783.00000", "2019-12-31": "83874.00000", "2019-09-30": "79160.00000", "2019-06-30": "77830.00000", "2019-03-31": "75862.00000", "2018-12-31": "72502.00000", "2018-09-30": "72345.00000", "2018-06-30": "71743.00000", "2018-03-31": "70710.00000", "2017-12-31": "69459.00000", "2017-09-30": "56263.00000", "2017-06-30": "55848.00000", "2017-03-31": "57648.00000", "2016-12-31": "56174.00000", "2016-09-30": "55823.00000", "2016-06-30": "55276.00000", "2016-03-31": "54512.00000", "2015-12-31": "53978.00000", "2015-09-30": "51965.00000", "2015-06-30": "52729.00000", "2015-03-31": "52511.00000", "2014-12-31": "53068.00000", "2014-09-30": "53653.00000", "2014-06-30": "52332.00000", "2014-03-31": "51632.00000", "2013-12-31": "51058.00000", "2013-09-30": "50134.00000", "2013-06-30": "49486.00000", "2013-03-31": "48651.00000", "2012-12-31": "49796.00000", "2012-09-30": "49341.00000", "2012-06-30": "48179.00000", "2012-03-31": "47821.00000", "2011-12-31": "47655.00000", "2011-09-30": "47012.00000", "2011-06-30": "46905.00000", "2011-03-31": "46607.00000", "2010-12-31": "44434.00000", "2010-09-30": "43868.00000", "2010-06-30": "43524.00000", "2010-03-31": "43179.00000", "2009-12-31": "42811.00000", "2009-09-30": "42381.00000", "2009-06-30": "41814.00000", "2009-03-31": "41189.00000", "2008-12-31": "40576.00000", "2008-09-30": "40204.00000", "2008-06-30": "40337.00000", "2008-03-31": "40798.00000", "2007-12-31": "41340.00000", "2007-09-30": "41888.00000", "2007-06-30": "41825.00000", "2007-03-31": "41838.00000", "2006-12-31": "41167.00000", "2006-09-30": "40722.00000", "2006-06-30": "39907.00000", "2006-03-31": "40026.00000", "2005-12-31": "40219.00000", "2005-09-30": "41005.00000", "2005-06-30": "41418.00000", "2005-03-31": "41356.00000"}, "Total Liabilities And Share Holders Equity": {"2020-12-31": "273869.00000", "2020-09-30": "268940.00000", "2020-06-30": "265978.00000", "2020-03-31": "262421.00000", "2019-12-31": "263414.00000", "2019-09-30": "256374.00000", "2019-06-30": "256555.00000", "2019-03-31": "256189.00000", "2018-12-31": "251684.00000", "2018-09-30": "200635.00000", "2018-06-30": "191248.00000", "2018-03-31": "190876.00000", "2017-12-31": "187462.00000", "2017-09-30": "185301.00000", "2017-06-30": "183031.00000", "2017-03-31": "182479.00000", "2016-12-31": "180500.00000", "2016-09-30": "177924.00000", "2016-06-30": "171985.00000", "2016-03-31": "170599.00000", "2015-12-31": "166574.00000", "2015-09-30": "158958.00000", "2015-06-30": "159674.00000", "2015-03-31": "158757.00000", "2014-12-31": "159186.00000", "2014-09-30": "159237.00000", "2014-06-30": "157459.00000", "2014-03-31": "157773.00000", "2013-12-31": "158813.00000", "2013-09-30": "156595.00000", "2013-06-30": "156819.00000", "2013-03-31": "156364.00000", "2012-12-31": "164971.00000", "2012-09-30": "162454.00000", "2012-06-30": "157688.00000", "2012-03-31": "157949.00000", "2011-12-31": "157818.00000", "2011-09-30": "156827.00000", "2011-06-30": "154782.00000", "2011-03-31": "154259.00000", "2010-12-31": "118534.00000", "2010-09-30": "116525.00000", "2010-06-30": "115627.00000", "2010-03-31": "115420.00000", "2009-12-31": "112733.00000", "2009-09-30": "112463.00000", "2009-06-30": "115237.00000", "2009-03-31": "113071.00000", "2008-12-31": "113017.00000", "2008-09-30": "114496.00000", "2008-06-30": "113897.00000", "2008-03-31": "112824.00000", "2007-12-31": "113417.00000", "2007-09-30": "113171.00000", "2007-06-30": "110756.00000", "2007-03-31": "110337.00000", "2006-12-31": "110405.00000", "2006-09-30": "107972.00000", "2006-06-30": "103088.00000", "2006-03-31": "102982.00000", "2005-12-31": "103400.00000", "2005-09-30": "103397.00000", "2005-06-30": "105347.00000", "2005-03-31": "104238.00000"}}, "cash flow statement": {"Net Income/Loss": {"2020-12-31": "10701.00000", "2019-12-31": "13323.00000", "2018-12-31": "11862.00000", "2017-12-31": "22922.00000", "2016-12-31": "9028.00000", "2015-12-31": "8413.00000", "2014-12-31": "8592.00000", "2013-12-31": "7135.00000", "2012-12-31": "7865.00000", "2011-12-31": "5157.00000", "2010-12-31": "3668.00000", "2009-12-31": "3628.00000", "2008-12-31": "2525.00000", "2007-12-31": "2549.00000", "2006-12-31": "2533.00000", "2005-12-31": "928.00000"}, "Total Depreciation And Amortization - Cash Flow": {"2020-12-31": "13100.00000", "2019-12-31": "12953.00000", "2018-12-31": "10676.00000", "2017-12-31": "9688.00000", "2016-12-31": "9426.00000", "2015-12-31": "8680.00000", "2014-12-31": "8019.00000", "2013-12-31": "7871.00000", "2012-12-31": "7798.00000", "2011-12-31": "14423.00000", "2010-12-31": "6803.00000", "2009-12-31": "6849.00000", "2008-12-31": "6400.00000", "2007-12-31": "6208.00000", "2006-12-31": "4823.00000", "2005-12-31": "4551.00000"}, "Other Non-Cash Items": {"2020-12-31": "370.00000", "2019-12-31": "1981.00000", "2018-12-31": "2056.00000", "2017-12-31": "-9817.00000", "2016-12-31": "2323.00000", "2015-12-31": "1905.00000", "2014-12-31": "1869.00000", "2013-12-31": "639.00000", "2012-12-31": "-1123.00000", "2011-12-31": "1917.00000", "2010-12-31": "864.00000", "2009-12-31": "1112.00000", "2008-12-31": "1322.00000", "2007-12-31": "-291.00000", "2006-12-31": "-444.00000", "2005-12-31": "517.00000"}, "Total Non-Cash Items": {"2020-12-31": "13470.00000", "2019-12-31": "14934.00000", "2018-12-31": "12732.00000", "2017-12-31": "-129.00000", "2016-12-31": "11749.00000", "2015-12-31": "10585.00000", "2014-12-31": "9888.00000", "2013-12-31": "8510.00000", "2012-12-31": "6675.00000", "2011-12-31": "16340.00000", "2010-12-31": "7667.00000", "2009-12-31": "7961.00000", "2008-12-31": "7722.00000", "2007-12-31": "5917.00000", "2006-12-31": "4379.00000", "2005-12-31": "5068.00000"}, "Change In Accounts Receivable": {"2020-12-31": "-20.00000", "2019-12-31": "-57.00000", "2018-12-31": "-802.00000", "2017-12-31": "-869.00000", "2016-12-31": "-649.00000", "2015-12-31": "-708.00000", "2014-12-31": "-33.00000", "2013-12-31": "-721.00000", "2012-12-31": "-823.00000", "2011-12-31": "-427.00000", "2010-12-31": "-131.00000", "2009-12-31": "-84.00000", "2008-12-31": "39.00000", "2007-12-31": "-100.00000", "2006-12-31": "-357.00000", "2005-12-31": "-97.00000"}, "Change In Inventories": {"2020-12-31": "", "2019-12-31": "", "2018-12-31": "", "2017-12-31": "", "2016-12-31": "", "2015-12-31": "", "2014-12-31": "", "2013-12-31": "", "2012-12-31": "", "2011-12-31": "", "2010-12-31": "", "2009-12-31": "", "2008-12-31": "", "2007-12-31": "", "2006-12-31": "", "2005-12-31": ""}, "Change In Accounts Payable": {"2020-12-31": "", "2019-12-31": "", "2018-12-31": "", "2017-12-31": "", "2016-12-31": "", "2015-12-31": "", "2014-12-31": "", "2013-12-31": "", "2012-12-31": "", "2011-12-31": "", "2010-12-31": "", "2009-12-31": "", "2008-12-31": "", "2007-12-31": "", "2006-12-31": "", "2005-12-31": ""}, "Change In Assets/Liabilities": {"2020-12-31": "852.00000", "2019-12-31": "-2156.00000", "2018-12-31": "899.00000", "2017-12-31": "-836.00000", "2016-12-31": "-815.00000", "2015-12-31": "811.00000", "2014-12-31": "-1655.00000", "2013-12-31": "-97.00000", "2012-12-31": "771.00000", "2011-12-31": "-6705.00000", "2010-12-31": "-62.00000", "2009-12-31": "-1088.00000", "2008-12-31": "-17.00000", "2007-12-31": "-352.00000", "2006-12-31": "-497.00000", "2005-12-31": "-912.00000"}, "Total Change In Assets/Liabilities": {"2020-12-31": "566.00000", "2019-12-31": "-2560.00000", "2018-12-31": "-297.00000", "2017-12-31": "-1532.00000", "2016-12-31": "-1086.00000", "2015-12-31": "487.00000", "2014-12-31": "-1535.00000", "2013-12-31": "-1485.00000", "2012-12-31": "314.00000", "2011-12-31": "-7152.00000", "2010-12-31": "-156.00000", "2009-12-31": "-1308.00000", "2008-12-31": "-16.00000", "2007-12-31": "-277.00000", "2006-12-31": "-294.00000", "2005-12-31": "-1161.00000"}, "Cash Flow From Operating Activities": {"2020-12-31": "24737.00000", "2019-12-31": "25697.00000", "2018-12-31": "24297.00000", "2017-12-31": "21261.00000", "2016-12-31": "19691.00000", "2015-12-31": "19485.00000", "2014-12-31": "16945.00000", "2013-12-31": "14160.00000", "2012-12-31": "14854.00000", "2011-12-31": "14345.00000", "2010-12-31": "11179.00000", "2009-12-31": "10281.00000", "2008-12-31": "10231.00000", "2007-12-31": "8189.00000", "2006-12-31": "6618.00000", "2005-12-31": "4835.00000"}, "Net Change In Property, Plant, And Equipment": {"2020-12-31": "-10677.00000", "2019-12-31": "-11069.00000", "2018-12-31": "-10234.00000", "2017-12-31": "-10039.00000", "2016-12-31": "-9585.00000", "2015-12-31": "-8677.00000", "2014-12-31": "-7463.00000", "2013-12-31": "-8500.00000", "2012-12-31": "-5714.00000", "2011-12-31": "-5307.00000", "2010-12-31": "-4961.00000", "2009-12-31": "-5117.00000", "2008-12-31": "-5750.00000", "2007-12-31": "-6158.00000", "2006-12-31": "-4395.00000", "2005-12-31": "-3621.00000"}, "Net Change In Intangible Assets": {"2020-12-31": "-2914.00000", "2019-12-31": "-2475.00000", "2018-12-31": "-1935.00000", "2017-12-31": "-1605.00000", "2016-12-31": "-1552.00000", "2015-12-31": "-1370.00000", "2014-12-31": "-1122.00000", "2013-12-31": "-1009.00000", "2012-12-31": "-923.00000", "2011-12-31": "-954.00000", "2010-12-31": "-536.00000", "2009-12-31": "-522.00000", "2008-12-31": "-527.00000", "2007-12-31": "-406.00000", "2006-12-31": "-306.00000", "2005-12-31": "-281.00000"}, "Net Acquisitions/Divestitures": {"2020-12-31": "2106.00000", "2019-12-31": "516.00000", "2018-12-31": "-38078.00000", "2017-12-31": "-382.00000", "2016-12-31": "-3929.00000", "2015-12-31": "-1353.00000", "2014-12-31": "189.00000", "2013-12-31": "-99.00000", "2012-12-31": "-90.00000", "2011-12-31": "-6407.00000", "2010-12-31": "-183.00000", "2009-12-31": "-88.00000", "2008-12-31": "-738.00000", "2007-12-31": "-1319.00000", "2006-12-31": "-5110.00000", "2005-12-31": "-199.00000"}, "Net Change In Short-term Investments": {"2020-12-31": "", "2019-12-31": "", "2018-12-31": "", "2017-12-31": "", "2016-12-31": "", "2015-12-31": "", "2014-12-31": "", "2013-12-31": "", "2012-12-31": "", "2011-12-31": "", "2010-12-31": "", "2009-12-31": "", "2008-12-31": "-1167.00000", "2007-12-31": "-328.00000", "2006-12-31": "-2812.00000", "2005-12-31": "-306.00000"}, "Net Change In Long-Term Investments": {"2020-12-31": "-812.00000", "2019-12-31": "-1899.00000", "2018-12-31": "-1257.00000", "2017-12-31": "-2292.00000", "2016-12-31": "-1479.00000", "2015-12-31": "-784.00000", "2014-12-31": "-191.00000", "2013-12-31": "-140.00000", "2012-12-31": "2805.00000", "2011-12-31": "142.00000", "2010-12-31": "-161.00000", "2009-12-31": "-244.00000", "2008-12-31": "737.00000", "2007-12-31": "", "2006-12-31": "2720.00000", "2005-12-31": "861.00000"}, "Net Change In Investments - Total": {"2020-12-31": "-812.00000", "2019-12-31": "-1899.00000", "2018-12-31": "-1257.00000", "2017-12-31": "-2292.00000", "2016-12-31": "-1479.00000", "2015-12-31": "-784.00000", "2014-12-31": "-191.00000", "2013-12-31": "-140.00000", "2012-12-31": "2805.00000", "2011-12-31": "142.00000", "2010-12-31": "-161.00000", "2009-12-31": "-244.00000", "2008-12-31": "-430.00000", "2007-12-31": "-328.00000", "2006-12-31": "-92.00000", "2005-12-31": "555.00000"}, "Investing Activities - Other": {"2020-12-31": "250.00000", "2019-12-31": "86.00000", "2018-12-31": "650.00000", "2017-12-31": "785.00000", "2016-12-31": "-1720.00000", "2015-12-31": "220.00000", "2014-12-31": "-146.00000", "2013-12-31": "234.00000", "2012-12-31": "2436.00000", "2011-12-31": "18.00000", "2010-12-31": "130.00000", "2009-12-31": "74.00000", "2008-12-31": "-32.00000", "2007-12-31": "62.00000", "2006-12-31": "31.00000", "2005-12-31": "-202.00000"}, "Cash Flow From Investing Activities": {"2020-12-31": "-12047.00000", "2019-12-31": "-14841.00000", "2018-12-31": "-50854.00000", "2017-12-31": "-13533.00000", "2016-12-31": "-18265.00000", "2015-12-31": "-11964.00000", "2014-12-31": "-8733.00000", "2013-12-31": "-9514.00000", "2012-12-31": "-1486.00000", "2011-12-31": "-12508.00000", "2010-12-31": "-5711.00000", "2009-12-31": "-5897.00000", "2008-12-31": "-7477.00000", "2007-12-31": "-8149.00000", "2006-12-31": "-9872.00000", "2005-12-31": "-3748.00000"}, "Net Long-Term Debt": {"2020-12-31": "-133.00000", "2019-12-31": "-3700.00000", "2018-12-31": "35983.00000", "2017-12-31": "5102.00000", "2016-12-31": "6179.00000", "2015-12-31": "1108.00000", "2014-12-31": "1007.00000", "2013-12-31": "489.00000", "2012-12-31": "1663.00000", "2011-12-31": "-3216.00000", "2010-12-31": "2267.00000", "2009-12-31": "-3174.00000", "2008-12-31": "925.00000", "2007-12-31": "2312.00000", "2006-12-31": "5458.00000", "2005-12-31": "1272.00000"}, "Net Current Debt": {"2020-12-31": "", "2019-12-31": "-1288.00000", "2018-12-31": "379.00000", "2017-12-31": "-1905.00000", "2016-12-31": "1790.00000", "2015-12-31": "135.00000", "2014-12-31": "-504.00000", "2013-12-31": "1345.00000", "2012-12-31": "-544.00000", "2011-12-31": "544.00000", "2010-12-31": "", "2009-12-31": "", "2008-12-31": "", "2007-12-31": "", "2006-12-31": "", "2005-12-31": ""}, "Debt Issuance/Retirement Net - Total": {"2020-12-31": "-133.00000", "2019-12-31": "-4988.00000", "2018-12-31": "36362.00000", "2017-12-31": "3197.00000", "2016-12-31": "7969.00000", "2015-12-31": "1243.00000", "2014-12-31": "503.00000", "2013-12-31": "1834.00000", "2012-12-31": "1119.00000", "2011-12-31": "-2672.00000", "2010-12-31": "2267.00000", "2009-12-31": "-3174.00000", "2008-12-31": "925.00000", "2007-12-31": "2312.00000", "2006-12-31": "5458.00000", "2005-12-31": "1272.00000"}, "Net Common Equity Issued/Repurchased": {"2020-12-31": "-534.00000", "2019-12-31": "-504.00000", "2018-12-31": "-5320.00000", "2017-12-31": "-5435.00000", "2016-12-31": "-5329.00000", "2015-12-31": "-7139.00000", "2014-12-31": "-4216.00000", "2013-12-31": "-1960.00000", "2012-12-31": "-2767.00000", "2011-12-31": "-1858.00000", "2010-12-31": "-1166.00000", "2009-12-31": "-764.00000", "2008-12-31": "-2747.00000", "2007-12-31": "-2690.00000", "2006-12-31": "-1937.00000", "2005-12-31": "-2220.00000"}, "Net Total Equity Issued/Repurchased": {"2020-12-31": "-534.00000", "2019-12-31": "-504.00000", "2018-12-31": "-5320.00000", "2017-12-31": "-5435.00000", "2016-12-31": "-5329.00000", "2015-12-31": "-7139.00000", "2014-12-31": "-4216.00000", "2013-12-31": "-1960.00000", "2012-12-31": "-2767.00000", "2011-12-31": "-1858.00000", "2010-12-31": "-1166.00000", "2009-12-31": "-764.00000", "2008-12-31": "-2747.00000", "2007-12-31": "-2690.00000", "2006-12-31": "-1937.00000", "2005-12-31": "-2220.00000"}, "Total Common And Preferred Stock Dividends Paid": {"2020-12-31": "-4140.00000", "2019-12-31": "-3735.00000", "2018-12-31": "-3352.00000", "2017-12-31": "-2883.00000", "2016-12-31": "-2601.00000", "2015-12-31": "-2437.00000", "2014-12-31": "-2254.00000", "2013-12-31": "-1964.00000", "2012-12-31": "-1608.00000", "2011-12-31": "-1187.00000", "2010-12-31": "-1064.00000", "2009-12-31": "-761.00000", "2008-12-31": "-547.00000", "2007-12-31": "", "2006-12-31": "", "2005-12-31": ""}, "Financial Activities - Other": {"2020-12-31": "-1706.00000", "2019-12-31": "46.00000", "2018-12-31": "-550.00000", "2017-12-31": "-2451.00000", "2016-12-31": "-473.00000", "2015-12-31": "-803.00000", "2014-12-31": "-53.00000", "2013-12-31": "-11789.00000", "2012-12-31": "-781.00000", "2011-12-31": "-484.00000", "2010-12-31": "-192.00000", "2009-12-31": "-209.00000", "2008-12-31": "-153.00000", "2007-12-31": "62.00000", "2006-12-31": "25.00000", "2005-12-31": "15.00000"}, "Cash Flow From Financial Activities": {"2020-12-31": "-6513.00000", "2019-12-31": "-9181.00000", "2018-12-31": "27140.00000", "2017-12-31": "-7572.00000", "2016-12-31": "-434.00000", "2015-12-31": "-9136.00000", "2014-12-31": "-6020.00000", "2013-12-31": "-13879.00000", "2012-12-31": "-4037.00000", "2011-12-31": "-6201.00000", "2010-12-31": "-155.00000", "2009-12-31": "-4908.00000", "2008-12-31": "-2522.00000", "2007-12-31": "-316.00000", "2006-12-31": "3546.00000", "2005-12-31": "-933.00000"}, "Net Cash Flow": {"2020-12-31": "6179.00000", "2019-12-31": "1680.00000", "2018-12-31": "338.00000", "2017-12-31": "156.00000", "2016-12-31": "992.00000", "2015-12-31": "-1615.00000", "2014-12-31": "2192.00000", "2013-12-31": "-9233.00000", "2012-12-31": "9331.00000", "2011-12-31": "-4364.00000", "2010-12-31": "5313.00000", "2009-12-31": "-524.00000", "2008-12-31": "232.00000", "2007-12-31": "-276.00000", "2006-12-31": "292.00000", "2005-12-31": "154.00000"}, "Stock-Based Compensation": {"2020-12-31": "1193.00000", "2019-12-31": "1021.00000", "2018-12-31": "826.00000", "2017-12-31": "751.00000", "2016-12-31": "640.00000", "2015-12-31": "567.00000", "2014-12-31": "513.00000", "2013-12-31": "419.00000", "2012-12-31": "371.00000", "2011-12-31": "344.00000", "2010-12-31": "300.00000", "2009-12-31": "257.00000", "2008-12-31": "258.00000", "2007-12-31": "212.00000", "2006-12-31": "190.00000", "2005-12-31": "56.00000"}, "Common Stock Dividends Paid": {"2020-12-31": "-4140.00000", "2019-12-31": "-3735.00000", "2018-12-31": "-3352.00000", "2017-12-31": "-2883.00000", "2016-12-31": "-2601.00000", "2015-12-31": "-2437.00000", "2014-12-31": "-2254.00000", "2013-12-31": "-1964.00000", "2012-12-31": "-1608.00000", "2011-12-31": "-1187.00000", "2010-12-31": "-1064.00000", "2009-12-31": "-761.00000", "2008-12-31": "-547.00000", "2007-12-31": "", "2006-12-31": "", "2005-12-31": ""}}, "cash flow statement, quarterly": {"Net Income/Loss": {"2020-12-31": 3437, "2020-09-30": 2031, "2020-06-30": 3009, "2020-03-31": "2224.00000", "2019-12-31": 3200, "2019-09-30": 3288, "2019-06-30": 3203, "2019-03-31": "3632.00000", "2018-12-31": 2582, "2018-09-30": 2896, "2018-06-30": 3208, "2018-03-31": "3176.00000", "2017-12-31": 15051, "2017-09-30": 2674, "2017-06-30": 2542, "2017-03-31": "2655.00000", "2016-12-31": 2400, "2016-09-30": 2324, "2016-06-30": 2080, "2016-03-31": "2224.00000", "2015-12-31": 2056, "2015-09-30": 2041, "2015-06-30": 2175, "2015-03-31": "2141.00000", "2014-12-31": 1996, "2014-09-30": 2633, "2014-06-30": 2025, "2014-03-31": "1938.00000", "2013-12-31": 1968, "2013-09-30": 1778, "2013-06-30": 1744, "2013-03-31": "1645.00000", "2012-12-31": 1807, "2012-09-30": 2978, "2012-06-30": 1633, "2012-03-31": "1447.00000", "2011-12-31": 1585, "2011-09-30": 1166, "2011-06-30": 1367, "2011-03-31": "1039.00000", "2010-12-31": 1033, "2010-09-30": 870, "2010-06-30": 886, "2010-03-31": "879.00000", "2009-12-31": 960, "2009-09-30": 934, "2009-06-30": 956, "2009-03-31": "778.00000", "2008-12-31": 412, "2008-09-30": 756, "2008-06-30": 619, "2008-03-31": "738.00000", "2007-12-31": 564, "2007-09-30": 560, "2007-06-30": 588, "2007-03-31": "837.00000", "2006-12-31": 390, "2006-09-30": 1217, "2006-06-30": 460, "2006-03-31": "466.00000", "2005-12-31": 133, "2005-09-30": 222, "2005-06-30": 430, "2005-03-31": "143.00000"}, "Total Depreciation And Amortization - Cash Flow": {"2020-12-31": 3252, "2020-09-30": 3320, "2020-06-30": 3264, "2020-03-31": "3264.00000", "2019-12-31": 3177, "2019-09-30": 3180, "2019-06-30": 3276, "2019-03-31": "3320.00000", "2018-12-31": 3197, "2018-09-30": 2477, "2018-06-30": 2403, "2018-03-31": "2599.00000", "2017-12-31": 2609, "2017-09-30": 2104, "2017-06-30": 2507, "2017-03-31": "2468.00000", "2016-12-31": 2364, "2016-09-30": 2395, "2016-06-30": 2389, "2016-03-31": "2278.00000", "2015-12-31": 2270, "2015-09-30": 2183, "2015-06-30": 2161, "2015-03-31": "2066.00000", "2014-12-31": 2090, "2014-09-30": 1959, "2014-06-30": 2000, "2014-03-31": "1970.00000", "2013-12-31": 1998, "2013-09-30": 1916, "2013-06-30": 18, "2013-03-31": "3939.00000", "2012-12-31": -5312, "2012-09-30": 5099, "2012-06-30": 3928, "2012-03-31": "4083.00000", "2011-12-31": 4016, "2011-09-30": 3813, "2011-06-30": 3568, "2011-03-31": "3026.00000", "2010-12-31": 1791, "2010-09-30": 1670, "2010-06-30": 1687, "2010-03-31": "1655.00000", "2009-12-31": 1941, "2009-09-30": 1615, "2009-06-30": 1660, "2009-03-31": "1633.00000", "2008-12-31": 1613, "2008-09-30": 1567, "2008-06-30": 1601, "2008-03-31": "1619.00000", "2007-12-31": 1624, "2007-09-30": 1538, "2007-06-30": 1544, "2007-03-31": "1502.00000", "2006-12-31": 1376, "2006-09-30": 1213, "2006-06-30": 1138, "2006-03-31": "1096.00000", "2005-12-31": 1191, "2005-09-30": 1035, "2005-06-30": 1161, "2005-03-31": "1164.00000"}, "Other Non-Cash Items": {"2020-12-31": -1448, "2020-09-30": 530, "2020-06-30": 92, "2020-03-31": "1196.00000", "2019-12-31": 579, "2019-09-30": 602, "2019-06-30": 705, "2019-03-31": "95.00000", "2018-12-31": 165, "2018-09-30": 564, "2018-06-30": 738, "2018-03-31": "589.00000", "2017-12-31": -11146, "2017-09-30": 452, "2017-06-30": 450, "2017-03-31": "427.00000", "2016-12-31": 708, "2016-09-30": 607, "2016-06-30": 682, "2016-03-31": "326.00000", "2015-12-31": 1264, "2015-09-30": 323, "2015-06-30": 383, "2015-03-31": "-65.00000", "2014-12-31": 1033, "2014-09-30": 622, "2014-06-30": 352, "2014-03-31": "-138.00000", "2013-12-31": 311, "2013-09-30": 0, "2013-06-30": 677, "2013-03-31": "-349.00000", "2012-12-31": -44, "2012-09-30": -1497, "2012-06-30": 344, "2012-03-31": "74.00000", "2011-12-31": 411, "2011-09-30": 498, "2011-06-30": 704, "2011-03-31": "304.00000", "2010-12-31": 754, "2010-09-30": -134, "2010-06-30": 162, "2010-03-31": "82.00000", "2009-12-31": 325, "2009-09-30": 187, "2009-06-30": 259, "2009-03-31": "341.00000", "2008-12-31": 605, "2008-09-30": 254, "2008-06-30": 393, "2008-03-31": "70.00000", "2007-12-31": 140, "2007-09-30": -38, "2007-06-30": 87, "2007-03-31": "-480.00000", "2006-12-31": -58, "2006-09-30": -379, "2006-06-30": 101, "2006-03-31": "-108.00000", "2005-12-31": 366, "2005-09-30": 317, "2005-06-30": -284, "2005-03-31": "118.00000"}, "Total Non-Cash Items": {"2020-12-31": 1804, "2020-09-30": 3850, "2020-06-30": 3356, "2020-03-31": "4460.00000", "2019-12-31": 3756, "2019-09-30": 3782, "2019-06-30": 3981, "2019-03-31": "3415.00000", "2018-12-31": 3362, "2018-09-30": 3041, "2018-06-30": 3141, "2018-03-31": "3188.00000", "2017-12-31": -8537, "2017-09-30": 2556, "2017-06-30": 2957, "2017-03-31": "2895.00000", "2016-12-31": 3072, "2016-09-30": 3002, "2016-06-30": 3071, "2016-03-31": "2604.00000", "2015-12-31": 3534, "2015-09-30": 2506, "2015-06-30": 2544, "2015-03-31": "2001.00000", "2014-12-31": 3123, "2014-09-30": 2581, "2014-06-30": 2352, "2014-03-31": "1832.00000", "2013-12-31": 2309, "2013-09-30": 1916, "2013-06-30": 695, "2013-03-31": "3590.00000", "2012-12-31": -5356, "2012-09-30": 3602, "2012-06-30": 4272, "2012-03-31": "4157.00000", "2011-12-31": 4427, "2011-09-30": 4311, "2011-06-30": 4272, "2011-03-31": "3330.00000", "2010-12-31": 2545, "2010-09-30": 1536, "2010-06-30": 1849, "2010-03-31": "1737.00000", "2009-12-31": 2266, "2009-09-30": 1802, "2009-06-30": 1919, "2009-03-31": "1974.00000", "2008-12-31": 2218, "2008-09-30": 1821, "2008-06-30": 1994, "2008-03-31": "1689.00000", "2007-12-31": 1764, "2007-09-30": 1500, "2007-06-30": 1631, "2007-03-31": "1022.00000", "2006-12-31": 1318, "2006-09-30": 834, "2006-06-30": 1239, "2006-03-31": "988.00000", "2005-12-31": 1557, "2005-09-30": 1352, "2005-06-30": 877, "2005-03-31": "1282.00000"}, "Change In Accounts Receivable": {"2020-12-31": -1002, "2020-09-30": 82, "2020-06-30": 702, "2020-03-31": "198.00000", "2019-12-31": -417, "2019-09-30": 65, "2019-06-30": -154, "2019-03-31": "449.00000", "2018-12-31": -577, "2018-09-30": -165, "2018-06-30": -145, "2018-03-31": "85.00000", "2017-12-31": -992, "2017-09-30": 46, "2017-06-30": -445, "2017-03-31": "522.00000", "2016-12-31": -334, "2016-09-30": -487, "2016-06-30": -390, "2016-03-31": "562.00000", "2015-12-31": -386, "2015-09-30": 385, "2015-06-30": -826, "2015-03-31": "119.00000", "2014-12-31": -122, "2014-09-30": 29, "2014-06-30": -135, "2014-03-31": "195.00000", "2013-12-31": -866, "2013-09-30": 87, "2013-06-30": -407, "2013-03-31": "465.00000", "2012-12-31": 42, "2012-09-30": -849, "2012-06-30": 44, "2012-03-31": "-60.00000", "2011-12-31": -717, "2011-09-30": 13, "2011-06-30": -448, "2011-03-31": "725.00000", "2010-12-31": 14, "2010-09-30": -24, "2010-06-30": -264, "2010-03-31": "143.00000", "2009-12-31": -73, "2009-09-30": 38, "2009-06-30": -192, "2009-03-31": "143.00000", "2008-12-31": 35, "2008-09-30": 11, "2008-06-30": -169, "2008-03-31": "162.00000", "2007-12-31": -49, "2007-09-30": -123, "2007-06-30": -140, "2007-03-31": "212.00000", "2006-12-31": -221, "2006-09-30": -75, "2006-06-30": -211, "2006-03-31": "150.00000", "2005-12-31": -70, "2005-09-30": 41, "2005-06-30": -144, "2005-03-31": "76.00000"}, "Change In Inventories": {"2020-12-31": 0, "2020-09-30": 0, "2020-06-30": 0, "2020-03-31": "", "2019-12-31": 0, "2019-09-30": 0, "2019-06-30": 0, "2019-03-31": "", "2018-12-31": 0, "2018-09-30": 0, "2018-06-30": 0, "2018-03-31": "", "2017-12-31": 0, "2017-09-30": 0, "2017-06-30": 0, "2017-03-31": "", "2016-12-31": 0, "2016-09-30": 0, "2016-06-30": 0, "2016-03-31": "", "2015-12-31": 0, "2015-09-30": 0, "2015-06-30": 0, "2015-03-31": "", "2014-12-31": 0, "2014-09-30": 0, "2014-06-30": 0, "2014-03-31": "", "2013-12-31": 0, "2013-09-30": 0, "2013-06-30": 0, "2013-03-31": "", "2012-12-31": 0, "2012-09-30": 0, "2012-06-30": 0, "2012-03-31": "", "2011-12-31": 0, "2011-09-30": 0, "2011-06-30": 0, "2011-03-31": "", "2010-12-31": 0, "2010-09-30": 0, "2010-06-30": 0, "2010-03-31": "", "2009-12-31": 0, "2009-09-30": 0, "2009-06-30": 0, "2009-03-31": "", "2008-12-31": 0, "2008-09-30": 0, "2008-06-30": 0, "2008-03-31": "", "2007-12-31": 0, "2007-09-30": 0, "2007-06-30": 0, "2007-03-31": "", "2006-12-31": 0, "2006-09-30": 0, "2006-06-30": 0, "2006-03-31": "", "2005-12-31": 0, "2005-09-30": 0, "2005-06-30": 0, "2005-03-31": ""}, "Change In Accounts Payable": {"2020-12-31": 0, "2020-09-30": 0, "2020-06-30": 0, "2020-03-31": "", "2019-12-31": 0, "2019-09-30": 0, "2019-06-30": 0, "2019-03-31": "", "2018-12-31": 0, "2018-09-30": 0, "2018-06-30": 0, "2018-03-31": "", "2017-12-31": 0, "2017-09-30": 0, "2017-06-30": 0, "2017-03-31": "", "2016-12-31": 0, "2016-09-30": 0, "2016-06-30": 0, "2016-03-31": "", "2015-12-31": 0, "2015-09-30": 0, "2015-06-30": 0, "2015-03-31": "", "2014-12-31": 0, "2014-09-30": 0, "2014-06-30": 0, "2014-03-31": "", "2013-12-31": 0, "2013-09-30": 0, "2013-06-30": 0, "2013-03-31": "", "2012-12-31": 0, "2012-09-30": 0, "2012-06-30": 0, "2012-03-31": "", "2011-12-31": 0, "2011-09-30": 0, "2011-06-30": 0, "2011-03-31": "", "2010-12-31": 0, "2010-09-30": 0, "2010-06-30": 0, "2010-03-31": "", "2009-12-31": 0, "2009-09-30": 0, "2009-06-30": 0, "2009-03-31": "", "2008-12-31": 0, "2008-09-30": 0, "2008-06-30": 0, "2008-03-31": "", "2007-12-31": 0, "2007-09-30": 0, "2007-06-30": 0, "2007-03-31": "", "2006-12-31": 0, "2006-09-30": 0, "2006-06-30": 0, "2006-03-31": "", "2005-12-31": 0, "2005-09-30": 0, "2005-06-30": 43, "2005-03-31": "-43.00000"}, "Change In Assets/Liabilities": {"2020-12-31": 524, "2020-09-30": -1069, "2020-06-30": 1728, "2020-03-31": "-331.00000", "2019-12-31": -1106, "2019-09-30": -1610, "2019-06-30": 251, "2019-03-31": "309.00000", "2018-12-31": 732, "2018-09-30": 164, "2018-06-30": 1178, "2018-03-31": "-1175.00000", "2017-12-31": -311, "2017-09-30": -295, "2017-06-30": 23, "2017-03-31": "-253.00000", "2016-12-31": 232, "2016-09-30": -794, "2016-06-30": -250, "2016-03-31": "-3.00000", "2015-12-31": 253, "2015-09-30": -13, "2015-06-30": -41, "2015-03-31": "612.00000", "2014-12-31": -388, "2014-09-30": -775, "2014-06-30": -931, "2014-03-31": "439.00000", "2013-12-31": -371, "2013-09-30": 234, "2013-06-30": 1090, "2013-03-31": "-1050.00000", "2012-12-31": 7309, "2012-09-30": -2749, "2012-06-30": -2404, "2012-03-31": "-1385.00000", "2011-12-31": -1378, "2011-09-30": -2152, "2011-06-30": -1680, "2011-03-31": "-1495.00000", "2010-12-31": -125, "2010-09-30": -37, "2010-06-30": -115, "2010-03-31": "215.00000", "2009-12-31": -534, "2009-09-30": -201, "2009-06-30": -64, "2009-03-31": "-289.00000", "2008-12-31": 210, "2008-09-30": -191, "2008-06-30": 150, "2008-03-31": "-186.00000", "2007-12-31": 240, "2007-09-30": -429, "2007-06-30": -6, "2007-03-31": "-157.00000", "2006-12-31": -259, "2006-09-30": -355, "2006-06-30": -94, "2006-03-31": "211.00000", "2005-12-31": -634, "2005-09-30": -130, "2005-06-30": -22, "2005-03-31": "-126.00000"}, "Total Change In Assets/Liabilities": {"2020-12-31": -199, "2020-09-30": -653, "2020-06-30": 2278, "2020-03-31": "-860.00000", "2019-12-31": -721, "2019-09-30": -1879, "2019-06-30": -144, "2019-03-31": "184.00000", "2018-12-31": -154, "2018-09-30": 33, "2018-06-30": 714, "2018-03-31": "-890.00000", "2017-12-31": -1110, "2017-09-30": -122, "2017-06-30": -375, "2017-03-31": "75.00000", "2016-12-31": 230, "2016-09-30": -1131, "2016-06-30": -756, "2016-03-31": "571.00000", "2015-12-31": 82, "2015-09-30": 432, "2015-06-30": -1130, "2015-03-31": "1103.00000", "2014-12-31": -476, "2014-09-30": -459, "2014-06-30": -1316, "2014-03-31": "716.00000", "2013-12-31": -1796, "2013-09-30": 300, "2013-06-30": 877, "2013-03-31": "-866.00000", "2012-12-31": 7164, "2012-09-30": -3156, "2012-06-30": -2483, "2012-03-31": "-1211.00000", "2011-12-31": -1873, "2011-09-30": -2227, "2011-06-30": -2151, "2011-03-31": "-901.00000", "2010-12-31": -131, "2010-09-30": -6, "2010-06-30": -306, "2010-03-31": "287.00000", "2009-12-31": -670, "2009-09-30": -124, "2009-06-30": -274, "2009-03-31": "-240.00000", "2008-12-31": 228, "2008-09-30": -132, "2008-06-30": 56, "2008-03-31": "-168.00000", "2007-12-31": 356, "2007-09-30": -462, "2007-06-30": -277, "2007-03-31": "106.00000", "2006-12-31": -305, "2006-09-30": -20, "2006-06-30": -253, "2006-03-31": "284.00000", "2005-12-31": -795, "2005-09-30": -151, "2005-06-30": -122, "2005-03-31": "-93.00000"}, "Cash Flow From Operating Activities": {"2020-12-31": 5042, "2020-09-30": 5228, "2020-06-30": 8643, "2020-03-31": "5824.00000", "2019-12-31": 6235, "2019-09-30": 5191, "2019-06-30": 7040, "2019-03-31": "7231.00000", "2018-12-31": 5790, "2018-09-30": 5970, "2018-06-30": 7063, "2018-03-31": "5474.00000", "2017-12-31": 5404, "2017-09-30": 5108, "2017-06-30": 5124, "2017-03-31": "5625.00000", "2016-12-31": 5702, "2016-09-30": 4195, "2016-06-30": 4395, "2016-03-31": "5399.00000", "2015-12-31": 5672, "2015-09-30": 4979, "2015-06-30": 3589, "2015-03-31": "5245.00000", "2014-12-31": 4643, "2014-09-30": 4755, "2014-06-30": 3061, "2014-03-31": "4486.00000", "2013-12-31": 2481, "2013-09-30": 3994, "2013-06-30": 3316, "2013-03-31": "4369.00000", "2012-12-31": 3615, "2012-09-30": 3424, "2012-06-30": 3422, "2012-03-31": "4393.00000", "2011-12-31": 4139, "2011-09-30": 3250, "2011-06-30": 3488, "2011-03-31": "3468.00000", "2010-12-31": 3447, "2010-09-30": 2400, "2010-06-30": 2429, "2010-03-31": "2903.00000", "2009-12-31": 2556, "2009-09-30": 2612, "2009-06-30": 2601, "2009-03-31": "2512.00000", "2008-12-31": 2858, "2008-09-30": 2445, "2008-06-30": 2669, "2008-03-31": "2259.00000", "2007-12-31": 2684, "2007-09-30": 1598, "2007-06-30": 1942, "2007-03-31": "1965.00000", "2006-12-31": 1403, "2006-09-30": 2031, "2006-06-30": 1446, "2006-03-31": "1738.00000", "2005-12-31": 895, "2005-09-30": 1423, "2005-06-30": 1185, "2005-03-31": "1332.00000"}, "Net Change In Property, Plant, And Equipment": {"2020-12-31": -3215, "2020-09-30": -2797, "2020-06-30": -2413, "2020-03-31": "-2252.00000", "2019-12-31": -3467, "2019-09-30": -2797, "2019-06-30": -2493, "2019-03-31": "-2312.00000", "2018-12-31": -3241, "2018-09-30": -2550, "2018-06-30": -2369, "2018-03-31": "-2074.00000", "2017-12-31": -2828, "2017-09-30": -2527, "2017-06-30": -2476, "2017-03-31": "-2208.00000", "2016-12-31": -2720, "2016-09-30": -2498, "2016-06-30": -2342, "2016-03-31": "-2025.00000", "2015-12-31": -2699, "2015-09-30": -2216, "2015-06-30": -2012, "2015-03-31": "-1750.00000", "2014-12-31": -2239, "2014-09-30": -1968, "2014-06-30": -1808, "2014-03-31": "-1448.00000", "2013-12-31": -2202, "2013-09-30": -2120, "2013-06-30": -2817, "2013-03-31": "-1361.00000", "2012-12-31": -1671, "2012-09-30": -1582, "2012-06-30": -1287, "2012-03-31": "-1174.00000", "2011-12-31": -1522, "2011-09-30": -1408, "2011-06-30": -1271, "2011-03-31": "-1106.00000", "2010-12-31": -1532, "2010-09-30": -1366, "2010-06-30": -1138, "2010-03-31": "-925.00000", "2009-12-31": -1609, "2009-09-30": -1227, "2009-06-30": -1121, "2009-03-31": "-1160.00000", "2008-12-31": -1713, "2008-09-30": -1306, "2008-06-30": -1300, "2008-03-31": "-1431.00000", "2007-12-31": -1574, "2007-09-30": -1526, "2007-06-30": -1604, "2007-03-31": "-1454.00000", "2006-12-31": -1344, "2006-09-30": -1197, "2006-06-30": -976, "2006-03-31": "-878.00000", "2005-12-31": -868, "2005-09-30": -911, "2005-06-30": -950, "2005-03-31": "-892.00000"}, "Net Change In Intangible Assets": {"2020-12-31": -1143, "2020-09-30": -552, "2020-06-30": -601, "2020-03-31": "-618.00000", "2019-12-31": -789, "2019-09-30": -608, "2019-06-30": -531, "2019-03-31": "-547.00000", "2018-12-31": -560, "2018-09-30": -445, "2018-06-30": -511, "2018-03-31": "-419.00000", "2017-12-31": -469, "2017-09-30": -365, "2017-06-30": -386, "2017-03-31": "-385.00000", "2016-12-31": -389, "2016-09-30": -426, "2016-06-30": -359, "2016-03-31": "-378.00000", "2015-12-31": -454, "2015-09-30": -316, "2015-06-30": -327, "2015-03-31": "-273.00000", "2014-12-31": -387, "2014-09-30": -258, "2014-06-30": -260, "2014-03-31": "-217.00000", "2013-12-31": -315, "2013-09-30": -250, "2013-06-30": 1049, "2013-03-31": "-1493.00000", "2012-12-31": -318, "2012-09-30": -191, "2012-06-30": -230, "2012-03-31": "-184.00000", "2011-12-31": -449, "2011-09-30": -209, "2011-06-30": -173, "2011-03-31": "-123.00000", "2010-12-31": -164, "2010-09-30": -135, "2010-06-30": -120, "2010-03-31": "-117.00000", "2009-12-31": -139, "2009-09-30": -142, "2009-06-30": -108, "2009-03-31": "-133.00000", "2008-12-31": -151, "2008-09-30": -131, "2008-06-30": -119, "2008-03-31": "-126.00000", "2007-12-31": -93, "2007-09-30": -84, "2007-06-30": -111, "2007-03-31": "-118.00000", "2006-12-31": -79, "2006-09-30": -86, "2006-06-30": -72, "2006-03-31": "-69.00000", "2005-12-31": -77, "2005-09-30": -12, "2005-06-30": -80, "2005-03-31": "-112.00000"}, "Net Acquisitions/Divestitures": {"2020-12-31": 200, "2020-09-30": 62, "2020-06-30": 2021, "2020-03-31": "-177.00000", "2019-12-31": 489, "2019-09-30": -9, "2019-06-30": 47, "2019-03-31": "-11.00000", "2018-12-31": -37990, "2018-09-30": -113, "2018-06-30": 114, "2018-03-31": "-89.00000", "2017-12-31": 47, "2017-09-30": -31, "2017-06-30": -182, "2017-03-31": "-216.00000", "2016-12-31": -25, "2016-09-30": -3778, "2016-06-30": -102, "2016-03-31": "-24.00000", "2015-12-31": -1487, "2015-09-30": -82, "2015-06-30": 36, "2015-03-31": "180.00000", "2014-12-31": 44, "2014-09-30": 70, "2014-06-30": -225, "2014-03-31": "300.00000", "2013-12-31": -57, "2013-09-30": -20, "2013-06-30": -22, "2013-03-31": "", "2012-12-31": 5, "2012-09-30": -95, "2012-06-30": 0, "2012-03-31": "", "2011-12-31": 0, "2011-09-30": -747, "2011-06-30": -2, "2011-03-31": "-5658.00000", "2010-12-31": 0, "2010-09-30": 0, "2010-06-30": -11, "2010-03-31": "-172.00000", "2009-12-31": -52, "2009-09-30": -9, "2009-06-30": -20, "2009-03-31": "-7.00000", "2008-12-31": -38, "2008-09-30": -369, "2008-06-30": -302, "2008-03-31": "-29.00000", "2007-12-31": -42, "2007-09-30": -507, "2007-06-30": -761, "2007-03-31": "-9.00000", "2006-12-31": -1271, "2006-09-30": -3289, "2006-06-30": -550, "2006-03-31": "", "2005-12-31": -3, "2005-09-30": -62, "2005-06-30": -134, "2005-03-31": ""}, "Net Change In Short-term Investments": {"2020-12-31": 0, "2020-09-30": 0, "2020-06-30": 0, "2020-03-31": "", "2019-12-31": 0, "2019-09-30": 0, "2019-06-30": 0, "2019-03-31": "", "2018-12-31": 0, "2018-09-30": 0, "2018-06-30": 0, "2018-03-31": "", "2017-12-31": 0, "2017-09-30": 0, "2017-06-30": 0, "2017-03-31": "", "2016-12-31": 0, "2016-09-30": 0, "2016-06-30": 0, "2016-03-31": "", "2015-12-31": 0, "2015-09-30": 0, "2015-06-30": 0, "2015-03-31": "", "2014-12-31": 0, "2014-09-30": 0, "2014-06-30": 0, "2014-03-31": "", "2013-12-31": -655, "2013-09-30": 655, "2013-06-30": 14, "2013-03-31": "-14.00000", "2012-12-31": -5376, "2012-09-30": 5376, "2012-06-30": -35, "2012-03-31": "35.00000", "2011-12-31": 0, "2011-09-30": 0, "2011-06-30": 0, "2011-03-31": "", "2010-12-31": 0, "2010-09-30": 0, "2010-06-30": 0, "2010-03-31": "", "2009-12-31": 0, "2009-09-30": 0, "2009-06-30": 0, "2009-03-31": "", "2008-12-31": -1167, "2008-09-30": 0, "2008-06-30": 0, "2008-03-31": "", "2007-12-31": -328, "2007-09-30": -56, "2007-06-30": 56, "2007-03-31": "", "2006-12-31": -2827, "2006-09-30": 19, "2006-06-30": -8, "2006-03-31": "4.00000", "2005-12-31": -240, "2005-09-30": -3, "2005-06-30": -62, "2005-03-31": "-1.00000"}, "Net Change In Long-Term Investments": {"2020-12-31": -267, "2020-09-30": -74, "2020-06-30": -402, "2020-03-31": "-69.00000", "2019-12-31": -202, "2019-09-30": -92, "2019-06-30": -1166, "2019-03-31": "-439.00000", "2018-12-31": -544, "2018-09-30": -713, "2018-06-30": 139, "2018-03-31": "-139.00000", "2017-12-31": -348, "2017-09-30": -176, "2017-06-30": -757, "2017-03-31": "-1011.00000", "2016-12-31": -1049, "2016-09-30": 12, "2016-06-30": -104, "2016-03-31": "-338.00000", "2015-12-31": -72, "2015-09-30": -440, "2015-06-30": -240, "2015-03-31": "-32.00000", "2014-12-31": -46, "2014-09-30": -68, "2014-06-30": -40, "2014-03-31": "-37.00000", "2013-12-31": 1037, "2013-09-30": -627, "2013-06-30": -550, "2013-03-31": "", "2012-12-31": 2996, "2012-09-30": -147, "2012-06-30": 18, "2012-03-31": "-62.00000", "2011-12-31": 73, "2011-09-30": -1, "2011-06-30": 68, "2011-03-31": "2.00000", "2010-12-31": -128, "2010-09-30": -16, "2010-06-30": 6, "2010-03-31": "-23.00000", "2009-12-31": -133, "2009-09-30": -60, "2009-06-30": -11, "2009-03-31": "-40.00000", "2008-12-31": 352, "2008-09-30": 106, "2008-06-30": 256, "2008-03-31": "23.00000", "2007-12-31": -1597, "2007-09-30": 361, "2007-06-30": 865, "2007-03-31": "371.00000", "2006-12-31": 672, "2006-09-30": 1815, "2006-06-30": 92, "2006-03-31": "141.00000", "2005-12-31": 545, "2005-09-30": 304, "2005-06-30": -48, "2005-03-31": "60.00000"}, "Net Change In Investments - Total": {"2020-12-31": -267, "2020-09-30": -74, "2020-06-30": -402, "2020-03-31": "-69.00000", "2019-12-31": -202, "2019-09-30": -92, "2019-06-30": -1166, "2019-03-31": "-439.00000", "2018-12-31": -544, "2018-09-30": -713, "2018-06-30": 139, "2018-03-31": "-139.00000", "2017-12-31": -348, "2017-09-30": -176, "2017-06-30": -757, "2017-03-31": "-1011.00000", "2016-12-31": -1049, "2016-09-30": 12, "2016-06-30": -104, "2016-03-31": "-338.00000", "2015-12-31": -72, "2015-09-30": -440, "2015-06-30": -240, "2015-03-31": "-32.00000", "2014-12-31": -46, "2014-09-30": -68, "2014-06-30": -40, "2014-03-31": "-37.00000", "2013-12-31": 382, "2013-09-30": 28, "2013-06-30": -536, "2013-03-31": "-14.00000", "2012-12-31": -2380, "2012-09-30": 5229, "2012-06-30": -17, "2012-03-31": "-27.00000", "2011-12-31": 73, "2011-09-30": -1, "2011-06-30": 68, "2011-03-31": "2.00000", "2010-12-31": -128, "2010-09-30": -16, "2010-06-30": 6, "2010-03-31": "-23.00000", "2009-12-31": -133, "2009-09-30": -60, "2009-06-30": -11, "2009-03-31": "-40.00000", "2008-12-31": -815, "2008-09-30": 106, "2008-06-30": 256, "2008-03-31": "23.00000", "2007-12-31": -1925, "2007-09-30": 305, "2007-06-30": 921, "2007-03-31": "371.00000", "2006-12-31": -2155, "2006-09-30": 1834, "2006-06-30": 84, "2006-03-31": "145.00000", "2005-12-31": 305, "2005-09-30": 301, "2005-06-30": -110, "2005-03-31": "59.00000"}, "Investing Activities - Other": {"2020-12-31": 351, "2020-09-30": -134, "2020-06-30": 18, "2020-03-31": "15.00000", "2019-12-31": 40, "2019-09-30": 8, "2019-06-30": -45, "2019-03-31": "83.00000", "2018-12-31": 71, "2018-09-30": 537, "2018-06-30": -387, "2018-03-31": "429.00000", "2017-12-31": -12, "2017-09-30": 583, "2017-06-30": 147, "2017-03-31": "67.00000", "2016-12-31": 70, "2016-09-30": -1634, "2016-06-30": -212, "2016-03-31": "56.00000", "2015-12-31": -48, "2015-09-30": 86, "2015-06-30": 1, "2015-03-31": "181.00000", "2014-12-31": -25, "2014-09-30": 32, "2014-06-30": -50, "2014-03-31": "-103.00000", "2013-12-31": 5, "2013-09-30": -5, "2013-06-30": 129, "2013-03-31": "105.00000", "2012-12-31": 2368, "2012-09-30": -22, "2012-06-30": 54, "2012-03-31": "36.00000", "2011-12-31": 51, "2011-09-30": -10, "2011-06-30": -21, "2011-03-31": "-2.00000", "2010-12-31": -19, "2010-09-30": 204, "2010-06-30": -36, "2010-03-31": "-19.00000", "2009-12-31": 37, "2009-09-30": 7, "2009-06-30": 6, "2009-03-31": "24.00000", "2008-12-31": -30, "2008-09-30": 15, "2008-06-30": -37, "2008-03-31": "20.00000", "2007-12-31": -36, "2007-09-30": 55, "2007-06-30": 21, "2007-03-31": "22.00000", "2006-12-31": 34, "2006-09-30": 0, "2006-06-30": -5, "2006-03-31": "2.00000", "2005-12-31": -89, "2005-09-30": 0, "2005-06-30": -45, "2005-03-31": "-68.00000"}, "Cash Flow From Investing Activities": {"2020-12-31": -4074, "2020-09-30": -3495, "2020-06-30": -1377, "2020-03-31": "-3101.00000", "2019-12-31": -3929, "2019-09-30": -3498, "2019-06-30": -4188, "2019-03-31": "-3226.00000", "2018-12-31": -42264, "2018-09-30": -3284, "2018-06-30": -3014, "2018-03-31": "-2292.00000", "2017-12-31": -3610, "2017-09-30": -2516, "2017-06-30": -3654, "2017-03-31": "-3753.00000", "2016-12-31": -4113, "2016-09-30": -8324, "2016-06-30": -3119, "2016-03-31": "-2709.00000", "2015-12-31": -4760, "2015-09-30": -2968, "2015-06-30": -2542, "2015-03-31": "-1694.00000", "2014-12-31": -2653, "2014-09-30": -2192, "2014-06-30": -2383, "2014-03-31": "-1505.00000", "2013-12-31": -2187, "2013-09-30": -2367, "2013-06-30": -2197, "2013-03-31": "-2763.00000", "2012-12-31": -1996, "2012-09-30": 3339, "2012-06-30": -1480, "2012-03-31": "-1349.00000", "2011-12-31": -1847, "2011-09-30": -2375, "2011-06-30": -1399, "2011-03-31": "-6887.00000", "2010-12-31": -1843, "2010-09-30": -1313, "2010-06-30": -1299, "2010-03-31": "-1256.00000", "2009-12-31": -1896, "2009-09-30": -1431, "2009-06-30": -1254, "2009-03-31": "-1316.00000", "2008-12-31": -2747, "2008-09-30": -1685, "2008-06-30": -1502, "2008-03-31": "-1543.00000", "2007-12-31": -3670, "2007-09-30": -1757, "2007-06-30": -1534, "2007-03-31": "-1188.00000", "2006-12-31": -4815, "2006-09-30": -2738, "2006-06-30": -1519, "2006-03-31": "-800.00000", "2005-12-31": -732, "2005-09-30": -684, "2005-06-30": -1319, "2005-03-31": "-1013.00000"}, "Net Long-Term Debt": {"2020-12-31": -1701, "2020-09-30": -1332, "2020-06-30": 1058, "2020-03-31": "1842.00000", "2019-12-31": 584, "2019-09-30": -491, "2019-06-30": -1931, "2019-03-31": "-1862.00000", "2018-12-31": 30538, "2018-09-30": 5513, "2018-06-30": -2846, "2018-03-31": "2778.00000", "2017-12-31": -1337, "2017-09-30": 2443, "2017-06-30": 1555, "2017-03-31": "2441.00000", "2016-12-31": -58, "2016-09-30": 4035, "2016-06-30": -1073, "2016-03-31": "3275.00000", "2015-12-31": 1465, "2015-09-30": -687, "2015-06-30": 1239, "2015-03-31": "-909.00000", "2014-12-31": -3, "2014-09-30": 1986, "2014-06-30": -903, "2014-03-31": "-73.00000", "2013-12-31": -2, "2013-09-30": -247, "2013-06-30": -384, "2013-03-31": "1122.00000", "2012-12-31": 1920, "2012-09-30": 1435, "2012-06-30": -567, "2012-03-31": "-1125.00000", "2011-12-31": -403, "2011-09-30": -1049, "2011-06-30": -5, "2011-03-31": "-1759.00000", "2010-12-31": 496, "2010-09-30": -12, "2010-06-30": -13, "2010-03-31": "1796.00000", "2009-12-31": -308, "2009-09-30": -3621, "2009-06-30": 1087, "2009-03-31": "-332.00000", "2008-12-31": -1445, "2008-09-30": 1192, "2008-06-30": 1204, "2008-03-31": "-26.00000", "2007-12-31": 231, "2007-09-30": 2811, "2007-06-30": -29, "2007-03-31": "-701.00000", "2006-12-31": 1710, "2006-09-30": 3066, "2006-06-30": -103, "2006-03-31": "785.00000", "2005-12-31": 881, "2005-09-30": -825, "2005-06-30": 1103, "2005-03-31": "113.00000"}, "Net Current Debt": {"2020-12-31": 0, "2020-09-30": 0, "2020-06-30": 0, "2020-03-31": "", "2019-12-31": 0, "2019-09-30": -487, "2019-06-30": 487, "2019-03-31": "-1288.00000", "2018-12-31": -2530, "2018-09-30": 2886, "2018-06-30": 925, "2018-03-31": "-902.00000", "2017-12-31": 902, "2017-09-30": -1112, "2017-06-30": 198, "2017-03-31": "-1893.00000", "2016-12-31": 1180, "2016-09-30": 405, "2016-06-30": 743, "2016-03-31": "-538.00000", "2015-12-31": 355, "2015-09-30": -83, "2015-06-30": 13, "2015-03-31": "-150.00000", "2014-12-31": -67, "2014-09-30": -94, "2014-06-30": 21, "2014-03-31": "-364.00000", "2013-12-31": 950, "2013-09-30": 47, "2013-06-30": -143, "2013-03-31": "491.00000", "2012-12-31": 11, "2012-09-30": -1, "2012-06-30": -147, "2012-03-31": "-407.00000", "2011-12-31": -1098, "2011-09-30": 901, "2011-06-30": -936, "2011-03-31": "1677.00000", "2010-12-31": 0, "2010-09-30": 0, "2010-06-30": 0, "2010-03-31": "", "2009-12-31": 0, "2009-09-30": 0, "2009-06-30": 0, "2009-03-31": "", "2008-12-31": 0, "2008-09-30": 0, "2008-06-30": 0, "2008-03-31": "", "2007-12-31": 0, "2007-09-30": 0, "2007-06-30": 0, "2007-03-31": "", "2006-12-31": 0, "2006-09-30": 0, "2006-06-30": 0, "2006-03-31": "", "2005-12-31": 0, "2005-09-30": 0, "2005-06-30": 0, "2005-03-31": ""}, "Debt Issuance/Retirement Net - Total": {"2020-12-31": -1701, "2020-09-30": -1332, "2020-06-30": 1058, "2020-03-31": "1842.00000", "2019-12-31": 584, "2019-09-30": -978, "2019-06-30": -1444, "2019-03-31": "-3150.00000", "2018-12-31": 28008, "2018-09-30": 8399, "2018-06-30": -1921, "2018-03-31": "1876.00000", "2017-12-31": -435, "2017-09-30": 1331, "2017-06-30": 1753, "2017-03-31": "548.00000", "2016-12-31": 1122, "2016-09-30": 4440, "2016-06-30": -330, "2016-03-31": "2737.00000", "2015-12-31": 1820, "2015-09-30": -770, "2015-06-30": 1252, "2015-03-31": "-1059.00000", "2014-12-31": -70, "2014-09-30": 1892, "2014-06-30": -882, "2014-03-31": "-437.00000", "2013-12-31": 948, "2013-09-30": -200, "2013-06-30": -527, "2013-03-31": "1613.00000", "2012-12-31": 1931, "2012-09-30": 1434, "2012-06-30": -714, "2012-03-31": "-1532.00000", "2011-12-31": -1501, "2011-09-30": -148, "2011-06-30": -941, "2011-03-31": "-82.00000", "2010-12-31": 496, "2010-09-30": -12, "2010-06-30": -13, "2010-03-31": "1796.00000", "2009-12-31": -308, "2009-09-30": -3621, "2009-06-30": 1087, "2009-03-31": "-332.00000", "2008-12-31": -1445, "2008-09-30": 1192, "2008-06-30": 1204, "2008-03-31": "-26.00000", "2007-12-31": 231, "2007-09-30": 2811, "2007-06-30": -29, "2007-03-31": "-701.00000", "2006-12-31": 1710, "2006-09-30": 3066, "2006-06-30": -103, "2006-03-31": "785.00000", "2005-12-31": 881, "2005-09-30": -825, "2005-06-30": 1103, "2005-03-31": "113.00000"}, "Net Common Equity Issued/Repurchased": {"2020-12-31": -105, "2020-09-30": -160, "2020-06-30": -36, "2020-03-31": "-233.00000", "2019-12-31": -72, "2019-09-30": -82, "2019-06-30": -103, "2019-03-31": "-247.00000", "2018-12-31": -1038, "2018-09-30": -1284, "2018-06-30": -1269, "2018-03-31": "-1729.00000", "2017-12-31": -1223, "2017-09-30": -1736, "2017-06-30": -1480, "2017-03-31": "-996.00000", "2016-12-31": -1291, "2016-09-30": -1421, "2016-06-30": -1202, "2016-03-31": "-1415.00000", "2015-12-31": -1404, "2015-09-30": -2182, "2015-06-30": -1581, "2015-03-31": "-1972.00000", "2014-12-31": -1999, "2014-09-30": -746, "2014-06-30": -741, "2014-03-31": "-730.00000", "2013-12-31": -495, "2013-09-30": -489, "2013-06-30": -489, "2013-03-31": "-487.00000", "2012-12-31": -732, "2012-09-30": -719, "2012-06-30": -716, "2012-03-31": "-600.00000", "2011-12-31": -460, "2011-09-30": -554, "2011-06-30": -448, "2011-03-31": "-396.00000", "2010-12-31": -274, "2010-09-30": -292, "2010-06-30": -300, "2010-03-31": "-300.00000", "2009-12-31": -326, "2009-09-30": -330, "2009-06-30": -108, "2009-03-31": "", "2008-12-31": 0, "2008-09-30": -810, "2008-06-30": -947, "2008-03-31": "-990.00000", "2007-12-31": -1242, "2007-09-30": -530, "2007-06-30": -636, "2007-03-31": "-282.00000", "2006-12-31": -188, "2006-09-30": -421, "2006-06-30": -630, "2006-03-31": "-698.00000", "2005-12-31": -1005, "2005-09-30": -614, "2005-06-30": -315, "2005-03-31": "-286.00000"}, "Net Total Equity Issued/Repurchased": {"2020-12-31": -105, "2020-09-30": -160, "2020-06-30": -36, "2020-03-31": "-233.00000", "2019-12-31": -72, "2019-09-30": -82, "2019-06-30": -103, "2019-03-31": "-247.00000", "2018-12-31": -1038, "2018-09-30": -1284, "2018-06-30": -1269, "2018-03-31": "-1729.00000", "2017-12-31": -1223, "2017-09-30": -1736, "2017-06-30": -1480, "2017-03-31": "-996.00000", "2016-12-31": -1291, "2016-09-30": -1421, "2016-06-30": -1202, "2016-03-31": "-1415.00000", "2015-12-31": -1404, "2015-09-30": -2182, "2015-06-30": -1581, "2015-03-31": "-1972.00000", "2014-12-31": -1999, "2014-09-30": -746, "2014-06-30": -741, "2014-03-31": "-730.00000", "2013-12-31": -495, "2013-09-30": -489, "2013-06-30": -489, "2013-03-31": "-487.00000", "2012-12-31": -732, "2012-09-30": -719, "2012-06-30": -716, "2012-03-31": "-600.00000", "2011-12-31": -460, "2011-09-30": -554, "2011-06-30": -448, "2011-03-31": "-396.00000", "2010-12-31": -274, "2010-09-30": -292, "2010-06-30": -300, "2010-03-31": "-300.00000", "2009-12-31": -326, "2009-09-30": -330, "2009-06-30": -108, "2009-03-31": "", "2008-12-31": 0, "2008-09-30": -810, "2008-06-30": -947, "2008-03-31": "-990.00000", "2007-12-31": -1242, "2007-09-30": -530, "2007-06-30": -636, "2007-03-31": "-282.00000", "2006-12-31": -188, "2006-09-30": -421, "2006-06-30": -630, "2006-03-31": "-698.00000", "2005-12-31": -1005, "2005-09-30": -614, "2005-06-30": -315, "2005-03-31": "-286.00000"}, "Total Common And Preferred Stock Dividends Paid": {"2020-12-31": -1054, "2020-09-30": -1058, "2020-06-30": -1051, "2020-03-31": "-977.00000", "2019-12-31": -957, "2019-09-30": -955, "2019-06-30": -954, "2019-03-31": "-869.00000", "2018-12-31": -865, "2018-09-30": -871, "2018-06-30": -878, "2018-03-31": "-738.00000", "2017-12-31": -736, "2017-09-30": -743, "2017-06-30": -747, "2017-03-31": "-657.00000", "2016-12-31": -657, "2016-09-30": -663, "2016-06-30": -670, "2016-03-31": "-611.00000", "2015-12-31": -614, "2015-09-30": -623, "2015-06-30": -628, "2015-03-31": "-572.00000", "2014-12-31": -578, "2014-09-30": -584, "2014-06-30": -584, "2014-03-31": "-508.00000", "2013-12-31": -510, "2013-09-30": -512, "2013-06-30": -513, "2013-03-31": "-429.00000", "2012-12-31": -432, "2012-09-30": -435, "2012-06-30": -437, "2012-03-31": "-304.00000", "2011-12-31": -306, "2011-09-30": -309, "2011-06-30": -311, "2011-03-31": "-261.00000", "2010-12-31": -264, "2010-09-30": -265, "2010-06-30": -267, "2010-03-31": "-268.00000", "2009-12-31": -193, "2009-09-30": -193, "2009-06-30": -195, "2009-03-31": "-180.00000", "2008-12-31": -180, "2008-09-30": -182, "2008-06-30": -185, "2008-03-31": "", "2007-12-31": 0, "2007-09-30": 0, "2007-06-30": 0, "2007-03-31": "", "2006-12-31": 0, "2006-09-30": 0, "2006-06-30": 0, "2006-03-31": "", "2005-12-31": 0, "2005-09-30": 0, "2005-06-30": 0, "2005-03-31": ""}, "Financial Activities - Other": {"2020-12-31": -62, "2020-09-30": 484, "2020-06-30": -1870, "2020-03-31": "-258.00000", "2019-12-31": 90, "2019-09-30": -79, "2019-06-30": 94, "2019-03-31": "-59.00000", "2018-12-31": -99, "2018-09-30": -150, "2018-06-30": -316, "2018-03-31": "15.00000", "2017-12-31": -57, "2017-09-30": -38, "2017-06-30": -2320, "2017-03-31": "-36.00000", "2016-12-31": -283, "2016-09-30": -85, "2016-06-30": -37, "2016-03-31": "-68.00000", "2015-12-31": -312, "2015-09-30": -29, "2015-06-30": -541, "2015-03-31": "79.00000", "2014-12-31": 20, "2014-09-30": -107, "2014-06-30": 4, "2014-03-31": "30.00000", "2013-12-31": -122, "2013-09-30": -212, "2013-06-30": -40, "2013-03-31": "-11415.00000", "2012-12-31": -334, "2012-09-30": -245, "2012-06-30": -181, "2012-03-31": "-21.00000", "2011-12-31": -211, "2011-09-30": -55, "2011-06-30": -214, "2011-03-31": "-4.00000", "2010-12-31": -120, "2010-09-30": -4, "2010-06-30": -5, "2010-03-31": "-63.00000", "2009-12-31": -24, "2009-09-30": -164, "2009-06-30": -21, "2009-03-31": "", "2008-12-31": -5, "2008-09-30": -13, "2008-06-30": -107, "2008-03-31": "-28.00000", "2007-12-31": 11, "2007-09-30": -1, "2007-06-30": 48, "2007-03-31": "4.00000", "2006-12-31": 18, "2006-09-30": 5, "2006-06-30": 11, "2006-03-31": "-9.00000", "2005-12-31": -12, "2005-09-30": -56, "2005-06-30": 45, "2005-03-31": "38.00000"}, "Cash Flow From Financial Activities": {"2020-12-31": -2922, "2020-09-30": -2066, "2020-06-30": -1899, "2020-03-31": "374.00000", "2019-12-31": -355, "2019-09-30": -2094, "2019-06-30": -2407, "2019-03-31": "-4325.00000", "2018-12-31": 26006, "2018-09-30": 6094, "2018-06-30": -4384, "2018-03-31": "-576.00000", "2017-12-31": -2451, "2017-09-30": -1186, "2017-06-30": -2794, "2017-03-31": "-1141.00000", "2016-12-31": -1109, "2016-09-30": 2271, "2016-06-30": -2239, "2016-03-31": "643.00000", "2015-12-31": -510, "2015-09-30": -3604, "2015-06-30": -1498, "2015-03-31": "-3524.00000", "2014-12-31": -2627, "2014-09-30": 455, "2014-06-30": -2203, "2014-03-31": "-1645.00000", "2013-12-31": -179, "2013-09-30": -1413, "2013-06-30": -1569, "2013-03-31": "-10718.00000", "2012-12-31": 433, "2012-09-30": 35, "2012-06-30": -2048, "2012-03-31": "-2457.00000", "2011-12-31": -2478, "2011-09-30": -1066, "2011-06-30": -1914, "2011-03-31": "-743.00000", "2010-12-31": -162, "2010-09-30": -573, "2010-06-30": -585, "2010-03-31": "1165.00000", "2009-12-31": -851, "2009-09-30": -4308, "2009-06-30": 763, "2009-03-31": "-512.00000", "2008-12-31": -1630, "2008-09-30": 187, "2008-06-30": -35, "2008-03-31": "-1044.00000", "2007-12-31": -1000, "2007-09-30": 2280, "2007-06-30": -617, "2007-03-31": "-979.00000", "2006-12-31": 1540, "2006-09-30": 2650, "2006-06-30": -722, "2006-03-31": "78.00000", "2005-12-31": -136, "2005-09-30": -1495, "2005-06-30": 833, "2005-03-31": "-135.00000"}, "Net Cash Flow": {"2020-12-31": -1969, "2020-09-30": -239, "2020-06-30": 5367, "2020-03-31": "3020.00000", "2019-12-31": 1987, "2019-09-30": -417, "2019-06-30": 422, "2019-03-31": "-312.00000", "2018-12-31": -10713, "2018-09-30": 8780, "2018-06-30": -335, "2018-03-31": "2606.00000", "2017-12-31": -657, "2017-09-30": 1406, "2017-06-30": -1324, "2017-03-31": "731.00000", "2016-12-31": 480, "2016-09-30": -1858, "2016-06-30": -963, "2016-03-31": "3333.00000", "2015-12-31": 402, "2015-09-30": -1593, "2015-06-30": -451, "2015-03-31": "27.00000", "2014-12-31": -637, "2014-09-30": 3018, "2014-06-30": -1525, "2014-03-31": "1336.00000", "2013-12-31": 115, "2013-09-30": 214, "2013-06-30": -450, "2013-03-31": "-9112.00000", "2012-12-31": 2052, "2012-09-30": 6798, "2012-06-30": -106, "2012-03-31": "587.00000", "2011-12-31": -186, "2011-09-30": -191, "2011-06-30": 175, "2011-03-31": "-4162.00000", "2010-12-31": 1442, "2010-09-30": 514, "2010-06-30": 545, "2010-03-31": "2812.00000", "2009-12-31": -191, "2009-09-30": -3127, "2009-06-30": 2110, "2009-03-31": "684.00000", "2008-12-31": -1519, "2008-09-30": 947, "2008-06-30": 1132, "2008-03-31": "-328.00000", "2007-12-31": -1986, "2007-09-30": 2121, "2007-06-30": -209, "2007-03-31": "-202.00000", "2006-12-31": -1872, "2006-09-30": 1943, "2006-06-30": -795, "2006-03-31": "1016.00000", "2005-12-31": 27, "2005-09-30": -756, "2005-06-30": 699, "2005-03-31": "184.00000"}, "Stock-Based Compensation": {"2020-12-31": 271, "2020-09-30": 301, "2020-06-30": 323, "2020-03-31": "298.00000", "2019-12-31": 231, "2019-09-30": 257, "2019-06-30": 288, "2019-03-31": "245.00000", "2018-12-31": 219, "2018-09-30": 197, "2018-06-30": 211, "2018-03-31": "199.00000", "2017-12-31": 157, "2017-09-30": 203, "2017-06-30": 218, "2017-03-31": "173.00000", "2016-12-31": 145, "2016-09-30": 164, "2016-06-30": 178, "2016-03-31": "153.00000", "2015-12-31": 137, "2015-09-30": 136, "2015-06-30": 159, "2015-03-31": "135.00000", "2014-12-31": 127, "2014-09-30": 120, "2014-06-30": 147, "2014-03-31": "119.00000", "2013-12-31": 107, "2013-09-30": 99, "2013-06-30": 111, "2013-03-31": "102.00000", "2012-12-31": 93, "2012-09-30": 89, "2012-06-30": 100, "2012-03-31": "89.00000", "2011-12-31": 84, "2011-09-30": 86, "2011-06-30": 90, "2011-03-31": "84.00000", "2010-12-31": 74, "2010-09-30": 73, "2010-06-30": 71, "2010-03-31": "82.00000", "2009-12-31": 65, "2009-09-30": 71, "2009-06-30": 67, "2009-03-31": "54.00000", "2008-12-31": 63, "2008-09-30": 72, "2008-06-30": 61, "2008-03-31": "62.00000", "2007-12-31": 51, "2007-09-30": 83, "2007-06-30": 48, "2007-03-31": "30.00000", "2006-12-31": 45, "2006-09-30": 49, "2006-06-30": 50, "2006-03-31": "46.00000", "2005-12-31": 16, "2005-09-30": 16, "2005-06-30": 19, "2005-03-31": "5.00000"}, "Common Stock Dividends Paid": {"2020-12-31": -1054, "2020-09-30": -1058, "2020-06-30": -1051, "2020-03-31": "-977.00000", "2019-12-31": -957, "2019-09-30": -955, "2019-06-30": -954, "2019-03-31": "-869.00000", "2018-12-31": -865, "2018-09-30": -871, "2018-06-30": -878, "2018-03-31": "-738.00000", "2017-12-31": -736, "2017-09-30": -743, "2017-06-30": -747, "2017-03-31": "-657.00000", "2016-12-31": -657, "2016-09-30": -663, "2016-06-30": -670, "2016-03-31": "-611.00000", "2015-12-31": -614, "2015-09-30": -623, "2015-06-30": -628, "2015-03-31": "-572.00000", "2014-12-31": -578, "2014-09-30": -584, "2014-06-30": -584, "2014-03-31": "-508.00000", "2013-12-31": -510, "2013-09-30": -512, "2013-06-30": -513, "2013-03-31": "-429.00000", "2012-12-31": -432, "2012-09-30": -435, "2012-06-30": -437, "2012-03-31": "-304.00000", "2011-12-31": -306, "2011-09-30": -309, "2011-06-30": -311, "2011-03-31": "-261.00000", "2010-12-31": -264, "2010-09-30": -265, "2010-06-30": -267, "2010-03-31": "-268.00000", "2009-12-31": -193, "2009-09-30": -193, "2009-06-30": -195, "2009-03-31": "-180.00000", "2008-12-31": -180, "2008-09-30": -182, "2008-06-30": -185, "2008-03-31": "", "2007-12-31": 0, "2007-09-30": 0, "2007-06-30": 0, "2007-03-31": "", "2006-12-31": 0, "2006-09-30": 0, "2006-06-30": 0, "2006-03-31": "", "2005-12-31": 0, "2005-09-30": 0, "2005-06-30": 0, "2005-03-31": ""}}, "financial ratios": {"Current Ratio": {"2020-12-31": "0.92860", "2019-12-31": "0.83820", "2018-12-31": "0.79150", "2017-12-31": "0.74310", "2016-12-31": "0.75970", "2015-12-31": "0.67680", "2014-12-31": "0.77720", "2013-12-31": "0.74420", "2012-12-31": "1.19610", "2011-12-31": "0.64750", "2010-12-31": "1.07920", "2009-12-31": "0.44460", "2008-12-31": "0.41570", "2007-12-31": "0.46110", "2006-12-31": "0.72340", "2005-12-31": "0.43650"}, "Long-term Debt / Capital": {"2020-12-31": "0.53560", "2019-12-31": "0.55100", "2018-12-31": "0.59690", "2017-12-31": "0.46110", "2016-12-31": "0.49730", "2015-12-31": "0.47580", "2014-12-31": "0.45250", "2013-12-31": "0.46610", "2012-12-31": "0.43340", "2011-12-31": "0.44330", "2010-12-31": "0.39990", "2009-12-31": "0.39490", "2008-12-31": "0.42650", "2007-12-31": "0.41910", "2006-12-31": "0.40470", "2005-12-31": "0.35030"}, "Debt/Equity Ratio": {"2020-12-31": "1.18740", "2019-12-31": "1.28030", "2018-12-31": "1.54120", "2017-12-31": "0.92940", "2016-12-31": "1.08670", "2015-12-31": "0.97490", "2014-12-31": "0.90600", "2013-12-31": "0.93710", "2012-12-31": "0.81250", "2011-12-31": "0.82490", "2010-12-31": "0.70700", "2009-12-31": "0.67960", "2008-12-31": "0.79990", "2007-12-31": "0.75770", "2006-12-31": "0.70380", "2005-12-31": "0.58110"}, "Gross Margin": {"2020-12-31": "36.04920", "2019-12-31": "38.27270", "2018-12-31": "38.85530", "2017-12-31": "40.25100", "2016-12-31": "40.31410", "2015-12-31": "41.11530", "2014-12-31": "40.74740", "2013-12-31": "40.84940", "2012-12-31": "39.64840", "2011-12-31": "40.47130", "2010-12-31": "44.82430", "2009-12-31": "38.35440", "2008-12-31": "60.31140", "2007-12-31": "60.28980", "2006-12-31": "60.67050", "2005-12-31": "64.35110"}, "Operating Margin": {"2020-12-31": "16.89100", "2019-12-31": "19.39110", "2018-12-31": "20.11390", "2017-12-31": "21.19040", "2016-12-31": "20.84700", "2015-12-31": "21.47090", "2014-12-31": "21.67070", "2013-12-31": "20.97690", "2012-12-31": "19.46460", "2011-12-31": "19.19880", "2010-12-31": "21.03490", "2009-12-31": "20.17560", "2008-12-31": "19.55670", "2007-12-31": "17.95880", "2006-12-31": "18.50120", "2005-12-31": "16.70700"}, "EBIT Margin": {"2020-12-31": "16.89100", "2019-12-31": "19.39110", "2018-12-31": "20.11390", "2017-12-31": "21.19040", "2016-12-31": "20.84700", "2015-12-31": "21.47090", "2014-12-31": "21.67070", "2013-12-31": "20.97690", "2012-12-31": "19.46460", "2011-12-31": "19.19880", "2010-12-31": "21.03490", "2009-12-31": "20.17560", "2008-12-31": "19.55670", "2007-12-31": "17.95880", "2006-12-31": "18.50120", "2005-12-31": "16.70700"}, "EBITDA Margin": {"2020-12-31": "29.54020", "2019-12-31": "31.28090", "2018-12-31": "31.41040", "2017-12-31": "32.58420", "2016-12-31": "32.52210", "2015-12-31": "33.12040", "2014-12-31": "33.33040", "2013-12-31": "33.15030", "2012-12-31": "31.92740", "2011-12-31": "45.02700", "2010-12-31": "38.96720", "2009-12-31": "39.33050", "2008-12-31": "38.14890", "2007-12-31": "37.94590", "2006-12-31": "37.81940", "2005-12-31": "38.30130"}, "Pre-Tax Profit Margin": {"2020-12-31": "13.58100", "2019-12-31": "15.60100", "2018-12-31": "16.12790", "2017-12-31": "18.05620", "2016-12-31": "17.74430", "2015-12-31": "17.94660", "2014-12-31": "18.12430", "2013-12-31": "17.19070", "2012-12-31": "18.55360", "2011-12-31": "14.69680", "2010-12-31": "16.08980", "2009-12-31": "14.28010", "2008-12-31": "11.78860", "2007-12-31": "14.00190", "2006-12-31": "14.39560", "2005-12-31": "8.16130"}, "Net Profit Margin": {"2020-12-31": "10.17150", "2019-12-31": "11.98530", "2018-12-31": "12.41280", "2017-12-31": "26.73790", "2016-12-31": "10.74860", "2015-12-31": "10.95560", "2014-12-31": "12.18470", "2013-12-31": "10.54180", "2012-12-31": "9.91370", "2011-12-31": "7.44960", "2010-12-31": "9.58170", "2009-12-31": "10.17450", "2008-12-31": "7.39910", "2007-12-31": "8.32900", "2006-12-31": "10.14580", "2005-12-31": "4.40330"}, "Asset Turnover": {"2020-12-31": "0.37820", "2019-12-31": "0.41360", "2018-12-31": "0.37550", "2017-12-31": "0.45360", "2016-12-31": "0.44730", "2015-12-31": "0.44730", "2014-12-31": "0.43200", "2013-12-31": "0.40710", "2012-12-31": "0.37930", "2011-12-31": "0.35380", "2010-12-31": "0.32010", "2009-12-31": "0.31720", "2008-12-31": "0.30460", "2007-12-31": "0.27390", "2006-12-31": "0.22610", "2005-12-31": "0.20380"}, "Inventory Turnover Ratio": {"2020-12-31": "", "2019-12-31": "", "2018-12-31": "", "2017-12-31": "", "2016-12-31": "", "2015-12-31": "", "2014-12-31": "", "2013-12-31": "", "2012-12-31": "", "2011-12-31": "", "2010-12-31": "", "2009-12-31": "", "2008-12-31": "", "2007-12-31": "", "2006-12-31": "", "2005-12-31": ""}, "Receiveable Turnover": {"2020-12-31": "9.03230", "2019-12-31": "9.64770", "2018-12-31": "8.51110", "2017-12-31": "9.62520", "2016-12-31": "10.14910", "2015-12-31": "10.80480", "2014-12-31": "10.88040", "2013-12-31": "10.14070", "2012-12-31": "11.33310", "2011-12-31": "12.00390", "2010-12-31": "20.45120", "2009-12-31": "20.89770", "2008-12-31": "21.17040", "2007-12-31": "18.88150", "2006-12-31": "17.21790", "2005-12-31": "20.90770"}, "Days Sales In Receivables": {"2020-12-31": "40.41070", "2019-12-31": "37.83280", "2018-12-31": "42.88530", "2017-12-31": "37.92130", "2016-12-31": "35.96380", "2015-12-31": "33.78120", "2014-12-31": "33.54660", "2013-12-31": "35.99360", "2012-12-31": "32.20660", "2011-12-31": "30.40690", "2010-12-31": "17.84740", "2009-12-31": "17.46600", "2008-12-31": "17.24110", "2007-12-31": "19.33110", "2006-12-31": "21.19880", "2005-12-31": "17.45770"}, "ROE - Return On Equity": {"2020-12-31": "11.66470", "2019-12-31": "15.88450", "2018-12-31": "16.36090", "2017-12-31": "33.00080", "2016-12-31": "16.07150", "2015-12-31": "15.58600", "2014-12-31": "16.19060", "2013-12-31": "13.97430", "2012-12-31": "15.79440", "2011-12-31": "10.82150", "2010-12-31": "8.25490", "2009-12-31": "8.47450", "2008-12-31": "6.22290", "2007-12-31": "6.16590", "2006-12-31": "5.42910", "2005-12-31": "2.05870"}, "Return On Tangible Equity": {"2020-12-31": "-14.52260", "2019-12-31": "-16.58250", "2018-12-31": "-12.98170", "2017-12-31": "-51.14460", "2016-12-31": "-15.99460", "2015-12-31": "-15.21970", "2014-12-31": "-16.98290", "2013-12-31": "-13.53040", "2012-12-31": "-14.45960", "2011-12-31": "-9.08560", "2010-12-31": "-10.98300", "2009-12-31": "-10.16850", "2008-12-31": "-6.58920", "2007-12-31": "-7.04510", "2006-12-31": "-6.68980", "2005-12-31": "-3.28560"}, "ROA - Return On Assets": {"2020-12-31": "3.90730", "2019-12-31": "5.05780", "2018-12-31": "4.71310", "2017-12-31": "12.22750", "2016-12-31": "5.00170", "2015-12-31": "5.05060", "2014-12-31": "5.39750", "2013-12-31": "4.49270", "2012-12-31": "4.76750", "2011-12-31": "3.26770", "2010-12-31": "3.09450", "2009-12-31": "3.21820", "2008-12-31": "2.23420", "2007-12-31": "2.24750", "2006-12-31": "2.02440", "2005-12-31": "0.80080"}, "ROI - Return On Investment": {"2020-12-31": "5.41770", "2019-12-31": "7.13200", "2018-12-31": "6.59560", "2017-12-31": "17.78540", "2016-12-31": "8.07950", "2015-12-31": "8.17020", "2014-12-31": "8.86390", "2013-12-31": "7.46140", "2012-12-31": "8.94990", "2011-12-31": "6.02470", "2010-12-31": "4.95350", "2009-12-31": "5.12780", "2008-12-31": "3.56870", "2007-12-31": "3.58170", "2006-12-31": "3.23170", "2005-12-31": "1.33760"}, "Book Value Per Share": {"2020-12-31": "20.02730", "2019-12-31": "18.42160", "2018-12-31": "16.01910", "2017-12-31": "14.95510", "2016-12-31": "11.82210", "2015-12-31": "11.05020", "2014-12-31": "10.44210", "2013-12-31": "9.79420", "2012-12-31": "9.43290", "2011-12-31": "8.80570", "2010-12-31": "8.00180", "2009-12-31": "7.54360", "2008-12-31": "7.04290", "2007-12-31": "6.86470", "2006-12-31": "6.59830", "2005-12-31": "6.26870"}, "Operating Cash Flow Per Share": {"2020-12-31": -0.2245, "2019-12-31": 0.3378, "2018-12-31": 0.7941, "2017-12-31": 0.4031, "2016-12-31": 0.1693, "2015-12-31": 0.6361, "2014-12-31": 0.5771, "2013-12-31": -0.0768, "2012-12-31": 0.1516, "2011-12-31": 0.5998, "2010-12-31": 0.2003, "2009-12-31": 0.0489, "2008-12-31": 0.4243, "2007-12-31": 0.268, "2006-12-31": 0.3107, "2005-12-31": 0.7299}, "Free Cash Flow Per Share": {"2020-12-31": -0.1324, "2019-12-31": 0.1423, "2018-12-31": 0.686, "2017-12-31": 0.2718, "2016-12-31": -0.0736, "2015-12-31": 0.3371, "2014-12-31": 0.7476, "2013-12-31": -0.6201, "2012-12-31": 0.0553, "2011-12-31": 0.5242, "2010-12-31": 0.2075, "2009-12-31": 0.136, "2008-12-31": 0.4345, "2007-12-31": -0.025, "2006-12-31": 0.1662, "2005-12-31": 0.1833}}, "financial ratios, quarterly": {"Current Ratio": {"2020-12-31": "0.92860", "2020-09-30": "0.92740", "2020-06-30": "0.96630", "2020-03-31": "0.87260", "2019-12-31": "0.83820", "2019-09-30": "0.85890", "2019-06-30": "0.68890", "2019-03-31": "0.72620", "2018-12-31": "0.79150", "2018-09-30": "1.18240", "2018-06-30": "0.95830", "2018-03-31": "0.97780", "2017-12-31": "0.74310", "2017-09-30": "0.74410", "2017-06-30": "0.66580", "2017-03-31": "0.79930", "2016-12-31": "0.75970", "2016-09-30": "0.84420", "2016-06-30": "0.83960", "2016-03-31": "0.79540", "2015-12-31": "0.67680", "2015-09-30": "0.66250", "2015-06-30": "0.75830", "2015-03-31": "0.69840", "2014-12-31": "0.77720", "2014-09-30": "0.81570", "2014-06-30": "0.73510", "2014-03-31": "0.78880", "2013-12-31": "0.74420", "2013-09-30": "0.71830", "2013-06-30": "0.68460", "2013-03-31": "0.65400", "2012-12-31": "1.19610", "2012-09-30": "1.04220", "2012-06-30": "0.72130", "2012-03-31": "0.59850", "2011-12-31": "0.64750", "2011-09-30": "0.60670", "2011-06-30": "0.65760", "2011-03-31": "0.54900", "2010-12-31": "1.07920", "2010-09-30": "0.80980", "2010-06-30": "0.75850", "2010-03-31": "0.69270", "2009-12-31": "0.44460", "2009-09-30": "0.48030", "2009-06-30": "0.61920", "2009-03-31": "0.47820", "2008-12-31": "0.41570", "2008-09-30": "0.59540", "2008-06-30": "0.57450", "2008-03-31": "0.41930", "2007-12-31": "0.46110", "2007-09-30": "0.80500", "2007-06-30": "0.51790", "2007-03-31": "0.57700", "2006-12-31": "0.72340", "2006-09-30": "0.88750", "2006-06-30": "0.61420", "2006-03-31": "0.70140", "2005-12-31": "0.43650", "2005-09-30": "0.32990", "2005-06-30": "0.41130", "2005-03-31": "0.33310"}, "Long-term Debt / Capital": {"2020-12-31": "0.53560", "2020-09-30": "0.54560", "2020-06-30": "0.55540", "2020-03-31": "0.56100", "2019-12-31": "0.55100", "2019-09-30": "0.57020", "2019-06-30": "0.56540", "2019-03-31": "0.57930", "2018-12-31": "0.59690", "2018-09-30": "0.49070", "2018-06-30": "0.46340", "2018-03-31": "0.47380", "2017-12-31": "0.46110", "2017-09-30": "0.51490", "2017-06-30": "0.50600", "2017-03-31": "0.50270", "2016-12-31": "0.49730", "2016-09-30": "0.50560", "2016-06-30": "0.48770", "2016-03-31": "0.48590", "2015-12-31": "0.47580", "2015-09-30": "0.46190", "2015-06-30": "0.45840", "2015-03-31": "0.44990", "2014-12-31": "0.45250", "2014-09-30": "0.45520", "2014-06-30": "0.45450", "2014-03-31": "0.46340", "2013-12-31": "0.46610", "2013-09-30": "0.46850", "2013-06-30": "0.47130", "2013-03-31": "0.48080", "2012-12-31": "0.43340", "2012-09-30": "0.42040", "2012-06-30": "0.41500", "2012-03-31": "0.42320", "2011-12-31": "0.44330", "2011-09-30": "0.45040", "2011-06-30": "0.44890", "2011-03-31": "0.45000", "2010-12-31": "0.39990", "2010-09-30": "0.39580", "2010-06-30": "0.39720", "2010-03-31": "0.39830", "2009-12-31": "0.39490", "2009-09-30": "0.40200", "2009-06-30": "0.40840", "2009-03-31": "0.41660", "2008-12-31": "0.42650", "2008-09-30": "0.43220", "2008-06-30": "0.43160", "2008-03-31": "0.42380", "2007-12-31": "0.41910", "2007-09-30": "0.42010", "2007-06-30": "0.39920", "2007-03-31": "0.39420", "2006-12-31": "0.40470", "2006-09-30": "0.39370", "2006-06-30": "0.36920", "2006-03-31": "0.36740", "2005-12-31": "0.35030", "2005-09-30": "0.32900", "2005-06-30": "0.32280", "2005-03-31": "0.31840"}, "Debt/Equity Ratio": {"2020-12-31": "1.18740", "2020-09-30": "1.25150", "2020-06-30": "1.29700", "2020-03-31": "1.31360", "2019-12-31": "1.28030", "2019-09-30": "1.33970", "2019-06-30": "1.38270", "2019-03-31": "1.43800", "2018-12-31": "1.54120", "2018-09-30": "1.00750", "2018-06-30": "0.90020", "2018-03-31": "0.94350", "2017-12-31": "0.92940", "2017-09-30": "1.15460", "2017-06-30": "1.13820", "2017-03-31": "1.07180", "2016-12-31": "1.08670", "2016-09-30": "1.08250", "2016-06-30": "1.00520", "2016-03-31": "1.02060", "2015-12-31": "0.97490", "2015-09-30": "0.91900", "2015-06-30": "0.92020", "2015-03-31": "0.89760", "2014-12-31": "0.90600", "2014-09-30": "0.90120", "2014-06-30": "0.88950", "2014-03-31": "0.91800", "2013-12-31": "0.93710", "2013-09-30": "0.92800", "2013-06-30": "0.94270", "2013-03-31": "0.97070", "2012-12-31": "0.81250", "2012-09-30": "0.78210", "2012-06-30": "0.77060", "2012-03-31": "0.79010", "2011-12-31": "0.82490", "2011-09-30": "0.87150", "2011-06-30": "0.84340", "2011-03-31": "0.86740", "2010-12-31": "0.70700", "2010-09-30": "0.70750", "2010-06-30": "0.71210", "2010-03-31": "0.71610", "2009-12-31": "0.67960", "2009-09-30": "0.69480", "2009-06-30": "0.79010", "2009-03-31": "0.77840", "2008-12-31": "0.79990", "2008-09-30": "0.83790", "2008-06-30": "0.80600", "2008-03-31": "0.76860", "2007-12-31": "0.75770", "2007-09-30": "0.74260", "2007-06-30": "0.67550", "2007-03-31": "0.67570", "2006-12-31": "0.70380", "2006-09-30": "0.66840", "2006-06-30": "0.60450", "2006-03-31": "0.60290", "2005-12-31": "0.58110", "2005-09-30": "0.55130", "2005-06-30": "0.58260", "2005-03-31": "0.56030"}, "Gross Margin": {"2020-12-31": "32.91470", "2020-09-30": "34.88960", "2020-06-30": "39.01330", "2020-03-31": "37.78420", "2019-12-31": "36.50610", "2019-09-30": "38.84520", "2019-06-30": "39.15780", "2019-03-31": "38.68350", "2018-12-31": "35.27620", "2018-09-30": "40.56920", "2018-06-30": "41.72990", "2018-03-31": "38.82230", "2017-12-31": "37.88450", "2017-09-30": "40.25900", "2017-06-30": "41.28540", "2017-03-31": "41.71080", "2016-12-31": "39.24060", "2016-09-30": "39.02620", "2016-06-30": "41.59010", "2016-03-31": "41.68710", "2015-12-31": "40.64430", "2015-09-30": "41.22880", "2015-06-30": "41.61550", "2015-03-31": "40.97910", "2014-12-31": "40.73430", "2014-09-30": "41.70090", "2014-06-30": "41.84280", "2014-03-31": "38.78100", "2013-12-31": "40.68300", "2013-09-30": "40.94480", "2013-06-30": "41.37680", "2013-03-31": "40.37230", "2012-12-31": "40.02010", "2012-09-30": "37.70550", "2012-06-30": "41.38450", "2012-03-31": "39.63570", "2011-12-31": "60.88950", "2011-09-30": "31.89900", "2011-06-30": "33.49610", "2011-03-31": "33.52570", "2010-12-31": "63.00790", "2010-09-30": "37.70680", "2010-06-30": "39.23360", "2010-03-31": "38.74160", "2009-12-31": "-25.05790", "2009-09-30": "60.09050", "2009-06-30": "60.11360", "2009-03-31": "59.48570", "2008-12-31": "59.44920", "2008-09-30": "60.87260", "2008-06-30": "61.01950", "2008-03-31": "59.93560", "2007-12-31": "50.33620", "2007-09-30": "64.54180", "2007-06-30": "64.28940", "2007-03-31": "62.65570", "2006-12-31": "52.46760", "2006-09-30": "64.64550", "2006-06-30": "63.94720", "2006-03-31": "62.94910", "2005-12-31": "64.43060", "2005-09-30": "64.15590", "2005-06-30": "65.27330", "2005-03-31": "63.50920"}, "Operating Margin": {"2020-12-31": "14.14030", "2020-09-30": "15.96430", "2020-06-30": "19.59520", "2020-03-31": "18.23440", "2019-12-31": "18.47670", "2019-09-30": "19.90530", "2019-06-30": "19.94190", "2019-03-31": "19.29340", "2018-12-31": "16.21060", "2018-09-30": "21.84780", "2018-06-30": "23.06880", "2018-03-31": "20.38090", "2017-12-31": "18.70440", "2017-09-30": "22.66970", "2017-06-30": "21.46010", "2017-03-31": "22.06250", "2016-12-31": "19.83330", "2016-09-30": "20.82650", "2016-06-30": "21.10130", "2016-03-31": "21.76160", "2015-12-31": "20.79500", "2015-09-30": "21.43130", "2015-06-30": "21.90150", "2015-03-31": "21.78910", "2014-12-31": "21.35690", "2014-09-30": "22.30360", "2014-06-30": "22.58370", "2014-03-31": "20.49630", "2013-12-31": "21.54670", "2013-09-30": "21.13800", "2013-06-30": "21.11250", "2013-03-31": "20.03270", "2012-12-31": "20.66890", "2012-09-30": "18.42360", "2012-06-30": "20.24190", "2012-03-31": "18.53740", "2011-12-31": "19.39900", "2011-09-30": "18.41830", "2011-06-30": "20.49820", "2011-03-31": "18.33770", "2010-12-31": "20.70780", "2010-09-30": "20.59230", "2010-06-30": "21.81630", "2010-03-31": "21.02800", "2009-12-31": "20.03970", "2009-09-30": "19.34430", "2009-06-30": "20.88440", "2009-03-31": "20.42640", "2008-12-31": "19.67090", "2008-09-30": "19.53450", "2008-06-30": "20.46070", "2008-03-31": "18.53620", "2007-12-31": "17.82610", "2007-09-30": "17.87690", "2007-06-30": "19.03530", "2007-03-31": "17.06820", "2006-12-31": "17.32330", "2006-09-30": "19.02990", "2006-06-30": "19.85440", "2006-03-31": "17.94460", "2005-12-31": "15.85920", "2005-09-30": "15.91600", "2005-06-30": "18.72100", "2005-03-31": "16.14770"}, "EBIT Margin": {"2020-12-31": "14.14030", "2020-09-30": "15.96430", "2020-06-30": "19.59520", "2020-03-31": "18.23440", "2019-12-31": "18.47670", "2019-09-30": "19.90530", "2019-06-30": "19.94190", "2019-03-31": "19.29340", "2018-12-31": "16.21060", "2018-09-30": "21.84780", "2018-06-30": "23.06880", "2018-03-31": "20.38090", "2017-12-31": "18.70440", "2017-09-30": "22.66970", "2017-06-30": "21.46010", "2017-03-31": "22.06250", "2016-12-31": "19.83330", "2016-09-30": "20.82650", "2016-06-30": "21.10130", "2016-03-31": "21.76160", "2015-12-31": "20.79500", "2015-09-30": "21.43130", "2015-06-30": "21.90150", "2015-03-31": "21.78910", "2014-12-31": "21.35690", "2014-09-30": "22.30360", "2014-06-30": "22.58370", "2014-03-31": "20.49630", "2013-12-31": "21.54670", "2013-09-30": "21.13800", "2013-06-30": "21.11250", "2013-03-31": "20.03270", "2012-12-31": "20.66890", "2012-09-30": "18.42360", "2012-06-30": "20.24190", "2012-03-31": "18.53740", "2011-12-31": "19.39900", "2011-09-30": "18.41830", "2011-06-30": "20.49820", "2011-03-31": "18.33770", "2010-12-31": "20.70780", "2010-09-30": "20.59230", "2010-06-30": "21.81630", "2010-03-31": "21.02800", "2009-12-31": "20.03970", "2009-09-30": "19.34430", "2009-06-30": "20.88440", "2009-03-31": "20.42640", "2008-12-31": "19.67090", "2008-09-30": "19.53450", "2008-06-30": "20.46070", "2008-03-31": "18.53620", "2007-12-31": "17.82610", "2007-09-30": "17.87690", "2007-06-30": "19.03530", "2007-03-31": "17.06820", "2006-12-31": "17.32330", "2006-09-30": "19.02990", "2006-06-30": "19.85440", "2006-03-31": "17.94460", "2005-12-31": "15.85920", "2005-09-30": "15.91600", "2005-06-30": "18.72100", "2005-03-31": "16.14770"}, "EBITDA Margin": {"2020-12-31": "", "2020-09-30": "", "2020-06-30": "", "2020-03-31": "", "2019-12-31": "", "2019-09-30": "", "2019-06-30": "", "2019-03-31": "", "2018-12-31": "", "2018-09-30": "", "2018-06-30": "", "2018-03-31": "", "2017-12-31": "", "2017-09-30": "", "2017-06-30": "", "2017-03-31": "", "2016-12-31": "", "2016-09-30": "", "2016-06-30": "", "2016-03-31": "", "2015-12-31": "", "2015-09-30": "", "2015-06-30": "", "2015-03-31": "", "2014-12-31": "", "2014-09-30": "", "2014-06-30": "", "2014-03-31": "", "2013-12-31": "", "2013-09-30": "", "2013-06-30": "", "2013-03-31": "", "2012-12-31": "", "2012-09-30": "", "2012-06-30": "", "2012-03-31": "", "2011-12-31": "", "2011-09-30": "", "2011-06-30": "", "2011-03-31": "", "2010-12-31": "", "2010-09-30": "", "2010-06-30": "", "2010-03-31": "", "2009-12-31": "", "2009-09-30": "", "2009-06-30": "", "2009-03-31": "", "2008-12-31": "", "2008-09-30": "", "2008-06-30": "", "2008-03-31": "", "2007-12-31": "", "2007-09-30": "", "2007-06-30": "", "2007-03-31": "", "2006-12-31": "", "2006-09-30": "", "2006-06-30": "", "2006-03-31": "", "2005-12-31": "", "2005-09-30": "", "2005-06-30": "", "2005-03-31": ""}, "Pre-Tax Profit Margin": {"2020-12-31": "15.93760", "2020-09-30": "10.84910", "2020-06-30": "16.67720", "2020-03-31": "10.98880", "2019-12-31": "14.30030", "2019-09-30": "15.14520", "2019-06-30": "15.50380", "2019-03-31": "17.52860", "2018-12-31": "11.01770", "2018-09-30": "17.59660", "2018-06-30": "19.71480", "2018-03-31": "17.52450", "2017-12-31": "15.60140", "2017-09-30": "19.36820", "2017-06-30": "18.36420", "2017-03-31": "19.02660", "2016-12-31": "17.36590", "2016-09-30": "17.46800", "2016-06-30": "17.42700", "2016-03-31": "18.81320", "2015-12-31": "16.72120", "2015-09-30": "17.48350", "2015-06-30": "18.60960", "2015-03-31": "19.05560", "2014-12-31": "17.53890", "2014-09-30": "18.10490", "2014-06-30": "19.34810", "2014-03-31": "17.55520", "2013-12-31": "17.45240", "2013-09-30": "17.33020", "2013-06-30": "17.16040", "2013-03-31": "16.78640", "2012-12-31": "16.22010", "2012-09-30": "26.49300", "2012-06-30": "16.06730", "2012-03-31": "14.76680", "2011-12-31": "15.86230", "2011-09-30": "12.58810", "2011-06-30": "16.61200", "2011-03-31": "13.48120", "2010-12-31": "17.54960", "2010-09-30": "15.32300", "2010-06-30": "15.47510", "2010-03-31": "15.97480", "2009-12-31": "14.88920", "2009-09-30": "12.85470", "2009-06-30": "15.37090", "2009-03-31": "13.97470", "2008-12-31": "6.50470", "2008-09-30": "13.53380", "2008-06-30": "12.55700", "2008-03-31": "14.85280", "2007-12-31": "12.17750", "2007-09-30": "12.40200", "2007-06-30": "13.34280", "2007-03-31": "18.39470", "2006-12-31": "9.27320", "2006-09-30": "24.59580", "2006-06-30": "12.93160", "2006-03-31": "10.65240", "2005-12-31": "7.10140", "2005-09-30": "5.98030", "2005-06-30": "13.77280", "2005-03-31": "5.40740"}, "Net Profit Margin": {"2020-12-31": "12.19860", "2020-09-30": "7.90770", "2020-06-30": "12.59960", "2020-03-31": "8.06870", "2019-12-31": "11.13460", "2019-09-30": "11.99170", "2019-06-30": "11.63530", "2019-03-31": "13.22830", "2018-12-31": "9.01750", "2018-09-30": "13.03820", "2018-06-30": "14.79640", "2018-03-31": "13.68080", "2017-12-31": "67.94560", "2017-09-30": "12.53260", "2017-06-30": "11.84350", "2017-03-31": "12.49820", "2016-12-31": "10.67050", "2016-09-30": "10.49300", "2016-06-30": "10.52470", "2016-03-31": "11.35710", "2015-12-31": "10.24160", "2015-09-30": "10.69150", "2015-06-30": "11.40160", "2015-03-31": "11.53310", "2014-12-31": "10.85610", "2014-09-30": "15.43680", "2014-06-30": "11.82620", "2014-03-31": "10.74790", "2013-12-31": "11.30210", "2013-09-30": "10.72380", "2013-06-30": "10.65770", "2013-03-31": "9.38600", "2012-12-31": "9.52500", "2012-09-30": "12.77200", "2012-06-30": "8.86200", "2012-03-31": "8.22690", "2011-12-31": "8.55600", "2011-09-30": "6.33240", "2011-06-30": "7.13040", "2011-03-31": "7.77540", "2010-12-31": "10.47220", "2010-09-30": "9.13690", "2010-06-30": "9.28080", "2010-03-31": "9.41100", "2009-12-31": "10.53270", "2009-09-30": "10.67270", "2009-06-30": "10.77080", "2009-03-31": "8.70740", "2008-12-31": "4.61260", "2008-09-30": "9.01860", "2008-06-30": "7.38920", "2008-03-31": "8.72570", "2007-12-31": "7.36030", "2007-09-30": "7.19700", "2007-06-30": "7.62450", "2007-03-31": "11.32920", "2006-12-31": "5.54690", "2006-09-30": "18.92100", "2006-06-30": "7.78610", "2006-03-31": "8.32890", "2005-12-31": "2.75360", "2005-09-30": "4.20140", "2005-06-30": "7.68130", "2005-03-31": "2.66640"}, "Asset Turnover": {"2020-12-31": "0.10120", "2020-09-30": "0.09490", "2020-06-30": "0.08920", "2020-03-31": "0.10140", "2019-12-31": "0.10780", "2019-09-30": "0.10460", "2019-06-30": "0.10470", "2019-03-31": "0.10480", "2018-12-31": "0.11060", "2018-09-30": "0.11030", "2018-06-30": "0.11360", "2018-03-31": "0.11940", "2017-12-31": "0.11780", "2017-09-30": "0.11380", "2017-06-30": "0.11630", "2017-03-31": "0.11280", "2016-12-31": "0.11830", "2016-09-30": "0.11980", "2016-06-30": "0.11200", "2016-03-31": "0.11010", "2015-12-31": "0.11550", "2015-09-30": "0.11740", "2015-06-30": "0.11740", "2015-03-31": "0.11250", "2014-12-31": "0.11140", "2014-09-30": "0.10540", "2014-06-30": "0.10700", "2014-03-31": "0.11030", "2013-12-31": "0.10660", "2013-09-30": "0.10310", "2013-06-30": "0.10380", "2013-03-31": "0.09790", "2012-12-31": "0.09660", "2012-09-30": "0.10180", "2012-06-30": "0.09650", "2012-03-31": "0.09420", "2011-12-31": "0.09530", "2011-09-30": "0.09140", "2011-06-30": "0.09260", "2011-03-31": "0.07860", "2010-12-31": "0.08200", "2010-09-30": "0.08140", "2010-06-30": "0.08240", "2010-03-31": "0.07970", "2009-12-31": "0.08040", "2009-09-30": "0.07860", "2009-06-30": "0.07790", "2009-03-31": "0.07840", "2008-12-31": "0.07900", "2008-09-30": "0.07470", "2008-06-30": "0.07510", "2008-03-31": "0.07440", "2007-12-31": "0.07210", "2007-09-30": "0.06880", "2007-06-30": "0.06960", "2007-03-31": "0.06700", "2006-12-31": "0.06370", "2006-09-30": "0.05960", "2006-06-30": "0.05730", "2006-03-31": "0.05430", "2005-12-31": "0.04670", "2005-09-30": "0.05110", "2005-06-30": "0.05310", "2005-03-31": "0.05140"}, "Inventory Turnover Ratio": {"2020-12-31": "", "2020-09-30": "", "2020-06-30": "", "2020-03-31": "", "2019-12-31": "", "2019-09-30": "", "2019-06-30": "", "2019-03-31": "", "2018-12-31": "", "2018-09-30": "", "2018-06-30": "", "2018-03-31": "", "2017-12-31": "", "2017-09-30": "", "2017-06-30": "", "2017-03-31": "", "2016-12-31": "", "2016-09-30": "", "2016-06-30": "", "2016-03-31": "", "2015-12-31": "", "2015-09-30": "", "2015-06-30": "", "2015-03-31": "", "2014-12-31": "", "2014-09-30": "", "2014-06-30": "", "2014-03-31": "", "2013-12-31": "", "2013-09-30": "", "2013-06-30": "", "2013-03-31": "", "2012-12-31": "", "2012-09-30": "", "2012-06-30": "", "2012-03-31": "", "2011-12-31": "", "2011-09-30": "", "2011-06-30": "", "2011-03-31": "", "2010-12-31": "", "2010-09-30": "", "2010-06-30": "", "2010-03-31": "", "2009-12-31": "", "2009-09-30": "", "2009-06-30": "", "2009-03-31": "", "2008-12-31": "", "2008-09-30": "", "2008-06-30": "", "2008-03-31": "", "2007-12-31": "", "2007-09-30": "", "2007-06-30": "", "2007-03-31": "", "2006-12-31": "", "2006-09-30": "", "2006-06-30": "", "2006-03-31": "", "2005-12-31": "", "2005-09-30": "", "2005-06-30": "", "2005-03-31": ""}, "Receiveable Turnover": {"2020-12-31": "2.41650", "2020-09-30": "2.47640", "2020-06-30": "2.31890", "2020-03-31": "2.46380", "2019-12-31": "2.51490", "2019-09-30": "2.51100", "2019-06-30": "2.47880", "2019-03-31": "2.50180", "2018-12-31": "2.50770", "2018-09-30": "2.46410", "2018-06-30": "2.45680", "2018-03-31": "2.60200", "2017-12-31": "2.49890", "2017-09-30": "2.66340", "2017-06-30": "2.71190", "2017-03-31": "2.73580", "2016-12-31": "2.68490", "2016-09-30": "2.83010", "2016-06-30": "2.87250", "2016-03-31": "2.94750", "2015-12-31": "2.79070", "2015-09-30": "2.86030", "2015-06-30": "2.67150", "2015-03-31": "2.90580", "2014-12-31": "2.80530", "2014-09-30": "2.72050", "2014-06-30": "2.70280", "2014-03-31": "2.83010", "2013-12-31": "2.65460", "2013-09-30": "2.93600", "2013-06-30": "2.95440", "2013-03-31": "3.02390", "2012-12-31": "2.88660", "2012-09-30": "3.22940", "2012-06-30": "3.46730", "2012-03-31": "3.39760", "2011-12-31": "3.23340", "2011-09-30": "3.50070", "2011-06-30": "3.44870", "2011-03-31": "3.27080", "2010-12-31": "5.24040", "2010-09-30": "5.07980", "2010-06-30": "5.16260", "2010-03-31": "5.82040", "2009-12-31": "5.29920", "2009-09-30": "5.39660", "2009-06-30": "5.35360", "2009-03-31": "5.97840", "2008-12-31": "5.49320", "2008-09-30": "5.15620", "2008-06-30": "5.13690", "2008-03-31": "5.60390", "2007-12-31": "4.97200", "2007-09-30": "4.86920", "2007-06-30": "5.35180", "2007-03-31": "5.76290", "2006-12-31": "4.84900", "2006-09-30": "5.23780", "2006-06-30": "5.25160", "2006-03-31": "6.14840", "2005-12-31": "4.79170", "2005-09-30": "5.33740", "2005-06-30": "5.42970", "2005-03-31": "6.07360"}, "Days Sales In Receivables": {"2020-12-31": "37.24340", "2020-09-30": "36.34260", "2020-06-30": "38.81220", "2020-03-31": "36.52900", "2019-12-31": "35.78700", "2019-09-30": "35.84300", "2019-06-30": "36.30760", "2019-03-31": "35.97450", "2018-12-31": "35.88880", "2018-09-30": "36.52450", "2018-06-30": "36.63350", "2018-03-31": "34.58870", "2017-12-31": "36.01630", "2017-09-30": "33.79110", "2017-06-30": "33.18660", "2017-03-31": "32.89700", "2016-12-31": "33.52140", "2016-09-30": "31.80120", "2016-06-30": "31.33120", "2016-03-31": "30.53490", "2015-12-31": "32.24940", "2015-09-30": "31.46550", "2015-06-30": "33.68940", "2015-03-31": "30.97300", "2014-12-31": "32.08270", "2014-09-30": "33.08200", "2014-06-30": "33.29850", "2014-03-31": "31.80090", "2013-12-31": "33.90290", "2013-09-30": "30.65380", "2013-06-30": "30.46280", "2013-03-31": "29.76290", "2012-12-31": "31.17840", "2012-09-30": "27.86930", "2012-06-30": "25.95690", "2012-03-31": "26.48950", "2011-12-31": "27.83410", "2011-09-30": "25.70890", "2011-06-30": "26.09640", "2011-03-31": "27.51650", "2010-12-31": "17.17420", "2010-09-30": "17.71740", "2010-06-30": "17.43310", "2010-03-31": "15.46290", "2009-12-31": "16.98360", "2009-09-30": "16.67720", "2009-06-30": "16.81110", "2009-03-31": "15.05410", "2008-12-31": "16.38380", "2008-09-30": "17.45470", "2008-06-30": "17.52020", "2008-03-31": "16.06030", "2007-12-31": "18.10120", "2007-09-30": "18.48350", "2007-06-30": "16.81670", "2007-03-31": "15.61720", "2006-12-31": "18.56070", "2006-09-30": "17.18280", "2006-06-30": "17.13780", "2006-03-31": "14.63810", "2005-12-31": "18.78260", "2005-09-30": "16.86220", "2005-06-30": "16.57560", "2005-03-31": "14.81820"}, "ROE - Return On Equity": {"2020-12-31": "3.74650", "2020-09-30": "2.31930", "2020-06-30": "3.54870", "2020-03-31": "2.68650", "2019-12-31": "3.81520", "2019-09-30": "4.15360", "2019-06-30": "4.11540", "2019-03-31": "4.78760", "2018-12-31": "3.56130", "2018-09-30": "4.00300", "2018-06-30": "4.47150", "2018-03-31": "4.49160", "2017-12-31": "21.66890", "2017-09-30": "4.75270", "2017-06-30": "4.55160", "2017-03-31": "4.60550", "2016-12-31": "4.27240", "2016-09-30": "4.16320", "2016-06-30": "3.76290", "2016-03-31": "4.07980", "2015-12-31": "3.80900", "2015-09-30": "3.92760", "2015-06-30": "4.12490", "2015-03-31": "4.07720", "2014-12-31": "3.76120", "2014-09-30": "4.90750", "2014-06-30": "3.86950", "2014-03-31": "3.75350", "2013-12-31": "3.85440", "2013-09-30": "3.54650", "2013-06-30": "3.52420", "2013-03-31": "3.38120", "2012-12-31": "3.62880", "2012-09-30": "6.03550", "2012-06-30": "3.38940", "2012-03-31": "3.02590", "2011-12-31": "3.32600", "2011-09-30": "2.48020", "2011-06-30": "2.91440", "2011-03-31": "2.22930", "2010-12-31": "2.32480", "2010-09-30": "1.98320", "2010-06-30": "2.03570", "2010-03-31": "2.03570", "2009-12-31": "2.24240", "2009-09-30": "2.20380", "2009-06-30": "2.28630", "2009-03-31": "1.88890", "2008-12-31": "1.01540", "2008-09-30": "1.88040", "2008-06-30": "1.53460", "2008-03-31": "1.80890", "2007-12-31": "1.36430", "2007-09-30": "1.33690", "2007-06-30": "1.40590", "2007-03-31": "2.00060", "2006-12-31": "1.04210", "2006-09-30": "2.37950", "2006-06-30": "0.99980", "2006-03-31": "1.09430", "2005-12-31": "0.14170", "2005-09-30": "0.48290", "2005-06-30": "1.03820", "2005-03-31": "0.34580"}, "Return On Tangible Equity": {"2020-12-31": "-4.66450", "2020-09-30": "-2.70160", "2020-06-30": "-3.95330", "2020-03-31": "-2.83410", "2019-12-31": "-3.98290", "2019-09-30": "-3.99600", "2019-06-30": "-3.74370", "2019-03-31": "-4.10500", "2018-12-31": "-2.82570", "2018-09-30": "-6.83470", "2018-06-30": "-7.40160", "2018-03-31": "-7.19510", "2017-12-31": "-33.58250", "2017-09-30": "-4.56420", "2017-06-30": "-4.29650", "2017-03-31": "-4.63170", "2016-12-31": "-4.25200", "2016-09-30": "-4.03830", "2016-06-30": "-3.77610", "2016-03-31": "-4.03320", "2015-12-31": "-3.71950", "2015-09-30": "-3.94110", "2015-06-30": "-4.27650", "2015-03-31": "-4.19750", "2014-12-31": "-3.94530", "2014-09-30": "-5.25310", "2014-06-30": "-3.92530", "2014-03-31": "-3.72840", "2013-12-31": "-3.73200", "2013-09-30": "-3.31450", "2013-06-30": "-3.20630", "2013-03-31": "-2.97510", "2012-12-31": "-3.32210", "2012-09-30": "-5.41630", "2012-06-30": "-2.91710", "2012-03-31": "-2.56800", "2011-12-31": "-2.79250", "2011-09-30": "-2.05840", "2011-06-30": "-2.40470", "2011-03-31": "-1.80500", "2010-12-31": "-3.09310", "2010-09-30": "-2.53180", "2010-06-30": "-2.54390", "2010-03-31": "-2.49160", "2009-12-31": "-2.69070", "2009-09-30": "-2.57980", "2009-06-30": "-2.59380", "2009-03-31": "-2.06940", "2008-12-31": "-1.07520", "2008-09-30": "-1.95210", "2008-06-30": "-1.59540", "2008-03-31": "-1.93160", "2007-12-31": "-1.55880", "2007-09-30": "-1.56280", "2007-06-30": "-1.64840", "2007-03-31": "-2.38480", "2006-12-31": "-1.28410", "2006-09-30": "-2.90800", "2006-06-30": "-1.40780", "2006-03-31": "-1.58240", "2005-12-31": "-0.22620", "2005-09-30": "-0.71750", "2005-06-30": "-1.56750", "2005-03-31": "-0.51870"}, "ROA - Return On Assets": {"2020-12-31": "1.25500", "2020-09-30": "0.75520", "2020-06-30": "1.13130", "2020-03-31": "0.84750", "2019-12-31": "1.21480", "2019-09-30": "1.28250", "2019-06-30": "1.24850", "2019-03-31": "1.41770", "2018-12-31": "1.02590", "2018-09-30": "1.44340", "2018-06-30": "1.67740", "2018-03-31": "1.66390", "2017-12-31": "8.02880", "2017-09-30": "1.44310", "2017-06-30": "1.38880", "2017-03-31": "1.45500", "2016-12-31": "1.32960", "2016-09-30": "1.30620", "2016-06-30": "1.20940", "2016-03-31": "1.30360", "2015-12-31": "1.23430", "2015-09-30": "1.28400", "2015-06-30": "1.36220", "2015-03-31": "1.34860", "2014-12-31": "1.25390", "2014-09-30": "1.65350", "2014-06-30": "1.28600", "2014-03-31": "1.22830", "2013-12-31": "1.23920", "2013-09-30": "1.13540", "2013-06-30": "1.11210", "2013-03-31": "1.05200", "2012-12-31": "1.09530", "2012-09-30": "1.83310", "2012-06-30": "1.03560", "2012-03-31": "0.91610", "2011-12-31": "1.00430", "2011-09-30": "0.74350", "2011-06-30": "0.88320", "2011-03-31": "0.67350", "2010-12-31": "0.87150", "2010-09-30": "0.74660", "2010-06-30": "0.76630", "2010-03-31": "0.76160", "2009-12-31": "0.85160", "2009-09-30": "0.83050", "2009-06-30": "0.82960", "2009-03-31": "0.68810", "2008-12-31": "0.36450", "2008-09-30": "0.66030", "2008-06-30": "0.54350", "2008-03-31": "0.65410", "2007-12-31": "0.49730", "2007-09-30": "0.49480", "2007-06-30": "0.53090", "2007-03-31": "0.75860", "2006-12-31": "0.38860", "2006-09-30": "0.89750", "2006-06-30": "0.38700", "2006-03-31": "0.42530", "2005-12-31": "0.05510", "2005-09-30": "0.19150", "2005-06-30": "0.40820", "2005-03-31": "0.13720"}, "ROI - Return On Investment": {"2020-12-31": "1.74010", "2020-09-30": "1.05380", "2020-06-30": "1.57770", "2020-03-31": "1.17950", "2019-12-31": "1.71300", "2019-09-30": "1.78530", "2019-06-30": "1.78860", "2019-03-31": "2.01410", "2018-12-31": "1.43570", "2018-09-30": "2.03860", "2018-06-30": "2.39960", "2018-03-31": "2.36330", "2017-12-31": "11.67820", "2017-09-30": "2.30550", "2017-06-30": "2.24840", "2017-03-31": "2.29030", "2016-12-31": "2.14780", "2016-09-30": "2.05810", "2016-06-30": "1.92760", "2016-03-31": "2.09760", "2015-12-31": "1.99670", "2015-09-30": "2.11350", "2015-06-30": "2.23390", "2015-03-31": "2.24270", "2014-12-31": "2.05920", "2014-09-30": "2.67360", "2014-06-30": "2.11080", "2014-03-31": "2.01430", "2013-12-31": "2.05800", "2013-09-30": "1.88500", "2013-06-30": "1.86320", "2013-03-31": "1.75560", "2012-12-31": "2.05630", "2012-09-30": "3.49810", "2012-06-30": "1.98290", "2012-03-31": "1.74550", "2011-12-31": "1.85170", "2011-09-30": "1.36320", "2011-06-30": "1.60610", "2011-03-31": "1.22610", "2010-12-31": "1.39500", "2010-09-30": "1.19820", "2010-06-30": "1.22700", "2010-03-31": "1.22490", "2009-12-31": "1.35690", "2009-09-30": "1.31780", "2009-06-30": "1.35250", "2009-03-31": "1.10190", "2008-12-31": "0.58230", "2008-09-30": "1.06770", "2008-06-30": "0.87230", "2008-03-31": "1.04230", "2007-12-31": "0.79250", "2007-09-30": "0.77530", "2007-06-30": "0.84460", "2007-03-31": "1.21200", "2006-12-31": "0.62030", "2006-09-30": "1.44270", "2006-06-30": "0.63070", "2006-03-31": "0.69220", "2005-12-31": "0.09210", "2005-09-30": "0.32400", "2005-06-30": "0.70300", "2005-03-31": "0.23570"}, "Book Value Per Share": {"2020-12-31": "20.02730", "2020-09-30": "19.13990", "2020-06-30": "18.56160", "2020-03-31": "18.13790", "2019-12-31": "18.42160", "2019-09-30": "17.40070", "2019-06-30": "17.12440", "2019-03-31": "16.71520", "2018-12-31": "16.01910", "2018-09-30": "15.90170", "2018-06-30": "15.65780", "2018-03-31": "15.31480", "2017-12-31": "14.95510", "2017-09-30": "12.03800", "2017-06-30": "11.84880", "2017-03-31": "12.15450", "2016-12-31": "11.82210", "2016-09-30": "11.66460", "2016-06-30": "11.45940", "2016-03-31": "11.22940", "2015-12-31": "11.05020", "2015-09-30": "10.57390", "2015-06-30": "10.57780", "2015-03-31": "10.44560", "2014-12-31": "10.44210", "2014-09-30": "10.41280", "2014-06-30": "10.11010", "2014-03-31": "9.93000", "2013-12-31": "9.79420", "2013-09-30": "9.58430", "2013-06-30": "9.42620", "2013-03-31": "9.23720", "2012-12-31": "9.43290", "2012-09-30": "9.28420", "2012-06-30": "9.00260", "2012-03-31": "8.86830", "2011-12-31": "8.80570", "2011-09-30": "8.62660", "2011-06-30": "8.53090", "2011-03-31": "8.42440", "2010-12-31": "8.00180", "2010-09-30": "7.86130", "2010-06-30": "7.75390", "2010-03-31": "7.65150", "2009-12-31": "7.54360", "2009-09-30": "7.42310", "2009-06-30": "7.28520", "2009-03-31": "7.14250", "2008-12-31": "7.04290", "2008-09-30": "6.98040", "2008-06-30": "6.91130", "2008-03-31": "6.88940", "2007-12-31": "6.86470", "2007-09-30": "6.81510", "2007-06-30": "6.76650", "2007-03-31": "6.72190", "2006-12-31": "6.59830", "2006-09-30": "6.52240", "2006-06-30": "6.21580", "2006-03-31": "6.31470", "2005-12-31": "6.26870", "2005-09-30": "6.29440", "2005-06-30": "6.28700", "2005-03-31": "6.11930"}, "Operating Cash Flow Per Share": {"2020-12-31": 1.0941, "2020-09-30": 1.1154, "2020-06-30": 1.8788, "2020-03-31": "1.26140", "2019-12-31": 1.3607, "2019-09-30": 1.1158, "2019-06-30": 1.5237, "2019-03-31": "1.57400", "2018-12-31": 1.2297, "2018-09-30": 1.3065, "2018-06-30": 1.5368, "2018-03-31": "1.16340", "2017-12-31": 1.1229, "2017-09-30": 1.0842, "2017-06-30": 1.0711, "2017-03-31": "1.16410", "2016-12-31": 1.1614, "2016-09-30": 0.8753, "2016-06-30": 0.9063, "2016-03-31": "1.09620", "2015-12-31": 1.1095, "2015-09-30": 1.0152, "2015-06-30": 0.7192, "2015-03-31": "1.02600", "2014-12-31": 0.8825, "2014-09-30": 0.9154, "2014-06-30": 0.5879, "2014-03-31": "0.84800", "2013-12-31": 0.4597, "2013-09-30": 0.7557, "2013-06-30": 0.6247, "2013-03-31": "0.81660", "2012-12-31": 0.6545, "2012-09-30": 0.6408, "2012-06-30": 0.6377, "2012-03-31": "0.80050", "2011-12-31": 0.7337, "2011-09-30": 0.6012, "2011-06-30": 0.6288, "2011-03-31": "0.61820", "2010-12-31": 0.6063, "2010-09-30": 0.4311, "2010-06-30": 0.4331, "2010-03-31": "0.51160", "2009-12-31": 0.4393, "2009-09-30": 0.4582, "2009-06-30": 0.4497, "2009-03-31": "0.43460", "2008-12-31": 0.4704, "2008-09-30": 0.4329, "2008-06-30": 0.4552, "2008-03-31": "0.37440", "2007-12-31": 0.4258, "2007-09-30": 0.2621, "2007-06-30": 0.3099, "2007-03-31": "0.31080", "2006-12-31": 0.2162, "2006-09-30": 0.3244, "2006-06-30": 0.2295, "2006-03-31": "0.27050", "2005-12-31": 0.1354, "2005-09-30": 0.2167, "2005-06-30": 0.178, "2005-03-31": "0.19980"}, "Free Cash Flow Per Share": {"2020-12-31": 0.3974, "2020-09-30": 0.5157, "2020-06-30": 1.3539, "2020-03-31": "0.77370", "2019-12-31": 0.6054, "2019-09-30": 0.513, "2019-06-30": 0.984, "2019-03-31": "1.07070", "2018-12-31": 0.5381, "2018-09-30": 0.7494, "2018-06-30": 1.0207, "2018-03-31": "0.72260", "2017-12-31": 0.5349, "2017-09-30": 0.5487, "2017-06-30": 0.554, "2017-03-31": "0.70720", "2016-12-31": 0.6075, "2016-09-30": 0.3559, "2016-06-30": 0.4245, "2016-03-31": "0.68510", "2015-12-31": 0.5809, "2015-09-30": 0.5637, "2015-06-30": 0.3183, "2015-03-31": "0.68370", "2014-12-31": 0.4567, "2014-09-30": 0.5364, "2014-06-30": 0.2421, "2014-03-31": "0.57430", "2013-12-31": 0.0497, "2013-09-30": 0.3545, "2013-06-30": 0.0955, "2013-03-31": "0.56220", "2012-12-31": 0.3509, "2012-09-30": 0.3458, "2012-06-30": 0.3987, "2012-03-31": "0.58660", "2011-12-31": 0.4639, "2011-09-30": 0.3419, "2011-06-30": 0.3999, "2011-03-31": "0.42100", "2010-12-31": 0.3368, "2010-09-30": 0.1865, "2010-06-30": 0.2306, "2010-03-31": "0.34860", "2009-12-31": 0.1621, "2009-09-30": 0.2431, "2009-06-30": 0.2559, "2009-03-31": "0.23390", "2008-12-31": 0.1878, "2008-09-30": 0.2013, "2008-06-30": 0.2327, "2008-03-31": "0.13720", "2007-12-31": 0.1768, "2007-09-30": 0.0128, "2007-06-30": 0.0541, "2007-03-31": "0.08080", "2006-12-31": 0.0074, "2006-09-30": 0.1332, "2006-06-30": 0.0751, "2006-03-31": "0.13380", "2005-12-31": 0.0042, "2005-09-30": 0.0778, "2005-06-30": 0.0353, "2005-03-31": "0.06600"}}, "revenue": {"Comcast Annual Revenue (Millions of US $)": {"2020": "$103,564", "2019": "$108,942", "2018": "$94,507", "2017": "$85,029", "2016": "$80,736", "2015": "$74,510", "2014": "$68,775", "2013": "$64,657", "2012": "$62,570", "2011": "$55,842", "2010": "$37,937", "2009": "$35,756", "2008": "$34,423", "2007": "$31,060", "2006": "$24,966", "2005": "$21,075"}, "Comcast Quarterly Revenue (Millions of US $)": {"2020-12-31": "$27,708", "2020-09-30": "$25,532", "2020-06-30": "$23,715", "2020-03-31": "$26,609", "2019-12-31": "$28,398", "2019-09-30": "$26,827", "2019-06-30": "$26,858", "2019-03-31": "$26,859", "2018-12-31": "$27,846", "2018-09-30": "$22,135", "2018-06-30": "$21,735", "2018-03-31": "$22,791", "2017-12-31": "$22,075", "2017-09-30": "$21,081", "2017-06-30": "$21,286", "2017-03-31": "$20,587", "2016-12-31": "$21,358", "2016-09-30": "$21,319", "2016-06-30": "$19,269", "2016-03-31": "$18,790", "2015-12-31": "$19,245", "2015-09-30": "$18,669", "2015-06-30": "$18,743", "2015-03-31": "$17,853", "2014-12-31": "$17,732", "2014-09-30": "$16,791", "2014-06-30": "$16,844", "2014-03-31": "$17,408", "2013-12-31": "$16,926", "2013-09-30": "$16,151", "2013-06-30": "$16,270", "2013-03-31": "$15,310", "2012-12-31": "$15,937", "2012-09-30": "$16,544", "2012-06-30": "$15,211", "2012-03-31": "$14,878", "2011-12-31": "$15,042", "2011-09-30": "$14,339", "2011-06-30": "$14,333", "2011-03-31": "$12,128", "2010-12-31": "$9,721", "2010-09-30": "$9,489", "2010-06-30": "$9,525", "2010-03-31": "$9,202", "2009-12-31": "$9,067", "2009-09-30": "$8,845", "2009-06-30": "$8,978", "2009-03-31": "$8,866", "2008-12-31": "$8,932", "2008-09-30": "$8,549", "2008-06-30": "$8,553", "2008-03-31": "$8,389", "2007-12-31": "$8,179", "2007-09-30": "$7,781", "2007-06-30": "$7,712", "2007-03-31": "$7,388", "2006-12-31": "$7,031", "2006-09-30": "$6,432", "2006-06-30": "$5,908", "2006-03-31": "$5,595", "2005-12-31": "$4,830", "2005-09-30": "$5,284", "2005-06-30": "$5,598", "2005-03-31": "$5,363"}}, "gross-profit": {"Comcast Annual Gross Profit (Millions of US $)": {"2020": "$37,334", "2019": "$41,695", "2018": "$36,721", "2017": "$34,225", "2016": "$32,548", "2015": "$30,635", "2014": "$28,024", "2013": "$26,412", "2012": "$24,808", "2011": "$22,600", "2010": "$17,005", "2009": "$13,714", "2008": "$20,761", "2007": "$18,726", "2006": "$15,147", "2005": "$13,562"}, "Comcast Quarterly Gross Profit (Millions of US $)": {"2020-12-31": "$9,120", "2020-09-30": "$8,908", "2020-06-30": "$9,252", "2020-03-31": "$10,054", "2019-12-31": "$10,367", "2019-09-30": "$10,421", "2019-06-30": "$10,517", "2019-03-31": "$10,390", "2018-12-31": "$9,823", "2018-09-30": "$8,980", "2018-06-30": "$9,070", "2018-03-31": "$8,848", "2017-12-31": "$8,363", "2017-09-30": "$8,487", "2017-06-30": "$8,788", "2017-03-31": "$8,587", "2016-12-31": "$8,381", "2016-09-30": "$8,320", "2016-06-30": "$8,014", "2016-03-31": "$7,833", "2015-12-31": "$7,822", "2015-09-30": "$7,697", "2015-06-30": "$7,800", "2015-03-31": "$7,316", "2014-12-31": "$7,223", "2014-09-30": "$7,002", "2014-06-30": "$7,048", "2014-03-31": "$6,751", "2013-12-31": "$6,886", "2013-09-30": "$6,613", "2013-06-30": "$6,732", "2013-03-31": "$6,181", "2012-12-31": "$6,378", "2012-09-30": "$6,238", "2012-06-30": "$6,295", "2012-03-31": "$5,897", "2011-12-31": "$9,159", "2011-09-30": "$4,574", "2011-06-30": "$4,801", "2011-03-31": "$4,066", "2010-12-31": "$6,125", "2010-09-30": "$3,578", "2010-06-30": "$3,737", "2010-03-31": "$3,565", "2009-12-31": "$-2,272", "2009-09-30": "$5,315", "2009-06-30": "$5,397", "2009-03-31": "$5,274", "2008-12-31": "$5,310", "2008-09-30": "$5,204", "2008-06-30": "$5,219", "2008-03-31": "$5,028", "2007-12-31": "$4,117", "2007-09-30": "$5,022", "2007-06-30": "$4,958", "2007-03-31": "$4,629", "2006-12-31": "$3,689", "2006-09-30": "$4,158", "2006-06-30": "$3,778", "2006-03-31": "$3,522", "2005-12-31": "$3,112", "2005-09-30": "$3,390", "2005-06-30": "$3,654", "2005-03-31": "$3,406"}}, "operating-income": {"Comcast Annual Operating Income (Millions of US $)": {"2020": "$17,493", "2019": "$21,125", "2018": "$19,009", "2017": "$18,018", "2016": "$16,831", "2015": "$15,998", "2014": "$14,904", "2013": "$13,563", "2012": "$12,179", "2011": "$10,721", "2010": "$7,980", "2009": "$7,214", "2008": "$6,732", "2007": "$5,578", "2006": "$4,619", "2005": "$3,521"}, "Comcast Quarterly Operating Income (Millions of US $)": {"2020-12-31": "$3,918", "2020-09-30": "$4,076", "2020-06-30": "$4,647", "2020-03-31": "$4,852", "2019-12-31": "$5,247", "2019-09-30": "$5,340", "2019-06-30": "$5,356", "2019-03-31": "$5,182", "2018-12-31": "$4,514", "2018-09-30": "$4,836", "2018-06-30": "$5,014", "2018-03-31": "$4,645", "2017-12-31": "$4,129", "2017-09-30": "$4,779", "2017-06-30": "$4,568", "2017-03-31": "$4,542", "2016-12-31": "$4,236", "2016-09-30": "$4,440", "2016-06-30": "$4,066", "2016-03-31": "$4,089", "2015-12-31": "$4,002", "2015-09-30": "$4,001", "2015-06-30": "$4,105", "2015-03-31": "$3,890", "2014-12-31": "$3,787", "2014-09-30": "$3,745", "2014-06-30": "$3,804", "2014-03-31": "$3,568", "2013-12-31": "$3,647", "2013-09-30": "$3,414", "2013-06-30": "$3,435", "2013-03-31": "$3,067", "2012-12-31": "$3,294", "2012-09-30": "$3,048", "2012-06-30": "$3,079", "2012-03-31": "$2,758", "2011-12-31": "$2,918", "2011-09-30": "$2,641", "2011-06-30": "$2,938", "2011-03-31": "$2,224", "2010-12-31": "$2,013", "2010-09-30": "$1,954", "2010-06-30": "$2,078", "2010-03-31": "$1,935", "2009-12-31": "$1,817", "2009-09-30": "$1,711", "2009-06-30": "$1,875", "2009-03-31": "$1,811", "2008-12-31": "$1,757", "2008-09-30": "$1,670", "2008-06-30": "$1,750", "2008-03-31": "$1,555", "2007-12-31": "$1,458", "2007-09-30": "$1,391", "2007-06-30": "$1,468", "2007-03-31": "$1,261", "2006-12-31": "$1,218", "2006-09-30": "$1,224", "2006-06-30": "$1,173", "2006-03-31": "$1,004", "2005-12-31": "$766", "2005-09-30": "$841", "2005-06-30": "$1,048", "2005-03-31": "$866"}}, "ebitda": {"Comcast Annual EBITDA (Millions of US $)": {"2020": "$30,593", "2019": "$34,078", "2018": "$29,685", "2017": "$27,706", "2016": "$26,257", "2015": "$24,678", "2014": "$22,923", "2013": "$21,434", "2012": "$19,977", "2011": "$25,144", "2010": "$14,783", "2009": "$14,063", "2008": "$13,132", "2007": "$11,786", "2006": "$9,442", "2005": "$8,072"}, "Comcast Quarterly EBITDA (Millions of US $)": {"2020-12-31": "$7,170", "2020-09-30": "$7,396", "2020-06-30": "$7,911", "2020-03-31": "$8,116", "2019-12-31": "$8,424", "2019-09-30": "$8,520", "2019-06-30": "$8,632", "2019-03-31": "$8,502", "2018-12-31": "$7,711", "2018-09-30": "$7,313", "2018-06-30": "$7,417", "2018-03-31": "$7,244", "2017-12-31": "$6,738", "2017-09-30": "$6,883", "2017-06-30": "$7,075", "2017-03-31": "$7,010", "2016-12-31": "$6,600", "2016-09-30": "$6,835", "2016-06-30": "$6,455", "2016-03-31": "$6,367", "2015-12-31": "$6,272", "2015-09-30": "$6,184", "2015-06-30": "$6,266", "2015-03-31": "$5,956", "2014-12-31": "$5,877", "2014-09-30": "$5,704", "2014-06-30": "$5,804", "2014-03-31": "$5,538", "2013-12-31": "$5,645", "2013-09-30": "$5,330", "2013-06-30": "$3,453", "2013-03-31": "$7,006", "2012-12-31": "$-2,018", "2012-09-30": "$8,147", "2012-06-30": "$7,007", "2012-03-31": "$6,841", "2011-12-31": "$6,934", "2011-09-30": "$6,454", "2011-06-30": "$6,506", "2011-03-31": "$5,250", "2010-12-31": "$3,804", "2010-09-30": "$3,624", "2010-06-30": "$3,765", "2010-03-31": "$3,590", "2009-12-31": "$3,758", "2009-09-30": "$3,326", "2009-06-30": "$3,535", "2009-03-31": "$3,444", "2008-12-31": "$3,370", "2008-09-30": "$3,237", "2008-06-30": "$3,351", "2008-03-31": "$3,174", "2007-12-31": "$3,082", "2007-09-30": "$2,929", "2007-06-30": "$3,012", "2007-03-31": "$2,763", "2006-12-31": "$2,594", "2006-09-30": "$2,437", "2006-06-30": "$2,311", "2006-03-31": "$2,100", "2005-12-31": "$1,957", "2005-09-30": "$1,876", "2005-06-30": "$2,209", "2005-03-31": "$2,030"}}, "net-income": {"Comcast Annual Net Income (Millions of US $)": {"2020": "$10,534", "2019": "$13,057", "2018": "$11,731", "2017": "$22,735", "2016": "$8,678", "2015": "$8,163", "2014": "$8,380", "2013": "$6,816", "2012": "$6,203", "2011": "$4,160", "2010": "$3,635", "2009": "$3,638", "2008": "$2,547", "2007": "$2,587", "2006": "$2,533", "2005": "$928"}, "Comcast Quarterly Net Income (Millions of US $)": {"2020-12-31": "$3,380", "2020-09-30": "$2,019", "2020-06-30": "$2,988", "2020-03-31": "$2,147", "2019-12-31": "$3,162", "2019-09-30": "$3,217", "2019-06-30": "$3,125", "2019-03-31": "$3,553", "2018-12-31": "$2,511", "2018-09-30": "$2,886", "2018-06-30": "$3,216", "2018-03-31": "$3,118", "2017-12-31": "$14,999", "2017-09-30": "$2,642", "2017-06-30": "$2,521", "2017-03-31": "$2,573", "2016-12-31": "$2,279", "2016-09-30": "$2,237", "2016-06-30": "$2,028", "2016-03-31": "$2,134", "2015-12-31": "$1,971", "2015-09-30": "$1,996", "2015-06-30": "$2,137", "2015-03-31": "$2,059", "2014-12-31": "$1,925", "2014-09-30": "$2,592", "2014-06-30": "$1,992", "2014-03-31": "$1,871", "2013-12-31": "$1,913", "2013-09-30": "$1,732", "2013-06-30": "$1,734", "2013-03-31": "$1,437", "2012-12-31": "$1,518", "2012-09-30": "$2,113", "2012-06-30": "$1,348", "2012-03-31": "$1,224", "2011-12-31": "$1,287", "2011-09-30": "$908", "2011-06-30": "$1,022", "2011-03-31": "$943", "2010-12-31": "$1,018", "2010-09-30": "$867", "2010-06-30": "$884", "2010-03-31": "$866", "2009-12-31": "$955", "2009-09-30": "$944", "2009-06-30": "$967", "2009-03-31": "$772", "2008-12-31": "$412", "2008-09-30": "$771", "2008-06-30": "$632", "2008-03-31": "$732", "2007-12-31": "$602", "2007-09-30": "$560", "2007-06-30": "$588", "2007-03-31": "$837", "2006-12-31": "$390", "2006-09-30": "$1,217", "2006-06-30": "$460", "2006-03-31": "$466", "2005-12-31": "$133", "2005-09-30": "$222", "2005-06-30": "$430", "2005-03-31": "$143"}}, "eps-earnings-per-share-diluted": {"Comcast Annual EPS": {"2020": "$2.28", "2019": "$2.83", "2018": "$2.53", "2017": "$4.75", "2016": "$1.78", "2015": "$1.62", "2014": "$1.60", "2013": "$1.28", "2012": "$1.14", "2011": "$0.75", "2010": "$0.65", "2009": "$0.63", "2008": "$0.43", "2007": "$0.42", "2006": "$0.40", "2005": "$0.14"}, "Comcast Quarterly EPS": {"2020-12-31": "$0.73", "2020-09-30": "$0.44", "2020-06-30": "$0.65", "2020-03-31": "$0.46", "2019-12-31": "$0.68", "2019-09-30": "$0.70", "2019-06-30": "$0.68", "2019-03-31": "$0.77", "2018-12-31": "$0.56", "2018-09-30": "$0.62", "2018-06-30": "$0.69", "2018-03-31": "$0.66", "2017-12-31": "$3.15", "2017-09-30": "$0.55", "2017-06-30": "$0.52", "2017-03-31": "$0.53", "2016-12-31": "$0.48", "2016-09-30": "$0.46", "2016-06-30": "$0.41", "2016-03-31": "$0.43", "2015-12-31": "$0.40", "2015-09-30": "$0.40", "2015-06-30": "$0.42", "2015-03-31": "$0.41", "2014-12-31": "$0.37", "2014-09-30": "$0.50", "2014-06-30": "$0.38", "2014-03-31": "$0.36", "2013-12-31": "$0.36", "2013-09-30": "$0.33", "2013-06-30": "$0.33", "2013-03-31": "$0.27", "2012-12-31": "$0.28", "2012-09-30": "$0.39", "2012-06-30": "$0.25", "2012-03-31": "$0.23", "2011-12-31": "$0.23", "2011-09-30": "$0.17", "2011-06-30": "$0.19", "2011-03-31": "$0.17", "2010-12-31": "$0.18", "2010-09-30": "$0.16", "2010-06-30": "$0.16", "2010-03-31": "$0.16", "2009-12-31": "$0.17", "2009-09-30": "$0.17", "2009-06-30": "$0.17", "2009-03-31": "$0.14", "2008-12-31": "$0.08", "2008-09-30": "$0.13", "2008-06-30": "$0.11", "2008-03-31": "$0.12", "2007-12-31": "$0.10", "2007-09-30": "$0.09", "2007-06-30": "$0.10", "2007-03-31": "$0.13", "2006-12-31": "$0.06", "2006-09-30": "$0.19", "2006-06-30": "$0.08", "2006-03-31": "$0.08", "2005-12-31": "$0.02", "2005-09-30": "$0.03", "2005-06-30": "$0.06", "2005-03-31": "$0.02"}}, "shares-outstanding": {"Comcast Annual Shares Outstanding (Millions of Shares)": {"2020": "4,624", "2019": "4,610", "2018": "4,640", "2017": "4,786", "2016": "4,875", "2015": "5,035", "2014": "5,240", "2013": "5,330", "2012": "5,434", "2011": "5,556", "2010": "5,640", "2009": "5,770", "2008": "5,904", "2007": "6,258", "2006": "6,360", "2005": "6,624"}, "Comcast Quarterly Shares Outstanding (Millions of Shares)": {"2020-12-31": "4,624", "2020-09-30": "4,628", "2020-06-30": "4,607", "2020-03-31": "4,617", "2019-12-31": "4,610", "2019-09-30": "4,619", "2019-06-30": "4,607", "2019-03-31": "4,594", "2018-12-31": "4,640", "2018-09-30": "4,619", "2018-06-30": "4,643", "2018-03-31": "4,705", "2017-12-31": "4,786", "2017-09-30": "4,777", "2017-06-30": "4,809", "2017-03-31": "4,832", "2016-12-31": "4,875", "2016-09-30": "4,861", "2016-06-30": "4,891", "2016-03-31": "4,925", "2015-12-31": "5,035", "2015-09-30": "5,004", "2015-06-30": "5,062", "2015-03-31": "5,112", "2014-12-31": "5,240", "2014-09-30": "5,232", "2014-06-30": "5,256", "2014-03-31": "5,290", "2013-12-31": "5,330", "2013-09-30": "5,316", "2013-06-30": "5,332", "2013-03-31": "5,350", "2012-12-31": "5,434", "2012-09-30": "5,406", "2012-06-30": "5,434", "2012-03-31": "5,488", "2011-12-31": "5,556", "2011-09-30": "5,522", "2011-06-30": "5,578", "2011-03-31": "5,610", "2010-12-31": "5,640", "2010-09-30": "5,620", "2010-06-30": "5,644", "2010-03-31": "5,674", "2009-12-31": "5,770", "2009-09-30": "5,754", "2009-06-30": "5,782", "2009-03-31": "5,780", "2008-12-31": "5,904", "2008-09-30": "5,840", "2008-06-30": "5,940", "2008-03-31": "6,034", "2007-12-31": "6,258", "2007-09-30": "6,236", "2007-06-30": "6,294", "2007-03-31": "6,322", "2006-12-31": "6,360", "2006-09-30": "6,326", "2006-06-30": "6,368", "2006-03-31": "6,426", "2005-12-31": "6,624", "2005-09-30": "6,627", "2005-06-30": "6,663", "2005-03-31": "6,666"}}, "total-assets": {"Comcast Annual Total Assets (Millions of US $)": {"2020": "$273,869", "2019": "$263,414", "2018": "$251,684", "2017": "$187,462", "2016": "$180,500", "2015": "$166,574", "2014": "$159,186", "2013": "$158,813", "2012": "$164,971", "2011": "$157,818", "2010": "$118,534", "2009": "$112,733", "2008": "$113,017", "2007": "$113,417", "2006": "$110,405", "2005": "$103,400"}, "Comcast Quarterly Total Assets (Millions of US $)": {"2020-12-31": "$273,869", "2020-09-30": "$268,940", "2020-06-30": "$265,978", "2020-03-31": "$262,421", "2019-12-31": "$263,414", "2019-09-30": "$256,374", "2019-06-30": "$256,555", "2019-03-31": "$256,189", "2018-12-31": "$251,684", "2018-09-30": "$200,635", "2018-06-30": "$191,248", "2018-03-31": "$190,876", "2017-12-31": "$187,462", "2017-09-30": "$185,301", "2017-06-30": "$183,031", "2017-03-31": "$182,479", "2016-12-31": "$180,500", "2016-09-30": "$177,924", "2016-06-30": "$171,985", "2016-03-31": "$170,599", "2015-12-31": "$166,574", "2015-09-30": "$158,958", "2015-06-30": "$159,674", "2015-03-31": "$158,757", "2014-12-31": "$159,186", "2014-09-30": "$159,237", "2014-06-30": "$157,459", "2014-03-31": "$157,773", "2013-12-31": "$158,813", "2013-09-30": "$156,595", "2013-06-30": "$156,819", "2013-03-31": "$156,364", "2012-12-31": "$164,971", "2012-09-30": "$162,454", "2012-06-30": "$157,688", "2012-03-31": "$157,949", "2011-12-31": "$157,818", "2011-09-30": "$156,827", "2011-06-30": "$154,782", "2011-03-31": "$154,259", "2010-12-31": "$118,534", "2010-09-30": "$116,525", "2010-06-30": "$115,627", "2010-03-31": "$115,420", "2009-12-31": "$112,733", "2009-09-30": "$112,463", "2009-06-30": "$115,237", "2009-03-31": "$113,071", "2008-12-31": "$113,017", "2008-09-30": "$114,496", "2008-06-30": "$113,897", "2008-03-31": "$112,824", "2007-12-31": "$113,417", "2007-09-30": "$113,171", "2007-06-30": "$110,756", "2007-03-31": "$110,337", "2006-12-31": "$110,405", "2006-09-30": "$107,972", "2006-06-30": "$103,088", "2006-03-31": "$102,982", "2005-12-31": "$103,400", "2005-09-30": "$103,397", "2005-06-30": "$105,347", "2005-03-31": "$104,238"}}, "cash-on-hand": {"Comcast Annual Cash on Hand (Millions of US $)": {"2020": "$11,740", "2019": "$5,500", "2018": "$3,814", "2017": "$3,428", "2016": "$3,301", "2015": "$2,295", "2014": "$4,512", "2013": "$5,291", "2012": "$12,415", "2011": "$1,674", "2010": "$5,984", "2009": "$721", "2008": "$1,254", "2007": "$1,061", "2006": "$2,974", "2005": "$1,095"}, "Comcast Quarterly Cash on Hand (Millions of US $)": {"2020-12-31": "$11,740", "2020-09-30": "$13,707", "2020-06-30": "$13,935", "2020-03-31": "$8,516", "2019-12-31": "$5,500", "2019-09-30": "$3,507", "2019-06-30": "$3,919", "2019-03-31": "$3,498", "2018-12-31": "$3,814", "2018-09-30": "$10,616", "2018-06-30": "$5,726", "2018-03-31": "$6,030", "2017-12-31": "$3,428", "2017-09-30": "$4,114", "2017-06-30": "$2,693", "2017-03-31": "$4,022", "2016-12-31": "$3,301", "2016-09-30": "$2,807", "2016-06-30": "$4,665", "2016-03-31": "$5,628", "2015-12-31": "$2,295", "2015-09-30": "$2,030", "2015-06-30": "$3,630", "2015-03-31": "$4,095", "2014-12-31": "$4,512", "2014-09-30": "$5,078", "2014-06-30": "$3,854", "2014-03-31": "$5,443", "2013-12-31": "$5,291", "2013-09-30": "$5,735", "2013-06-30": "$5,154", "2013-03-31": "$4,680", "2012-12-31": "$12,415", "2012-09-30": "$10,300", "2012-06-30": "$4,332", "2012-03-31": "$2,207", "2011-12-31": "$1,674", "2011-09-30": "$1,806", "2011-06-30": "$1,997", "2011-03-31": "$1,896", "2010-12-31": "$5,984", "2010-09-30": "$4,614", "2010-06-30": "$4,081", "2010-03-31": "$3,524", "2009-12-31": "$721", "2009-09-30": "$918", "2009-06-30": "$4,051", "2009-03-31": "$1,938", "2008-12-31": "$1,254", "2008-09-30": "$2,917", "2008-06-30": "$2,062", "2008-03-31": "$721", "2007-12-31": "$1,061", "2007-09-30": "$3,014", "2007-06-30": "$1,223", "2007-03-31": "$2,285", "2006-12-31": "$2,974", "2006-09-30": "$3,430", "2006-06-30": "$1,786", "2006-03-31": "$2,512", "2005-12-31": "$1,095", "2005-09-30": "$786", "2005-06-30": "$2,183", "2005-03-31": "$1,586"}}, "long-term-debt": {"Comcast Annual Long Term Debt (Millions of US $)": {"2020": "$105,782", "2019": "$102,931", "2018": "$107,345", "2017": "$59,422", "2016": "$55,566", "2015": "$48,994", "2014": "$43,864", "2013": "$44,567", "2012": "$38,082", "2011": "$37,942", "2010": "$29,615", "2009": "$27,940", "2008": "$30,178", "2007": "$29,828", "2006": "$27,992", "2005": "$21,682"}, "Comcast Quarterly Long Term Debt (Millions of US $)": {"2020-12-31": "$105,782", "2020-09-30": "$105,162", "2020-06-30": "$105,931", "2020-03-31": "$105,770", "2019-12-31": "$102,931", "2019-09-30": "$105,012", "2019-06-30": "$101,248", "2019-03-31": "$104,464", "2018-12-31": "$107,345", "2018-09-30": "$69,711", "2018-06-30": "$61,946", "2018-03-31": "$63,678", "2017-12-31": "$59,422", "2017-09-30": "$59,720", "2017-06-30": "$57,210", "2017-03-31": "$58,276", "2016-12-31": "$55,566", "2016-09-30": "$57,095", "2016-06-30": "$52,629", "2016-03-31": "$51,515", "2015-12-31": "$48,994", "2015-09-30": "$44,605", "2015-06-30": "$44,636", "2015-03-31": "$42,953", "2014-12-31": "$43,864", "2014-09-30": "$44,827", "2014-06-30": "$43,602", "2014-03-31": "$44,581", "2013-12-31": "$44,567", "2013-09-30": "$44,188", "2013-06-30": "$44,114", "2013-03-31": "$45,049", "2012-12-31": "$38,082", "2012-09-30": "$35,791", "2012-06-30": "$34,175", "2012-03-31": "$35,080", "2011-12-31": "$37,942", "2011-09-30": "$38,522", "2011-06-30": "$38,209", "2011-03-31": "$38,130", "2010-12-31": "$29,615", "2010-09-30": "$28,738", "2010-06-30": "$28,684", "2010-03-31": "$28,582", "2009-12-31": "$27,940", "2009-09-30": "$28,493", "2009-06-30": "$28,870", "2009-03-31": "$29,415", "2008-12-31": "$30,178", "2008-09-30": "$30,601", "2008-06-30": "$30,624", "2008-03-31": "$30,009", "2007-12-31": "$29,828", "2007-09-30": "$30,340", "2007-06-30": "$27,794", "2007-03-31": "$27,222", "2006-12-31": "$27,992", "2006-09-30": "$26,446", "2006-06-30": "$23,360", "2006-03-31": "$23,249", "2005-12-31": "$21,682", "2005-09-30": "$20,107", "2005-06-30": "$19,746", "2005-03-31": "$19,317"}}, "total-liabilities": {"Comcast Annual Total Liabilities (Millions of US $)": {"2020": "$182,131", "2019": "$179,540", "2018": "$179,182", "2017": "$118,003", "2016": "$124,326", "2015": "$112,596", "2014": "$106,118", "2013": "$107,755", "2012": "$115,175", "2011": "$110,163", "2010": "$74,100", "2009": "$69,922", "2008": "$72,441", "2007": "$72,077", "2006": "$69,238", "2005": "$63,181"}, "Comcast Quarterly Total Liabilities (Millions of US $)": {"2020-12-31": "$182,131", "2020-09-30": "$181,369", "2020-06-30": "$181,187", "2020-03-31": "$179,638", "2019-12-31": "$179,540", "2019-09-30": "$177,214", "2019-06-30": "$178,725", "2019-03-31": "$180,327", "2018-12-31": "$179,182", "2018-09-30": "$128,290", "2018-06-30": "$119,505", "2018-03-31": "$120,166", "2017-12-31": "$118,003", "2017-09-30": "$129,038", "2017-06-30": "$127,183", "2017-03-31": "$124,831", "2016-12-31": "$124,326", "2016-09-30": "$122,101", "2016-06-30": "$116,709", "2016-03-31": "$116,087", "2015-12-31": "$112,596", "2015-09-30": "$106,993", "2015-06-30": "$106,945", "2015-03-31": "$106,246", "2014-12-31": "$106,118", "2014-09-30": "$105,584", "2014-06-30": "$105,127", "2014-03-31": "$106,141", "2013-12-31": "$107,755", "2013-09-30": "$106,461", "2013-06-30": "$107,333", "2013-03-31": "$107,713", "2012-12-31": "$115,175", "2012-09-30": "$113,113", "2012-06-30": "$109,509", "2012-03-31": "$110,128", "2011-12-31": "$110,163", "2011-09-30": "$109,815", "2011-06-30": "$107,877", "2011-03-31": "$107,652", "2010-12-31": "$74,100", "2010-09-30": "$72,657", "2010-06-30": "$72,103", "2010-03-31": "$72,241", "2009-12-31": "$69,922", "2009-09-30": "$70,082", "2009-06-30": "$73,423", "2009-03-31": "$71,882", "2008-12-31": "$72,441", "2008-09-30": "$74,292", "2008-06-30": "$73,560", "2008-03-31": "$72,026", "2007-12-31": "$72,077", "2007-09-30": "$71,283", "2007-06-30": "$68,931", "2007-03-31": "$68,499", "2006-12-31": "$69,238", "2006-09-30": "$67,250", "2006-06-30": "$63,181", "2006-03-31": "$62,956", "2005-12-31": "$63,181", "2005-09-30": "$62,392", "2005-06-30": "$63,929", "2005-03-31": "$62,882"}}, "total-share-holder-equity": {"Comcast Annual Share Holder Equity (Millions of US $)": {"2020": "$91,738", "2019": "$83,874", "2018": "$72,502", "2017": "$69,459", "2016": "$56,174", "2015": "$53,978", "2014": "$53,068", "2013": "$51,058", "2012": "$49,796", "2011": "$47,655", "2010": "$44,434", "2009": "$42,811", "2008": "$40,576", "2007": "$41,340", "2006": "$41,167", "2005": "$40,219"}, "Comcast Quarterly Share Holder Equity (Millions of US $)": {"2020-12-31": "$91,738", "2020-09-30": "$87,571", "2020-06-30": "$84,791", "2020-03-31": "$82,783", "2019-12-31": "$83,874", "2019-09-30": "$79,160", "2019-06-30": "$77,830", "2019-03-31": "$75,862", "2018-12-31": "$72,502", "2018-09-30": "$72,345", "2018-06-30": "$71,743", "2018-03-31": "$70,710", "2017-12-31": "$69,459", "2017-09-30": "$56,263", "2017-06-30": "$55,848", "2017-03-31": "$57,648", "2016-12-31": "$56,174", "2016-09-30": "$55,823", "2016-06-30": "$55,276", "2016-03-31": "$54,512", "2015-12-31": "$53,978", "2015-09-30": "$51,965", "2015-06-30": "$52,729", "2015-03-31": "$52,511", "2014-12-31": "$53,068", "2014-09-30": "$53,653", "2014-06-30": "$52,332", "2014-03-31": "$51,632", "2013-12-31": "$51,058", "2013-09-30": "$50,134", "2013-06-30": "$49,486", "2013-03-31": "$48,651", "2012-12-31": "$49,796", "2012-09-30": "$49,341", "2012-06-30": "$48,179", "2012-03-31": "$47,821", "2011-12-31": "$47,655", "2011-09-30": "$47,012", "2011-06-30": "$46,905", "2011-03-31": "$46,607", "2010-12-31": "$44,434", "2010-09-30": "$43,868", "2010-06-30": "$43,524", "2010-03-31": "$43,179", "2009-12-31": "$42,811", "2009-09-30": "$42,381", "2009-06-30": "$41,814", "2009-03-31": "$41,189", "2008-12-31": "$40,576", "2008-09-30": "$40,204", "2008-06-30": "$40,337", "2008-03-31": "$40,798", "2007-12-31": "$41,340", "2007-09-30": "$41,888", "2007-06-30": "$41,825", "2007-03-31": "$41,838", "2006-12-31": "$41,167", "2006-09-30": "$40,722", "2006-06-30": "$39,907", "2006-03-31": "$40,026", "2005-12-31": "$40,219", "2005-09-30": "$41,005", "2005-06-30": "$41,418", "2005-03-31": "$41,356"}}, "profit-margins": {"current": "10.17%"}, "gross margin": {"2020-12-31": "36.05%", "2020-09-30": "37.01%", "2020-06-30": "37.99%", "2020-03-31": "38.05%", "2019-12-31": "38.27%", "2019-09-30": "37.97%", "2019-06-30": "38.29%", "2019-03-31": "38.82%", "2018-12-31": "38.86%", "2018-09-30": "39.74%", "2018-06-30": "39.65%", "2018-03-31": "39.53%", "2017-12-31": "40.25%", "2017-09-30": "40.61%", "2017-06-30": "40.30%", "2017-03-31": "40.35%", "2016-12-31": "40.31%", "2016-09-30": "40.69%", "2016-06-30": "41.29%", "2016-03-31": "41.29%", "2015-12-31": "41.12%", "2015-09-30": "41.15%", "2015-06-30": "41.26%", "2015-03-31": "41.30%", "2014-12-31": "40.75%", "2014-09-30": "40.73%", "2014-06-30": "40.54%", "2014-03-31": "40.42%", "2013-12-31": "40.85%", "2013-09-30": "40.69%", "2013-06-30": "39.85%", "2013-03-31": "39.83%", "2012-12-31": "39.65%", "2012-09-30": "44.73%", "2012-06-30": "43.59%", "2012-03-31": "41.70%", "2011-12-31": "40.47%", "2011-09-30": "38.73%", "2011-06-30": "40.66%", "2011-03-31": "42.84%", "2010-12-31": "44.82%", "2010-09-30": "23.09%", "2010-06-30": "28.23%", "2010-03-31": "33.26%", "2009-12-31": "38.35%", "2009-09-30": "59.78%", "2009-06-30": "59.97%", "2009-03-31": "60.19%", "2008-12-31": "60.31%", "2008-09-30": "58.12%", "2008-06-30": "58.92%", "2008-03-31": "59.65%", "2007-12-31": "60.29%", "2007-09-30": "61.17%", "2007-06-30": "61.04%", "2007-03-31": "60.74%", "2006-12-31": "60.67%", "2006-09-30": "64.00%", "2006-06-30": "63.85%", "2006-03-31": "64.19%", "2005-12-31": "64.35%"}, "operating margin": {"2020-12-31": "16.89%", "2020-09-30": "18.05%", "2020-06-30": "19.03%", "2020-03-31": "19.13%", "2019-12-31": "19.39%", "2019-09-30": "18.81%", "2019-06-30": "19.18%", "2019-03-31": "19.83%", "2018-12-31": "20.11%", "2018-09-30": "20.99%", "2018-06-30": "21.18%", "2018-03-31": "20.77%", "2017-12-31": "21.19%", "2017-09-30": "21.50%", "2017-06-30": "21.04%", "2017-03-31": "20.94%", "2016-12-31": "20.85%", "2016-09-30": "21.11%", "2016-06-30": "21.27%", "2016-03-31": "21.47%", "2015-12-31": "21.47%", "2015-09-30": "21.62%", "2015-06-30": "21.83%", "2015-03-31": "22.00%", "2014-12-31": "21.67%", "2014-09-30": "21.72%", "2014-06-30": "21.44%", "2014-03-31": "21.07%", "2013-12-31": "20.98%", "2013-09-30": "20.75%", "2013-06-30": "20.05%", "2013-03-31": "19.82%", "2012-12-31": "19.46%", "2012-09-30": "19.14%", "2012-06-30": "19.16%", "2012-03-31": "19.21%", "2011-12-31": "19.20%", "2011-09-30": "19.43%", "2011-06-30": "19.99%", "2011-03-31": "20.24%", "2010-12-31": "21.03%", "2010-09-30": "20.88%", "2010-06-30": "20.58%", "2010-03-31": "20.33%", "2009-12-31": "20.18%", "2009-09-30": "20.08%", "2009-06-30": "20.14%", "2009-03-31": "20.02%", "2008-12-31": "19.56%", "2008-09-30": "19.11%", "2008-06-30": "18.70%", "2008-03-31": "18.32%", "2007-12-31": "17.96%", "2007-09-30": "17.85%", "2007-06-30": "18.10%", "2007-03-31": "18.22%", "2006-12-31": "18.50%", "2006-09-30": "18.30%", "2006-06-30": "17.50%", "2006-03-31": "17.17%", "2005-12-31": "16.71%"}, "ebitda margin": {"2020-12-31": "29.54%", "2020-09-30": "30.55%", "2020-06-30": "31.24%", "2020-03-31": "31.00%", "2019-12-31": "31.28%", "2019-09-30": "30.78%", "2019-06-30": "31.01%", "2019-03-31": "31.39%", "2018-12-31": "31.41%", "2018-09-30": "32.36%", "2018-06-30": "32.26%", "2018-03-31": "32.03%", "2017-12-31": "32.58%", "2017-09-30": "32.70%", "2017-06-30": "32.55%", "2017-03-31": "32.59%", "2016-12-31": "32.52%", "2016-09-30": "32.98%", "2016-06-30": "33.27%", "2016-03-31": "33.25%", "2015-12-31": "33.12%", "2015-09-30": "33.27%", "2015-06-30": "33.47%", "2015-03-31": "33.72%", "2014-12-31": "33.33%", "2014-09-30": "33.38%", "2014-06-30": "33.15%", "2014-03-31": "29.91%", "2013-12-31": "33.15%", "2013-09-30": "21.63%", "2013-06-30": "25.89%", "2013-03-31": "31.97%", "2012-12-31": "31.93%", "2012-09-30": "46.91%", "2012-06-30": "45.80%", "2012-03-31": "45.63%", "2011-12-31": "45.03%", "2011-09-30": "43.57%", "2011-06-30": "42.00%", "2011-03-31": "40.24%", "2010-12-31": "38.97%", "2010-09-30": "39.53%", "2010-06-30": "39.41%", "2010-03-31": "39.37%", "2009-12-31": "39.33%", "2009-09-30": "38.39%", "2009-06-30": "38.46%", "2009-03-31": "38.40%", "2008-12-31": "38.15%", "2008-09-30": "38.15%", "2008-06-30": "38.10%", "2008-03-31": "38.04%", "2007-12-31": "37.95%", "2007-09-30": "37.77%", "2007-06-30": "37.83%", "2007-03-31": "37.76%", "2006-12-31": "37.82%", "2006-09-30": "38.68%", "2006-06-30": "38.14%", "2006-03-31": "38.21%", "2005-12-31": "38.30%"}, "pre tax profit margin": {"2020-12-31": "13.58%", "2020-09-30": "13.15%", "2020-06-30": "14.21%", "2020-03-31": "14.00%", "2019-12-31": "15.60%", "2019-09-30": "14.76%", "2019-06-30": "15.27%", "2019-03-31": "16.19%", "2018-12-31": "16.13%", "2018-09-30": "17.60%", "2018-06-30": "18.03%", "2018-03-31": "17.69%", "2017-12-31": "18.06%", "2017-09-30": "18.52%", "2017-06-30": "18.05%", "2017-03-31": "17.82%", "2016-12-31": "17.74%", "2016-09-30": "17.60%", "2016-06-30": "17.60%", "2016-03-31": "17.90%", "2015-12-31": "17.95%", "2015-09-30": "18.17%", "2015-06-30": "18.34%", "2015-03-31": "18.51%", "2014-12-31": "18.12%", "2014-09-30": "18.11%", "2014-06-30": "17.92%", "2014-03-31": "17.38%", "2013-12-31": "17.19%", "2013-09-30": "16.88%", "2013-06-30": "19.25%", "2013-03-31": "19.02%", "2012-12-31": "18.55%", "2012-09-30": "18.50%", "2012-06-30": "14.85%", "2012-03-31": "14.97%", "2011-12-31": "14.70%", "2011-09-30": "14.90%", "2011-06-30": "15.71%", "2011-03-31": "15.34%", "2010-12-31": "16.09%", "2010-09-30": "15.42%", "2010-06-30": "14.82%", "2010-03-31": "14.79%", "2009-12-31": "14.28%", "2009-09-30": "12.18%", "2009-06-30": "12.33%", "2009-03-31": "11.61%", "2008-12-31": "11.79%", "2008-09-30": "13.28%", "2008-06-30": "13.01%", "2008-03-31": "13.21%", "2007-12-31": "14.00%", "2007-09-30": "13.39%", "2007-06-30": "16.18%", "2007-03-31": "16.28%", "2006-12-31": "14.40%", "2006-09-30": "14.43%", "2006-06-30": "9.34%", "2006-03-31": "9.51%", "2005-12-31": "8.16%"}, "net profit margin": {"2020-12-31": "10.17%", "2020-09-30": "9.90%", "2020-06-30": "10.91%", "2020-03-31": "10.72%", "2019-12-31": "11.99%", "2019-09-30": "11.45%", "2019-06-30": "11.64%", "2019-03-31": "12.34%", "2018-12-31": "12.41%", "2018-09-30": "27.29%", "2018-06-30": "27.34%", "2018-03-31": "26.69%", "2017-12-31": "26.74%", "2017-09-30": "11.88%", "2017-06-30": "11.37%", "2017-03-31": "11.05%", "2016-12-31": "10.75%", "2016-09-30": "10.65%", "2016-06-30": "10.70%", "2016-03-31": "10.92%", "2015-12-31": "10.96%", "2015-09-30": "11.12%", "2015-06-30": "12.25%", "2015-03-31": "12.38%", "2014-12-31": "12.18%", "2014-09-30": "12.31%", "2014-06-30": "11.15%", "2014-03-31": "10.86%", "2013-12-31": "10.54%", "2013-09-30": "10.09%", "2013-06-30": "10.62%", "2013-03-31": "10.18%", "2012-12-31": "9.91%", "2012-09-30": "9.68%", "2012-06-30": "8.02%", "2012-03-31": "7.58%", "2011-12-31": "7.45%", "2011-09-30": "7.70%", "2011-06-30": "8.43%", "2011-03-31": "9.08%", "2010-12-31": "9.58%", "2010-09-30": "9.58%", "2010-06-30": "9.96%", "2010-03-31": "10.34%", "2009-12-31": "10.17%", "2009-09-30": "8.69%", "2009-06-30": "8.27%", "2009-03-31": "7.41%", "2008-12-31": "7.40%", "2008-09-30": "8.13%", "2008-06-30": "7.68%", "2008-03-31": "7.74%", "2007-12-31": "8.33%", "2007-09-30": "7.94%", "2007-06-30": "10.62%", "2007-03-31": "10.85%", "2006-12-31": "10.15%", "2006-09-30": "10.00%", "2006-06-30": "5.93%", "2006-03-31": "5.87%", "2005-12-31": "4.40%"}, "pe ratio": {"current": "19.58", "2021-02-05": "22.42", "2020-12-31": "22.88", "2020-09-30": "20.54", "2020-06-30": "15.50", "2020-03-31": "13.43", "2019-12-31": "15.47", "2019-09-30": "16.18", "2019-06-30": "15.56", "2019-03-31": "14.58", "2018-12-31": "12.96", "2018-09-30": "6.57", "2018-06-30": "6.14", "2018-03-31": "6.58", "2017-12-31": "7.89", "2017-09-30": "17.35", "2017-06-30": "18.35", "2017-03-31": "18.56", "2016-12-31": "17.95", "2016-09-30": "17.91", "2016-06-30": "18.16", "2016-03-31": "16.89", "2015-12-31": "15.82", "2015-09-30": "16.13", "2015-06-30": "16.10", "2015-03-31": "15.42", "2014-12-31": "16.20", "2014-09-30": "15.11", "2014-06-30": "16.82", "2014-03-31": "16.24", "2013-12-31": "17.91", "2013-09-30": "16.52", "2013-06-30": "14.37", "2013-03-31": "15.29", "2012-12-31": "14.14", "2012-09-30": "13.96", "2012-06-30": "15.69", "2012-03-31": "15.75", "2011-12-31": "13.35", "2011-09-30": "12.57", "2011-06-30": "15.38", "2011-03-31": "15.62", "2010-12-31": "14.14", "2010-09-30": "11.85", "2010-06-30": "11.15", "2010-03-31": "11.84", "2009-12-31": "10.88", "2009-09-30": "12.77", "2009-06-30": "11.65", "2009-03-31": "12.43", "2008-12-31": "15.86", "2008-09-30": "17.17", "2008-06-30": "18.13", "2008-03-31": "18.94", "2007-12-31": "17.40", "2007-09-30": "25.50", "2007-06-30": "23.25", "2007-03-31": "22.47", "2006-12-31": "27.90"}, "price sales": {"2021-02-05": "2.28", "2020-12-31": "2.33", "2020-09-30": "2.03", "2020-06-30": "1.69", "2020-03-31": "1.44", "2019-12-31": "1.85", "2019-09-30": "1.86", "2019-06-30": "1.81", "2019-03-31": "1.80", "2018-12-31": "1.61", "2018-09-30": "1.78", "2018-06-30": "1.68", "2018-03-31": "1.76", "2017-12-31": "2.12", "2017-09-30": "2.06", "2017-06-30": "2.09", "2017-03-31": "2.06", "2016-12-31": "1.94", "2016-09-30": "1.91", "2016-06-30": "1.95", "2016-03-31": "1.85", "2015-12-31": "1.74", "2015-09-30": "1.80", "2015-06-30": "1.97", "2015-03-31": "1.91", "2014-12-31": "1.98", "2014-09-30": "1.87", "2014-06-30": "1.88", "2014-03-31": "1.77", "2013-12-31": "1.89", "2013-09-30": "1.67", "2013-06-30": "1.53", "2013-03-31": "1.56", "2012-12-31": "1.41", "2012-09-30": "1.36", "2012-06-30": "1.27", "2012-03-31": "1.20", "2011-12-31": "1.00", "2011-09-30": "0.97", "2011-06-30": "1.30", "2011-03-31": "1.42", "2010-12-31": "1.36", "2010-09-30": "1.14", "2010-06-30": "1.11", "2010-03-31": "1.22", "2009-12-31": "1.11", "2009-09-30": "1.11", "2009-06-30": "0.96", "2009-03-31": "0.92", "2008-12-31": "1.16", "2008-09-30": "1.39", "2008-06-30": "1.40", "2008-03-31": "1.48", "2007-12-31": "1.46", "2007-09-30": "2.01", "2007-06-30": "2.46", "2007-03-31": "2.43", "2006-12-31": "2.85"}, "price book": {"current": "2.55", "2021-02-05": "2.55", "2020-12-31": "2.60", "2020-09-30": "2.39", "2020-06-30": "2.08", "2020-03-31": "1.87", "2019-12-31": "2.38", "2019-09-30": "2.51", "2019-06-30": "2.38", "2019-03-31": "2.29", "2018-12-31": "2.04", "2018-09-30": "2.12", "2018-06-30": "1.99", "2018-03-31": "2.10", "2017-12-31": "2.52", "2017-09-30": "2.99", "2017-06-30": "3.07", "2017-03-31": "2.87", "2016-12-31": "2.71", "2016-09-30": "2.62", "2016-06-30": "2.61", "2016-03-31": "2.48", "2015-12-31": "2.32", "2015-09-30": "2.43", "2015-06-30": "2.57", "2015-03-31": "2.44", "2014-12-31": "2.48", "2014-09-30": "2.31", "2014-06-30": "2.36", "2014-03-31": "2.23", "2013-12-31": "2.34", "2013-09-30": "2.07", "2013-06-30": "1.93", "2013-03-31": "1.97", "2012-12-31": "1.72", "2012-09-30": "1.65", "2012-06-30": "1.53", "2012-03-31": "1.44", "2011-12-31": "1.14", "2011-09-30": "1.02", "2011-06-30": "1.24", "2011-03-31": "1.22", "2010-12-31": "1.14", "2010-09-30": "0.95", "2010-06-30": "0.92", "2010-03-31": "1.01", "2009-12-31": "0.91", "2009-09-30": "0.92", "2009-06-30": "0.80", "2009-03-31": "0.77", "2008-12-31": "0.96", "2008-09-30": "1.12", "2008-06-30": "1.09", "2008-03-31": "1.11", "2007-12-31": "1.05", "2007-09-30": "1.40", "2007-06-30": "1.64", "2007-03-31": "1.53", "2006-12-31": "1.69", "2006-09-30": "1.49", "2006-06-30": "1.39", "2006-03-31": "1.09"}, "price fcf": {"2021-02-05": "", "2020-12-31": "$3.04", "2020-09-30": "$3.25", "2020-06-30": "$3.25", "2020-03-31": "$2.88", "2019-12-31": "$3.17", "2019-09-30": "$3.11", "2019-06-30": "$3.34", "2019-03-31": "$3.38", "2018-12-31": "$3.03", "2018-09-30": "$3.03", "2018-06-30": "$2.83", "2018-03-31": "$2.36", "2017-12-31": "$2.34", "2017-09-30": "$2.42", "2017-06-30": "$2.22", "2017-03-31": "$2.10", "2016-12-31": "$2.07", "2016-09-30": "$2.05", "2016-06-30": "$2.25", "2016-03-31": "$2.15", "2015-12-31": "$2.15", "2015-09-30": "$2.02", "2015-06-30": "$2.00", "2015-03-31": "$1.92", "2014-12-31": "$1.81", "2014-09-30": "$1.40", "2014-06-30": "$1.22", "2014-03-31": "$1.07", "2013-12-31": "$1.06", "2013-09-30": "$1.36", "2013-06-30": "$1.35", "2013-03-31": "$1.66", "2012-12-31": "$1.68", "2012-09-30": "$1.80", "2012-06-30": "$1.79", "2012-03-31": "$1.79", "2011-12-31": "$1.63", "2011-09-30": "$1.50", "2011-06-30": "$1.34", "2011-03-31": "$1.17", "2010-12-31": "$1.10", "2010-09-30": "$0.93", "2010-06-30": "$0.98", "2010-03-31": "$1.01", "2009-12-31": "$0.90", "2009-09-30": "$0.92", "2009-06-30": "$0.88", "2009-03-31": "$0.86", "2008-12-31": "$0.76", "2008-09-30": "$0.75", "2008-06-30": "$0.56", "2008-03-31": "$0.38", "2007-12-31": "$0.32", "2007-09-30": "$0.16", "2007-06-30": "$0.28", "2007-03-31": "$0.30", "2006-12-31": "$0.35"}, "net worth": {"value": "$233.84B"}, "current ratio": {"current": "0.93", "2020-12-31": "0.93", "2020-09-30": "0.93", "2020-06-30": "0.97", "2020-03-31": "0.87", "2019-12-31": "0.84", "2019-09-30": "0.86", "2019-06-30": "0.69", "2019-03-31": "0.73", "2018-12-31": "0.79", "2018-09-30": "1.18", "2018-06-30": "0.96", "2018-03-31": "0.98", "2017-12-31": "0.74", "2017-09-30": "0.74", "2017-06-30": "0.67", "2017-03-31": "0.80", "2016-12-31": "0.76", "2016-09-30": "0.84", "2016-06-30": "0.84", "2016-03-31": "0.80", "2015-12-31": "0.68", "2015-09-30": "0.66", "2015-06-30": "0.76", "2015-03-31": "0.70", "2014-12-31": "0.78", "2014-09-30": "0.82", "2014-06-30": "0.74", "2014-03-31": "0.79", "2013-12-31": "0.74", "2013-09-30": "0.72", "2013-06-30": "0.69", "2013-03-31": "0.65", "2012-12-31": "1.20", "2012-09-30": "1.04", "2012-06-30": "0.72", "2012-03-31": "0.60", "2011-12-31": "0.65", "2011-09-30": "0.61", "2011-06-30": "0.66", "2011-03-31": "0.55", "2010-12-31": "1.08", "2010-09-30": "0.81", "2010-06-30": "0.76", "2010-03-31": "0.69", "2009-12-31": "0.45", "2009-09-30": "0.48", "2009-06-30": "0.62", "2009-03-31": "0.48", "2008-12-31": "0.42", "2008-09-30": "0.60", "2008-06-30": "0.57", "2008-03-31": "0.42", "2007-12-31": "0.46", "2007-09-30": "0.81", "2007-06-30": "0.52", "2007-03-31": "0.58", "2006-12-31": "0.72", "2006-09-30": "0.89", "2006-06-30": "0.61", "2006-03-31": "0.70", "2005-12-31": "0.44", "2005-09-30": "0.33", "2005-06-30": "0.41", "2005-03-31": "0.33"}, "quick ratio": {"2020-12-31": "0.00", "2020-09-30": "0.00", "2020-06-30": "0.00", "2020-03-31": "0.00", "2019-12-31": "0.00", "2019-09-30": "0.00", "2019-06-30": "0.00", "2019-03-31": "0.00", "2018-12-31": "0.00", "2018-09-30": "0.00", "2018-06-30": "0.00", "2018-03-31": "0.00", "2017-12-31": "0.00", "2017-09-30": "0.00", "2017-06-30": "0.00", "2017-03-31": "0.00", "2016-12-31": "0.00", "2016-09-30": "0.00", "2016-06-30": "0.00", "2016-03-31": "0.00", "2015-12-31": "0.00", "2015-09-30": "0.00", "2015-06-30": "0.00", "2015-03-31": "0.00", "2014-12-31": "0.00", "2014-09-30": "0.00", "2014-06-30": "0.00", "2014-03-31": "0.00", "2013-12-31": "0.00", "2013-09-30": "0.00", "2013-06-30": "0.00", "2013-03-31": "0.00", "2012-12-31": "0.00", "2012-09-30": "0.00", "2012-06-30": "0.00", "2012-03-31": "0.00", "2011-12-31": "0.00", "2011-09-30": "0.00", "2011-06-30": "0.00", "2011-03-31": "0.00", "2010-12-31": "0.00", "2010-09-30": "0.00", "2010-06-30": "0.00", "2010-03-31": "0.00", "2009-12-31": "0.00", "2009-09-30": "0.00", "2009-06-30": "0.00", "2009-03-31": "0.00", "2008-12-31": "0.00", "2008-09-30": "0.00", "2008-06-30": "0.00", "2008-03-31": "0.00", "2007-12-31": "0.00", "2007-09-30": "0.00", "2007-06-30": "0.00", "2007-03-31": "0.00", "2006-12-31": "0.00", "2006-09-30": "0.00", "2006-06-30": "0.00", "2006-03-31": "0.00", "2005-12-31": "0.00", "2005-09-30": "0.00", "2005-06-30": "0.00", "2005-03-31": "0.00"}, "debt equity ratio": {"current": "1.15", "2020-12-31": "1.99", "2020-09-30": "2.07", "2020-06-30": "2.14", "2020-03-31": "2.17", "2019-12-31": "2.14", "2019-09-30": "2.24", "2019-06-30": "2.30", "2019-03-31": "2.38", "2018-12-31": "2.47", "2018-09-30": "1.77", "2018-06-30": "1.67", "2018-03-31": "1.70", "2017-12-31": "1.70", "2017-09-30": "2.29", "2017-06-30": "2.28", "2017-03-31": "2.17", "2016-12-31": "2.21", "2016-09-30": "2.19", "2016-06-30": "2.11", "2016-03-31": "2.13", "2015-12-31": "2.09", "2015-09-30": "2.06", "2015-06-30": "2.03", "2015-03-31": "2.02", "2014-12-31": "2.00", "2014-09-30": "1.97", "2014-06-30": "2.01", "2014-03-31": "2.06", "2013-12-31": "2.11", "2013-09-30": "2.12", "2013-06-30": "2.17", "2013-03-31": "2.21", "2012-12-31": "2.31", "2012-09-30": "2.29", "2012-06-30": "2.27", "2012-03-31": "2.30", "2011-12-31": "2.31", "2011-09-30": "2.34", "2011-06-30": "2.30", "2011-03-31": "2.31", "2010-12-31": "1.67", "2010-09-30": "1.66", "2010-06-30": "1.66", "2010-03-31": "1.67", "2009-12-31": "1.63", "2009-09-30": "1.65", "2009-06-30": "1.76", "2009-03-31": "1.75", "2008-12-31": "1.79", "2008-09-30": "1.85", "2008-06-30": "1.82", "2008-03-31": "1.77", "2007-12-31": "1.74", "2007-09-30": "1.70", "2007-06-30": "1.65", "2007-03-31": "1.64", "2006-12-31": "1.68", "2006-09-30": "1.65", "2006-06-30": "1.58", "2006-03-31": "1.57", "2005-12-31": "1.57", "2005-09-30": "1.52", "2005-06-30": "1.54", "2005-03-31": "1.52"}, "return on equity": {"2020-12-31": "12.15%", "2020-09-30": "12.17%", "2020-06-30": "13.93%", "2020-03-31": "14.40%", "2019-12-31": "16.49%", "2019-09-30": "16.25%", "2019-06-30": "16.18%", "2019-03-31": "16.64%", "2018-12-31": "16.33%", "2018-09-30": "34.08%", "2018-06-30": "35.76%", "2018-03-31": "36.91%", "2017-12-31": "38.02%", "2017-09-30": "17.73%", "2017-06-30": "17.05%", "2017-03-31": "16.21%", "2016-12-31": "15.65%", "2016-09-30": "15.25%", "2016-06-30": "15.07%", "2016-03-31": "15.46%", "2015-12-31": "15.46%", "2015-09-30": "15.44%", "2015-06-30": "16.44%", "2015-03-31": "16.20%", "2014-12-31": "15.91%", "2014-09-30": "16.04%", "2014-06-30": "14.64%", "2014-03-31": "14.33%", "2013-12-31": "13.68%", "2013-09-30": "12.97%", "2013-06-30": "13.79%", "2013-03-31": "13.10%", "2012-12-31": "12.72%", "2012-09-30": "12.38%", "2012-06-30": "10.00%", "2012-03-31": "9.38%", "2011-12-31": "8.84%", "2011-09-30": "8.41%", "2011-06-30": "8.47%", "2011-03-31": "8.32%", "2010-12-31": "8.31%", "2010-09-30": "8.24%", "2010-06-30": "8.49%", "2010-03-31": "8.77%", "2009-12-31": "8.65%", "2009-09-30": "7.46%", "2009-06-30": "7.14%", "2009-03-31": "6.38%", "2008-12-31": "6.29%", "2008-09-30": "6.73%", "2008-06-30": "6.15%", "2008-03-31": "5.99%", "2007-12-31": "6.20%", "2007-09-30": "5.70%", "2007-06-30": "7.33%", "2007-03-31": "7.10%", "2006-12-31": "6.26%", "2006-09-30": "5.66%", "2006-06-30": "3.18%", "2006-03-31": "3.08%", "2005-12-31": "2.26%"}, "return on assets": {"2020-12-31": "3.93%", "2020-09-30": "3.89%", "2020-06-30": "4.39%", "2020-03-31": "4.49%", "2019-12-31": "5.06%", "2019-09-30": "4.86%", "2019-06-30": "5.00%", "2019-03-31": "5.41%", "2018-12-31": "5.62%", "2018-09-30": "12.58%", "2018-06-30": "12.70%", "2018-03-31": "12.47%", "2017-12-31": "12.32%", "2017-09-30": "5.48%", "2017-06-30": "5.31%", "2017-03-31": "5.12%", "2016-12-31": "4.95%", "2016-09-30": "4.87%", "2016-06-30": "4.87%", "2016-03-31": "5.02%", "2015-12-31": "5.07%", "2015-09-30": "5.10%", "2015-06-30": "5.47%", "2015-03-31": "5.40%", "2014-12-31": "5.29%", "2014-09-30": "5.29%", "2014-06-30": "4.76%", "2014-03-31": "4.60%", "2013-12-31": "4.34%", "2013-09-30": "4.05%", "2013-06-30": "4.25%", "2013-03-31": "4.00%", "2012-12-31": "3.86%", "2012-09-30": "3.76%", "2012-06-30": "3.03%", "2012-03-31": "2.83%", "2011-12-31": "2.67%", "2011-09-30": "2.66%", "2011-06-30": "2.83%", "2011-03-31": "2.94%", "2010-12-31": "3.12%", "2010-09-30": "3.10%", "2010-06-30": "3.20%", "2010-03-31": "3.27%", "2009-12-31": "3.21%", "2009-09-30": "2.73%", "2009-06-30": "2.56%", "2009-03-31": "2.28%", "2008-12-31": "2.24%", "2008-09-30": "2.41%", "2008-06-30": "2.23%", "2008-03-31": "2.21%", "2007-12-31": "2.31%", "2007-09-30": "2.14%", "2007-06-30": "2.76%", "2007-03-31": "2.69%", "2006-12-31": "2.39%", "2006-09-30": "2.18%", "2006-06-30": "1.24%", "2006-03-31": "1.21%", "2005-12-31": "0.89%"}, "return on investments": {"2020-12-31": "9.09%", "2020-09-30": "9.92%", "2020-06-30": "10.71%", "2020-03-31": "11.26%", "2019-12-31": "11.57%", "2019-09-30": "11.28%", "2019-06-30": "11.68%", "2019-03-31": "12.29%", "2018-12-31": "12.89%", "2018-09-30": "13.82%", "2018-06-30": "14.48%", "2018-03-31": "14.72%", "2017-12-31": "15.21%", "2017-09-30": "15.87%", "2017-06-30": "15.68%", "2017-03-31": "15.42%", "2016-12-31": "15.35%", "2016-09-30": "15.45%", "2016-06-30": "15.63%", "2016-03-31": "16.08%", "2015-12-31": "16.31%", "2015-09-30": "16.34%", "2015-06-30": "16.00%", "2015-03-31": "15.75%", "2014-12-31": "15.38%", "2014-09-30": "15.29%", "2014-06-30": "15.11%", "2014-03-31": "14.81%", "2013-12-31": "14.38%", "2013-09-30": "14.30%", "2013-06-30": "14.26%", "2013-03-31": "14.31%", "2012-12-31": "14.40%", "2012-09-30": "14.05%", "2012-06-30": "13.55%", "2012-03-31": "13.27%", "2011-12-31": "12.58%", "2011-09-30": "11.92%", "2011-06-30": "11.54%", "2011-03-31": "10.89%", "2010-12-31": "10.98%", "2010-09-30": "10.84%", "2010-06-30": "10.56%", "2010-03-31": "10.33%", "2009-12-31": "10.20%", "2009-09-30": "10.11%", "2009-06-30": "10.06%", "2009-03-31": "9.87%", "2008-12-31": "9.50%", "2008-09-30": "9.07%", "2008-06-30": "8.63%", "2008-03-31": "8.28%", "2007-12-31": "7.91%", "2007-09-30": "7.62%", "2007-06-30": "7.52%", "2007-03-31": "7.26%", "2006-12-31": "7.03%", "2006-09-30": "6.52%", "2006-06-30": "6.07%", "2006-03-31": "5.91%", "2005-12-31": "5.75%"}, "return on tangible equity": {"2020-12-31": "-13.89%", "2020-09-30": "-13.31%", "2020-06-30": "-14.52%", "2020-03-31": "-14.27%", "2019-12-31": "-15.51%", "2019-09-30": "-14.27%", "2019-06-30": "-15.69%", "2019-03-31": "-18.32%", "2018-12-31": "-21.21%", "2018-09-30": "-55.46%", "2018-06-30": "-50.24%", "2018-03-31": "-45.05%", "2017-12-31": "-41.36%", "2017-09-30": "-17.30%", "2017-06-30": "-16.68%", "2017-03-31": "-16.11%", "2016-12-31": "-15.48%", "2016-09-30": "-15.01%", "2016-06-30": "-14.96%", "2016-03-31": "-15.47%", "2015-12-31": "-15.63%", "2015-09-30": "-15.90%", "2015-06-30": "-17.20%", "2015-03-31": "-16.86%", "2014-12-31": "-16.41%", "2014-09-30": "-16.22%", "2014-06-30": "-14.30%", "2014-03-31": "-13.63%", "2013-12-31": "-12.62%", "2013-09-30": "-11.80%", "2013-06-30": "-12.42%", "2013-03-31": "-11.63%", "2012-12-31": "-11.19%", "2012-09-30": "-10.66%", "2012-06-30": "-8.45%", "2012-03-31": "-7.84%", "2011-12-31": "-7.30%", "2011-09-30": "-7.61%", "2011-06-30": "-8.45%", "2011-03-31": "-9.27%", "2010-12-31": "-10.55%", "2010-09-30": "-10.19%", "2010-06-30": "-10.28%", "2010-03-31": "-10.37%", "2009-12-31": "-9.94%", "2009-09-30": "-8.31%", "2009-06-30": "-7.71%", "2009-03-31": "-6.74%", "2008-12-31": "-6.61%", "2008-09-30": "-7.21%", "2008-06-30": "-6.78%", "2008-03-31": "-6.81%", "2007-12-31": "-7.25%", "2007-09-30": "-6.79%", "2007-06-30": "-8.82%", "2007-03-31": "-8.92%", "2006-12-31": "-8.25%", "2006-09-30": "-7.95%", "2006-06-30": "-4.71%", "2006-03-31": "-4.64%", "2005-12-31": "-3.44%"}, "dividend yield history": {"last payout": "$0.92", "last yield": "1.80%"}}