{"ticker": "COMM", "price": {"title": "CommScope Holding Historical Annual Stock Price Data", "value": 15.2, "historical": {"2020": {"Average Stock Price": "10.4746", "Year Open": "14.0600", "Year High": "14.7800", "Year Low": "5.7600", "Year Close": "13.4000", "Annual % Change": "-5.57%"}, "2019": {"Average Stock Price": "16.7291", "Year Open": "17.0700", "Year High": "26.6800", "Year Low": "9.7000", "Year Close": "14.1900", "Annual % Change": "-13.42%"}, "2018": {"Average Stock Price": "30.8928", "Year Open": "38.2000", "Year High": "41.0400", "Year Low": "15.1000", "Year Close": "16.3900", "Annual % Change": "-56.67%"}, "2017": {"Average Stock Price": "36.5332", "Year Open": "36.7100", "Year High": "42.3200", "Year Low": "31.6600", "Year Close": "37.8300", "Annual % Change": "1.69%"}, "2016": {"Average Stock Price": "29.5936", "Year Open": "25.6000", "Year High": "37.3700", "Year Low": "19.8000", "Year Close": "37.2000", "Annual % Change": "43.68%"}, "2015": {"Average Stock Price": "29.5269", "Year Open": "22.9700", "Year High": "33.4500", "Year Low": "20.7800", "Year Close": "25.8900", "Annual % Change": "13.40%"}, "2014": {"Average Stock Price": "23.0888", "Year Open": "18.7700", "Year High": "27.8400", "Year Low": "17.3100", "Year Close": "22.8300", "Annual % Change": "20.60%"}, "2013": {"Average Stock Price": "16.4328", "Year Open": "14.9900", "Year High": "18.9300", "Year Low": "14.8800", "Year Close": "18.9300", "Annual % Change": "0.00%"}}}, "market cap": {"value": "$3.02B"}, "income statement": {"Revenue": {"2019-12-31": "8345.10000", "2018-12-31": "4568.50000", "2017-12-31": "4560.60000", "2016-12-31": "4923.62100", "2015-12-31": "3807.82800", "2014-12-31": "3829.61400", "2013-12-31": "3480.11700", "2012-12-31": "3321.88500", "2011-12-31": "3275.46200", "2010-12-31": "3188.91600"}, "Cost Of Goods Sold": {"2019-12-31": "5941.00000", "2018-12-31": "2935.20000", "2017-12-31": "2855.10000", "2016-12-31": "2894.37100", "2015-12-31": "2462.00800", "2014-12-31": "2432.34500", "2013-12-31": "2279.17700", "2012-12-31": "2261.20400", "2011-12-31": "2445.11000", "2010-12-31": "2251.70700"}, "Gross Profit": {"2019-12-31": "2404.10000", "2018-12-31": "1633.30000", "2017-12-31": "1705.50000", "2016-12-31": "2029.25000", "2015-12-31": "1345.82000", "2014-12-31": "1397.26900", "2013-12-31": "1200.94000", "2012-12-31": "1060.68100", "2011-12-31": "830.35180", "2010-12-31": "937.20900"}, "Research And Development Expenses": {"2019-12-31": "578.50000", "2018-12-31": "185.70000", "2017-12-31": "185.60000", "2016-12-31": "201.32100", "2015-12-31": "135.96400", "2014-12-31": "125.30100", "2013-12-31": "126.43100", "2012-12-31": "121.71800", "2011-12-31": "118.18100", "2010-12-31": "119.69800"}, "SG&A Expenses": {"2019-12-31": "1277.10000", "2018-12-31": "674.00000", "2017-12-31": "733.10000", "2016-12-31": "881.66100", "2015-12-31": "687.38900", "2014-12-31": "484.89100", "2013-12-31": "502.27500", "2012-12-31": "461.14900", "2011-12-31": "581.47400", "2010-12-31": "449.87500"}, "Other Operating Income Or Expenses": {"2019-12-31": "-376.10000", "2018-12-31": "-15.00000", "2017-12-31": "", "2016-12-31": "-38.55200", "2015-12-31": "-90.78400", "2014-12-31": "-12.09600", "2013-12-31": "-45.52900", "2012-12-31": "-40.90700", "2011-12-31": "-126.05700", "2010-12-31": ""}, "Operating Expenses": {"2019-12-31": "8853.60000", "2018-12-31": "4118.50000", "2017-12-31": "4088.60000", "2016-12-31": "4355.98200", "2015-12-31": "3626.23500", "2014-12-31": "3252.16500", "2013-12-31": "3150.40300", "2012-12-31": "3083.64700", "2011-12-31": "3463.89400", "2010-12-31": "2963.98300"}, "Operating Income": {"2019-12-31": "-508.50000", "2018-12-31": "450.00000", "2017-12-31": "471.99980", "2016-12-31": "567.63920", "2015-12-31": "181.59280", "2014-12-31": "577.44920", "2013-12-31": "329.71410", "2012-12-31": "238.23800", "2011-12-31": "-188.43190", "2010-12-31": "224.93310"}, "Total Non-Operating Income/Expense": {"2019-12-31": "-565.50010", "2018-12-31": "-279.30000", "2017-12-31": "-262.20000", "2016-12-31": "-295.07000", "2015-12-31": "-243.59400", "2014-12-31": "-260.38600", "2013-12-31": "-253.52900", "2012-12-31": "-200.93600", "2011-12-31": "-314.34300", "2010-12-31": "-100.73900"}, "Pre-Tax Income": {"2019-12-31": "-1074.00000", "2018-12-31": "170.70000", "2017-12-31": "209.80000", "2016-12-31": "272.56900", "2015-12-31": "-62.00100", "2014-12-31": "317.06300", "2013-12-31": "76.18500", "2012-12-31": "37.30200", "2011-12-31": "-502.77500", "2010-12-31": "124.19400"}, "Income Taxes": {"2019-12-31": "-144.50000", "2018-12-31": "30.50000", "2017-12-31": "16.00000", "2016-12-31": "49.73100", "2015-12-31": "8.87400", "2014-12-31": "80.29100", "2013-12-31": "56.78900", "2012-12-31": "31.94900", "2011-12-31": "-110.41300", "2010-12-31": "80.09500"}, "Income After Taxes": {"2019-12-31": "-929.50000", "2018-12-31": "140.20000", "2017-12-31": "193.80000", "2016-12-31": "222.83800", "2015-12-31": "-70.87500", "2014-12-31": "236.77200", "2013-12-31": "19.39600", "2012-12-31": "5.35300", "2011-12-31": "-392.36200", "2010-12-31": "44.09900"}, "Other Income": {"2019-12-31": "", "2018-12-31": "", "2017-12-31": "", "2016-12-31": "", "2015-12-31": "", "2014-12-31": "", "2013-12-31": "", "2012-12-31": "", "2011-12-31": "", "2010-12-31": ""}, "Income From Continuous Operations": {"2019-12-31": "-929.50000", "2018-12-31": "140.20000", "2017-12-31": "193.80000", "2016-12-31": "222.83800", "2015-12-31": "-70.87500", "2014-12-31": "236.77200", "2013-12-31": "19.39600", "2012-12-31": "5.35300", "2011-12-31": "-392.36200", "2010-12-31": "44.09900"}, "Income From Discontinued Operations": {"2019-12-31": "", "2018-12-31": "", "2017-12-31": "", "2016-12-31": "", "2015-12-31": "", "2014-12-31": "", "2013-12-31": "", "2012-12-31": "", "2011-12-31": "", "2010-12-31": ""}, "Net Income": {"2019-12-31": "-973.20000", "2018-12-31": "140.20000", "2017-12-31": "193.80000", "2016-12-31": "222.83800", "2015-12-31": "-70.87500", "2014-12-31": "236.77200", "2013-12-31": "19.39600", "2012-12-31": "5.35300", "2011-12-31": "-392.36200", "2010-12-31": "44.09900"}, "EBITDA": {"2019-12-31": "262.40000", "2018-12-31": "807.50000", "2017-12-31": "849.99980", "2016-12-31": "966.69210", "2015-12-31": "485.09280", "2014-12-31": "836.95320", "2013-12-31": "586.33010", "2012-12-31": "500.51700", "2011-12-31": "108.57310", "2010-12-31": "412.14010"}, "EBIT": {"2019-12-31": "-508.50000", "2018-12-31": "450.00000", "2017-12-31": "471.99980", "2016-12-31": "567.63920", "2015-12-31": "181.59280", "2014-12-31": "577.44920", "2013-12-31": "329.71410", "2012-12-31": "238.23800", "2011-12-31": "-188.43190", "2010-12-31": "224.93310"}, "Basic Shares Outstanding": {"2019-12-31": "193.70000", "2018-12-31": "192.00000", "2017-12-31": "192.40000", "2016-12-31": "192.47000", "2015-12-31": "189.87600", "2014-12-31": "186.90500", "2013-12-31": "160.64100", "2012-12-31": "154.70800", "2011-12-31": "154.40000", "2010-12-31": "94.73100"}, "Shares Outstanding": {"2019-12-31": "193.70000", "2018-12-31": "195.30000", "2017-12-31": "196.80000", "2016-12-31": "196.45900", "2015-12-31": "189.87600", "2014-12-31": "191.45000", "2013-12-31": "164.01300", "2012-12-31": "155.51700", "2011-12-31": "154.40000", "2010-12-31": "96.20900"}, "Basic EPS": {"2019-12-31": "-5.02000", "2018-12-31": "0.73000", "2017-12-31": "1.01000", "2016-12-31": "1.16000", "2015-12-31": "-0.37000", "2014-12-31": "1.27000", "2013-12-31": "0.12000", "2012-12-31": "0.03000", "2011-12-31": "-2.54000", "2010-12-31": "0.47000"}, "EPS - Earnings Per Share": {"2019-12-31": "-5.02000", "2018-12-31": "0.72000", "2017-12-31": "0.98000", "2016-12-31": "1.13000", "2015-12-31": "-0.37000", "2014-12-31": "1.24000", "2013-12-31": "0.12000", "2012-12-31": "0.03000", "2011-12-31": "-2.54000", "2010-12-31": "0.46000"}}, "income statement, quarterly": {"Revenue": {"2020-09-30": "2168.10000", "2020-06-30": "2102.80000", "2020-03-31": "2033.20000", "2019-12-31": "2298.69900", "2019-09-30": "2380.20000", "2019-06-30": "2566.70000", "2019-03-31": "1099.50000", "2018-12-31": "1057.70000", "2018-09-30": "1150.40000", "2018-06-30": "1239.90000", "2018-03-31": "1120.50000", "2017-12-31": "1120.45000", "2017-09-30": "1128.77500", "2017-06-30": "1174.09000", "2017-03-31": "1137.28500", "2016-12-31": "1178.90600", "2016-09-30": "1293.94800", "2016-06-30": "1306.78800", "2016-03-31": "1143.97900", "2015-12-31": "1142.54100", "2015-09-30": "972.59700", "2015-06-30": "867.29000", "2015-03-31": "825.40000", "2014-12-31": "827.89500", "2014-09-30": "1000.42700", "2014-06-30": "1066.25600", "2014-03-31": "935.03600", "2013-12-31": "846.55790", "2013-09-30": "888.01100", "2013-06-30": "940.85900", "2013-03-31": "804.68900", "2012-12-31": "", "2012-09-30": "894.01900", "2012-06-30": "835.91500", "2011-12-31": "", "2010-12-31": ""}, "Cost Of Goods Sold": {"2020-09-30": "1432.60000", "2020-06-30": "1446.70000", "2020-03-31": "1392.00000", "2019-12-31": "1562.50000", "2019-09-30": "1770.30000", "2019-06-30": "1906.70000", "2019-03-31": "701.50000", "2018-12-31": "702.70010", "2018-09-30": "740.70000", "2018-06-30": "782.70000", "2018-03-31": "709.10000", "2017-12-31": "769.12720", "2017-09-30": "700.17000", "2017-06-30": "702.32500", "2017-03-31": "683.47800", "2016-12-31": "693.35710", "2016-09-30": "751.09700", "2016-06-30": "753.02900", "2016-03-31": "696.88800", "2015-12-31": "743.51100", "2015-09-30": "633.70600", "2015-06-30": "552.59500", "2015-03-31": "532.19600", "2014-12-31": "542.47500", "2014-09-30": "637.94000", "2014-06-30": "654.60500", "2014-03-31": "597.32500", "2013-12-31": "554.71510", "2013-09-30": "577.81200", "2013-06-30": "607.03500", "2013-03-31": "539.61500", "2012-12-31": "", "2012-09-30": "591.19200", "2012-06-30": "573.01700", "2011-12-31": "", "2010-12-31": ""}, "Gross Profit": {"2020-09-30": "735.50010", "2020-06-30": "656.10010", "2020-03-31": "641.20000", "2019-12-31": "736.19920", "2019-09-30": "609.89990", "2019-06-30": "660.00000", "2019-03-31": "398.00000", "2018-12-31": "355.00010", "2018-09-30": "409.70000", "2018-06-30": "457.20000", "2018-03-31": "411.40000", "2017-12-31": "351.32310", "2017-09-30": "428.60500", "2017-06-30": "471.76500", "2017-03-31": "453.80700", "2016-12-31": "485.54910", "2016-09-30": "542.85100", "2016-06-30": "553.75900", "2016-03-31": "447.09100", "2015-12-31": "399.02980", "2015-09-30": "338.89100", "2015-06-30": "314.69500", "2015-03-31": "293.20400", "2014-12-31": "285.42000", "2014-09-30": "362.48700", "2014-06-30": "411.65100", "2014-03-31": "337.71100", "2013-12-31": "291.84280", "2013-09-30": "310.19900", "2013-06-30": "333.82400", "2013-03-31": "265.07400", "2012-12-31": "", "2012-09-30": "302.82700", "2012-06-30": "262.89790", "2011-12-31": "", "2010-12-31": ""}, "Research And Development Expenses": {"2020-09-30": "184.60000", "2020-06-30": "176.10000", "2020-03-31": "180.40000", "2019-12-31": "179.00000", "2019-09-30": "171.50000", "2019-06-30": "177.80000", "2019-03-31": "50.20000", "2018-12-31": "43.20000", "2018-09-30": "44.80000", "2018-06-30": "47.80000", "2018-03-31": "49.90000", "2017-12-31": "45.03100", "2017-09-30": "44.59900", "2017-06-30": "46.98200", "2017-03-31": "48.98800", "2016-12-31": "48.76700", "2016-09-30": "48.43000", "2016-06-30": "51.93400", "2016-03-31": "52.19000", "2015-12-31": "49.14600", "2015-09-30": "31.10000", "2015-06-30": "27.98200", "2015-03-31": "27.73600", "2014-12-31": "29.54300", "2014-09-30": "30.80600", "2014-06-30": "33.08200", "2014-03-31": "31.87000", "2013-12-31": "30.87800", "2013-09-30": "31.75700", "2013-06-30": "33.84600", "2013-03-31": "29.95000", "2012-12-31": "", "2012-09-30": "30.96900", "2012-06-30": "29.33600", "2011-12-31": "", "2010-12-31": ""}, "SG&A Expenses": {"2020-09-30": "296.70000", "2020-06-30": "290.90000", "2020-03-31": "311.10000", "2019-12-31": "305.00000", "2019-09-30": "305.80000", "2019-06-30": "480.90000", "2019-03-31": "185.40000", "2018-12-31": "158.00000", "2018-09-30": "159.80000", "2018-06-30": "171.10000", "2018-03-31": "185.10000", "2017-12-31": "128.69190", "2017-09-30": "184.94700", "2017-06-30": "207.64000", "2017-03-31": "211.82100", "2016-12-31": "217.29600", "2016-09-30": "220.83500", "2016-06-30": "234.33300", "2016-03-31": "209.19700", "2015-12-31": "227.10100", "2015-09-30": "203.82000", "2015-06-30": "130.79700", "2015-03-31": "125.67100", "2014-12-31": "129.37600", "2014-09-30": "121.41700", "2014-06-30": "121.07000", "2014-03-31": "113.02800", "2013-12-31": "147.45800", "2013-09-30": "122.42400", "2013-06-30": "123.41100", "2013-03-31": "108.98200", "2012-12-31": "", "2012-09-30": "114.83100", "2012-06-30": "117.08900", "2011-12-31": "", "2010-12-31": ""}, "Other Operating Income Or Expenses": {"2020-09-30": "", "2020-06-30": "-206.70000", "2020-03-31": "", "2019-12-31": "", "2019-09-30": "", "2019-06-30": "", "2019-03-31": "", "2018-12-31": "", "2018-09-30": "", "2018-06-30": "", "2018-03-31": "", "2017-12-31": "", "2017-09-30": "", "2017-06-30": "", "2017-03-31": "", "2016-12-31": "-15.88400", "2016-09-30": "-7.37500", "2016-06-30": "", "2016-03-31": "-15.29300", "2015-12-31": "-5.45000", "2015-09-30": "-85.33400", "2015-06-30": "", "2015-03-31": "", "2014-12-31": "2.13300", "2014-09-30": "-7.00000", "2014-06-30": "-7.22900", "2014-03-31": "", "2013-12-31": "-3.72700", "2013-09-30": "-7.32000", "2013-06-30": "-28.84800", "2013-03-31": "-5.63400", "2012-12-31": "", "2012-09-30": "-38.27100", "2012-06-30": "", "2011-12-31": "", "2010-12-31": ""}, "Operating Expenses": {"2020-09-30": "2112.30000", "2020-06-30": "2297.60000", "2020-03-31": "2065.00000", "2019-12-31": "2637.90000", "2019-09-30": "2431.00000", "2019-06-30": "2775.90000", "2019-03-31": "1008.80000", "2018-12-31": "1008.30000", "2018-09-30": "1018.20000", "2018-06-30": "1075.20000", "2018-03-31": "1016.80000", "2017-12-31": "1030.23900", "2017-09-30": "1003.34700", "2017-06-30": "1037.70100", "2017-03-31": "1017.31300", "2016-12-31": "1066.60800", "2016-09-30": "1113.20200", "2016-06-30": "1122.91600", "2016-03-31": "1053.25600", "2015-12-31": "1120.96800", "2015-09-30": "1015.11500", "2015-06-30": "757.89200", "2015-03-31": "732.26000", "2014-12-31": "751.67680", "2014-09-30": "849.38600", "2014-06-30": "862.60110", "2014-03-31": "788.50100", "2013-12-31": "786.41500", "2013-09-30": "788.16910", "2013-06-30": "846.55500", "2013-03-31": "729.26400", "2012-12-31": "", "2012-09-30": "821.02000", "2012-06-30": "770.88300", "2011-12-31": "", "2010-12-31": ""}, "Operating Income": {"2020-09-30": "55.80010", "2020-06-30": "-194.79980", "2020-03-31": "-31.80010", "2019-12-31": "-339.20020", "2019-09-30": "-50.80030", "2019-06-30": "-209.20000", "2019-03-31": "90.70000", "2018-12-31": "49.40020", "2018-09-30": "132.20010", "2018-06-30": "164.70010", "2018-03-31": "103.70000", "2017-12-31": "90.21090", "2017-09-30": "125.42800", "2017-06-30": "136.38890", "2017-03-31": "119.97200", "2016-12-31": "112.29850", "2016-09-30": "180.74600", "2016-06-30": "183.87190", "2016-03-31": "90.72300", "2015-12-31": "21.57280", "2015-09-30": "-42.51790", "2015-06-30": "109.39800", "2015-03-31": "93.14000", "2014-12-31": "76.21830", "2014-09-30": "151.04100", "2014-06-30": "203.65490", "2014-03-31": "146.53500", "2013-12-31": "60.14290", "2013-09-30": "99.84190", "2013-06-30": "94.30400", "2013-03-31": "75.42510", "2012-12-31": "", "2012-09-30": "72.99900", "2012-06-30": "65.03200", "2011-12-31": "", "2010-12-31": ""}, "Total Non-Operating Income/Expense": {"2020-09-30": "-162.80000", "2020-06-30": "-141.40000", "2020-03-31": "-159.50000", "2019-12-31": "-154.40010", "2019-09-30": "-157.40000", "2019-06-30": "-162.30000", "2019-03-31": "-91.40000", "2018-12-31": "-93.50000", "2018-09-30": "-66.60000", "2018-06-30": "-61.80000", "2018-03-31": "-57.40000", "2017-12-31": "-63.96700", "2017-09-30": "-57.40900", "2017-06-30": "-56.78700", "2017-03-31": "-84.03700", "2016-12-31": "-62.89800", "2016-09-30": "-74.87200", "2016-06-30": "-87.61800", "2016-03-31": "-69.68200", "2015-12-31": "-82.62200", "2015-09-30": "-80.38000", "2015-06-30": "-47.91900", "2015-03-31": "-32.67300", "2014-12-31": "-30.99300", "2014-09-30": "-33.71700", "2014-06-30": "-151.30500", "2014-03-31": "-44.37100", "2013-12-31": "-99.31400", "2013-09-30": "-56.71600", "2013-06-30": "-48.97700", "2013-03-31": "-48.52200", "2012-12-31": "", "2012-09-30": "-47.01900", "2012-06-30": "-48.17400", "2011-12-31": "", "2010-12-31": ""}, "Pre-Tax Income": {"2020-09-30": "-107.00000", "2020-06-30": "-336.20000", "2020-03-31": "-191.30000", "2019-12-31": "-493.60000", "2019-09-30": "-208.20000", "2019-06-30": "-371.50000", "2019-03-31": "-0.70000", "2018-12-31": "-44.10000", "2018-09-30": "65.60000", "2018-06-30": "102.90000", "2018-03-31": "46.30000", "2017-12-31": "26.24400", "2017-09-30": "68.01900", "2017-06-30": "79.60200", "2017-03-31": "35.93500", "2016-12-31": "49.40000", "2016-09-30": "105.87400", "2016-06-30": "96.25400", "2016-03-31": "21.04100", "2015-12-31": "-61.04900", "2015-09-30": "-122.89800", "2015-06-30": "61.47900", "2015-03-31": "60.46700", "2014-12-31": "45.22500", "2014-09-30": "117.32400", "2014-06-30": "52.35000", "2014-03-31": "102.16400", "2013-12-31": "-39.17100", "2013-09-30": "43.12600", "2013-06-30": "45.32700", "2013-03-31": "26.90300", "2012-12-31": "", "2012-09-30": "25.98000", "2012-06-30": "16.85800", "2011-12-31": "", "2010-12-31": ""}, "Income Taxes": {"2020-09-30": "9.30000", "2020-06-30": "-15.10000", "2020-03-31": "-31.40000", "2019-12-31": "-56.90000", "2019-09-30": "-51.70000", "2019-06-30": "-37.50000", "2019-03-31": "1.60000", "2018-12-31": "-20.90000", "2018-09-30": "1.80000", "2018-06-30": "37.00000", "2018-03-31": "12.60000", "2017-12-31": "-27.37300", "2017-09-30": "16.86200", "2017-06-30": "24.13800", "2017-03-31": "2.37300", "2016-12-31": "-5.06600", "2016-09-30": "12.04300", "2016-06-30": "34.29300", "2016-03-31": "8.46100", "2015-12-31": "14.09800", "2015-09-30": "-42.10200", "2015-06-30": "15.88700", "2015-03-31": "20.99100", "2014-12-31": "-2.58600", "2014-09-30": "20.89300", "2014-06-30": "24.30700", "2014-03-31": "37.67700", "2013-12-31": "-30.25900", "2013-09-30": "31.83900", "2013-06-30": "44.20600", "2013-03-31": "11.00300", "2012-12-31": "", "2012-09-30": "20.69600", "2012-06-30": "10.26300", "2011-12-31": "", "2010-12-31": ""}, "Income After Taxes": {"2020-09-30": "-116.30000", "2020-06-30": "-321.10000", "2020-03-31": "-159.90000", "2019-12-31": "-436.70000", "2019-09-30": "-156.50000", "2019-06-30": "-334.00000", "2019-03-31": "-2.30000", "2018-12-31": "-23.20000", "2018-09-30": "63.80000", "2018-06-30": "65.90000", "2018-03-31": "33.70000", "2017-12-31": "53.61700", "2017-09-30": "51.15700", "2017-06-30": "55.46400", "2017-03-31": "33.56200", "2016-12-31": "54.46600", "2016-09-30": "93.83100", "2016-06-30": "61.96100", "2016-03-31": "12.58000", "2015-12-31": "-75.14700", "2015-09-30": "-80.79600", "2015-06-30": "45.59200", "2015-03-31": "39.47600", "2014-12-31": "47.81100", "2014-09-30": "96.43100", "2014-06-30": "28.04300", "2014-03-31": "64.48700", "2013-12-31": "-8.91200", "2013-09-30": "11.28700", "2013-06-30": "1.12100", "2013-03-31": "15.90000", "2012-12-31": "", "2012-09-30": "5.28400", "2012-06-30": "6.59500", "2011-12-31": "", "2010-12-31": ""}, "Other Income": {"2020-09-30": "", "2020-06-30": "", "2020-03-31": "", "2019-12-31": "", "2019-09-30": "", "2019-06-30": "", "2019-03-31": "", "2018-12-31": "", "2018-09-30": "", "2018-06-30": "", "2018-03-31": "", "2017-12-31": "", "2017-09-30": "", "2017-06-30": "", "2017-03-31": "", "2016-12-31": "", "2016-09-30": "", "2016-06-30": "", "2016-03-31": "", "2015-12-31": "", "2015-09-30": "", "2015-06-30": "", "2015-03-31": "", "2014-12-31": "", "2014-09-30": "", "2014-06-30": "", "2014-03-31": "", "2013-12-31": "", "2013-09-30": "", "2013-06-30": "", "2013-03-31": "", "2012-12-31": "", "2012-09-30": "", "2012-06-30": "", "2011-12-31": "", "2010-12-31": ""}, "Income From Continuous Operations": {"2020-09-30": "-116.30000", "2020-06-30": "-321.10000", "2020-03-31": "-159.90000", "2019-12-31": "-436.70000", "2019-09-30": "-156.50000", "2019-06-30": "-334.00000", "2019-03-31": "-2.30000", "2018-12-31": "-23.20000", "2018-09-30": "63.80000", "2018-06-30": "65.90000", "2018-03-31": "33.70000", "2017-12-31": "53.61700", "2017-09-30": "51.15700", "2017-06-30": "55.46400", "2017-03-31": "33.56200", "2016-12-31": "54.46600", "2016-09-30": "93.83100", "2016-06-30": "61.96100", "2016-03-31": "12.58000", "2015-12-31": "-75.14700", "2015-09-30": "-80.79600", "2015-06-30": "45.59200", "2015-03-31": "39.47600", "2014-12-31": "47.81100", "2014-09-30": "96.43100", "2014-06-30": "28.04300", "2014-03-31": "64.48700", "2013-12-31": "-8.91200", "2013-09-30": "11.28700", "2013-06-30": "1.12100", "2013-03-31": "15.90000", "2012-12-31": "", "2012-09-30": "5.28400", "2012-06-30": "6.59500", "2011-12-31": "", "2010-12-31": ""}, "Income From Discontinued Operations": {"2020-09-30": "", "2020-06-30": "", "2020-03-31": "", "2019-12-31": "", "2019-09-30": "", "2019-06-30": "", "2019-03-31": "", "2018-12-31": "", "2018-09-30": "", "2018-06-30": "", "2018-03-31": "", "2017-12-31": "", "2017-09-30": "", "2017-06-30": "", "2017-03-31": "", "2016-12-31": "", "2016-09-30": "", "2016-06-30": "", "2016-03-31": "", "2015-12-31": "", "2015-09-30": "", "2015-06-30": "", "2015-03-31": "", "2014-12-31": "", "2014-09-30": "", "2014-06-30": "", "2014-03-31": "", "2013-12-31": "", "2013-09-30": "", "2013-06-30": "", "2013-03-31": "", "2012-12-31": "", "2012-09-30": "", "2012-06-30": "", "2011-12-31": "", "2010-12-31": ""}, "Net Income": {"2020-09-30": "-130.40000", "2020-06-30": "-335.00000", "2020-03-31": "-173.70000", "2019-12-31": "-450.50000", "2019-09-30": "-170.30000", "2019-06-30": "-350.10000", "2019-03-31": "-2.30000", "2018-12-31": "-23.20000", "2018-09-30": "63.80000", "2018-06-30": "65.90000", "2018-03-31": "33.70000", "2017-12-31": "53.61700", "2017-09-30": "51.15700", "2017-06-30": "55.46400", "2017-03-31": "33.56200", "2016-12-31": "54.46600", "2016-09-30": "93.83100", "2016-06-30": "61.96100", "2016-03-31": "12.58000", "2015-12-31": "-75.14700", "2015-09-30": "-80.79600", "2015-06-30": "45.59200", "2015-03-31": "39.47600", "2014-12-31": "47.81100", "2014-09-30": "96.43100", "2014-06-30": "28.04300", "2014-03-31": "64.48700", "2013-12-31": "-8.91200", "2013-09-30": "11.28700", "2013-06-30": "1.12100", "2013-03-31": "15.90000", "2012-12-31": "", "2012-09-30": "5.28400", "2012-06-30": "6.59500", "2011-12-31": "", "2010-12-31": ""}, "EBITDA": {"2020-09-30": "265.70000", "2020-06-30": "8.70020", "2020-03-31": "173.59990", "2019-12-31": "-82.80020", "2019-09-30": "162.69970", "2019-06-30": "8.10010", "2019-03-31": "174.39990", "2018-12-31": "134.30010", "2018-09-30": "226.50010", "2018-06-30": "253.60010", "2018-03-31": "193.09990", "2017-12-31": "185.66790", "2017-09-30": "217.51800", "2017-06-30": "226.44090", "2017-03-31": "220.37300", "2016-12-31": "209.90150", "2016-09-30": "281.69900", "2016-06-30": "287.43090", "2016-03-31": "187.66100", "2015-12-31": "125.58780", "2015-09-30": "31.24410", "2015-06-30": "175.66700", "2015-03-31": "152.59400", "2014-12-31": "136.85630", "2014-09-30": "211.42590", "2014-06-30": "282.67490", "2014-03-31": "205.99600", "2013-12-31": "132.89390", "2013-09-30": "161.76990", "2013-06-30": "155.34300", "2013-03-31": "136.32300", "2012-12-31": "", "2012-09-30": "137.85500", "2012-06-30": "65.03200", "2011-12-31": "", "2010-12-31": ""}, "EBIT": {"2020-09-30": "55.80010", "2020-06-30": "-194.79980", "2020-03-31": "-31.80010", "2019-12-31": "-339.19970", "2019-09-30": "-50.80030", "2019-06-30": "-209.20000", "2019-03-31": "90.70000", "2018-12-31": "49.39990", "2018-09-30": "132.20010", "2018-06-30": "164.70010", "2018-03-31": "103.70000", "2017-12-31": "90.21080", "2017-09-30": "125.42800", "2017-06-30": "136.38890", "2017-03-31": "119.97200", "2016-12-31": "112.29820", "2016-09-30": "180.74600", "2016-06-30": "183.87190", "2016-03-31": "90.72300", "2015-12-31": "21.57270", "2015-09-30": "-42.51790", "2015-06-30": "109.39800", "2015-03-31": "93.14000", "2014-12-31": "76.21830", "2014-09-30": "151.04100", "2014-06-30": "203.65490", "2014-03-31": "146.53500", "2013-12-31": "60.14310", "2013-09-30": "99.84190", "2013-06-30": "94.30400", "2013-03-31": "75.42510", "2012-12-31": "", "2012-09-30": "72.99900", "2012-06-30": "65.03200", "2011-12-31": "", "2010-12-31": ""}, "Basic Shares Outstanding": {"2020-09-30": "196.90000", "2020-06-30": "195.90000", "2020-03-31": "194.90000", "2019-12-31": "193.70000", "2019-09-30": "194.10000", "2019-06-30": "193.60000", "2019-03-31": "192.80000", "2018-12-31": "192.00000", "2018-09-30": "192.20000", "2018-06-30": "192.20000", "2018-03-31": "191.40000", "2017-12-31": "192.40000", "2017-09-30": "191.82400", "2017-06-30": "193.09200", "2017-03-31": "194.06800", "2016-12-31": "192.47000", "2016-09-30": "192.71900", "2016-06-30": "192.24100", "2016-03-31": "191.64200", "2015-12-31": "189.87600", "2015-09-30": "190.26900", "2015-06-30": "189.68200", "2015-03-31": "188.48000", "2014-12-31": "186.90500", "2014-09-30": "187.40700", "2014-06-30": "186.50900", "2014-03-31": "185.94200", "2013-12-31": "160.64100", "2013-09-30": "154.88500", "2013-06-30": "154.88500", "2013-03-31": "154.88100", "2012-12-31": "", "2012-09-30": "154.70600", "2012-06-30": "154.70300", "2011-12-31": "", "2010-12-31": ""}, "Shares Outstanding": {"2020-09-30": "196.90000", "2020-06-30": "195.90000", "2020-03-31": "194.90000", "2019-12-31": "193.70000", "2019-09-30": "194.10000", "2019-06-30": "193.60000", "2019-03-31": "192.80000", "2018-12-31": "195.30000", "2018-09-30": "195.40000", "2018-06-30": "195.20000", "2018-03-31": "195.50000", "2017-12-31": "196.80000", "2017-09-30": "195.81500", "2017-06-30": "197.21800", "2017-03-31": "199.14000", "2016-12-31": "196.45900", "2016-09-30": "196.59800", "2016-06-30": "196.07300", "2016-03-31": "195.45600", "2015-12-31": "189.87600", "2015-09-30": "190.26900", "2015-06-30": "194.00400", "2015-03-31": "193.13700", "2014-12-31": "191.45000", "2014-09-30": "191.62700", "2014-06-30": "190.98400", "2014-03-31": "190.92200", "2013-12-31": "164.01300", "2013-09-30": "159.06400", "2013-06-30": "158.31600", "2013-03-31": "156.64400", "2012-12-31": "", "2012-09-30": "155.37700", "2012-06-30": "155.37700", "2011-12-31": "", "2010-12-31": ""}, "Basic EPS": {"2020-09-30": "-0.66000", "2020-06-30": "-1.71000", "2020-03-31": "-0.89000", "2019-12-31": "-2.32000", "2019-09-30": "-0.88000", "2019-06-30": "-1.81000", "2019-03-31": "-0.01000", "2018-12-31": "-0.12000", "2018-09-30": "0.33000", "2018-06-30": "0.34000", "2018-03-31": "0.18000", "2017-12-31": "0.28000", "2017-09-30": "0.27000", "2017-06-30": "0.29000", "2017-03-31": "0.17000", "2016-12-31": "0.28000", "2016-09-30": "0.49000", "2016-06-30": "0.32000", "2016-03-31": "0.07000", "2015-12-31": "-0.40000", "2015-09-30": "-0.42000", "2015-06-30": "0.24000", "2015-03-31": "0.21000", "2014-12-31": "0.26000", "2014-09-30": "0.51000", "2014-06-30": "0.15000", "2014-03-31": "0.35000", "2013-12-31": "-0.06000", "2013-09-30": "0.07000", "2013-06-30": "0.01000", "2013-03-31": "0.10000", "2012-12-31": "", "2012-09-30": "0.03000", "2012-06-30": "0.04000", "2011-12-31": "", "2010-12-31": ""}, "EPS - Earnings Per Share": {"2020-09-30": "-0.66000", "2020-06-30": "-1.71000", "2020-03-31": "-0.89000", "2019-12-31": "-2.32000", "2019-09-30": "-0.88000", "2019-06-30": "-1.81000", "2019-03-31": "-0.01000", "2018-12-31": "-0.12000", "2018-09-30": "0.33000", "2018-06-30": "0.34000", "2018-03-31": "0.17000", "2017-12-31": "0.27000", "2017-09-30": "0.26000", "2017-06-30": "0.28000", "2017-03-31": "0.17000", "2016-12-31": "0.27000", "2016-09-30": "0.48000", "2016-06-30": "0.32000", "2016-03-31": "0.06000", "2015-12-31": "-0.39000", "2015-09-30": "-0.42000", "2015-06-30": "0.24000", "2015-03-31": "0.20000", "2014-12-31": "0.25000", "2014-09-30": "0.50000", "2014-06-30": "0.15000", "2014-03-31": "0.34000", "2013-12-31": "-0.06000", "2013-09-30": "0.07000", "2013-06-30": "0.01000", "2013-03-31": "0.10000", "2012-12-31": "0.00000", "2012-09-30": "0.03000", "2012-06-30": "0.04000", "2011-12-31": "0.00000", "2010-12-31": "0.00000"}}, "balance sheet": {"Cash On Hand": {"2019-12-31": "598.20000", "2018-12-31": "458.20000", "2017-12-31": "453.97700", "2016-12-31": "428.22800", "2015-12-31": "562.88400", "2014-12-31": "729.32100", "2013-12-31": "346.32000", "2012-12-31": "264.37500", "2011-12-31": "317.10200", "2010-12-31": ""}, "Receivables": {"2019-12-31": "1698.80000", "2018-12-31": "810.40000", "2017-12-31": "898.82900", "2016-12-31": "952.36700", "2015-12-31": "833.04100", "2014-12-31": "612.00700", "2013-12-31": "607.48900", "2012-12-31": "596.05000", "2011-12-31": "581.78200", "2010-12-31": ""}, "Inventory": {"2019-12-31": "975.90000", "2018-12-31": "473.30000", "2017-12-31": "444.94100", "2016-12-31": "473.26700", "2015-12-31": "441.81500", "2014-12-31": "367.18500", "2013-12-31": "372.18700", "2012-12-31": "311.97000", "2011-12-31": "338.07800", "2010-12-31": ""}, "Pre-Paid Expenses": {"2019-12-31": "238.90000", "2018-12-31": "135.90000", "2017-12-31": "146.11200", "2016-12-31": "139.90200", "2015-12-31": "166.90000", "2014-12-31": "67.87500", "2013-12-31": "71.81800", "2012-12-31": "53.79000", "2011-12-31": "52.97000", "2010-12-31": ""}, "Other Current Assets": {"2019-12-31": "", "2018-12-31": "", "2017-12-31": "", "2016-12-31": "", "2015-12-31": "", "2014-12-31": "", "2013-12-31": "", "2012-12-31": "", "2011-12-31": "", "2010-12-31": ""}, "Total Current Assets": {"2019-12-31": "3511.80000", "2018-12-31": "1877.80000", "2017-12-31": "1943.85900", "2016-12-31": "1993.76400", "2015-12-31": "2004.64000", "2014-12-31": "1827.61800", "2013-12-31": "1453.42300", "2012-12-31": "1287.25700", "2011-12-31": "1367.32800", "2010-12-31": ""}, "Property, Plant, And Equipment": {"2019-12-31": "723.80000", "2018-12-31": "450.90000", "2017-12-31": "467.28900", "2016-12-31": "474.99000", "2015-12-31": "528.70600", "2014-12-31": "289.37100", "2013-12-31": "310.14300", "2012-12-31": "355.21200", "2011-12-31": "407.55700", "2010-12-31": ""}, "Long-Term Investments": {"2019-12-31": "", "2018-12-31": "", "2017-12-31": "", "2016-12-31": "", "2015-12-31": "", "2014-12-31": "", "2013-12-31": "", "2012-12-31": "", "2011-12-31": "", "2010-12-31": ""}, "Goodwill And Intangible Assets": {"2019-12-31": "9735.30100", "2018-12-31": "4204.30000", "2017-12-31": "4522.71400", "2016-12-31": "4567.36900", "2015-12-31": "4838.11900", "2014-12-31": "2712.81400", "2013-12-31": "2872.69800", "2012-12-31": "3052.61500", "2011-12-31": "3267.49700", "2010-12-31": "0.00000"}, "Other Long-Term Assets": {"2019-12-31": "460.70000", "2018-12-31": "97.50000", "2017-12-31": "107.80400", "2016-12-31": "105.86300", "2015-12-31": "131.16600", "2014-12-31": "87.25500", "2013-12-31": "97.79100", "2012-12-31": "98.18000", "2011-12-31": "110.80700", "2010-12-31": ""}, "Total Long-Term Assets": {"2019-12-31": "10919.80000", "2018-12-31": "4752.70000", "2017-12-31": "5097.80700", "2016-12-31": "5148.22200", "2015-12-31": "5497.99100", "2014-12-31": "3089.44000", "2013-12-31": "3280.63200", "2012-12-31": "3506.00700", "2011-12-31": "3785.86100", "2010-12-31": ""}, "Total Assets": {"2019-12-31": "14431.60000", "2018-12-31": "6630.50000", "2017-12-31": "7041.66600", "2016-12-31": "7141.98600", "2015-12-31": "7502.63100", "2014-12-31": "4917.05800", "2013-12-31": "4734.05500", "2012-12-31": "4793.26400", "2011-12-31": "5153.18900", "2010-12-31": "0.00000"}, "Total Current Liabilities": {"2019-12-31": "2042.00000", "2018-12-31": "690.60000", "2017-12-31": "723.71700", "2016-12-31": "857.81800", "2015-12-31": "685.09200", "2014-12-31": "475.81300", "2013-12-31": "593.38100", "2012-12-31": "549.61900", "2011-12-31": "513.70300", "2010-12-31": ""}, "Long Term Debt": {"2019-12-31": "9800.40000", "2018-12-31": "3985.90000", "2017-12-31": "4369.40100", "2016-12-31": "4549.51000", "2015-12-31": "5231.13100", "2014-12-31": "2659.89700", "2013-12-31": "2505.09000", "2012-12-31": "2459.99400", "2011-12-31": "2550.68000", "2010-12-31": ""}, "Other Non-Current Liabilities": {"2019-12-31": "537.80000", "2018-12-31": "113.90000", "2017-12-31": "141.34100", "2016-12-31": "109.78200", "2015-12-31": "124.09900", "2014-12-31": "104.30600", "2013-12-31": "120.69200", "2012-12-31": "99.74000", "2011-12-31": "106.85900", "2010-12-31": ""}, "Total Long Term Liabilities": {"2019-12-31": "11553.30000", "2018-12-31": "4183.10000", "2017-12-31": "4670.12300", "2016-12-31": "4890.08400", "2015-12-31": "5594.81900", "2014-12-31": "3133.62600", "2013-12-31": "3052.65800", "2012-12-31": "3061.36300", "2011-12-31": "3274.39700", "2010-12-31": ""}, "Total Liabilities": {"2019-12-31": "13595.30000", "2018-12-31": "4873.70000", "2017-12-31": "5393.84000", "2016-12-31": "5747.90200", "2015-12-31": "6279.91100", "2014-12-31": "3609.43900", "2013-12-31": "3646.03900", "2012-12-31": "3610.98200", "2011-12-31": "3788.10000", "2010-12-31": "0.00000"}, "Common Stock Net": {"2019-12-31": "2.00000", "2018-12-31": "2.00000", "2017-12-31": "1.97200", "2016-12-31": "1.95000", "2015-12-31": "1.92300", "2014-12-31": "1.88800", "2013-12-31": "1.86800", "2012-12-31": "1.55800", "2011-12-31": "1.55300", "2010-12-31": "0.00000"}, "Retained Earnings (Accumulated Deficit)": {"2019-12-31": "-1179.30000", "2018-12-31": "-249.80000", "2017-12-31": "-395.99800", "2016-12-31": "-589.55600", "2015-12-31": "-812.39400", "2014-12-31": "-741.51900", "2013-12-31": "-978.29100", "2012-12-31": "-447.68700", "2011-12-31": "-252.30800", "2010-12-31": ""}, "Comprehensive Income": {"2019-12-31": "-197.00000", "2018-12-31": "-159.20000", "2017-12-31": "-86.60300", "2016-12-31": "-285.11300", "2015-12-31": "-171.67800", "2014-12-31": "-83.54800", "2013-12-31": "-26.27600", "2012-12-31": "-16.64600", "2011-12-31": "-26.36400", "2010-12-31": ""}, "Other Share Holders Equity": {"2019-12-31": "", "2018-12-31": "", "2017-12-31": "", "2016-12-31": "", "2015-12-31": "", "2014-12-31": "", "2013-12-31": "", "2012-12-31": "", "2011-12-31": "", "2010-12-31": "0.00000"}, "Share Holder Equity": {"2019-12-31": "836.30000", "2018-12-31": "1756.80000", "2017-12-31": "1647.82600", "2016-12-31": "1394.08400", "2015-12-31": "1222.72000", "2014-12-31": "1307.61900", "2013-12-31": "1088.01600", "2012-12-31": "1182.28200", "2011-12-31": "1365.08900", "2010-12-31": "0.00000"}, "Total Liabilities And Share Holders Equity": {"2019-12-31": "14431.60000", "2018-12-31": "6630.50000", "2017-12-31": "7041.66600", "2016-12-31": "7141.98600", "2015-12-31": "7502.63100", "2014-12-31": "4917.05800", "2013-12-31": "4734.05500", "2012-12-31": "4793.26400", "2011-12-31": "5153.18900", "2010-12-31": "0.00000"}}, "balance sheet, quarterly": {"Cash On Hand": {"2020-09-30": "582.80000", "2020-06-30": "823.40000", "2020-03-31": "394.30000", "2019-12-31": "598.20000", "2019-09-30": "609.10000", "2019-06-30": "348.00000", "2019-03-31": "176.40000", "2018-12-31": "458.20000", "2018-09-30": "352.39700", "2018-06-30": "545.70100", "2018-03-31": "472.73300", "2017-12-31": "453.97700", "2017-09-30": "411.24200", "2017-06-30": "484.49100", "2017-03-31": "437.63700", "2016-12-31": "428.22800", "2016-09-30": "517.27500", "2016-06-30": "516.04300", "2016-03-31": "688.36800", "2015-12-31": "562.88400", "2015-09-30": "617.96200", "2015-06-30": "792.95900", "2015-03-31": "735.14200", "2014-12-31": "729.32100", "2014-09-30": "616.43400", "2014-06-30": "481.04900", "2014-03-31": "305.18800", "2013-12-31": "346.32000", "2013-09-30": "312.04500", "2013-06-30": "223.61000", "2013-03-31": "", "2012-12-31": "", "2012-09-30": "", "2012-06-30": "", "2011-12-31": "317.10000", "2010-12-31": ""}, "Receivables": {"2020-09-30": "1497.20000", "2020-06-30": "1649.30000", "2020-03-31": "1604.00000", "2019-12-31": "1698.80000", "2019-09-30": "1778.90000", "2019-06-30": "2264.70000", "2019-03-31": "957.60000", "2018-12-31": "810.40000", "2018-09-30": "901.09600", "2018-06-30": "1023.71600", "2018-03-31": "984.84700", "2017-12-31": "898.82900", "2017-09-30": "930.73900", "2017-06-30": "931.65400", "2017-03-31": "941.27400", "2016-12-31": "952.36700", "2016-09-30": "966.83900", "2016-06-30": "993.01300", "2016-03-31": "924.21600", "2015-12-31": "833.04100", "2015-09-30": "958.21400", "2015-06-30": "718.33300", "2015-03-31": "689.57400", "2014-12-31": "612.00700", "2014-09-30": "703.88700", "2014-06-30": "777.76800", "2014-03-31": "714.98000", "2013-12-31": "607.48900", "2013-09-30": "641.81500", "2013-06-30": "718.64600", "2013-03-31": "", "2012-12-31": "", "2012-09-30": "", "2012-06-30": "", "2011-12-31": "581.78000", "2010-12-31": ""}, "Inventory": {"2020-09-30": "1104.50000", "2020-06-30": "1038.40000", "2020-03-31": "909.40000", "2019-12-31": "975.90000", "2019-09-30": "1169.20000", "2019-06-30": "1404.10000", "2019-03-31": "535.50000", "2018-12-31": "473.30000", "2018-09-30": "490.76700", "2018-06-30": "479.46800", "2018-03-31": "470.94600", "2017-12-31": "444.94100", "2017-09-30": "485.06200", "2017-06-30": "529.60400", "2017-03-31": "498.08700", "2016-12-31": "473.26700", "2016-09-30": "475.67900", "2016-06-30": "465.68500", "2016-03-31": "464.46200", "2015-12-31": "441.81500", "2015-09-30": "554.83500", "2015-06-30": "352.77700", "2015-03-31": "353.06000", "2014-12-31": "367.18500", "2014-09-30": "418.07600", "2014-06-30": "449.36700", "2014-03-31": "410.77600", "2013-12-31": "372.18700", "2013-09-30": "367.59000", "2013-06-30": "367.16200", "2013-03-31": "", "2012-12-31": "", "2012-09-30": "", "2012-06-30": "", "2011-12-31": "338.07000", "2010-12-31": ""}, "Pre-Paid Expenses": {"2020-09-30": "230.90000", "2020-06-30": "236.70000", "2020-03-31": "238.10000", "2019-12-31": "238.90000", "2019-09-30": "245.50000", "2019-06-30": "284.40000", "2019-03-31": "151.50000", "2018-12-31": "135.90000", "2018-09-30": "123.27700", "2018-06-30": "123.37100", "2018-03-31": "153.68100", "2017-12-31": "146.11200", "2017-09-30": "166.90500", "2017-06-30": "146.37500", "2017-03-31": "155.16500", "2016-12-31": "139.90200", "2016-09-30": "130.69000", "2016-06-30": "128.75600", "2016-03-31": "149.92500", "2015-12-31": "166.90000", "2015-09-30": "146.74300", "2015-06-30": "59.18000", "2015-03-31": "65.15200", "2014-12-31": "67.87500", "2014-09-30": "59.38700", "2014-06-30": "82.92300", "2014-03-31": "66.23400", "2013-12-31": "71.81800", "2013-09-30": "60.10700", "2013-06-30": "56.54900", "2013-03-31": "", "2012-12-31": "", "2012-09-30": "", "2012-06-30": "", "2011-12-31": "", "2010-12-31": ""}, "Other Current Assets": {"2020-09-30": "", "2020-06-30": "", "2020-03-31": "", "2019-12-31": "", "2019-09-30": "", "2019-06-30": "", "2019-03-31": "", "2018-12-31": "", "2018-09-30": "", "2018-06-30": "", "2018-03-31": "", "2017-12-31": "", "2017-09-30": "", "2017-06-30": "", "2017-03-31": "", "2016-12-31": "", "2016-09-30": "", "2016-06-30": "", "2016-03-31": "", "2015-12-31": "", "2015-09-30": "", "2015-06-30": "", "2015-03-31": "", "2014-12-31": "", "2014-09-30": "", "2014-06-30": "", "2014-03-31": "", "2013-12-31": "", "2013-09-30": "", "2013-06-30": "", "2013-03-31": "", "2012-12-31": "", "2012-09-30": "", "2012-06-30": "", "2011-12-31": "130.36000", "2010-12-31": ""}, "Total Current Assets": {"2020-09-30": "3415.40000", "2020-06-30": "3747.80000", "2020-03-31": "3145.80000", "2019-12-31": "3511.80000", "2019-09-30": "3802.70000", "2019-06-30": "4301.20000", "2019-03-31": "1821.00000", "2018-12-31": "1877.80000", "2018-09-30": "1867.53700", "2018-06-30": "2172.25600", "2018-03-31": "2082.20700", "2017-12-31": "1943.85900", "2017-09-30": "1993.94800", "2017-06-30": "2092.12400", "2017-03-31": "2032.16300", "2016-12-31": "1993.76400", "2016-09-30": "2090.48300", "2016-06-30": "2103.49700", "2016-03-31": "2226.97100", "2015-12-31": "2004.64000", "2015-09-30": "2350.48000", "2015-06-30": "1972.87600", "2015-03-31": "1887.94500", "2014-12-31": "1827.61800", "2014-09-30": "1860.76400", "2014-06-30": "1842.85900", "2014-03-31": "1546.95700", "2013-12-31": "1453.42300", "2013-09-30": "1428.70600", "2013-06-30": "1422.52900", "2013-03-31": "", "2012-12-31": "", "2012-09-30": "", "2012-06-30": "", "2011-12-31": "1367.32000", "2010-12-31": ""}, "Property, Plant, And Equipment": {"2020-09-30": "673.30000", "2020-06-30": "681.40000", "2020-03-31": "693.50000", "2019-12-31": "723.80000", "2019-09-30": "737.00000", "2019-06-30": "767.30000", "2019-03-31": "453.80000", "2018-12-31": "450.90000", "2018-09-30": "445.74600", "2018-06-30": "446.95400", "2018-03-31": "464.30600", "2017-12-31": "467.28900", "2017-09-30": "477.71800", "2017-06-30": "475.29700", "2017-03-31": "474.06600", "2016-12-31": "474.99000", "2016-09-30": "499.84200", "2016-06-30": "505.43200", "2016-03-31": "519.93100", "2015-12-31": "528.70600", "2015-09-30": "530.07000", "2015-06-30": "286.13400", "2015-03-31": "282.24400", "2014-12-31": "289.37100", "2014-09-30": "293.91500", "2014-06-30": "300.81600", "2014-03-31": "303.36400", "2013-12-31": "310.14300", "2013-09-30": "331.88900", "2013-06-30": "333.99200", "2013-03-31": "", "2012-12-31": "", "2012-09-30": "", "2012-06-30": "", "2011-12-31": "475.36000", "2010-12-31": ""}, "Long-Term Investments": {"2020-09-30": "", "2020-06-30": "", "2020-03-31": "", "2019-12-31": "", "2019-09-30": "", "2019-06-30": "", "2019-03-31": "", "2018-12-31": "", "2018-09-30": "", "2018-06-30": "", "2018-03-31": "", "2017-12-31": "", "2017-09-30": "", "2017-06-30": "", "2017-03-31": "", "2016-12-31": "", "2016-09-30": "", "2016-06-30": "", "2016-03-31": "", "2015-12-31": "", "2015-09-30": "", "2015-06-30": "", "2015-03-31": "", "2014-12-31": "", "2014-09-30": "", "2014-06-30": "", "2014-03-31": "", "2013-12-31": "", "2013-09-30": "", "2013-06-30": "", "2013-03-31": "", "2012-12-31": "", "2012-09-30": "", "2012-06-30": "", "2011-12-31": "", "2010-12-31": ""}, "Goodwill And Intangible Assets": {"2020-09-30": "9049.60000", "2020-06-30": "9175.80100", "2020-03-31": "9521.00000", "2019-12-31": "9735.30100", "2019-09-30": "10216.20000", "2019-06-30": "10429.70000", "2019-03-31": "4149.90000", "2018-12-31": "4204.30000", "2018-09-30": "4279.31700", "2018-06-30": "4357.32600", "2018-03-31": "4478.96100", "2017-12-31": "4522.71400", "2017-09-30": "4576.32000", "2017-06-30": "4505.02000", "2017-03-31": "4519.61500", "2016-12-31": "4567.36900", "2016-09-30": "4708.48200", "2016-06-30": "4780.02600", "2016-03-31": "4796.66800", "2015-12-31": "4838.11900", "2015-09-30": "4882.59200", "2015-06-30": "2622.34300", "2015-03-31": "2664.65400", "2014-12-31": "2712.81400", "2014-09-30": "2758.58300", "2014-06-30": "2772.69500", "2014-03-31": "2823.76300", "2013-12-31": "2872.69800", "2013-09-30": "2927.58500", "2013-06-30": "2965.89000", "2013-03-31": "0.00000", "2012-12-31": "", "2012-09-30": "0.00000", "2012-06-30": "0.00000", "2011-12-31": "3267.49000", "2010-12-31": "0.00000"}, "Other Long-Term Assets": {"2020-09-30": "562.70000", "2020-06-30": "533.20000", "2020-03-31": "512.50000", "2019-12-31": "460.70000", "2019-09-30": "417.90000", "2019-06-30": "438.50000", "2019-03-31": "3949.60000", "2018-12-31": "97.50000", "2018-09-30": "125.69600", "2018-06-30": "129.34400", "2018-03-31": "124.99300", "2017-12-31": "107.80400", "2017-09-30": "98.55900", "2017-06-30": "103.53500", "2017-03-31": "106.98000", "2016-12-31": "105.86300", "2016-09-30": "112.83400", "2016-06-30": "125.59300", "2016-03-31": "129.33700", "2015-12-31": "131.16600", "2015-09-30": "98.06400", "2015-06-30": "2830.75000", "2015-03-31": "123.59700", "2014-12-31": "87.25500", "2014-09-30": "145.46000", "2014-06-30": "138.00900", "2014-03-31": "100.00400", "2013-12-31": "97.79100", "2013-09-30": "110.59600", "2013-06-30": "102.69500", "2013-03-31": "", "2012-12-31": "", "2012-09-30": "", "2012-06-30": "", "2011-12-31": "110.80000", "2010-12-31": ""}, "Total Long-Term Assets": {"2020-09-30": "10285.60000", "2020-06-30": "10390.40000", "2020-03-31": "10727.00000", "2019-12-31": "10919.80000", "2019-09-30": "11371.10000", "2019-06-30": "11635.50000", "2019-03-31": "8553.30000", "2018-12-31": "4752.70000", "2018-09-30": "4850.75900", "2018-06-30": "4933.62400", "2018-03-31": "5068.26000", "2017-12-31": "5097.80700", "2017-09-30": "5152.59700", "2017-06-30": "5083.85200", "2017-03-31": "5100.66100", "2016-12-31": "5148.22200", "2016-09-30": "5321.15800", "2016-06-30": "5411.05100", "2016-03-31": "5445.93600", "2015-12-31": "5497.99100", "2015-09-30": "5510.72600", "2015-06-30": "5739.22700", "2015-03-31": "3070.49500", "2014-12-31": "3089.44000", "2014-09-30": "3197.95800", "2014-06-30": "3211.52000", "2014-03-31": "3227.13100", "2013-12-31": "3280.63200", "2013-09-30": "3370.07000", "2013-06-30": "3402.57700", "2013-03-31": "", "2012-12-31": "", "2012-09-30": "", "2012-06-30": "", "2011-12-31": "3853.65000", "2010-12-31": ""}, "Total Assets": {"2020-09-30": "13701.00000", "2020-06-30": "14138.20000", "2020-03-31": "13872.80000", "2019-12-31": "14431.60000", "2019-09-30": "15173.80000", "2019-06-30": "15936.70000", "2019-03-31": "10374.30000", "2018-12-31": "6630.50000", "2018-09-30": "6718.29600", "2018-06-30": "7105.88000", "2018-03-31": "7150.46700", "2017-12-31": "7041.66600", "2017-09-30": "7146.54500", "2017-06-30": "7175.97600", "2017-03-31": "7132.82400", "2016-12-31": "7141.98600", "2016-09-30": "7411.64100", "2016-06-30": "7514.54800", "2016-03-31": "7672.90700", "2015-12-31": "7502.63100", "2015-09-30": "7861.20600", "2015-06-30": "7712.10300", "2015-03-31": "4958.44000", "2014-12-31": "4917.05800", "2014-09-30": "5058.72200", "2014-06-30": "5054.37900", "2014-03-31": "4774.08800", "2013-12-31": "4734.05500", "2013-09-30": "4798.77600", "2013-06-30": "4825.10600", "2013-03-31": "0.00000", "2012-12-31": "0.00000", "2012-09-30": "0.00000", "2012-06-30": "0.00000", "2011-12-31": "5153.18000", "2010-12-31": "0.00000"}, "Total Current Liabilities": {"2020-09-30": "2057.60000", "2020-06-30": "2141.40000", "2020-03-31": "1852.90000", "2019-12-31": "2042.00000", "2019-09-30": "2040.70000", "2019-06-30": "2285.40000", "2019-03-31": "904.90000", "2018-12-31": "690.60000", "2018-09-30": "764.62000", "2018-06-30": "785.27600", "2018-03-31": "761.87800", "2017-12-31": "723.71700", "2017-09-30": "716.99000", "2017-06-30": "756.80900", "2017-03-31": "834.26300", "2016-12-31": "857.81800", "2016-09-30": "927.82300", "2016-06-30": "869.87000", "2016-03-31": "798.16200", "2015-12-31": "685.09200", "2015-09-30": "763.94000", "2015-06-30": "530.44100", "2015-03-31": "479.38900", "2014-12-31": "475.81300", "2014-09-30": "570.82100", "2014-06-30": "603.14300", "2014-03-31": "577.85500", "2013-12-31": "593.38100", "2013-09-30": "539.22500", "2013-06-30": "592.15700", "2013-03-31": "", "2012-12-31": "", "2012-09-30": "", "2012-06-30": "", "2011-12-31": "513.70000", "2010-12-31": ""}, "Long Term Debt": {"2020-09-30": "9589.30000", "2020-06-30": "9946.80000", "2020-03-31": "9698.70000", "2019-12-31": "9800.40000", "2019-09-30": "10101.20000", "2019-06-30": "10302.50000", "2019-03-31": "7459.60000", "2018-12-31": "3985.90000", "2018-09-30": "3983.79000", "2018-06-30": "4374.20900", "2018-03-31": "4371.82100", "2017-12-31": "4369.40100", "2017-09-30": "4548.01600", "2017-06-30": "4569.96700", "2017-03-31": "4567.41800", "2016-12-31": "4549.51000", "2016-09-30": "4701.48600", "2016-06-30": "4935.35500", "2016-03-31": "5231.51300", "2015-12-31": "5231.13100", "2015-09-30": "5342.91000", "2015-06-30": "5346.34000", "2015-03-31": "2697.17300", "2014-12-31": "2659.89700", "2014-09-30": "2700.26500", "2014-06-30": "2701.98700", "2014-03-31": "2503.54200", "2013-12-31": "2505.09000", "2013-09-30": "3004.02400", "2013-06-30": "3006.08200", "2013-03-31": "", "2012-12-31": "", "2012-09-30": "", "2012-06-30": "", "2011-12-31": "2550.68000", "2010-12-31": ""}, "Other Non-Current Liabilities": {"2020-09-30": "540.50000", "2020-06-30": "526.30000", "2020-03-31": "527.10000", "2019-12-31": "537.80000", "2019-09-30": "552.10000", "2019-06-30": "578.80000", "2019-03-31": "185.40000", "2018-12-31": "113.90000", "2018-09-30": "96.65200", "2018-06-30": "111.59100", "2018-03-31": "131.23400", "2017-12-31": "141.34100", "2017-09-30": "119.14300", "2017-06-30": "108.36800", "2017-03-31": "112.11500", "2016-12-31": "109.78200", "2016-09-30": "115.47100", "2016-06-30": "123.42500", "2016-03-31": "123.50300", "2015-12-31": "124.09900", "2015-09-30": "120.54900", "2015-06-30": "102.08800", "2015-03-31": "101.09900", "2014-12-31": "104.30600", "2014-09-30": "100.19800", "2014-06-30": "109.93200", "2014-03-31": "102.39000", "2013-12-31": "120.69200", "2013-09-30": "120.47700", "2013-06-30": "98.46400", "2013-03-31": "", "2012-12-31": "", "2012-09-30": "", "2012-06-30": "", "2011-12-31": "230.98000", "2010-12-31": ""}, "Total Long Term Liabilities": {"2020-09-30": "11389.30000", "2020-06-30": "11697.00000", "2020-03-31": "11446.50000", "2019-12-31": "11553.30000", "2019-09-30": "11922.00000", "2019-06-30": "12226.40000", "2019-03-31": "7724.90000", "2018-12-31": "4183.10000", "2018-09-30": "4198.60600", "2018-06-30": "4617.33400", "2018-03-31": "4657.23100", "2017-12-31": "4670.12300", "2017-09-30": "4878.92100", "2017-06-30": "4899.54400", "2017-03-31": "4894.53800", "2016-12-31": "4890.08400", "2016-09-30": "5050.58700", "2016-06-30": "5324.47300", "2016-03-31": "5586.29100", "2015-12-31": "5594.81900", "2015-09-30": "5778.79100", "2015-06-30": "5771.39000", "2015-03-31": "3139.69700", "2014-12-31": "3133.62600", "2014-09-30": "3195.68600", "2014-06-30": "3228.40800", "2014-03-31": "3037.53300", "2013-12-31": "3052.65800", "2013-09-30": "3601.54700", "2013-06-30": "3596.36600", "2013-03-31": "", "2012-12-31": "", "2012-09-30": "", "2012-06-30": "", "2011-12-31": "3274.38000", "2010-12-31": ""}, "Total Liabilities": {"2020-09-30": "13446.90000", "2020-06-30": "13838.40000", "2020-03-31": "13299.40000", "2019-12-31": "13595.30000", "2019-09-30": "13962.70000", "2019-06-30": "14511.80000", "2019-03-31": "8629.80000", "2018-12-31": "4873.70000", "2018-09-30": "4963.22600", "2018-06-30": "5402.61100", "2018-03-31": "5419.11000", "2017-12-31": "5393.84000", "2017-09-30": "5595.91100", "2017-06-30": "5656.35300", "2017-03-31": "5728.80100", "2016-12-31": "5747.90200", "2016-09-30": "5978.41000", "2016-06-30": "6194.34300", "2016-03-31": "6384.45300", "2015-12-31": "6279.91100", "2015-09-30": "6542.73100", "2015-06-30": "6301.83100", "2015-03-31": "3619.08600", "2014-12-31": "3609.43900", "2014-09-30": "3766.50700", "2014-06-30": "3831.55100", "2014-03-31": "3615.38800", "2013-12-31": "3646.03900", "2013-09-30": "4140.77200", "2013-06-30": "4188.52300", "2013-03-31": "0.00000", "2012-12-31": "", "2012-09-30": "0.00000", "2012-06-30": "0.00000", "2011-12-31": "3788.10000", "2010-12-31": "0.00000"}, "Common Stock Net": {"2020-09-30": "2.10000", "2020-06-30": "2.00000", "2020-03-31": "2.00000", "2019-12-31": "2.00000", "2019-09-30": "2.00000", "2019-06-30": "2.00000", "2019-03-31": "2.00000", "2018-12-31": "2.00000", "2018-09-30": "1.99000", "2018-06-30": "1.98900", "2018-03-31": "1.98800", "2017-12-31": "1.97200", "2017-09-30": "1.97100", "2017-06-30": "1.97000", "2017-03-31": "1.96600", "2016-12-31": "1.95000", "2016-09-30": "1.94000", "2016-06-30": "1.93700", "2016-03-31": "1.92900", "2015-12-31": "1.92300", "2015-09-30": "1.91600", "2015-06-30": "1.90900", "2015-03-31": "1.90400", "2014-12-31": "1.88800", "2014-09-30": "1.88600", "2014-06-30": "1.88100", "2014-03-31": "1.87200", "2013-12-31": "1.86800", "2013-09-30": "1.55800", "2013-06-30": "1.55800", "2013-03-31": "0.00000", "2012-12-31": "", "2012-09-30": "0.00000", "2012-06-30": "0.00000", "2011-12-31": "1.55000", "2010-12-31": "0.00000"}, "Retained Earnings (Accumulated Deficit)": {"2020-09-30": "-1776.60000", "2020-06-30": "-1660.30000", "2020-03-31": "-1339.20000", "2019-12-31": "-1179.30000", "2019-09-30": "-742.60000", "2019-06-30": "-586.10000", "2019-03-31": "-252.10000", "2018-12-31": "-249.80000", "2018-09-30": "-226.49400", "2018-06-30": "-290.33700", "2018-03-31": "-356.25900", "2017-12-31": "-395.99800", "2017-09-30": "-449.57900", "2017-06-30": "-500.73600", "2017-03-31": "-556.20000", "2016-12-31": "-589.55600", "2016-09-30": "-644.02200", "2016-06-30": "-737.85300", "2016-03-31": "-799.81400", "2015-12-31": "-812.39400", "2015-09-30": "-737.24700", "2015-06-30": "-656.45100", "2015-03-31": "-702.04300", "2014-12-31": "-741.51900", "2014-09-30": "-789.33000", "2014-06-30": "-885.76100", "2014-03-31": "-913.80400", "2013-12-31": "-978.29100", "2013-09-30": "-969.37800", "2013-06-30": "-980.66600", "2013-03-31": "", "2012-12-31": "", "2012-09-30": "", "2012-06-30": "", "2011-12-31": "-252.30000", "2010-12-31": ""}, "Comprehensive Income": {"2020-09-30": "-220.80000", "2020-06-30": "-275.40000", "2020-03-31": "-304.70000", "2019-12-31": "-197.00000", "2019-09-30": "-239.90000", "2019-06-30": "-171.10000", "2019-03-31": "-170.50000", "2018-12-31": "-159.20000", "2018-09-30": "-171.98200", "2018-06-30": "-148.63200", "2018-03-31": "-41.84800", "2017-12-31": "-86.60300", "2017-09-30": "-119.33800", "2017-06-30": "-162.91600", "2017-03-31": "-244.17700", "2016-12-31": "-285.11300", "2016-09-30": "-169.27700", "2016-06-30": "-177.25400", "2016-03-31": "-126.84800", "2015-12-31": "-171.67800", "2015-09-30": "-134.84500", "2015-06-30": "-108.70700", "2015-03-31": "-117.61200", "2014-12-31": "-83.54800", "2014-09-30": "-44.65700", "2014-06-30": "-6.70100", "2014-03-31": "-26.20000", "2013-12-31": "-26.27600", "2013-09-30": "-27.87500", "2013-06-30": "-35.97100", "2013-03-31": "", "2012-12-31": "", "2012-09-30": "", "2012-06-30": "", "2011-12-31": "", "2010-12-31": ""}, "Other Share Holders Equity": {"2020-09-30": "", "2020-06-30": "", "2020-03-31": "", "2019-12-31": "", "2019-09-30": "", "2019-06-30": "", "2019-03-31": "", "2018-12-31": "", "2018-09-30": "", "2018-06-30": "", "2018-03-31": "", "2017-12-31": "", "2017-09-30": "", "2017-06-30": "", "2017-03-31": "", "2016-12-31": "", "2016-09-30": "", "2016-06-30": "", "2016-03-31": "", "2015-12-31": "", "2015-09-30": "", "2015-06-30": "", "2015-03-31": "", "2014-12-31": "", "2014-09-30": "", "2014-06-30": "", "2014-03-31": "", "2013-12-31": "", "2013-09-30": "", "2013-06-30": "", "2013-03-31": "0.00000", "2012-12-31": "", "2012-09-30": "0.00000", "2012-06-30": "0.00000", "2011-12-31": "-26.36000", "2010-12-31": "0.00000"}, "Share Holder Equity": {"2020-09-30": "254.10000", "2020-06-30": "299.80000", "2020-03-31": "573.40000", "2019-12-31": "836.30000", "2019-09-30": "1211.10000", "2019-06-30": "1424.90000", "2019-03-31": "1744.50000", "2018-12-31": "1756.80000", "2018-09-30": "1755.07000", "2018-06-30": "1703.26900", "2018-03-31": "1731.35700", "2017-12-31": "1647.82600", "2017-09-30": "1550.63400", "2017-06-30": "1519.62300", "2017-03-31": "1404.02300", "2016-12-31": "1394.08400", "2016-09-30": "1433.23100", "2016-06-30": "1320.20500", "2016-03-31": "1288.45400", "2015-12-31": "1222.72000", "2015-09-30": "1318.47500", "2015-06-30": "1410.27200", "2015-03-31": "1339.35400", "2014-12-31": "1307.61900", "2014-09-30": "1292.21500", "2014-06-30": "1222.82800", "2014-03-31": "1158.70000", "2013-12-31": "1088.01600", "2013-09-30": "658.00400", "2013-06-30": "636.58300", "2013-03-31": "0.00000", "2012-12-31": "", "2012-09-30": "0.00000", "2012-06-30": "0.00000", "2011-12-31": "1365.08000", "2010-12-31": "0.00000"}, "Total Liabilities And Share Holders Equity": {"2020-09-30": "13701.00000", "2020-06-30": "14138.20000", "2020-03-31": "13872.80000", "2019-12-31": "14431.60000", "2019-09-30": "15173.80000", "2019-06-30": "15936.70000", "2019-03-31": "10374.30000", "2018-12-31": "6630.50000", "2018-09-30": "6718.29600", "2018-06-30": "7105.88000", "2018-03-31": "7150.46700", "2017-12-31": "7041.66600", "2017-09-30": "7146.54500", "2017-06-30": "7175.97600", "2017-03-31": "7132.82400", "2016-12-31": "7141.98600", "2016-09-30": "7411.64100", "2016-06-30": "7514.54800", "2016-03-31": "7672.90700", "2015-12-31": "7502.63100", "2015-09-30": "7861.20600", "2015-06-30": "7712.10300", "2015-03-31": "4958.44000", "2014-12-31": "4917.05800", "2014-09-30": "5058.72200", "2014-06-30": "5054.37900", "2014-03-31": "4774.08800", "2013-12-31": "4734.05500", "2013-09-30": "4798.77600", "2013-06-30": "4825.10600", "2013-03-31": "0.00000", "2012-12-31": "", "2012-09-30": "0.00000", "2012-06-30": "0.00000", "2011-12-31": "5153.18000", "2010-12-31": "0.00000"}}, "cash flow statement": {"Net Income/Loss": {"2019-12-31": "-929.50000", "2018-12-31": "140.20000", "2017-12-31": "193.80000", "2016-12-31": "222.83800", "2015-12-31": "-70.87500", "2014-12-31": "236.77200", "2013-12-31": "19.39600", "2012-12-31": "5.35300", "2011-12-31": "-392.36200", "2010-12-31": "44.09900"}, "Total Depreciation And Amortization - Cash Flow": {"2019-12-31": "770.90000", "2018-12-31": "357.50000", "2017-12-31": "378.00000", "2016-12-31": "399.05300", "2015-12-31": "303.50000", "2014-12-31": "259.50400", "2013-12-31": "256.61600", "2012-12-31": "262.27900", "2011-12-31": "297.00500", "2010-12-31": "187.20700"}, "Other Non-Cash Items": {"2019-12-31": "206.10000", "2018-12-31": "10.70000", "2017-12-31": "-29.70000", "2016-12-31": "-27.32000", "2015-12-31": "17.62300", "2014-12-31": "-11.50100", "2013-12-31": "20.68600", "2012-12-31": "-0.06600", "2011-12-31": "72.65600", "2010-12-31": "8.27400"}, "Total Non-Cash Items": {"2019-12-31": "977.00000", "2018-12-31": "368.20000", "2017-12-31": "348.30000", "2016-12-31": "371.73300", "2015-12-31": "321.12300", "2014-12-31": "248.00300", "2013-12-31": "277.30200", "2012-12-31": "262.21300", "2011-12-31": "369.66100", "2010-12-31": "195.48100"}, "Change In Accounts Receivable": {"2019-12-31": "258.80000", "2018-12-31": "65.10000", "2017-12-31": "96.70000", "2016-12-31": "-100.86700", "2015-12-31": "-6.98400", "2014-12-31": "-18.82400", "2013-12-31": "-11.89500", "2012-12-31": "-15.88900", "2011-12-31": "63.50200", "2010-12-31": "-25.61000"}, "Change In Inventories": {"2019-12-31": "489.10000", "2018-12-31": "-48.50000", "2017-12-31": "53.70000", "2016-12-31": "-31.99600", "2015-12-31": "162.16400", "2014-12-31": "-4.32400", "2013-12-31": "-62.14100", "2012-12-31": "18.18600", "2011-12-31": "121.34400", "2010-12-31": "-42.21400"}, "Change In Accounts Payable": {"2019-12-31": "", "2018-12-31": "", "2017-12-31": "", "2016-12-31": "", "2015-12-31": "", "2014-12-31": "", "2013-12-31": "", "2012-12-31": "", "2011-12-31": "", "2010-12-31": ""}, "Change In Assets/Liabilities": {"2019-12-31": "72.70000", "2018-12-31": "-61.60000", "2017-12-31": "4.90000", "2016-12-31": "-23.51100", "2015-12-31": "-90.55700", "2014-12-31": "-47.04800", "2013-12-31": "-52.26100", "2012-12-31": "-31.43100", "2011-12-31": "8.63900", "2010-12-31": "-3.08400"}, "Total Change In Assets/Liabilities": {"2019-12-31": "546.60000", "2018-12-31": "-45.80000", "2017-12-31": "0.60000", "2016-12-31": "35.03100", "2015-12-31": "71.54400", "2014-12-31": "-180.11800", "2013-12-31": "-68.72200", "2012-12-31": "16.62900", "2011-12-31": "159.36500", "2010-12-31": "-22.76500"}, "Cash Flow From Operating Activities": {"2019-12-31": "596.40000", "2018-12-31": "494.10000", "2017-12-31": "586.30000", "2016-12-31": "640.22100", "2015-12-31": "327.11500", "2014-12-31": "289.41800", "2013-12-31": "237.70100", "2012-12-31": "286.13500", "2011-12-31": "130.99500", "2010-12-31": "226.28700"}, "Net Change In Property, Plant, And Equipment": {"2019-12-31": "-102.50000", "2018-12-31": "-69.40000", "2017-12-31": "-63.30000", "2016-12-31": "-64.23000", "2015-12-31": "-53.08400", "2014-12-31": "-32.36000", "2013-12-31": "-33.54300", "2012-12-31": "-25.61200", "2011-12-31": "-27.45600", "2010-12-31": "-21.94000"}, "Net Change In Intangible Assets": {"2019-12-31": "", "2018-12-31": "", "2017-12-31": "", "2016-12-31": "", "2015-12-31": "", "2014-12-31": "", "2013-12-31": "", "2012-12-31": "", "2011-12-31": "", "2010-12-31": ""}, "Net Acquisitions/Divestitures": {"2019-12-31": "-5055.10000", "2018-12-31": "", "2017-12-31": "-95.30000", "2016-12-31": "7.39000", "2015-12-31": "-2998.17400", "2014-12-31": "-29.03300", "2013-12-31": "-29.26800", "2012-12-31": "-8.19200", "2011-12-31": "-3141.77400", "2010-12-31": ""}, "Net Change In Short-term Investments": {"2019-12-31": "", "2018-12-31": "", "2017-12-31": "", "2016-12-31": "", "2015-12-31": "", "2014-12-31": "", "2013-12-31": "", "2012-12-31": "", "2011-12-31": "", "2010-12-31": "40.46500"}, "Net Change In Long-Term Investments": {"2019-12-31": "", "2018-12-31": "", "2017-12-31": "", "2016-12-31": "", "2015-12-31": "", "2014-12-31": "-15.00000", "2013-12-31": "-0.75000", "2012-12-31": "-3.25000", "2011-12-31": "", "2010-12-31": ""}, "Net Change In Investments - Total": {"2019-12-31": "", "2018-12-31": "", "2017-12-31": "", "2016-12-31": "", "2015-12-31": "", "2014-12-31": "-15.00000", "2013-12-31": "-0.75000", "2012-12-31": "-3.25000", "2011-12-31": "", "2010-12-31": "40.46500"}, "Investing Activities - Other": {"2019-12-31": "2.70000", "2018-12-31": "5.10000", "2017-12-31": "-7.60000", "2016-12-31": "2.25300", "2015-12-31": "0.64600", "2014-12-31": "0.44100", "2013-12-31": "0.15000", "2012-12-31": "1.52900", "2011-12-31": "-2.24600", "2010-12-31": "-4.00000"}, "Cash Flow From Investing Activities": {"2019-12-31": "-5154.90000", "2018-12-31": "-64.30000", "2017-12-31": "-166.20000", "2016-12-31": "-54.58700", "2015-12-31": "-3050.61200", "2014-12-31": "-75.95200", "2013-12-31": "-63.41100", "2012-12-31": "-35.52500", "2011-12-31": "-3171.47600", "2010-12-31": "14.52500"}, "Net Long-Term Debt": {"2019-12-31": "3871.70000", "2018-12-31": "-400.00000", "2017-12-31": "-210.00000", "2016-12-31": "-699.15000", "2015-12-31": "2627.81900", "2014-12-31": "190.63400", "2013-12-31": "39.56200", "2012-12-31": "-95.20600", "2011-12-31": "1125.14300", "2010-12-31": "-197.52100"}, "Net Current Debt": {"2019-12-31": "", "2018-12-31": "", "2017-12-31": "", "2016-12-31": "", "2015-12-31": "", "2014-12-31": "", "2013-12-31": "", "2012-12-31": "", "2011-12-31": "", "2010-12-31": ""}, "Debt Issuance/Retirement Net - Total": {"2019-12-31": "3871.70000", "2018-12-31": "-400.00000", "2017-12-31": "-210.00000", "2016-12-31": "-699.15000", "2015-12-31": "2627.81900", "2014-12-31": "190.63400", "2013-12-31": "39.56200", "2012-12-31": "-95.20600", "2011-12-31": "1125.14300", "2010-12-31": "-197.52100"}, "Net Common Equity Issued/Repurchased": {"2019-12-31": "4.60000", "2018-12-31": "6.10000", "2017-12-31": "-165.10000", "2016-12-31": "16.75600", "2015-12-31": "25.57000", "2014-12-31": "12.05200", "2013-12-31": "435.13200", "2012-12-31": "", "2011-12-31": "1606.90700", "2010-12-31": "10.08100"}, "Net Total Equity Issued/Repurchased": {"2019-12-31": "1004.60000", "2018-12-31": "6.10000", "2017-12-31": "-165.10000", "2016-12-31": "16.75600", "2015-12-31": "25.57000", "2014-12-31": "12.05200", "2013-12-31": "435.13200", "2012-12-31": "", "2011-12-31": "1606.90700", "2010-12-31": "10.08100"}, "Total Common And Preferred Stock Dividends Paid": {"2019-12-31": "-43.70000", "2018-12-31": "", "2017-12-31": "", "2016-12-31": "", "2015-12-31": "", "2014-12-31": "", "2013-12-31": "-538.70500", "2012-12-31": "-200.00000", "2011-12-31": "", "2010-12-31": ""}, "Financial Activities - Other": {"2019-12-31": "-134.00000", "2018-12-31": "-15.70000", "2017-12-31": "-38.60000", "2016-12-31": "-25.97500", "2015-12-31": "-75.31800", "2014-12-31": "-11.84600", "2013-12-31": "-25.65800", "2012-12-31": "-4.31600", "2011-12-31": "-76.77400", "2010-12-31": "-3.84100"}, "Cash Flow From Financial Activities": {"2019-12-31": "4698.60000", "2018-12-31": "-409.60000", "2017-12-31": "-413.70000", "2016-12-31": "-708.36900", "2015-12-31": "2578.07100", "2014-12-31": "190.84000", "2013-12-31": "-89.66900", "2012-12-31": "-299.52200", "2011-12-31": "2655.27600", "2010-12-31": "-191.28100"}, "Net Cash Flow": {"2019-12-31": "140.00000", "2018-12-31": "4.20000", "2017-12-31": "25.80000", "2016-12-31": "-134.65600", "2015-12-31": "-166.43700", "2014-12-31": "383.00100", "2013-12-31": "81.94500", "2012-12-31": "-52.72700", "2011-12-31": "-388.96400", "2010-12-31": "43.62600"}, "Stock-Based Compensation": {"2019-12-31": "90.80000", "2018-12-31": "44.90000", "2017-12-31": "41.80000", "2016-12-31": "35.00600", "2015-12-31": "28.66500", "2014-12-31": "21.09200", "2013-12-31": "16.10800", "2012-12-31": "7.52500", "2011-12-31": "30.38200", "2010-12-31": "34.96800"}, "Common Stock Dividends Paid": {"2019-12-31": "-40.70000", "2018-12-31": "", "2017-12-31": "", "2016-12-31": "", "2015-12-31": "", "2014-12-31": "", "2013-12-31": "-538.70500", "2012-12-31": "-200.00000", "2011-12-31": "", "2010-12-31": ""}}, "cash flow statement, quarterly": {"Net Income/Loss": {"2020-09-30": -116.3, "2020-06-30": -321.1, "2020-03-31": "-159.90000", "2019-12-31": -436.7, "2019-09-30": -156.5, "2019-06-30": -334, "2019-03-31": "-2.30000", "2018-12-31": -23.3, "2018-09-30": 63.8, "2018-06-30": 66, "2018-03-31": "33.70000", "2017-12-31": 53.617, "2017-09-30": 51.157, "2017-06-30": 55.464, "2017-03-31": "33.56200", "2016-12-31": 54.466, "2016-09-30": 93.831, "2016-06-30": 61.961, "2016-03-31": "12.58000", "2015-12-31": -75.147, "2015-09-30": -80.796, "2015-06-30": 45.592, "2015-03-31": "39.47600", "2014-12-31": 47.811, "2014-09-30": 96.431, "2014-06-30": 28.043, "2014-03-31": "64.48700", "2013-12-31": -8.913, "2013-09-30": 11.288, "2013-06-30": 1.121, "2013-03-31": "15.90000", "2012-12-31": 11.447, "2012-09-30": 5.284, "2012-06-30": 380.979, "2011-12-31": -436.45, "2010-12-31": 44.09}, "Total Depreciation And Amortization - Cash Flow": {"2020-09-30": 209.9, "2020-06-30": 203.5, "2020-03-31": "205.40000", "2019-12-31": 256.4, "2019-09-30": 213.5, "2019-06-30": 217.3, "2019-03-31": "83.70000", "2018-12-31": 84.9, "2018-09-30": 94.3, "2018-06-30": 88.9, "2018-03-31": "89.40000", "2017-12-31": 95.457, "2017-09-30": 92.09, "2017-06-30": 90.052, "2017-03-31": "100.40100", "2016-12-31": 97.603, "2016-09-30": 100.953, "2016-06-30": 103.559, "2016-03-31": "96.93800", "2015-12-31": 104.015, "2015-09-30": 73.762, "2015-06-30": 66.269, "2015-03-31": "59.45400", "2014-12-31": 60.638, "2014-09-30": 60.385, "2014-06-30": 79.02, "2014-03-31": "59.46100", "2013-12-31": 72.751, "2013-09-30": 61.928, "2013-06-30": 61.039, "2013-03-31": "60.89800", "2012-12-31": 64.115, "2012-09-30": 64.856, "2012-06-30": -163.701, "2011-12-31": 109.8, "2010-12-31": 187.2}, "Other Non-Cash Items": {"2020-09-30": 6.8, "2020-06-30": 208.1, "2020-03-31": "-14.80000", "2019-12-31": 319.8, "2019-09-30": -39, "2019-06-30": -80.8, "2019-03-31": "6.10000", "2018-12-31": 9.6, "2018-09-30": 3.3, "2018-06-30": -7.3, "2018-03-31": "5.10000", "2017-12-31": -41.296, "2017-09-30": 5.071, "2017-06-30": 13.557, "2017-03-31": "-7.03200", "2016-12-31": 17.63, "2016-09-30": -30.17, "2016-06-30": -28.468, "2016-03-31": "13.68800", "2015-12-31": 22.966, "2015-09-30": 27.572, "2015-06-30": -14.131, "2015-03-31": "-18.78400", "2014-12-31": 0.653, "2014-09-30": -11.072, "2014-06-30": -10.559, "2014-03-31": "9.47700", "2013-12-31": -48.492, "2013-09-30": 19.842, "2013-06-30": 48.407, "2013-03-31": "0.92900", "2012-12-31": -7.23, "2012-09-30": 35.048, "2012-06-30": -27.818, "2011-12-31": 0, "2010-12-31": 0}, "Total Non-Cash Items": {"2020-09-30": 216.7, "2020-06-30": 411.6, "2020-03-31": "190.60000", "2019-12-31": 576.2, "2019-09-30": 174.5, "2019-06-30": 136.5, "2019-03-31": "89.80000", "2018-12-31": 94.5, "2018-09-30": 97.6, "2018-06-30": 81.6, "2018-03-31": "94.50000", "2017-12-31": 54.161, "2017-09-30": 97.161, "2017-06-30": 103.609, "2017-03-31": "93.36900", "2016-12-31": 115.233, "2016-09-30": 70.783, "2016-06-30": 75.091, "2016-03-31": "110.62600", "2015-12-31": 126.981, "2015-09-30": 101.334, "2015-06-30": 52.138, "2015-03-31": "40.67000", "2014-12-31": 61.291, "2014-09-30": 49.313, "2014-06-30": 68.461, "2014-03-31": "68.93800", "2013-12-31": 24.259, "2013-09-30": 81.77, "2013-06-30": 109.446, "2013-03-31": "61.82700", "2012-12-31": 56.885, "2012-09-30": 99.904, "2012-06-30": -191.519, "2011-12-31": 109.8, "2010-12-31": 187.2}, "Change In Accounts Receivable": {"2020-09-30": 167.4, "2020-06-30": -35.5, "2020-03-31": "69.00000", "2019-12-31": 93.5, "2019-09-30": 469.3, "2019-06-30": -153.3, "2019-03-31": "-150.70000", "2018-12-31": 88.6, "2018-09-30": 113.5, "2018-06-30": -65.9, "2018-03-31": "-71.10000", "2017-12-31": 37.646, "2017-09-30": 15.079, "2017-06-30": 24.292, "2017-03-31": "19.68300", "2016-12-31": -4.53, "2016-09-30": 41.195, "2016-06-30": -78.772, "2016-03-31": "-58.76000", "2015-12-31": 109.147, "2015-09-30": 2.126, "2015-06-30": -22.94, "2015-03-31": "-95.31700", "2014-12-31": 80.821, "2014-09-30": 69.172, "2014-06-30": -67.024, "2014-03-31": "-101.79300", "2013-12-31": 34.9, "2013-09-30": 83.412, "2013-06-30": -77.602, "2013-03-31": "-52.60500", "2012-12-31": 106.991, "2012-09-30": -54.942, "2012-06-30": -52.049, "2011-12-31": 0, "2010-12-31": 0}, "Change In Inventories": {"2020-09-30": -56.8, "2020-06-30": -124.1, "2020-03-31": "50.60000", "2019-12-31": 132.8, "2019-09-30": 224.1, "2019-06-30": 194.6, "2019-03-31": "-62.40000", "2018-12-31": 17.3, "2018-09-30": -17.8, "2018-06-30": -22.8, "2018-03-31": "-25.20000", "2017-12-31": 41.91, "2017-09-30": 54.033, "2017-06-30": -23.111, "2017-03-31": "-19.13200", "2016-12-31": -8.516, "2016-09-30": -5.094, "2016-06-30": -8.523, "2016-03-31": "-9.86300", "2015-12-31": 94.646, "2015-09-30": 58.48, "2015-06-30": 3.246, "2015-03-31": "5.79200", "2014-12-31": 45.347, "2014-09-30": 26.785, "2014-06-30": -37.82, "2014-03-31": "-38.63600", "2013-12-31": -4.595, "2013-09-30": 3.596, "2013-06-30": -26.244, "2013-03-31": "-34.89800", "2012-12-31": 44.596, "2012-09-30": 8.996, "2012-06-30": -53.592, "2011-12-31": 0, "2010-12-31": 0}, "Change In Accounts Payable": {"2020-09-30": 0, "2020-06-30": 0, "2020-03-31": "", "2019-12-31": 0, "2019-09-30": 0, "2019-06-30": 0, "2019-03-31": "", "2018-12-31": 0, "2018-09-30": 0, "2018-06-30": 0, "2018-03-31": "", "2017-12-31": 0, "2017-09-30": 0, "2017-06-30": 0, "2017-03-31": "", "2016-12-31": 0, "2016-09-30": 0, "2016-06-30": 0, "2016-03-31": "", "2015-12-31": 0, "2015-09-30": 0, "2015-06-30": 0, "2015-03-31": "", "2014-12-31": 0, "2014-09-30": 0, "2014-06-30": 0, "2014-03-31": "", "2013-12-31": 0, "2013-09-30": 0, "2013-06-30": 0, "2013-03-31": "", "2012-12-31": 0, "2012-09-30": 0, "2012-06-30": 0, "2011-12-31": 0, "2010-12-31": 0}, "Change In Assets/Liabilities": {"2020-09-30": 20.5, "2020-06-30": -3.5, "2020-03-31": "15.20000", "2019-12-31": 8.9, "2019-09-30": 39.6, "2019-06-30": 48.7, "2019-03-31": "-24.50000", "2018-12-31": -57.8, "2018-09-30": -3.2, "2018-06-30": 23.9, "2018-03-31": "-24.50000", "2017-12-31": 27.582, "2017-09-30": -20.909, "2017-06-30": 10.541, "2017-03-31": "-12.31400", "2016-12-31": -36.051, "2016-09-30": 2.401, "2016-06-30": 16.517, "2016-03-31": "-6.37800", "2015-12-31": -47.271, "2015-09-30": -49.163, "2015-06-30": 7.011, "2015-03-31": "-1.13400", "2014-12-31": -49.952, "2014-09-30": 22.33, "2014-06-30": -23.767, "2014-03-31": "4.34100", "2013-12-31": -31.78, "2013-09-30": -11.646, "2013-06-30": -7.816, "2013-03-31": "-1.01900", "2012-12-31": -3.018, "2012-09-30": -0.126, "2012-06-30": 3.144, "2011-12-31": 0, "2010-12-31": 0}, "Total Change In Assets/Liabilities": {"2020-09-30": 43.4, "2020-06-30": 116.8, "2020-03-31": "-82.40000", "2019-12-31": 189.2, "2019-09-30": 506, "2019-06-30": -47.8, "2019-03-31": "-100.80000", "2018-12-31": 35, "2018-09-30": 63.9, "2018-06-30": -39.3, "2018-03-31": "-105.40000", "2017-12-31": 130.943, "2017-09-30": -9.525, "2017-06-30": -81.023, "2017-03-31": "-39.79500", "2016-12-31": -76.282, "2016-09-30": 92.237, "2016-06-30": 21.058, "2016-03-31": "-1.98200", "2015-12-31": 88.919, "2015-09-30": 88.236, "2015-06-30": -27.634, "2015-03-31": "-77.97700", "2014-12-31": 24.389, "2014-09-30": 65.374, "2014-06-30": -102.73, "2014-03-31": "-167.15100", "2013-12-31": 75.879, "2013-09-30": 30.401, "2013-06-30": -43.92, "2013-03-31": "-131.08200", "2012-12-31": 162.649, "2012-09-30": -68.081, "2012-06-30": -237.308, "2011-12-31": 182.12, "2010-12-31": -22.76}, "Cash Flow From Operating Activities": {"2020-09-30": 172.2, "2020-06-30": 209, "2020-03-31": "-42.70000", "2019-12-31": 336, "2019-09-30": 522, "2019-06-30": -251.6, "2019-03-31": "-10.00000", "2018-12-31": 132.2, "2018-09-30": 226.8, "2018-06-30": 99.9, "2018-03-31": "35.20000", "2017-12-31": 250.895, "2017-09-30": 145.372, "2017-06-30": 87.244, "2017-03-31": "102.78900", "2016-12-31": 89.107, "2016-09-30": 265.851, "2016-06-30": 165.79, "2016-03-31": "119.47300", "2015-12-31": 141.379, "2015-09-30": 112.47, "2015-06-30": 72.026, "2015-03-31": "1.24000", "2014-12-31": 127.786, "2014-09-30": 210.509, "2014-06-30": -13.388, "2014-03-31": "-35.48900", "2013-12-31": 86.434, "2013-09-30": 127.116, "2013-06-30": 77.006, "2013-03-31": "-52.85500", "2012-12-31": 232.187, "2012-09-30": 34.64, "2012-06-30": -111.687, "2011-12-31": -95.29, "2010-12-31": 226.28}, "Net Change In Property, Plant, And Equipment": {"2020-09-30": -25.7, "2020-06-30": -23.8, "2020-03-31": "-23.80000", "2019-12-31": -31.4, "2019-09-30": -23.9, "2019-06-30": -26.4, "2019-03-31": "-20.80000", "2018-12-31": -26.7, "2018-09-30": -18.1, "2018-06-30": -14, "2018-03-31": "-10.60000", "2017-12-31": -17.164, "2017-09-30": -20.537, "2017-06-30": -13.044, "2017-03-31": "-12.55500", "2016-12-31": -18.505, "2016-09-30": -17.281, "2016-06-30": -17.656, "2016-03-31": "-10.78800", "2015-12-31": -13.881, "2015-09-30": -15.295, "2015-06-30": -15.82, "2015-03-31": "-8.08800", "2014-12-31": -9.088, "2014-09-30": -8.527, "2014-06-30": -9.253, "2014-03-31": "-5.49200", "2013-12-31": -7.052, "2013-09-30": -11.52, "2013-06-30": -8.715, "2013-03-31": "-6.25600", "2012-12-31": -8.169, "2012-09-30": -5.946, "2012-06-30": 15.955, "2011-12-31": -5.51, "2010-12-31": -21.94}, "Net Change In Intangible Assets": {"2020-09-30": 0, "2020-06-30": 0, "2020-03-31": "", "2019-12-31": 0, "2019-09-30": 0, "2019-06-30": 0, "2019-03-31": "", "2018-12-31": 0, "2018-09-30": 0, "2018-06-30": 0, "2018-03-31": "", "2017-12-31": 0, "2017-09-30": 0, "2017-06-30": 0, "2017-03-31": "", "2016-12-31": 0, "2016-09-30": 0, "2016-06-30": 0, "2016-03-31": "", "2015-12-31": 0, "2015-09-30": 0, "2015-06-30": 0, "2015-03-31": "", "2014-12-31": 0, "2014-09-30": 0, "2014-06-30": 0, "2014-03-31": "", "2013-12-31": 0, "2013-09-30": 0, "2013-06-30": 0, "2013-03-31": "", "2012-12-31": 0, "2012-09-30": 0, "2012-06-30": 0, "2011-12-31": 0, "2010-12-31": 0}, "Net Acquisitions/Divestitures": {"2020-09-30": -3.5, "2020-06-30": 0, "2020-03-31": "", "2019-12-31": 0, "2019-09-30": -5044.1, "2019-06-30": 0, "2019-03-31": "-11.00000", "2018-12-31": 0, "2018-09-30": 0, "2018-06-30": 0, "2018-03-31": "", "2017-12-31": 9.949, "2017-09-30": -105.249, "2017-06-30": 0, "2017-03-31": "", "2016-12-31": 4.676, "2016-09-30": -3.549, "2016-06-30": -9.092, "2016-03-31": "15.35500", "2015-12-31": -40.698, "2015-09-30": -2957.476, "2015-06-30": 0, "2015-03-31": "", "2014-12-31": 11.141, "2014-09-30": -44.919, "2014-06-30": 4.745, "2014-03-31": "", "2013-12-31": 26.502, "2013-09-30": -21.77, "2013-06-30": 0, "2013-03-31": "-34.00000", "2012-12-31": 0.004, "2012-09-30": 0, "2012-06-30": 3129.556, "2011-12-31": -3141.77, "2010-12-31": 0}, "Net Change In Short-term Investments": {"2020-09-30": 0, "2020-06-30": 0, "2020-03-31": "", "2019-12-31": 0, "2019-09-30": 0, "2019-06-30": 0, "2019-03-31": "", "2018-12-31": 0, "2018-09-30": 0, "2018-06-30": 0, "2018-03-31": "", "2017-12-31": 0, "2017-09-30": 0, "2017-06-30": 0, "2017-03-31": "", "2016-12-31": 0, "2016-09-30": 0, "2016-06-30": 0, "2016-03-31": "", "2015-12-31": 0, "2015-09-30": 0, "2015-06-30": 0, "2015-03-31": "", "2014-12-31": 0, "2014-09-30": 0, "2014-06-30": 0, "2014-03-31": "", "2013-12-31": 0, "2013-09-30": 0, "2013-06-30": 0, "2013-03-31": "", "2012-12-31": 0, "2012-09-30": 0, "2012-06-30": 0, "2011-12-31": 0, "2010-12-31": 0}, "Net Change In Long-Term Investments": {"2020-09-30": 0, "2020-06-30": 0, "2020-03-31": "", "2019-12-31": 0, "2019-09-30": 0, "2019-06-30": 0, "2019-03-31": "", "2018-12-31": 0, "2018-09-30": 0, "2018-06-30": 0, "2018-03-31": "", "2017-12-31": 0, "2017-09-30": 0, "2017-06-30": 0, "2017-03-31": "", "2016-12-31": 0, "2016-09-30": 0, "2016-06-30": 0, "2016-03-31": "", "2015-12-31": 0, "2015-09-30": 0, "2015-06-30": 0, "2015-03-31": "", "2014-12-31": -15, "2014-09-30": 0, "2014-06-30": 0, "2014-03-31": "", "2013-12-31": -0.75, "2013-09-30": 0, "2013-06-30": 0, "2013-03-31": "", "2012-12-31": 0, "2012-09-30": 0, "2012-06-30": 0, "2011-12-31": 0, "2010-12-31": 0}, "Net Change In Investments - Total": {"2020-09-30": 0, "2020-06-30": 0, "2020-03-31": "", "2019-12-31": 0, "2019-09-30": 0, "2019-06-30": 0, "2019-03-31": "", "2018-12-31": 0, "2018-09-30": 0, "2018-06-30": 0, "2018-03-31": "", "2017-12-31": 0, "2017-09-30": 0, "2017-06-30": 0, "2017-03-31": "", "2016-12-31": 0, "2016-09-30": 0, "2016-06-30": 0, "2016-03-31": "", "2015-12-31": 0, "2015-09-30": 0, "2015-06-30": 0, "2015-03-31": "", "2014-12-31": -15, "2014-09-30": 0, "2014-06-30": 0, "2014-03-31": "", "2013-12-31": -0.75, "2013-09-30": 0, "2013-06-30": 0, "2013-03-31": "", "2012-12-31": 0, "2012-09-30": 0, "2012-06-30": 0, "2011-12-31": -40.46, "2010-12-31": 40.46}, "Investing Activities - Other": {"2020-09-30": 0, "2020-06-30": 0, "2020-03-31": "", "2019-12-31": 1.6, "2019-09-30": 5044.4, "2019-06-30": -1293.3, "2019-03-31": "-3750.00000", "2018-12-31": 3.8, "2018-09-30": 0, "2018-06-30": 1.3, "2018-03-31": "", "2017-12-31": -17.498, "2017-09-30": 3.12, "2017-06-30": 6.139, "2017-03-31": "0.63900", "2016-12-31": -1.234, "2016-09-30": 1.831, "2016-06-30": 1.182, "2016-03-31": "0.47400", "2015-12-31": -2.622, "2015-09-30": 2747.046, "2015-06-30": -2746.411, "2015-03-31": "2.63300", "2014-12-31": 6.392, "2014-09-30": -13.25, "2014-06-30": 7.253, "2014-03-31": "0.04600", "2013-12-31": -2.752, "2013-09-30": 0, "2013-06-30": 0.587, "2013-03-31": "2.31500", "2012-12-31": -0.001, "2012-09-30": 4.238, "2012-06-30": 0.303, "2011-12-31": 1.76, "2010-12-31": -4}, "Cash Flow From Investing Activities": {"2020-09-30": -29.2, "2020-06-30": -23.8, "2020-03-31": "-23.80000", "2019-12-31": -29.8, "2019-09-30": -23.6, "2019-06-30": -1319.7, "2019-03-31": "-3781.80000", "2018-12-31": -22.9, "2018-09-30": -18.1, "2018-06-30": -12.7, "2018-03-31": "-10.60000", "2017-12-31": -24.713, "2017-09-30": -122.666, "2017-06-30": -6.905, "2017-03-31": "-11.91600", "2016-12-31": -15.063, "2016-09-30": -18.999, "2016-06-30": -25.566, "2016-03-31": "5.04100", "2015-12-31": -57.201, "2015-09-30": -225.725, "2015-06-30": -2762.231, "2015-03-31": "-5.45500", "2014-12-31": -6.555, "2014-09-30": -66.696, "2014-06-30": 2.745, "2014-03-31": "-5.44600", "2013-12-31": 15.948, "2013-09-30": -33.29, "2013-06-30": -8.128, "2013-03-31": "-37.94100", "2012-12-31": -8.166, "2012-09-30": -1.708, "2012-06-30": 3145.824, "2011-12-31": -3185.99, "2010-12-31": 14.52}, "Net Long-Term Debt": {"2020-09-30": -358, "2020-06-30": 242, "2020-03-31": "-108.00000", "2019-12-31": -308, "2019-09-30": -200, "2019-06-30": 854.7, "2019-03-31": "3525.00000", "2018-12-31": 0, "2018-09-30": -400, "2018-06-30": 0, "2018-03-31": "", "2017-12-31": -185, "2017-09-30": -25, "2017-06-30": 0, "2017-03-31": "", "2016-12-31": -153.125, "2016-09-30": -239.755, "2016-06-30": -303.124, "2016-03-31": "-3.14600", "2015-12-31": -116.49, "2015-09-30": -0.049, "2015-06-30": 2746.557, "2015-03-31": "-2.19900", "2014-12-31": -2.169, "2014-09-30": -2.4081, "2014-06-30": 197.7691, "2014-03-31": "-2.55800", "2013-12-31": -502.236, "2013-09-30": -2.716, "2013-06-30": 447.409, "2013-03-31": "97.10500", "2012-12-31": 92.596, "2012-09-30": -56.021, "2012-06-30": -36.575, "2011-12-31": 0, "2010-12-31": 0}, "Net Current Debt": {"2020-09-30": 0, "2020-06-30": 0, "2020-03-31": "", "2019-12-31": 0, "2019-09-30": 0, "2019-06-30": 0, "2019-03-31": "", "2018-12-31": 0, "2018-09-30": 0, "2018-06-30": 0, "2018-03-31": "", "2017-12-31": 0, "2017-09-30": 0, "2017-06-30": 0, "2017-03-31": "", "2016-12-31": 0, "2016-09-30": 0, "2016-06-30": 0, "2016-03-31": "", "2015-12-31": 0, "2015-09-30": 0, "2015-06-30": 0, "2015-03-31": "", "2014-12-31": 0, "2014-09-30": 0, "2014-06-30": 0, "2014-03-31": "", "2013-12-31": 0, "2013-09-30": 0, "2013-06-30": 0, "2013-03-31": "", "2012-12-31": 0, "2012-09-30": 0, "2012-06-30": 0, "2011-12-31": 0, "2010-12-31": 0}, "Debt Issuance/Retirement Net - Total": {"2020-09-30": -358, "2020-06-30": 242, "2020-03-31": "-108.00000", "2019-12-31": -308, "2019-09-30": -200, "2019-06-30": 854.7, "2019-03-31": "3525.00000", "2018-12-31": 0, "2018-09-30": -400, "2018-06-30": 0, "2018-03-31": "", "2017-12-31": -185, "2017-09-30": -25, "2017-06-30": 0, "2017-03-31": "", "2016-12-31": -153.125, "2016-09-30": -239.755, "2016-06-30": -303.124, "2016-03-31": "-3.14600", "2015-12-31": -116.49, "2015-09-30": -0.049, "2015-06-30": 2746.557, "2015-03-31": "-2.19900", "2014-12-31": -2.169, "2014-09-30": -2.4081, "2014-06-30": 197.7691, "2014-03-31": "-2.55800", "2013-12-31": -502.236, "2013-09-30": -2.716, "2013-06-30": 447.409, "2013-03-31": "97.10500", "2012-12-31": -2.604, "2012-09-30": -56.021, "2012-06-30": -1161.715, "2011-12-31": 1322.66, "2010-12-31": -197.52}, "Net Common Equity Issued/Repurchased": {"2020-09-30": 0.1, "2020-06-30": 0.9, "2020-03-31": "", "2019-12-31": 1.6, "2019-09-30": 0.3, "2019-06-30": 2.7, "2019-03-31": "", "2018-12-31": 1.1, "2018-09-30": 0.1, "2018-06-30": 1, "2018-03-31": "3.90000", "2017-12-31": 1.097, "2017-09-30": -74.703, "2017-06-30": -38.529, "2017-03-31": "-52.96500", "2016-12-31": 8.119, "2016-09-30": 1.646, "2016-06-30": 5.501, "2016-03-31": "1.49000", "2015-12-31": 4.297, "2015-09-30": 4.322, "2015-06-30": 4.952, "2015-03-31": "11.99900", "2014-12-31": 1.305, "2014-09-30": 2.805, "2014-06-30": 5.985, "2014-03-31": "1.95700", "2013-12-31": 435.132, "2013-09-30": 0, "2013-06-30": 0, "2013-03-31": "", "2012-12-31": 0, "2012-09-30": 0, "2012-06-30": 0, "2011-12-31": 0, "2010-12-31": 0}, "Net Total Equity Issued/Repurchased": {"2020-09-30": 0.1, "2020-06-30": 0.9, "2020-03-31": "", "2019-12-31": 1.6, "2019-09-30": 0.3, "2019-06-30": 1002.7, "2019-03-31": "", "2018-12-31": 1.1, "2018-09-30": 0.1, "2018-06-30": 1, "2018-03-31": "3.90000", "2017-12-31": 1.097, "2017-09-30": -74.703, "2017-06-30": -38.529, "2017-03-31": "-52.96500", "2016-12-31": 8.119, "2016-09-30": 1.646, "2016-06-30": 5.501, "2016-03-31": "1.49000", "2015-12-31": 4.297, "2015-09-30": 4.322, "2015-06-30": 4.952, "2015-03-31": "11.99900", "2014-12-31": 1.305, "2014-09-30": 2.805, "2014-06-30": 5.985, "2014-03-31": "1.95700", "2013-12-31": 435.132, "2013-09-30": 0, "2013-06-30": 0, "2013-03-31": "", "2012-12-31": -1.63, "2012-09-30": 0, "2012-06-30": -1604.54, "2011-12-31": 1594.46, "2010-12-31": 10.08}, "Total Common And Preferred Stock Dividends Paid": {"2020-09-30": 0, "2020-06-30": -0.9, "2020-03-31": "0.90000", "2019-12-31": -13.8, "2019-09-30": -26.9, "2019-06-30": -4.3, "2019-03-31": "1.30000", "2018-12-31": 0, "2018-09-30": 0, "2018-06-30": 0, "2018-03-31": "", "2017-12-31": 0, "2017-09-30": 0, "2017-06-30": 0, "2017-03-31": "", "2016-12-31": 0, "2016-09-30": 0, "2016-06-30": 0, "2016-03-31": "", "2015-12-31": 0, "2015-09-30": 0, "2015-06-30": 0, "2015-03-31": "", "2014-12-31": 0, "2014-09-30": 0, "2014-06-30": 0, "2014-03-31": "", "2013-12-31": 0, "2013-09-30": 0, "2013-06-30": -538.705, "2013-03-31": "", "2012-12-31": -200, "2012-09-30": 0, "2012-06-30": 0, "2011-12-31": 0, "2010-12-31": 0}, "Financial Activities - Other": {"2020-09-30": -30.5, "2020-06-30": -0.4, "2020-03-31": "-5.90000", "2019-12-31": -0.9, "2019-09-30": -5.7, "2019-06-30": -110.6, "2019-03-31": "-16.80000", "2018-12-31": -0.1, "2018-09-30": -0.1, "2018-06-30": -0.1, "2018-03-31": "-15.40000", "2017-12-31": -0.481, "2017-09-30": -0.098, "2017-06-30": -2.348, "2017-03-31": "-35.67300", "2016-12-31": -5.25, "2016-09-30": -7.99, "2016-06-30": -10.014, "2016-03-31": "-2.72100", "2015-12-31": -20.622, "2015-09-30": -59.835, "2015-06-30": -5.275, "2015-03-31": "10.41400", "2014-12-31": 0.828, "2014-09-30": 3.077, "2014-06-30": -17.293, "2014-03-31": "1.54200", "2013-12-31": -1.213, "2013-09-30": -4.431, "2013-06-30": -18.123, "2013-03-31": "-1.89100", "2012-12-31": 0.1, "2012-09-30": -0.009, "2012-06-30": 71.629, "2011-12-31": -70.56, "2010-12-31": -3.84}, "Cash Flow From Financial Activities": {"2020-09-30": -388.4, "2020-06-30": 241.6, "2020-03-31": "-113.00000", "2019-12-31": -321.1, "2019-09-30": -232.3, "2019-06-30": 1742.5, "2019-03-31": "3509.50000", "2018-12-31": 1, "2018-09-30": -400, "2018-06-30": 0.9, "2018-03-31": "-11.50000", "2017-12-31": -184.384, "2017-09-30": -99.801, "2017-06-30": -40.877, "2017-03-31": "-88.63800", "2016-12-31": -150.256, "2016-09-30": -246.099, "2016-06-30": -307.637, "2016-03-31": "-4.37700", "2015-12-31": -132.815, "2015-09-30": -55.562, "2015-06-30": 2746.234, "2015-03-31": "20.21400", "2014-12-31": -0.036, "2014-09-30": 3.474, "2014-06-30": 186.461, "2014-03-31": "0.94100", "2013-12-31": -68.317, "2013-09-30": -7.147, "2013-06-30": -109.419, "2013-03-31": "95.21400", "2012-12-31": -204.144, "2012-09-30": -56.03, "2012-06-30": -2694.616, "2011-12-31": 2846.55, "2010-12-31": -191.28}, "Net Cash Flow": {"2020-09-30": -240.6, "2020-06-30": 429.1, "2020-03-31": "-203.90000", "2019-12-31": -10.9, "2019-09-30": 261.1, "2019-06-30": 171.6, "2019-03-31": "-281.80000", "2018-12-31": 105.8, "2018-09-30": -193.3, "2018-06-30": 73, "2018-03-31": "18.70000", "2017-12-31": 42.786, "2017-09-30": -73.249, "2017-06-30": 46.854, "2017-03-31": "9.40900", "2016-12-31": -89.047, "2016-09-30": 1.232, "2016-06-30": -172.325, "2016-03-31": "125.48400", "2015-12-31": -55.078, "2015-09-30": -174.997, "2015-06-30": 57.817, "2015-03-31": "5.82100", "2014-12-31": 112.887, "2014-09-30": 135.385, "2014-06-30": 175.861, "2014-03-31": "-41.13200", "2013-12-31": 34.275, "2013-09-30": 88.435, "2013-06-30": -43.128, "2013-03-31": "2.36300", "2012-12-31": 20.227, "2012-09-30": -21.317, "2012-06-30": 337.33, "2011-12-31": -432.58, "2010-12-31": 43.62}, "Stock-Based Compensation": {"2020-09-30": 34, "2020-06-30": 32.5, "2020-03-31": "23.50000", "2019-12-31": 32.1, "2019-09-30": 28, "2019-06-30": 23.2, "2019-03-31": "7.50000", "2018-12-31": 11.2, "2018-09-30": 11.3, "2018-06-30": 11.9, "2018-03-31": "10.50000", "2017-12-31": 10.228, "2017-09-30": 10.974, "2017-06-30": 11.186, "2017-03-31": "9.41200", "2016-12-31": 8.385, "2016-09-30": 8.375, "2016-06-30": 9.411, "2016-03-31": "8.83500", "2015-12-31": 7.61, "2015-09-30": 5.677, "2015-06-30": 10.125, "2015-03-31": "5.25300", "2014-12-31": 5.361, "2014-09-30": 5.56, "2014-06-30": 6.495, "2014-03-31": "3.67600", "2013-12-31": 3.451, "2013-09-30": 3.57, "2013-06-30": 4.615, "2013-03-31": "4.47200", "2012-12-31": -5.382, "2012-09-30": 2.05, "2012-06-30": 3.332, "2011-12-31": 0, "2010-12-31": 0}, "Common Stock Dividends Paid": {"2020-09-30": 0, "2020-06-30": -0.9, "2020-03-31": "0.90000", "2019-12-31": -40.7, "2019-09-30": 0, "2019-06-30": -1.3, "2019-03-31": "1.30000", "2018-12-31": 0, "2018-09-30": 0, "2018-06-30": 0, "2018-03-31": "", "2017-12-31": 0, "2017-09-30": 0, "2017-06-30": 0, "2017-03-31": "", "2016-12-31": 0, "2016-09-30": 0, "2016-06-30": 0, "2016-03-31": "", "2015-12-31": 0, "2015-09-30": 0, "2015-06-30": 0, "2015-03-31": "", "2014-12-31": 0, "2014-09-30": 0, "2014-06-30": 0, "2014-03-31": "", "2013-12-31": 0, "2013-09-30": 0, "2013-06-30": -538.705, "2013-03-31": "", "2012-12-31": 0, "2012-09-30": 0, "2012-06-30": 0, "2011-12-31": 0, "2010-12-31": 0}}, "financial ratios": {"Current Ratio": {"2019-12-31": "1.71980", "2018-12-31": "2.71910", "2017-12-31": "2.68590", "2016-12-31": "2.32420", "2015-12-31": "2.92610", "2014-12-31": "3.84100", "2013-12-31": "2.44940", "2012-12-31": "2.34210", "2011-12-31": "2.66170", "2010-12-31": ""}, "Long-term Debt / Capital": {"2019-12-31": "0.92140", "2018-12-31": "0.69410", "2017-12-31": "0.72610", "2016-12-31": "0.76540", "2015-12-31": "0.81050", "2014-12-31": "0.67040", "2013-12-31": "0.69720", "2012-12-31": "0.67540", "2011-12-31": "0.65140", "2010-12-31": ""}, "Debt/Equity Ratio": {"2019-12-31": "11.75700", "2018-12-31": "2.26880", "2017-12-31": "2.65160", "2016-12-31": "3.27240", "2015-12-31": "4.28850", "2014-12-31": "2.04100", "2013-12-31": "2.31110", "2012-12-31": "2.08980", "2011-12-31": "1.87750", "2010-12-31": ""}, "Gross Margin": {"2019-12-31": "28.80850", "2018-12-31": "35.75130", "2017-12-31": "37.39640", "2016-12-31": "41.21460", "2015-12-31": "35.34350", "2014-12-31": "36.48590", "2013-12-31": "34.50860", "2012-12-31": "31.93010", "2011-12-31": "25.35070", "2010-12-31": "29.38960"}, "Operating Margin": {"2019-12-31": "-6.09340", "2018-12-31": "9.85010", "2017-12-31": "10.34950", "2016-12-31": "11.52890", "2015-12-31": "4.76890", "2014-12-31": "15.07850", "2013-12-31": "9.47420", "2012-12-31": "7.17180", "2011-12-31": "-5.75280", "2010-12-31": "7.05360"}, "EBIT Margin": {"2019-12-31": "-6.09340", "2018-12-31": "9.85010", "2017-12-31": "10.34950", "2016-12-31": "11.52890", "2015-12-31": "4.76890", "2014-12-31": "15.07850", "2013-12-31": "9.47420", "2012-12-31": "7.17180", "2011-12-31": "-5.75280", "2010-12-31": "7.05360"}, "EBITDA Margin": {"2019-12-31": "3.14440", "2018-12-31": "17.67540", "2017-12-31": "18.63790", "2016-12-31": "19.63380", "2015-12-31": "12.73940", "2014-12-31": "21.85480", "2013-12-31": "16.84800", "2012-12-31": "15.06730", "2011-12-31": "3.31470", "2010-12-31": "12.92410"}, "Pre-Tax Profit Margin": {"2019-12-31": "-12.86980", "2018-12-31": "3.73650", "2017-12-31": "4.60030", "2016-12-31": "5.53590", "2015-12-31": "-1.62830", "2014-12-31": "8.27920", "2013-12-31": "2.18920", "2012-12-31": "1.12290", "2011-12-31": "-15.34970", "2010-12-31": "3.89460"}, "Net Profit Margin": {"2019-12-31": "-11.66190", "2018-12-31": "3.06880", "2017-12-31": "4.24940", "2016-12-31": "4.52590", "2015-12-31": "-1.86130", "2014-12-31": "6.18270", "2013-12-31": "0.55730", "2012-12-31": "0.16110", "2011-12-31": "-11.97880", "2010-12-31": "1.38290"}, "Asset Turnover": {"2019-12-31": "0.57830", "2018-12-31": "0.68900", "2017-12-31": "0.64770", "2016-12-31": "0.68940", "2015-12-31": "0.50750", "2014-12-31": "0.77880", "2013-12-31": "0.73510", "2012-12-31": "0.69300", "2011-12-31": "0.63560", "2010-12-31": ""}, "Inventory Turnover Ratio": {"2019-12-31": "6.08770", "2018-12-31": "6.20160", "2017-12-31": "6.41680", "2016-12-31": "6.11570", "2015-12-31": "5.57250", "2014-12-31": "6.62430", "2013-12-31": "6.12370", "2012-12-31": "7.24810", "2011-12-31": "7.23240", "2010-12-31": ""}, "Receiveable Turnover": {"2019-12-31": "4.91240", "2018-12-31": "5.63730", "2017-12-31": "5.07390", "2016-12-31": "5.16990", "2015-12-31": "4.57100", "2014-12-31": "6.25750", "2013-12-31": "5.72870", "2012-12-31": "5.57320", "2011-12-31": "5.63010", "2010-12-31": ""}, "Days Sales In Receivables": {"2019-12-31": "74.30250", "2018-12-31": "64.74690", "2017-12-31": "71.93630", "2016-12-31": "70.60130", "2015-12-31": "79.85130", "2014-12-31": "58.33030", "2013-12-31": "63.71440", "2012-12-31": "65.49240", "2011-12-31": "64.83070", "2010-12-31": ""}, "ROE - Return On Equity": {"2019-12-31": "-111.14430", "2018-12-31": "7.98040", "2017-12-31": "11.76100", "2016-12-31": "15.98460", "2015-12-31": "-5.79650", "2014-12-31": "18.10710", "2013-12-31": "1.78270", "2012-12-31": "0.45280", "2011-12-31": "-28.74260", "2010-12-31": ""}, "Return On Tangible Equity": {"2019-12-31": "10.44500", "2018-12-31": "-5.72830", "2017-12-31": "-6.74110", "2016-12-31": "-7.02230", "2015-12-31": "1.96040", "2014-12-31": "-16.84980", "2013-12-31": "-1.08680", "2012-12-31": "-0.28620", "2011-12-31": "20.62450", "2010-12-31": ""}, "ROA - Return On Assets": {"2019-12-31": "-6.44070", "2018-12-31": "2.11450", "2017-12-31": "2.75220", "2016-12-31": "3.12010", "2015-12-31": "-0.94470", "2014-12-31": "4.81530", "2013-12-31": "0.40970", "2012-12-31": "0.11170", "2011-12-31": "-7.61400", "2010-12-31": ""}, "ROI - Return On Investment": {"2019-12-31": "-8.73860", "2018-12-31": "2.44140", "2017-12-31": "3.22080", "2016-12-31": "3.74920", "2015-12-31": "-1.09820", "2014-12-31": "5.96780", "2013-12-31": "0.53980", "2012-12-31": "0.14700", "2011-12-31": "-10.02010", "2010-12-31": ""}, "Book Value Per Share": {"2019-12-31": "4.29830", "2018-12-31": "9.13210", "2017-12-31": "8.63160", "2016-12-31": "7.19200", "2015-12-31": "6.38930", "2014-12-31": "6.96170", "2013-12-31": "5.85390", "2012-12-31": "7.63360", "2011-12-31": "8.85730", "2010-12-31": ""}, "Operating Cash Flow Per Share": {"2019-12-31": 0.549, "2018-12-31": -0.4492, "2017-12-31": -0.2796, "2016-12-31": 1.536, "2015-12-31": 0.2111, "2014-12-31": 0.0624, "2013-12-31": -0.3906, "2012-12-31": 0.9915, "2011-12-31": -1.5036, "2010-12-31": 2.352}, "Free Cash Flow Per Share": {"2019-12-31": 0.3752, "2018-12-31": -0.4829, "2017-12-31": -0.2744, "2016-12-31": 1.4887, "2015-12-31": 0.1005, "2014-12-31": 0.0979, "2013-12-31": -0.4304, "2012-12-31": 1.0046, "2011-12-31": -1.4534, "2010-12-31": 2.124}}, "financial ratios, quarterly": {"Current Ratio": {"2020-09-30": "1.65990", "2020-06-30": "1.75020", "2020-03-31": "1.69780", "2019-12-31": "1.71980", "2019-09-30": "1.86340", "2019-06-30": "1.88200", "2019-03-31": "2.01240", "2018-12-31": "2.71910", "2018-09-30": "2.44240", "2018-06-30": "2.76620", "2018-03-31": "2.73300", "2017-12-31": "2.68590", "2017-09-30": "2.78100", "2017-06-30": "2.76440", "2017-03-31": "2.43590", "2016-12-31": "2.32420", "2016-09-30": "2.25310", "2016-06-30": "2.41820", "2016-03-31": "2.79010", "2015-12-31": "2.92610", "2015-09-30": "3.07680", "2015-06-30": "3.71930", "2015-03-31": "3.93820", "2014-12-31": "3.84100", "2014-09-30": "3.25980", "2014-06-30": "3.05540", "2014-03-31": "2.67710", "2013-12-31": "2.44940", "2013-09-30": "2.64960", "2013-06-30": "2.40230", "2013-03-31": "", "2012-12-31": "", "2012-09-30": "", "2012-06-30": "", "2011-12-31": "", "2010-12-31": ""}, "Long-term Debt / Capital": {"2020-09-30": "0.97420", "2020-06-30": "0.97070", "2020-03-31": "0.94420", "2019-12-31": "0.92140", "2019-09-30": "0.89290", "2019-06-30": "0.87850", "2019-03-31": "0.81050", "2018-12-31": "0.69410", "2018-09-30": "0.69420", "2018-06-30": "0.71970", "2018-03-31": "0.71630", "2017-12-31": "0.72610", "2017-09-30": "0.74570", "2017-06-30": "0.75050", "2017-03-31": "0.76490", "2016-12-31": "0.76540", "2016-09-30": "0.76640", "2016-06-30": "0.78900", "2016-03-31": "0.80240", "2015-12-31": "0.81050", "2015-09-30": "0.80210", "2015-06-30": "0.79130", "2015-03-31": "0.66820", "2014-12-31": "0.67040", "2014-09-30": "0.67630", "2014-06-30": "0.68840", "2014-03-31": "0.68360", "2013-12-31": "0.69720", "2013-09-30": "0.82030", "2013-06-30": "0.82520", "2013-03-31": "", "2012-12-31": "", "2012-09-30": "", "2012-06-30": "", "2011-12-31": "", "2010-12-31": ""}, "Debt/Equity Ratio": {"2020-09-30": "37.86420", "2020-06-30": "33.28490", "2020-03-31": "16.97020", "2019-12-31": "11.75700", "2019-09-30": "8.36690", "2019-06-30": "7.24720", "2019-03-31": "4.27610", "2018-12-31": "2.26880", "2018-09-30": "2.26990", "2018-06-30": "2.56810", "2018-03-31": "2.52510", "2017-12-31": "2.65160", "2017-09-30": "2.93300", "2017-06-30": "3.00730", "2017-03-31": "3.25310", "2016-12-31": "3.27240", "2016-09-30": "3.28910", "2016-06-30": "3.74780", "2016-03-31": "4.07000", "2015-12-31": "4.28850", "2015-09-30": "4.06190", "2015-06-30": "3.79990", "2015-03-31": "2.02050", "2014-12-31": "2.04100", "2014-09-30": "2.09660", "2014-06-30": "2.21700", "2014-03-31": "2.16850", "2013-12-31": "2.31110", "2013-09-30": "4.58170", "2013-06-30": "4.73890", "2013-03-31": "", "2012-12-31": "", "2012-09-30": "", "2012-06-30": "", "2011-12-31": "", "2010-12-31": ""}, "Gross Margin": {"2020-09-30": "33.92370", "2020-06-30": "31.20130", "2020-03-31": "31.53650", "2019-12-31": "32.02680", "2019-09-30": "25.62390", "2019-06-30": "25.71400", "2019-03-31": "36.19830", "2018-12-31": "33.56340", "2018-09-30": "35.61370", "2018-06-30": "36.87390", "2018-03-31": "36.71580", "2017-12-31": "31.35550", "2017-09-30": "37.97080", "2017-06-30": "40.18130", "2017-03-31": "39.90270", "2016-12-31": "41.18640", "2016-09-30": "41.95310", "2016-06-30": "42.37560", "2016-03-31": "39.08210", "2015-12-31": "34.92480", "2015-09-30": "34.84390", "2015-06-30": "36.28490", "2015-03-31": "35.52270", "2014-12-31": "34.47540", "2014-09-30": "36.23320", "2014-06-30": "38.60710", "2014-03-31": "36.11740", "2013-12-31": "34.47410", "2013-09-30": "34.93190", "2013-06-30": "35.48080", "2013-03-31": "32.94120", "2012-12-31": "", "2012-09-30": "33.87260", "2012-06-30": "31.45030", "2011-12-31": "", "2010-12-31": ""}, "Operating Margin": {"2020-09-30": "2.57370", "2020-06-30": "-9.26380", "2020-03-31": "-1.56400", "2019-12-31": "-14.75620", "2019-09-30": "-2.13430", "2019-06-30": "-8.15050", "2019-03-31": "8.24920", "2018-12-31": "4.67050", "2018-09-30": "11.49170", "2018-06-30": "13.28330", "2018-03-31": "9.25480", "2017-12-31": "8.05130", "2017-09-30": "11.11190", "2017-06-30": "11.61660", "2017-03-31": "10.54900", "2016-12-31": "9.52560", "2016-09-30": "13.96860", "2016-06-30": "14.07050", "2016-03-31": "7.93050", "2015-12-31": "1.88810", "2015-09-30": "-4.37160", "2015-06-30": "12.61380", "2015-03-31": "11.28420", "2014-12-31": "9.20630", "2014-09-30": "15.09770", "2014-06-30": "19.10000", "2014-03-31": "15.67160", "2013-12-31": "7.10440", "2013-09-30": "11.24330", "2013-06-30": "10.02320", "2013-03-31": "9.37320", "2012-12-31": "", "2012-09-30": "8.16530", "2012-06-30": "7.77970", "2011-12-31": "", "2010-12-31": ""}, "EBIT Margin": {"2020-09-30": "2.57370", "2020-06-30": "-9.26380", "2020-03-31": "-1.56400", "2019-12-31": "-14.75620", "2019-09-30": "-2.13430", "2019-06-30": "-8.15050", "2019-03-31": "8.24920", "2018-12-31": "4.67050", "2018-09-30": "11.49170", "2018-06-30": "13.28330", "2018-03-31": "9.25480", "2017-12-31": "8.05130", "2017-09-30": "11.11190", "2017-06-30": "11.61660", "2017-03-31": "10.54900", "2016-12-31": "9.52560", "2016-09-30": "13.96860", "2016-06-30": "14.07050", "2016-03-31": "7.93050", "2015-12-31": "1.88810", "2015-09-30": "-4.37160", "2015-06-30": "12.61380", "2015-03-31": "11.28420", "2014-12-31": "9.20630", "2014-09-30": "15.09770", "2014-06-30": "19.10000", "2014-03-31": "15.67160", "2013-12-31": "7.10440", "2013-09-30": "11.24330", "2013-06-30": "10.02320", "2013-03-31": "9.37320", "2012-12-31": "", "2012-09-30": "8.16530", "2012-06-30": "7.77970", "2011-12-31": "", "2010-12-31": ""}, "EBITDA Margin": {"2020-09-30": "", "2020-06-30": "", "2020-03-31": "", "2019-12-31": "", "2019-09-30": "", "2019-06-30": "", "2019-03-31": "", "2018-12-31": "", "2018-09-30": "", "2018-06-30": "", "2018-03-31": "", "2017-12-31": "", "2017-09-30": "", "2017-06-30": "", "2017-03-31": "", "2016-12-31": "", "2016-09-30": "", "2016-06-30": "", "2016-03-31": "", "2015-12-31": "", "2015-09-30": "", "2015-06-30": "", "2015-03-31": "", "2014-12-31": "", "2014-09-30": "", "2014-06-30": "", "2014-03-31": "", "2013-12-31": "", "2013-09-30": "", "2013-06-30": "", "2013-03-31": "", "2012-12-31": "", "2012-09-30": "", "2012-06-30": "", "2011-12-31": "", "2010-12-31": ""}, "Pre-Tax Profit Margin": {"2020-09-30": "-4.93520", "2020-06-30": "-15.98820", "2020-03-31": "-9.40880", "2019-12-31": "-21.47300", "2019-09-30": "-8.74720", "2019-06-30": "-14.47380", "2019-03-31": "-0.06370", "2018-12-31": "-4.16940", "2018-09-30": "5.70240", "2018-06-30": "8.29910", "2018-03-31": "4.13210", "2017-12-31": "2.34230", "2017-09-30": "6.02590", "2017-06-30": "6.77990", "2017-03-31": "3.15970", "2016-12-31": "4.19030", "2016-09-30": "8.18220", "2016-06-30": "7.36570", "2016-03-31": "1.83930", "2015-12-31": "-5.34330", "2015-09-30": "-12.63610", "2015-06-30": "7.08860", "2015-03-31": "7.32580", "2014-12-31": "5.46260", "2014-09-30": "11.72740", "2014-06-30": "4.90970", "2014-03-31": "10.92620", "2013-12-31": "-4.62710", "2013-09-30": "4.85650", "2013-06-30": "4.81760", "2013-03-31": "3.34330", "2012-12-31": "", "2012-09-30": "2.90600", "2012-06-30": "2.01670", "2011-12-31": "", "2010-12-31": ""}, "Net Profit Margin": {"2020-09-30": "-6.01450", "2020-06-30": "-15.93110", "2020-03-31": "-8.54320", "2019-12-31": "-19.59800", "2019-09-30": "-7.15490", "2019-06-30": "-13.64010", "2019-03-31": "-0.20920", "2018-12-31": "-2.19340", "2018-09-30": "5.54590", "2018-06-30": "5.31490", "2018-03-31": "3.00760", "2017-12-31": "4.78530", "2017-09-30": "4.53210", "2017-06-30": "4.72400", "2017-03-31": "2.95110", "2016-12-31": "4.62000", "2016-09-30": "7.25150", "2016-06-30": "4.74150", "2016-03-31": "1.09970", "2015-12-31": "-6.57720", "2015-09-30": "-8.30720", "2015-06-30": "5.25680", "2015-03-31": "4.78270", "2014-12-31": "5.77500", "2014-09-30": "9.63900", "2014-06-30": "2.63000", "2014-03-31": "6.89670", "2013-12-31": "-1.05270", "2013-09-30": "1.27100", "2013-06-30": "0.11910", "2013-03-31": "1.97590", "2012-12-31": "", "2012-09-30": "0.59100", "2012-06-30": "0.78900", "2011-12-31": "", "2010-12-31": ""}, "Asset Turnover": {"2020-09-30": "0.15820", "2020-06-30": "0.14870", "2020-03-31": "0.14660", "2019-12-31": "0.15930", "2019-09-30": "0.15690", "2019-06-30": "0.16110", "2019-03-31": "0.10600", "2018-12-31": "0.15950", "2018-09-30": "0.17120", "2018-06-30": "0.17450", "2018-03-31": "0.15670", "2017-12-31": "0.15910", "2017-09-30": "0.15790", "2017-06-30": "0.16360", "2017-03-31": "0.15940", "2016-12-31": "0.16510", "2016-09-30": "0.17460", "2016-06-30": "0.17390", "2016-03-31": "0.14910", "2015-12-31": "0.15230", "2015-09-30": "0.12370", "2015-06-30": "0.11250", "2015-03-31": "0.16650", "2014-12-31": "0.16840", "2014-09-30": "0.19780", "2014-06-30": "0.21100", "2014-03-31": "0.19590", "2013-12-31": "0.17880", "2013-09-30": "0.18500", "2013-06-30": "0.19500", "2013-03-31": "", "2012-12-31": "", "2012-09-30": "", "2012-06-30": "", "2011-12-31": "", "2010-12-31": ""}, "Inventory Turnover Ratio": {"2020-09-30": "1.29710", "2020-06-30": "1.39320", "2020-03-31": "1.53070", "2019-12-31": "1.60110", "2019-09-30": "1.51410", "2019-06-30": "1.35800", "2019-03-31": "1.31000", "2018-12-31": "1.48470", "2018-09-30": "1.50930", "2018-06-30": "1.63240", "2018-03-31": "1.50570", "2017-12-31": "1.72860", "2017-09-30": "1.44350", "2017-06-30": "1.32610", "2017-03-31": "1.37220", "2016-12-31": "1.46500", "2016-09-30": "1.57900", "2016-06-30": "1.61700", "2016-03-31": "1.50040", "2015-12-31": "1.68290", "2015-09-30": "1.14220", "2015-06-30": "1.56640", "2015-03-31": "1.50740", "2014-12-31": "1.47740", "2014-09-30": "1.52590", "2014-06-30": "1.45670", "2014-03-31": "1.45410", "2013-12-31": "1.49040", "2013-09-30": "1.57190", "2013-06-30": "1.65330", "2013-03-31": "", "2012-12-31": "", "2012-09-30": "", "2012-06-30": "", "2011-12-31": "", "2010-12-31": ""}, "Receiveable Turnover": {"2020-09-30": "1.44810", "2020-06-30": "1.27500", "2020-03-31": "1.26760", "2019-12-31": "1.35310", "2019-09-30": "1.33800", "2019-06-30": "1.13340", "2019-03-31": "1.14820", "2018-12-31": "1.30520", "2018-09-30": "1.27670", "2018-06-30": "1.21120", "2018-03-31": "1.13770", "2017-12-31": "1.24660", "2017-09-30": "1.21280", "2017-06-30": "1.26020", "2017-03-31": "1.20820", "2016-12-31": "1.23790", "2016-09-30": "1.33830", "2016-06-30": "1.31600", "2016-03-31": "1.23780", "2015-12-31": "1.37150", "2015-09-30": "1.01500", "2015-06-30": "1.20740", "2015-03-31": "1.19700", "2014-12-31": "1.35280", "2014-09-30": "1.42130", "2014-06-30": "1.37090", "2014-03-31": "1.30780", "2013-12-31": "1.39350", "2013-09-30": "1.38360", "2013-06-30": "1.30920", "2013-03-31": "", "2012-12-31": "", "2012-09-30": "", "2012-06-30": "", "2011-12-31": "", "2010-12-31": ""}, "Days Sales In Receivables": {"2020-09-30": "62.15030", "2020-06-30": "70.59020", "2020-03-31": "71.00140", "2019-12-31": "66.51240", "2019-09-30": "67.26370", "2019-06-30": "79.41050", "2019-03-31": "78.38470", "2018-12-31": "68.95720", "2018-09-30": "70.49600", "2018-06-30": "74.30800", "2018-03-31": "79.10420", "2017-12-31": "72.19830", "2017-09-30": "74.21010", "2017-06-30": "71.41610", "2017-03-31": "74.48850", "2016-12-31": "72.70560", "2016-09-30": "67.24810", "2016-06-30": "68.39000", "2016-03-31": "72.71060", "2015-12-31": "65.62010", "2015-09-30": "88.66910", "2015-06-30": "74.54250", "2015-03-31": "75.18980", "2014-12-31": "66.53090", "2014-09-30": "63.32280", "2014-06-30": "65.64950", "2014-03-31": "68.81900", "2013-12-31": "64.58390", "2013-09-30": "65.04800", "2013-06-30": "68.74370", "2013-03-31": "", "2012-12-31": "", "2012-09-30": "", "2012-06-30": "", "2011-12-31": "", "2010-12-31": ""}, "ROE - Return On Equity": {"2020-09-30": "-45.76940", "2020-06-30": "-107.10470", "2020-03-31": "-27.88630", "2019-12-31": "-52.21810", "2019-09-30": "-12.92210", "2019-06-30": "-23.44020", "2019-03-31": "-0.13180", "2018-12-31": "-1.32060", "2018-09-30": "3.63520", "2018-06-30": "3.86900", "2018-03-31": "1.94650", "2017-12-31": "3.25380", "2017-09-30": "3.29910", "2017-06-30": "3.64990", "2017-03-31": "2.39040", "2016-12-31": "3.90690", "2016-09-30": "6.54680", "2016-06-30": "4.69330", "2016-03-31": "0.97640", "2015-12-31": "-6.14590", "2015-09-30": "-6.12800", "2015-06-30": "3.23290", "2015-03-31": "2.94740", "2014-12-31": "3.65630", "2014-09-30": "7.46250", "2014-06-30": "2.29330", "2014-03-31": "5.56550", "2013-12-31": "-0.81910", "2013-09-30": "1.71530", "2013-06-30": "0.17610", "2013-03-31": "", "2012-12-31": "", "2012-09-30": "", "2012-06-30": "", "2011-12-31": "", "2010-12-31": ""}, "Return On Tangible Equity": {"2020-09-30": "1.32230", "2020-06-30": "3.61760", "2020-03-31": "1.78710", "2019-12-31": "4.90730", "2019-09-30": "1.73790", "2019-06-30": "3.70910", "2019-03-31": "0.09560", "2018-12-31": "0.94790", "2018-09-30": "-2.52750", "2018-06-30": "-2.48300", "2018-03-31": "-1.22650", "2017-12-31": "-1.86500", "2017-09-30": "-1.69080", "2017-06-30": "-1.85780", "2017-03-31": "-1.07720", "2016-12-31": "-1.71640", "2016-09-30": "-2.86480", "2016-06-30": "-1.79090", "2016-03-31": "-0.35860", "2015-12-31": "2.07850", "2015-09-30": "2.26690", "2015-06-30": "-3.76150", "2015-03-31": "-2.97860", "2014-12-31": "-3.40240", "2014-09-30": "-6.57620", "2014-06-30": "-1.80940", "2014-03-31": "-3.87290", "2013-12-31": "0.49940", "2013-09-30": "-0.49730", "2013-06-30": "-0.04810", "2013-03-31": "", "2012-12-31": "", "2012-09-30": "", "2012-06-30": "", "2011-12-31": "", "2010-12-31": ""}, "ROA - Return On Assets": {"2020-09-30": "-0.84880", "2020-06-30": "-2.27120", "2020-03-31": "-1.15260", "2019-12-31": "-3.02600", "2019-09-30": "-1.03140", "2019-06-30": "-2.09580", "2019-03-31": "-0.02220", "2018-12-31": "-0.34990", "2018-09-30": "0.94960", "2018-06-30": "0.92740", "2018-03-31": "0.47130", "2017-12-31": "0.76140", "2017-09-30": "0.71580", "2017-06-30": "0.77290", "2017-03-31": "0.47050", "2016-12-31": "0.76260", "2016-09-30": "1.26600", "2016-06-30": "0.82450", "2016-03-31": "0.16400", "2015-12-31": "-1.00160", "2015-09-30": "-1.02780", "2015-06-30": "0.59120", "2015-03-31": "0.79610", "2014-12-31": "0.97230", "2014-09-30": "1.90620", "2014-06-30": "0.55480", "2014-03-31": "1.35080", "2013-12-31": "-0.18830", "2013-09-30": "0.23520", "2013-06-30": "0.02320", "2013-03-31": "", "2012-12-31": "", "2012-09-30": "", "2012-06-30": "", "2011-12-31": "", "2010-12-31": ""}, "ROI - Return On Investment": {"2020-09-30": "-1.18150", "2020-06-30": "-3.13370", "2020-03-31": "-1.55660", "2019-12-31": "-4.10560", "2019-09-30": "-1.38350", "2019-06-30": "-2.84800", "2019-03-31": "-0.02500", "2018-12-31": "-0.40400", "2018-09-30": "1.11170", "2018-06-30": "1.08430", "2018-03-31": "0.55220", "2017-12-31": "0.89110", "2017-09-30": "0.83880", "2017-06-30": "0.91080", "2017-03-31": "0.56200", "2016-12-31": "0.91640", "2016-09-30": "1.52950", "2016-06-30": "0.99050", "2016-03-31": "0.19290", "2015-12-31": "-1.16440", "2015-09-30": "-1.21290", "2015-06-30": "0.67480", "2015-03-31": "0.97800", "2014-12-31": "1.20510", "2014-09-30": "2.41530", "2014-06-30": "0.71450", "2014-03-31": "1.76090", "2013-12-31": "-0.24800", "2013-09-30": "0.30820", "2013-06-30": "0.03080", "2013-03-31": "", "2012-12-31": "", "2012-09-30": "", "2012-06-30": "", "2011-12-31": "", "2010-12-31": ""}, "Book Value Per Share": {"2020-09-30": "1.28990", "2020-06-30": "1.52960", "2020-03-31": "2.92840", "2019-12-31": "4.29830", "2019-09-30": "6.23470", "2019-06-30": "7.34960", "2019-03-31": "9.01760", "2018-12-31": "9.13210", "2018-09-30": "9.13040", "2018-06-30": "8.86130", "2018-03-31": "9.01380", "2017-12-31": "8.63160", "2017-09-30": "8.12860", "2017-06-30": "7.87250", "2017-03-31": "7.25720", "2016-12-31": "7.19200", "2016-09-30": "7.43110", "2016-06-30": "6.85400", "2016-03-31": "6.71550", "2015-12-31": "6.38930", "2015-09-30": "6.91790", "2015-06-30": "7.42430", "2015-03-31": "7.07120", "2014-12-31": "6.96170", "2014-09-30": "6.88690", "2014-06-30": "6.53320", "2014-03-31": "6.22290", "2013-12-31": "5.85390", "2013-09-30": "4.27490", "2013-06-30": "4.13570", "2013-03-31": "", "2012-12-31": "", "2012-09-30": "", "2012-06-30": "", "2011-12-31": "", "2010-12-31": ""}, "Operating Cash Flow Per Share": {"2020-09-30": 0.8702, "2020-06-30": 1.068, "2020-03-31": "-0.21910", "2019-12-31": 1.7374, "2019-09-30": 2.6928, "2019-06-30": -1.2993, "2019-03-31": "-0.05190", "2018-12-31": 0.6779, "2018-09-30": 1.16, "2018-06-30": 0.512, "2018-03-31": "0.18010", "2017-12-31": 1.2663, "2017-09-30": 0.7493, "2017-06-30": 0.4474, "2017-03-31": "0.51620", "2016-12-31": 0.4555, "2016-09-30": 1.3484, "2016-06-30": 0.8436, "2016-03-31": "0.61130", "2015-12-31": 0.7466, "2015-09-30": 0.5985, "2015-06-30": 0.3713, "2015-03-31": "0.00640", "2014-12-31": 0.6682, "2014-09-30": 1.0994, "2014-06-30": -0.07, "2014-03-31": "-0.18590", "2013-12-31": 0.4983, "2013-09-30": 0.7985, "2013-06-30": 0.4899, "2013-03-31": "-0.33740", "2012-12-31": -0.3472, "2012-09-30": 0.223, "2012-06-30": 0.1242, "2011-12-31": 0, "2010-12-31": 0}, "Free Cash Flow Per Share": {"2020-09-30": 0.741, "2020-06-30": 0.9471, "2020-03-31": "-0.34120", "2019-12-31": 1.5745, "2019-09-30": 2.5703, "2019-06-30": -1.4352, "2019-03-31": "-0.15980", "2018-12-31": 0.541, "2018-09-30": 1.0675, "2018-06-30": 0.4403, "2018-03-31": "0.12580", "2017-12-31": 1.1802, "2017-09-30": 0.6435, "2017-06-30": 0.3807, "2017-03-31": "0.45310", "2016-12-31": 0.3612, "2016-09-30": 1.2609, "2016-06-30": 0.7537, "2016-03-31": "0.55610", "2015-12-31": 0.6731, "2015-09-30": 0.5157, "2015-06-30": 0.2899, "2015-03-31": "-0.03550", "2014-12-31": 0.6207, "2014-09-30": 1.0551, "2014-06-30": -0.1185, "2014-03-31": "-0.21460", "2013-12-31": 0.4604, "2013-09-30": 0.7264, "2013-06-30": 0.4354, "2013-03-31": "-0.37740", "2012-12-31": -0.2349, "2012-09-30": 0.1846, "2012-06-30": 0.0503, "2011-12-31": 0, "2010-12-31": 0}}, "revenue": {"CommScope Holding Annual Revenue (Millions of US $)": {"2019": "$8,345", "2018": "$4,569", "2017": "$4,561", "2016": "$4,924", "2015": "$3,808", "2014": "$3,830", "2013": "$3,480", "2012": "$3,322", "2011": "$3,275", "2010": "$3,189"}, "CommScope Holding Quarterly Revenue (Millions of US $)": {"2020-09-30": "$2,168", "2020-06-30": "$2,103", "2020-03-31": "$2,033", "2019-12-31": "$2,299", "2019-09-30": "$2,380", "2019-06-30": "$2,567", "2019-03-31": "$1,100", "2018-12-31": "$1,058", "2018-09-30": "$1,150", "2018-06-30": "$1,240", "2018-03-31": "$1,121", "2017-12-31": "$1,120", "2017-09-30": "$1,129", "2017-06-30": "$1,174", "2017-03-31": "$1,137", "2016-12-31": "$1,179", "2016-09-30": "$1,294", "2016-06-30": "$1,307", "2016-03-31": "$1,144", "2015-12-31": "$1,143", "2015-09-30": "$973", "2015-06-30": "$867", "2015-03-31": "$825", "2014-12-31": "$828", "2014-09-30": "$1,000", "2014-06-30": "$1,066", "2014-03-31": "$935", "2013-12-31": "$847", "2013-09-30": "$888", "2013-06-30": "$941", "2013-03-31": "$805", "2012-12-31": "", "2012-09-30": "$894", "2012-06-30": "$836", "2011-12-31": "", "2010-12-31": ""}}, "gross-profit": {"CommScope Holding Annual Gross Profit (Millions of US $)": {"2019": "$2,404", "2018": "$1,633", "2017": "$1,706", "2016": "$2,029", "2015": "$1,346", "2014": "$1,397", "2013": "$1,201", "2012": "$1,061", "2011": "$830", "2010": "$937"}, "CommScope Holding Quarterly Gross Profit (Millions of US $)": {"2020-09-30": "$736", "2020-06-30": "$656", "2020-03-31": "$641", "2019-12-31": "$736", "2019-09-30": "$610", "2019-06-30": "$660", "2019-03-31": "$398", "2018-12-31": "$355", "2018-09-30": "$410", "2018-06-30": "$457", "2018-03-31": "$411", "2017-12-31": "$351", "2017-09-30": "$429", "2017-06-30": "$472", "2017-03-31": "$454", "2016-12-31": "$486", "2016-09-30": "$543", "2016-06-30": "$554", "2016-03-31": "$447", "2015-12-31": "$399", "2015-09-30": "$339", "2015-06-30": "$315", "2015-03-31": "$293", "2014-12-31": "$285", "2014-09-30": "$362", "2014-06-30": "$412", "2014-03-31": "$338", "2013-12-31": "$292", "2013-09-30": "$310", "2013-06-30": "$334", "2013-03-31": "$265", "2012-12-31": "", "2012-09-30": "$303", "2012-06-30": "$263", "2011-12-31": "", "2010-12-31": ""}}, "operating-income": {"CommScope Holding Annual Operating Income (Millions of US $)": {"2019": "$-509", "2018": "$450", "2017": "$472", "2016": "$568", "2015": "$182", "2014": "$577", "2013": "$330", "2012": "$238", "2011": "$-188", "2010": "$225"}, "CommScope Holding Quarterly Operating Income (Millions of US $)": {"2020-09-30": "$56", "2020-06-30": "$-195", "2020-03-31": "$-32", "2019-12-31": "$-339", "2019-09-30": "$-51", "2019-06-30": "$-209", "2019-03-31": "$91", "2018-12-31": "$49", "2018-09-30": "$132", "2018-06-30": "$165", "2018-03-31": "$104", "2017-12-31": "$90", "2017-09-30": "$125", "2017-06-30": "$136", "2017-03-31": "$120", "2016-12-31": "$112", "2016-09-30": "$181", "2016-06-30": "$184", "2016-03-31": "$91", "2015-12-31": "$22", "2015-09-30": "$-43", "2015-06-30": "$109", "2015-03-31": "$93", "2014-12-31": "$76", "2014-09-30": "$151", "2014-06-30": "$204", "2014-03-31": "$147", "2013-12-31": "$60", "2013-09-30": "$100", "2013-06-30": "$94", "2013-03-31": "$75", "2012-12-31": "", "2012-09-30": "$73", "2012-06-30": "$65", "2011-12-31": "", "2010-12-31": ""}}, "ebitda": {"CommScope Holding Annual EBITDA (Millions of US $)": {"2019": "$262", "2018": "$808", "2017": "$850", "2016": "$967", "2015": "$485", "2014": "$837", "2013": "$586", "2012": "$501", "2011": "$109", "2010": "$412"}, "CommScope Holding Quarterly EBITDA (Millions of US $)": {"2020-09-30": "$266", "2020-06-30": "$9", "2020-03-31": "$174", "2019-12-31": "$-83", "2019-09-30": "$163", "2019-06-30": "$8", "2019-03-31": "$174", "2018-12-31": "$134", "2018-09-30": "$227", "2018-06-30": "$254", "2018-03-31": "$193", "2017-12-31": "$186", "2017-09-30": "$218", "2017-06-30": "$226", "2017-03-31": "$220", "2016-12-31": "$210", "2016-09-30": "$282", "2016-06-30": "$287", "2016-03-31": "$188", "2015-12-31": "$126", "2015-09-30": "$31", "2015-06-30": "$176", "2015-03-31": "$153", "2014-12-31": "$137", "2014-09-30": "$211", "2014-06-30": "$283", "2014-03-31": "$206", "2013-12-31": "$133", "2013-09-30": "$162", "2013-06-30": "$155", "2013-03-31": "$136", "2012-12-31": "", "2012-09-30": "$138", "2012-06-30": "$65", "2011-12-31": "", "2010-12-31": ""}}, "net-income": {"CommScope Holding Annual Net Income (Millions of US $)": {"2019": "$-973", "2018": "$140", "2017": "$194", "2016": "$223", "2015": "$-71", "2014": "$237", "2013": "$19", "2012": "$5", "2011": "$-392", "2010": "$44"}, "CommScope Holding Quarterly Net Income (Millions of US $)": {"2020-09-30": "$-130", "2020-06-30": "$-335", "2020-03-31": "$-174", "2019-12-31": "$-451", "2019-09-30": "$-170", "2019-06-30": "$-350", "2019-03-31": "$-2", "2018-12-31": "$-23", "2018-09-30": "$64", "2018-06-30": "$66", "2018-03-31": "$34", "2017-12-31": "$54", "2017-09-30": "$51", "2017-06-30": "$55", "2017-03-31": "$34", "2016-12-31": "$54", "2016-09-30": "$94", "2016-06-30": "$62", "2016-03-31": "$13", "2015-12-31": "$-75", "2015-09-30": "$-81", "2015-06-30": "$46", "2015-03-31": "$39", "2014-12-31": "$48", "2014-09-30": "$96", "2014-06-30": "$28", "2014-03-31": "$64", "2013-12-31": "$-9", "2013-09-30": "$11", "2013-06-30": "$1", "2013-03-31": "$16", "2012-12-31": "", "2012-09-30": "$5", "2012-06-30": "$7", "2011-12-31": "", "2010-12-31": ""}}, "eps-earnings-per-share-diluted": {"CommScope Holding Annual EPS": {"2019": "$-5.02", "2018": "$0.72", "2017": "$0.98", "2016": "$1.13", "2015": "$-0.37", "2014": "$1.24", "2013": "$0.12", "2012": "$0.03", "2011": "$-2.54", "2010": "$0.46"}, "CommScope Holding Quarterly EPS": {"2020-09-30": "$-0.66", "2020-06-30": "$-1.71", "2020-03-31": "$-0.89", "2019-12-31": "$-2.32", "2019-09-30": "$-0.88", "2019-06-30": "$-1.81", "2019-03-31": "$-0.01", "2018-12-31": "$-0.12", "2018-09-30": "$0.33", "2018-06-30": "$0.34", "2018-03-31": "$0.17", "2017-12-31": "$0.27", "2017-09-30": "$0.26", "2017-06-30": "$0.28", "2017-03-31": "$0.17", "2016-12-31": "$0.27", "2016-09-30": "$0.48", "2016-06-30": "$0.32", "2016-03-31": "$0.06", "2015-12-31": "$-0.39", "2015-09-30": "$-0.42", "2015-06-30": "$0.24", "2015-03-31": "$0.20", "2014-12-31": "$0.25", "2014-09-30": "$0.50", "2014-06-30": "$0.15", "2014-03-31": "$0.34", "2013-12-31": "$-0.06", "2013-09-30": "$0.07", "2013-06-30": "$0.01", "2013-03-31": "$0.10", "2012-12-31": "$0.00", "2012-09-30": "$0.03", "2012-06-30": "$0.04", "2011-12-31": "$0.00", "2010-12-31": "$0.00"}}, "shares-outstanding": {"CommScope Holding Annual Shares Outstanding (Millions of Shares)": {"2019": "194", "2018": "195", "2017": "197", "2016": "196", "2015": "190", "2014": "191", "2013": "164", "2012": "156", "2011": "154", "2010": "96"}, "CommScope Holding Quarterly Shares Outstanding (Millions of Shares)": {"2020-09-30": "197", "2020-06-30": "196", "2020-03-31": "195", "2019-12-31": "194", "2019-09-30": "194", "2019-06-30": "194", "2019-03-31": "193", "2018-12-31": "195", "2018-09-30": "195", "2018-06-30": "195", "2018-03-31": "196", "2017-12-31": "197", "2017-09-30": "196", "2017-06-30": "197", "2017-03-31": "199", "2016-12-31": "196", "2016-09-30": "197", "2016-06-30": "196", "2016-03-31": "195", "2015-12-31": "190", "2015-09-30": "190", "2015-06-30": "194", "2015-03-31": "193", "2014-12-31": "191", "2014-09-30": "192", "2014-06-30": "191", "2014-03-31": "191", "2013-12-31": "164", "2013-09-30": "159", "2013-06-30": "158", "2013-03-31": "157", "2012-12-31": "", "2012-09-30": "155", "2012-06-30": "155", "2011-12-31": "", "2010-12-31": ""}}, "total-assets": {"CommScope Holding Annual Total Assets (Millions of US $)": {"2019": "$14,432", "2018": "$6,631", "2017": "$7,042", "2016": "$7,142", "2015": "$7,503", "2014": "$4,917", "2013": "$4,734", "2012": "$4,793", "2011": "$5,153", "2010": "$0"}, "CommScope Holding Quarterly Total Assets (Millions of US $)": {"2020-09-30": "$13,701", "2020-06-30": "$14,138", "2020-03-31": "$13,873", "2019-12-31": "$14,432", "2019-09-30": "$15,174", "2019-06-30": "$15,937", "2019-03-31": "$10,374", "2018-12-31": "$6,631", "2018-09-30": "$6,718", "2018-06-30": "$7,106", "2018-03-31": "$7,150", "2017-12-31": "$7,042", "2017-09-30": "$7,147", "2017-06-30": "$7,176", "2017-03-31": "$7,133", "2016-12-31": "$7,142", "2016-09-30": "$7,412", "2016-06-30": "$7,515", "2016-03-31": "$7,673", "2015-12-31": "$7,503", "2015-09-30": "$7,861", "2015-06-30": "$7,712", "2015-03-31": "$4,958", "2014-12-31": "$4,917", "2014-09-30": "$5,059", "2014-06-30": "$5,054", "2014-03-31": "$4,774", "2013-12-31": "$4,734", "2013-09-30": "$4,799", "2013-06-30": "$4,825", "2013-03-31": "$0", "2012-12-31": "$0", "2012-09-30": "$0", "2012-06-30": "$0", "2011-12-31": "$5,153", "2010-12-31": "$0"}}, "cash-on-hand": {"CommScope Holding Annual Cash on Hand (Millions of US $)": {"2019": "$598", "2018": "$458", "2017": "$454", "2016": "$428", "2015": "$563", "2014": "$729", "2013": "$346", "2012": "$264", "2011": "$317", "2010": "$"}, "CommScope Holding Quarterly Cash on Hand (Millions of US $)": {"2020-09-30": "$583", "2020-06-30": "$823", "2020-03-31": "$394", "2019-12-31": "$598", "2019-09-30": "$609", "2019-06-30": "$348", "2019-03-31": "$176", "2018-12-31": "$458", "2018-09-30": "$352", "2018-06-30": "$546", "2018-03-31": "$473", "2017-12-31": "$454", "2017-09-30": "$411", "2017-06-30": "$484", "2017-03-31": "$438", "2016-12-31": "$428", "2016-09-30": "$517", "2016-06-30": "$516", "2016-03-31": "$688", "2015-12-31": "$563", "2015-09-30": "$618", "2015-06-30": "$793", "2015-03-31": "$735", "2014-12-31": "$729", "2014-09-30": "$616", "2014-06-30": "$481", "2014-03-31": "$305", "2013-12-31": "$346", "2013-09-30": "$312", "2013-06-30": "$224", "2013-03-31": "", "2012-12-31": "", "2012-09-30": "", "2012-06-30": "", "2011-12-31": "$317", "2010-12-31": ""}}, "long-term-debt": {"CommScope Holding Annual Long Term Debt (Millions of US $)": {"2019": "$9,800", "2018": "$3,986", "2017": "$4,369", "2016": "$4,550", "2015": "$5,231", "2014": "$2,660", "2013": "$2,505", "2012": "$2,460", "2011": "$2,551", "2010": "$"}, "CommScope Holding Quarterly Long Term Debt (Millions of US $)": {"2020-09-30": "$9,589", "2020-06-30": "$9,947", "2020-03-31": "$9,699", "2019-12-31": "$9,800", "2019-09-30": "$10,101", "2019-06-30": "$10,303", "2019-03-31": "$7,460", "2018-12-31": "$3,986", "2018-09-30": "$3,984", "2018-06-30": "$4,374", "2018-03-31": "$4,372", "2017-12-31": "$4,369", "2017-09-30": "$4,548", "2017-06-30": "$4,570", "2017-03-31": "$4,567", "2016-12-31": "$4,550", "2016-09-30": "$4,701", "2016-06-30": "$4,935", "2016-03-31": "$5,232", "2015-12-31": "$5,231", "2015-09-30": "$5,343", "2015-06-30": "$5,346", "2015-03-31": "$2,697", "2014-12-31": "$2,660", "2014-09-30": "$2,700", "2014-06-30": "$2,702", "2014-03-31": "$2,504", "2013-12-31": "$2,505", "2013-09-30": "$3,004", "2013-06-30": "$3,006", "2013-03-31": "", "2012-12-31": "", "2012-09-30": "", "2012-06-30": "", "2011-12-31": "$2,551", "2010-12-31": ""}}, "total-liabilities": {"CommScope Holding Annual Total Liabilities (Millions of US $)": {"2019": "$13,595", "2018": "$4,874", "2017": "$5,394", "2016": "$5,748", "2015": "$6,280", "2014": "$3,609", "2013": "$3,646", "2012": "$3,611", "2011": "$3,788", "2010": "$0"}, "CommScope Holding Quarterly Total Liabilities (Millions of US $)": {"2020-09-30": "$13,447", "2020-06-30": "$13,838", "2020-03-31": "$13,299", "2019-12-31": "$13,595", "2019-09-30": "$13,963", "2019-06-30": "$14,512", "2019-03-31": "$8,630", "2018-12-31": "$4,874", "2018-09-30": "$4,963", "2018-06-30": "$5,403", "2018-03-31": "$5,419", "2017-12-31": "$5,394", "2017-09-30": "$5,596", "2017-06-30": "$5,656", "2017-03-31": "$5,729", "2016-12-31": "$5,748", "2016-09-30": "$5,978", "2016-06-30": "$6,194", "2016-03-31": "$6,384", "2015-12-31": "$6,280", "2015-09-30": "$6,543", "2015-06-30": "$6,302", "2015-03-31": "$3,619", "2014-12-31": "$3,609", "2014-09-30": "$3,767", "2014-06-30": "$3,832", "2014-03-31": "$3,615", "2013-12-31": "$3,646", "2013-09-30": "$4,141", "2013-06-30": "$4,189", "2013-03-31": "$0", "2012-12-31": "", "2012-09-30": "$0", "2012-06-30": "$0", "2011-12-31": "$3,788", "2010-12-31": "$0"}}, "total-share-holder-equity": {"CommScope Holding Annual Share Holder Equity (Millions of US $)": {"2019": "$836", "2018": "$1,757", "2017": "$1,648", "2016": "$1,394", "2015": "$1,223", "2014": "$1,308", "2013": "$1,088", "2012": "$1,182", "2011": "$1,365", "2010": "$0"}, "CommScope Holding Quarterly Share Holder Equity (Millions of US $)": {"2020-09-30": "$254", "2020-06-30": "$300", "2020-03-31": "$573", "2019-12-31": "$836", "2019-09-30": "$1,211", "2019-06-30": "$1,425", "2019-03-31": "$1,745", "2018-12-31": "$1,757", "2018-09-30": "$1,755", "2018-06-30": "$1,703", "2018-03-31": "$1,731", "2017-12-31": "$1,648", "2017-09-30": "$1,551", "2017-06-30": "$1,520", "2017-03-31": "$1,404", "2016-12-31": "$1,394", "2016-09-30": "$1,433", "2016-06-30": "$1,320", "2016-03-31": "$1,288", "2015-12-31": "$1,223", "2015-09-30": "$1,318", "2015-06-30": "$1,410", "2015-03-31": "$1,339", "2014-12-31": "$1,308", "2014-09-30": "$1,292", "2014-06-30": "$1,223", "2014-03-31": "$1,159", "2013-12-31": "$1,088", "2013-09-30": "$658", "2013-06-30": "$637", "2013-03-31": "$0", "2012-12-31": "", "2012-09-30": "$0", "2012-06-30": "$0", "2011-12-31": "$1,365", "2010-12-31": "$0"}}, "profit-margins": {"current": "-12.02%"}, "gross margin": {"2020-09-30": "32.19%", "2020-06-30": "29.98%", "2020-03-31": "28.53%", "2019-12-31": "28.80%", "2019-09-30": "28.47%", "2019-06-30": "31.03%", "2019-03-31": "35.62%", "2018-12-31": "35.74%", "2018-09-30": "35.18%", "2018-06-30": "35.75%", "2018-03-31": "36.60%", "2017-12-31": "37.41%", "2017-09-30": "39.86%", "2017-06-30": "40.87%", "2017-03-31": "41.43%", "2016-12-31": "41.23%", "2016-09-30": "39.75%", "2016-06-30": "38.08%", "2016-03-31": "36.35%", "2015-12-31": "35.35%", "2015-09-30": "35.27%", "2015-06-30": "35.65%", "2015-03-31": "36.35%", "2014-12-31": "36.48%", "2014-09-30": "36.49%", "2014-06-30": "36.19%", "2014-03-31": "35.28%", "2013-12-31": "34.50%", "2013-06-30": "34.17%", "2013-03-31": "32.78%"}, "operating margin": {"2020-09-30": "-5.93%", "2020-06-30": "-7.00%", "2020-03-31": "-6.80%", "2019-12-31": "-6.09%", "2019-09-30": "-1.69%", "2019-06-30": "1.07%", "2019-03-31": "9.61%", "2018-12-31": "9.85%", "2018-09-30": "10.60%", "2018-06-30": "10.50%", "2018-03-31": "10.01%", "2017-12-31": "10.33%", "2017-09-30": "10.67%", "2017-06-30": "11.48%", "2017-03-31": "12.14%", "2016-12-31": "11.54%", "2016-09-30": "9.78%", "2016-06-30": "5.56%", "2016-03-31": "4.34%", "2015-12-31": "4.75%", "2015-09-30": "6.73%", "2015-06-30": "12.19%", "2015-03-31": "14.09%", "2014-12-31": "15.10%", "2014-09-30": "14.60%", "2014-06-30": "13.68%", "2014-03-31": "11.10%", "2013-12-31": "9.45%", "2013-06-30": "9.17%", "2013-03-31": "8.40%"}, "ebitda margin": {"2020-09-30": "4.25%", "2020-06-30": "2.98%", "2020-03-31": "2.82%", "2019-12-31": "3.14%", "2019-09-30": "6.74%", "2019-06-30": "9.24%", "2019-03-31": "17.35%", "2018-12-31": "17.68%", "2018-09-30": "18.57%", "2018-06-30": "18.46%", "2018-03-31": "18.11%", "2017-12-31": "18.64%", "2017-09-30": "18.92%", "2017-06-30": "19.61%", "2017-03-31": "20.32%", "2016-12-31": "19.64%", "2016-09-30": "18.06%", "2016-06-30": "13.84%", "2016-03-31": "12.62%", "2015-12-31": "12.76%", "2015-09-30": "14.23%", "2015-06-30": "19.23%", "2015-03-31": "21.08%", "2014-12-31": "21.86%", "2014-09-30": "21.65%", "2014-06-30": "20.99%", "2014-03-31": "18.17%", "2013-12-31": "16.83%", "2013-06-30": "16.25%", "2013-03-31": "13.37%"}, "pre tax profit margin": {"2020-09-30": "-13.11%", "2020-06-30": "-13.94%", "2020-03-31": "-13.63%", "2019-12-31": "-12.88%", "2019-09-30": "-8.80%", "2019-06-30": "-5.97%", "2019-03-31": "2.73%", "2018-12-31": "3.74%", "2018-09-30": "5.20%", "2018-06-30": "5.27%", "2018-03-31": "4.84%", "2017-12-31": "4.61%", "2017-09-30": "5.04%", "2017-06-30": "5.66%", "2017-03-31": "5.84%", "2016-12-31": "5.52%", "2016-09-30": "3.31%", "2016-06-30": "-1.47%", "2016-03-31": "-2.47%", "2015-12-31": "-1.65%", "2015-09-30": "1.23%", "2015-06-30": "8.04%", "2015-03-31": "7.37%", "2014-12-31": "8.25%", "2014-09-30": "6.03%", "2014-06-30": "4.23%", "2014-03-31": "4.18%", "2013-12-31": "2.18%", "2013-06-30": "3.71%", "2013-03-31": "2.76%"}, "net profit margin": {"2020-09-30": "-12.67%", "2020-06-30": "-12.82%", "2020-03-31": "-12.34%", "2019-12-31": "-11.66%", "2019-09-30": "-7.67%", "2019-06-30": "-5.29%", "2019-03-31": "2.31%", "2018-12-31": "3.09%", "2018-09-30": "4.71%", "2018-06-30": "4.45%", "2018-03-31": "4.27%", "2017-12-31": "4.25%", "2017-09-30": "4.20%", "2017-06-30": "4.95%", "2017-03-31": "4.96%", "2016-12-31": "4.53%", "2016-09-30": "1.92%", "2016-06-30": "-1.77%", "2016-03-31": "-2.35%", "2015-12-31": "-1.86%", "2015-09-30": "1.49%", "2015-06-30": "6.51%", "2015-03-31": "5.67%", "2014-12-31": "6.16%", "2014-09-30": "4.65%", "2014-06-30": "2.52%", "2014-03-31": "1.86%", "2013-12-31": "0.55%", "2013-06-30": "0.83%", "2013-03-31": "1.10%"}, "pe ratio": {"current": "16.52", "2021-02-05": "0.00", "2020-09-30": "0.00", "2020-06-30": "0.00", "2020-03-31": "0.00", "2019-12-31": "0.00", "2019-09-30": "0.00", "2019-06-30": "0.00", "2019-03-31": "40.24", "2018-12-31": "22.76", "2018-09-30": "27.71", "2018-06-30": "28.08", "2018-03-31": "40.79", "2017-12-31": "38.60", "2017-09-30": "33.55", "2017-06-30": "31.43", "2017-03-31": "33.37", "2016-12-31": "32.63", "2016-09-30": "64.06", "2016-06-30": "0.00", "2016-03-31": "0.00", "2015-12-31": "0.00", "2015-09-30": "111.22", "2015-06-30": "25.64", "2015-03-31": "25.95", "2014-12-31": "18.41", "2014-09-30": "25.44"}, "price sales": {"2021-02-05": "0.35", "2020-09-30": "0.20", "2020-06-30": "0.18", "2020-03-31": "0.19", "2019-12-31": "0.33", "2019-09-30": "0.32", "2019-06-30": "0.52", "2019-03-31": "0.93", "2018-12-31": "0.70", "2018-09-30": "1.30", "2018-06-30": "1.24", "2018-03-31": "1.73", "2017-12-31": "1.64", "2017-09-30": "1.42", "2017-06-30": "1.57", "2017-03-31": "1.67", "2016-12-31": "1.48", "2016-09-30": "1.20", "2016-06-30": "1.31", "2016-03-31": "1.30", "2015-12-31": "1.30", "2015-09-30": "1.65", "2015-06-30": "1.67", "2015-03-31": "1.47", "2014-12-31": "1.14", "2014-09-30": "1.15"}, "price book": {"current": "11.88", "2021-02-05": "11.78", "2020-09-30": "6.98", "2020-06-30": "5.45", "2020-03-31": "3.11", "2019-12-31": "3.30", "2019-09-30": "1.89", "2019-06-30": "2.14", "2019-03-31": "2.41", "2018-12-31": "1.79", "2018-09-30": "3.37", "2018-06-30": "3.30", "2018-03-31": "4.43", "2017-12-31": "4.38", "2017-09-30": "4.09", "2017-06-30": "4.83", "2017-03-31": "5.75", "2016-12-31": "5.17", "2016-09-30": "4.05", "2016-06-30": "4.53", "2016-03-31": "4.16", "2015-12-31": "4.05", "2015-09-30": "4.34", "2015-06-30": "4.11", "2015-03-31": "4.04", "2014-12-31": "3.28", "2014-09-30": "3.47", "2014-06-30": "3.54", "2014-03-31": "3.97", "2013-12-31": "3.23"}, "price fcf": {"2021-02-05": "", "2020-09-30": "$2.92", "2020-06-30": "$4.75", "2020-03-31": "$2.37", "2019-12-31": "$2.55", "2019-09-30": "$1.52", "2019-06-30": "$0.01", "2019-03-31": "$1.89", "2018-12-31": "$2.17", "2018-09-30": "$2.81", "2018-06-30": "$2.39", "2018-03-31": "$2.33", "2017-12-31": "$2.66", "2017-09-30": "$1.84", "2017-06-30": "$2.46", "2017-03-31": "$2.83", "2016-12-31": "$2.93", "2016-09-30": "$3.24", "2016-06-30": "$2.50", "2016-03-31": "$2.03", "2015-12-31": "$1.44", "2015-09-30": "$1.39", "2015-06-30": "$1.93", "2015-03-31": "$1.52", "2014-12-31": "$1.34", "2014-09-30": "$1.97"}, "net worth": {"value": "$3.02B"}, "current ratio": {"2020-09-30": "1.66", "2020-06-30": "1.75", "2020-03-31": "1.70", "2019-12-31": "1.72", "2019-09-30": "1.86", "2019-06-30": "1.88", "2019-03-31": "2.01", "2018-12-31": "2.72", "2018-09-30": "2.44", "2018-06-30": "2.77", "2018-03-31": "2.73", "2017-12-31": "2.69", "2017-09-30": "2.78", "2017-06-30": "2.76", "2017-03-31": "2.44", "2016-12-31": "2.32", "2016-09-30": "2.25", "2016-06-30": "2.42", "2016-03-31": "2.79", "2015-12-31": "2.93", "2015-09-30": "3.08", "2015-06-30": "3.72", "2015-03-31": "3.94", "2014-12-31": "3.84", "2014-09-30": "3.26", "2014-06-30": "3.06", "2014-03-31": "2.68", "2013-12-31": "2.45", "2013-09-30": "2.65", "2013-06-30": "2.40", "2013-03-31": "0.00", "2012-12-31": "0.00", "2012-09-30": "0.00", "2012-06-30": "0.00", "2011-12-31": "2.66", "2010-12-31": "0.00"}, "quick ratio": {"2020-09-30": "1.12", "2020-06-30": "1.27", "2020-03-31": "1.21", "2019-12-31": "1.24", "2019-09-30": "1.29", "2019-06-30": "1.27", "2019-03-31": "1.42", "2018-12-31": "2.03", "2018-09-30": "1.80", "2018-06-30": "2.16", "2018-03-31": "2.12", "2017-12-31": "2.07", "2017-09-30": "2.10", "2017-06-30": "2.07", "2017-03-31": "1.84", "2016-12-31": "1.77", "2016-09-30": "1.74", "2016-06-30": "1.88", "2016-03-31": "2.21", "2015-12-31": "2.28", "2015-09-30": "2.35", "2015-06-30": "3.05", "2015-03-31": "3.20", "2014-12-31": "3.07", "2014-09-30": "2.53", "2014-06-30": "2.31", "2014-03-31": "1.97", "2013-12-31": "1.82", "2013-09-30": "1.97", "2013-06-30": "1.78", "2013-03-31": "0.00", "2012-12-31": "0.00", "2012-09-30": "0.00", "2012-06-30": "0.00", "2011-12-31": "2.00", "2010-12-31": "0.00"}, "debt equity ratio": {"current": "37.74", "2020-09-30": "52.92", "2020-06-30": "46.16", "2020-03-31": "23.19", "2019-12-31": "16.26", "2019-09-30": "11.53", "2019-06-30": "10.18", "2019-03-31": "4.95", "2018-12-31": "2.77", "2018-09-30": "2.83", "2018-06-30": "3.17", "2018-03-31": "3.13", "2017-12-31": "3.27", "2017-09-30": "3.61", "2017-06-30": "3.72", "2017-03-31": "4.08", "2016-12-31": "4.12", "2016-09-30": "4.17", "2016-06-30": "4.69", "2016-03-31": "4.96", "2015-12-31": "5.14", "2015-09-30": "4.96", "2015-06-30": "4.47", "2015-03-31": "2.70", "2014-12-31": "2.76", "2014-09-30": "2.92", "2014-06-30": "3.13", "2014-03-31": "3.12", "2013-12-31": "3.35", "2013-09-30": "6.29", "2013-06-30": "6.58", "2013-03-31": "0.00", "2012-12-31": "0.00", "2012-09-30": "0.00", "2012-06-30": "0.00", "2011-12-31": "2.78", "2010-12-31": "0.00"}, "return on equity": {"2020-09-30": "-222.11%", "2020-06-30": "-154.79%", "2020-03-31": "-113.23%", "2019-12-31": "-74.60%", "2019-09-30": "-35.52%", "2019-06-30": "-18.62%", "2019-03-31": "6.03%", "2018-12-31": "8.12%", "2018-09-30": "12.75%", "2018-06-30": "12.36%", "2018-03-31": "12.03%", "2017-12-31": "12.67%", "2017-09-30": "13.22%", "2017-06-30": "16.48%", "2017-03-31": "17.58%", "2016-12-31": "16.41%", "2016-09-30": "7.14%", "2016-06-30": "-6.29%", "2016-03-31": "-7.41%", "2015-12-31": "-5.37%", "2015-09-30": "3.87%", "2015-06-30": "17.12%", "2015-03-31": "16.35%", "2014-12-31": "18.95%", "2014-09-30": "15.04%", "2014-06-30": "9.11%", "2014-03-31": "7.57%", "2013-12-31": "3.19%", "2013-06-30": "13.81%", "2013-03-31": "inf%"}, "return on assets": {"2020-09-30": "-7.77%", "2020-06-30": "-7.84%", "2020-03-31": "-7.71%", "2019-12-31": "-6.96%", "2019-09-30": "-4.53%", "2019-06-30": "-3.14%", "2019-03-31": "1.36%", "2018-12-31": "2.04%", "2018-09-30": "3.11%", "2018-06-30": "2.88%", "2018-03-31": "2.72%", "2017-12-31": "2.72%", "2017-09-30": "2.71%", "2017-06-30": "3.28%", "2017-03-31": "3.34%", "2016-12-31": "3.00%", "2016-09-30": "1.25%", "2016-06-30": "-1.06%", "2016-03-31": "-1.26%", "2015-12-31": "-1.01%", "2015-09-30": "0.82%", "2015-06-30": "4.04%", "2015-03-31": "4.22%", "2014-12-31": "4.77%", "2014-09-30": "3.65%", "2014-06-30": "1.94%", "2014-03-31": "1.40%", "2013-12-31": "0.53%", "2013-06-30": "1.82%", "2013-03-31": "inf%"}, "return on investments": {"2020-09-30": "-4.98%", "2020-06-30": "-5.81%", "2020-03-31": "-5.74%", "2019-12-31": "-4.74%", "2019-09-30": "-1.26%", "2019-06-30": "0.78%", "2019-03-31": "6.53%", "2018-12-31": "7.61%", "2018-09-30": "8.21%", "2018-06-30": "7.97%", "2018-03-31": "7.49%", "2017-12-31": "7.79%", "2017-09-30": "8.18%", "2017-06-30": "9.10%", "2017-03-31": "9.82%", "2016-12-31": "9.14%", "2016-09-30": "7.54%", "2016-06-30": "3.92%", "2016-03-31": "2.71%", "2015-12-31": "3.03%", "2015-09-30": "4.39%", "2015-06-30": "9.15%", "2015-03-31": "13.16%", "2014-12-31": "14.87%", "2014-09-30": "14.82%", "2014-06-30": "13.77%", "2014-03-31": "11.02%", "2013-12-31": "12.08%", "2013-06-30": "26.57%", "2013-03-31": "inf%"}, "return on tangible equity": {"2020-09-30": "12.28%", "2020-06-30": "12.65%", "2020-03-31": "12.77%", "2019-12-31": "13.28%", "2019-09-30": "9.54%", "2019-06-30": "7.59%", "2019-03-31": "-4.19%", "2018-12-31": "-5.44%", "2018-09-30": "-8.07%", "2018-06-30": "-7.25%", "2018-03-31": "-6.67%", "2017-12-31": "-6.47%", "2017-09-30": "-6.31%", "2017-06-30": "-7.55%", "2017-03-31": "-7.49%", "2016-12-31": "-6.65%", "2016-09-30": "-2.71%", "2016-06-30": "2.29%", "2016-03-31": "3.26%", "2015-12-31": "2.92%", "2015-09-30": "-2.77%", "2015-06-30": "-16.94%", "2015-03-31": "-14.69%", "2014-12-31": "-15.51%", "2014-09-30": "-11.07%", "2014-06-30": "-5.17%", "2014-03-31": "-3.33%", "2013-12-31": "-1.19%", "2013-06-30": "-3.78%", "2013-03-31": "inf%"}, "dividend yield history": {"last payout": "$0.00", "last yield": "0.00%"}}