{"ticker": "CBSH", "price": {"title": "Commerce Bancshares Historical Annual Stock Price Data", "value": 71.06, "historical": {"2021": {"Average Stock Price": "69.4142", "Year Open": "66.0800", "Year High": "72.2600", "Year Low": "66.0800", "Year Close": "71.0600", "Annual % Change": "8.16%"}, "2020": {"Average Stock Price": "60.9366", "Year Open": "68.0000", "Year High": "71.1000", "Year Low": "46.1100", "Year Close": "65.7000", "Annual % Change": "-3.30%"}, "2019": {"Average Stock Price": "60.7306", "Year Open": "56.3900", "Year High": "68.4300", "Year Low": "54.8800", "Year Close": "67.9400", "Annual % Change": "20.53%"}, "2018": {"Average Stock Price": "63.5898", "Year Open": "55.9500", "Year High": "71.9900", "Year Low": "53.4100", "Year Close": "56.3700", "Annual % Change": "0.95%"}, "2017": {"Average Stock Price": "53.9720", "Year Open": "54.9048", "Year High": "57.5905", "Year Low": "49.8857", "Year Close": "55.8400", "Annual % Change": "1.42%"}, "2016": {"Average Stock Price": "43.7387", "Year Open": "37.7506", "Year High": "56.3714", "Year Low": "34.3311", "Year Close": "55.0571", "Annual % Change": "42.69%"}, "2015": {"Average Stock Price": "38.5015", "Year Open": "37.3610", "Year High": "41.8413", "Year Low": "34.2166", "Year Close": "38.5850", "Annual % Change": "2.71%"}, "2014": {"Average Stock Price": "36.9324", "Year Open": "36.2565", "Year High": "38.9632", "Year Low": "33.9776", "Year Close": "37.5683", "Annual % Change": "1.68%"}, "2013": {"Average Stock Price": "33.5199", "Year Open": "28.4733", "Year High": "37.5074", "Year Low": "28.4733", "Year Close": "36.9476", "Annual % Change": "34.50%"}, "2012": {"Average Stock Price": "29.1683", "Year Open": "28.8412", "Year High": "31.7515", "Year Low": "27.1249", "Year Close": "27.4704", "Annual % Change": "-3.43%"}, "2011": {"Average Stock Price": "28.3270", "Year Open": "28.8039", "Year High": "31.1349", "Year Low": "23.9429", "Year Close": "28.4457", "Annual % Change": "0.74%"}, "2010": {"Average Stock Price": "26.3128", "Year Open": "26.5863", "Year High": "29.1109", "Year Low": "23.9466", "Year Close": "28.2354", "Annual % Change": "7.74%"}, "2009": {"Average Stock Price": "23.3162", "Year Open": "28.0921", "Year High": "28.0921", "Year Low": "18.0748", "Year Close": "26.2072", "Annual % Change": "-7.50%"}, "2008": {"Average Stock Price": "26.6195", "Year Open": "27.0674", "Year High": "33.1329", "Year Low": "23.2059", "Year Close": "28.3306", "Annual % Change": "2.87%"}, "2007": {"Average Stock Price": "27.5458", "Year Open": "28.2576", "Year High": "29.6549", "Year Low": "25.4277", "Year Close": "27.5401", "Annual % Change": "-2.70%"}, "2006": {"Average Stock Price": "28.2446", "Year Open": "28.7272", "Year High": "29.5681", "Year Low": "26.8396", "Year Close": "28.3043", "Annual % Change": "-2.47%"}, "2005": {"Average Stock Price": "26.9428", "Year Open": "26.0176", "Year High": "29.6739", "Year Low": "24.7024", "Year Close": "29.0224", "Annual % Change": "9.02%"}, "2004": {"Average Stock Price": "24.1806", "Year Open": "24.3746", "Year High": "26.6221", "Year Low": "22.2533", "Year Close": "26.6221", "Annual % Change": "7.53%"}, "2003": {"Average Stock Price": "20.2922", "Year Open": "19.2407", "Year High": "24.8897", "Year Low": "17.0424", "Year Close": "24.7584", "Annual % Change": "31.00%"}, "2002": {"Average Stock Price": "19.2104", "Year Open": "17.5915", "Year High": "21.2976", "Year Low": "15.9194", "Year Close": "18.8992", "Annual % Change": "5.81%"}, "2001": {"Average Stock Price": "16.5153", "Year Open": "17.5609", "Year High": "18.8437", "Year Low": "14.5025", "Year Close": "17.8618", "Annual % Change": "-3.67%"}, "2000": {"Average Stock Price": "14.0432", "Year Open": "13.6083", "Year High": "18.5426", "Year Low": "11.1692", "Year Close": "18.5426", "Annual % Change": "31.72%"}, "1999": {"Average Stock Price": "15.5035", "Year Open": "17.0680", "Year High": "17.0680", "Year Low": "13.5539", "Year Close": "14.0778", "Annual % Change": "-16.30%"}, "1998": {"Average Stock Price": "17.3405", "Year Open": "16.8972", "Year High": "18.9387", "Year Low": "13.4286", "Year Close": "16.8187", "Annual % Change": "-1.20%"}, "1997": {"Average Stock Price": "12.4631", "Year Open": "10.9190", "Year High": "17.4324", "Year Low": "10.2011", "Year Close": "17.0228", "Annual % Change": "53.81%"}, "1996": {"Average Stock Price": "8.6465", "Year Open": "8.6602", "Year High": "11.8451", "Year Low": "7.6346", "Year Close": "11.0674", "Annual % Change": "26.96%"}, "1995": {"Average Stock Price": "7.2994", "Year Open": "5.9688", "Year High": "8.7172", "Year Low": "5.9428", "Year Close": "8.7172", "Annual % Change": "48.75%"}, "1994": {"Average Stock Price": "6.4000", "Year Open": "5.8913", "Year High": "6.9248", "Year Low": "5.8603", "Year Close": "5.8603", "Annual % Change": "-0.53%"}, "1993": {"Average Stock Price": "6.2108", "Year Open": "6.2014", "Year High": "6.8559", "Year Low": "5.6329", "Year Close": "5.8913", "Annual % Change": "-4.47%"}, "1992": {"Average Stock Price": "5.2802", "Year Open": "4.4099", "Year High": "6.3392", "Year Low": "4.4099", "Year Close": "6.1669", "Annual % Change": "37.14%"}, "1991": {"Average Stock Price": "4.0019", "Year Open": "3.2040", "Year High": "4.8756", "Year Low": "2.9284", "Year Close": "4.4967", "Annual % Change": "41.07%"}, "1990": {"Average Stock Price": "3.1915", "Year Open": "3.6698", "Year High": "3.7553", "Year Low": "2.5494", "Year Close": "3.1875", "Annual % Change": "-13.14%"}, "1989": {"Average Stock Price": "3.3738", "Year Open": "2.9629", "Year High": "4.0143", "Year Low": "2.7045", "Year Close": "3.6698", "Annual % Change": "27.57%"}, "1988": {"Average Stock Price": "2.5284", "Year Open": "2.0671", "Year High": "2.8767", "Year Low": "1.9638", "Year Close": "2.8767", "Annual % Change": "40.33%"}, "1987": {"Average Stock Price": "2.4062", "Year Open": "2.3944", "Year High": "2.6356", "Year Low": "1.8432", "Year Close": "2.0499", "Annual % Change": "-13.77%"}, "1986": {"Average Stock Price": "2.5396", "Year Open": "2.1532", "Year High": "2.8940", "Year Low": "2.1360", "Year Close": "2.3772", "Annual % Change": "9.96%"}, "1985": {"Average Stock Price": "1.9046", "Year Open": "1.5590", "Year High": "2.2135", "Year Low": "1.5331", "Year Close": "2.1619", "Annual % Change": "39.45%"}}}, "market cap": {"value": "$8.32B"}, "income statement": {"Revenue": {"2020-12-31": "1389.54700", "2019-12-31": "1453.01400", "2018-12-31": "1390.05400", "2017-12-31": "1263.72100", "2016-12-31": "1159.55500", "2015-12-31": "1116.87500", "2014-12-31": "1098.92200", "2013-12-31": "1064.24600", "2012-12-31": "1082.42700", "2011-12-31": "1101.70000", "2010-12-31": "1132.80400", "2009-12-31": "1178.57600", "2008-12-31": "1255.85500", "2007-12-31": "1315.91600", "2006-12-31": "1193.92700", "2005-12-31": "1038.76500"}, "Cost Of Goods Sold": {"2020-12-31": "42.80100", "2019-12-31": "103.39200", "2018-12-31": "65.37600", "2017-12-31": "43.72800", "2016-12-31": "33.00300", "2015-12-31": "28.09600", "2014-12-31": "28.08800", "2013-12-31": "30.91300", "2012-12-31": "38.06300", "2011-12-31": "51.90100", "2010-12-31": "83.54600", "2009-12-31": "154.01000", "2008-12-31": "257.11000", "2007-12-31": "398.02900", "2006-12-31": "319.10700", "2005-12-31": "195.86400"}, "Gross Profit": {"2020-12-31": "1346.74600", "2019-12-31": "1349.62200", "2018-12-31": "1324.67800", "2017-12-31": "1219.99300", "2016-12-31": "1126.55200", "2015-12-31": "1088.77900", "2014-12-31": "1070.83400", "2013-12-31": "1033.33300", "2012-12-31": "1044.36400", "2011-12-31": "1049.79900", "2010-12-31": "1049.25800", "2009-12-31": "1024.56600", "2008-12-31": "998.74500", "2007-12-31": "917.88700", "2006-12-31": "874.82000", "2005-12-31": "842.90100"}, "Research And Development Expenses": {"2020-12-31": "", "2019-12-31": "", "2018-12-31": "", "2017-12-31": "", "2016-12-31": "", "2015-12-31": "", "2014-12-31": "", "2013-12-31": "", "2012-12-31": "", "2011-12-31": "", "2010-12-31": "", "2009-12-31": "", "2008-12-31": "", "2007-12-31": "", "2006-12-31": "", "2005-12-31": ""}, "SG&A Expenses": {"2020-12-31": "905.56800", "2019-12-31": "817.83590", "2018-12-31": "780.51510", "2017-12-31": "789.58700", "2016-12-31": "725.54700", "2015-12-31": "705.21400", "2014-12-31": "686.40100", "2013-12-31": "649.02100", "2012-12-31": "645.75600", "2011-12-31": "668.76400", "2010-12-31": "731.13400", "2009-12-31": "782.43400", "2008-12-31": "724.28000", "2007-12-31": "616.89100", "2006-12-31": "551.07400", "2005-12-31": "525.30700"}, "Other Operating Income Or Expenses": {"2020-12-31": "", "2019-12-31": "", "2018-12-31": "", "2017-12-31": "", "2016-12-31": "", "2015-12-31": "", "2014-12-31": "", "2013-12-31": "", "2012-12-31": "", "2011-12-31": "", "2010-12-31": "", "2009-12-31": "", "2008-12-31": "", "2007-12-31": "", "2006-12-31": "", "2005-12-31": ""}, "Operating Expenses": {"2020-12-31": "948.36900", "2019-12-31": "921.22790", "2018-12-31": "845.89110", "2017-12-31": "833.31510", "2016-12-31": "758.55000", "2015-12-31": "733.31000", "2014-12-31": "714.48900", "2013-12-31": "679.93400", "2012-12-31": "683.81900", "2011-12-31": "720.66500", "2010-12-31": "814.68000", "2009-12-31": "936.44400", "2008-12-31": "981.39000", "2007-12-31": "1014.92000", "2006-12-31": "870.18100", "2005-12-31": "721.17100"}, "Operating Income": {"2020-12-31": "441.17800", "2019-12-31": "531.78600", "2018-12-31": "544.16290", "2017-12-31": "430.40590", "2016-12-31": "401.00490", "2015-12-31": "383.56500", "2014-12-31": "384.43300", "2013-12-31": "384.31200", "2012-12-31": "398.60800", "2011-12-31": "381.03500", "2010-12-31": "318.12400", "2009-12-31": "242.13210", "2008-12-31": "274.46500", "2007-12-31": "300.99600", "2006-12-31": "323.74600", "2005-12-31": "317.59400"}, "Total Non-Operating Income/Expense": {"2020-12-31": "", "2019-12-31": "", "2018-12-31": "", "2017-12-31": "", "2016-12-31": "", "2015-12-31": "", "2014-12-31": "", "2013-12-31": "", "2012-12-31": "", "2011-12-31": "", "2010-12-31": "", "2009-12-31": "", "2008-12-31": "", "2007-12-31": "", "2006-12-31": "", "2005-12-31": ""}, "Pre-Tax Income": {"2020-12-31": "441.17800", "2019-12-31": "531.78600", "2018-12-31": "544.16300", "2017-12-31": "430.40600", "2016-12-31": "401.00500", "2015-12-31": "383.56500", "2014-12-31": "384.43300", "2013-12-31": "384.31200", "2012-12-31": "398.60800", "2011-12-31": "381.03500", "2010-12-31": "318.12400", "2009-12-31": "242.13200", "2008-12-31": "274.46500", "2007-12-31": "300.99600", "2006-12-31": "323.74600", "2005-12-31": "317.59400"}, "Income Taxes": {"2020-12-31": "87.29300", "2019-12-31": "109.07400", "2018-12-31": "105.94900", "2017-12-31": "110.50600", "2016-12-31": "124.15100", "2015-12-31": "116.59000", "2014-12-31": "121.64900", "2013-12-31": "123.19500", "2012-12-31": "127.16900", "2011-12-31": "121.41200", "2010-12-31": "96.24900", "2009-12-31": "73.75700", "2008-12-31": "85.07700", "2007-12-31": "93.73700", "2006-12-31": "103.90400", "2005-12-31": "94.34700"}, "Income After Taxes": {"2020-12-31": "353.88500", "2019-12-31": "422.71200", "2018-12-31": "438.21400", "2017-12-31": "319.90000", "2016-12-31": "276.85400", "2015-12-31": "266.97500", "2014-12-31": "262.78400", "2013-12-31": "261.11700", "2012-12-31": "271.43900", "2011-12-31": "259.62300", "2010-12-31": "221.87500", "2009-12-31": "168.37500", "2008-12-31": "189.38800", "2007-12-31": "207.25900", "2006-12-31": "219.84200", "2005-12-31": "223.24700"}, "Other Income": {"2020-12-31": "", "2019-12-31": "", "2018-12-31": "", "2017-12-31": "", "2016-12-31": "", "2015-12-31": "", "2014-12-31": "", "2013-12-31": "", "2012-12-31": "", "2011-12-31": "", "2010-12-31": "", "2009-12-31": "", "2008-12-31": "", "2007-12-31": "", "2006-12-31": "", "2005-12-31": ""}, "Income From Continuous Operations": {"2020-12-31": "353.88500", "2019-12-31": "422.71200", "2018-12-31": "438.21400", "2017-12-31": "319.90000", "2016-12-31": "276.85400", "2015-12-31": "266.97500", "2014-12-31": "262.78400", "2013-12-31": "261.11700", "2012-12-31": "271.43900", "2011-12-31": "259.62300", "2010-12-31": "221.87500", "2009-12-31": "168.37500", "2008-12-31": "189.38800", "2007-12-31": "207.25900", "2006-12-31": "219.84200", "2005-12-31": "223.24700"}, "Income From Discontinued Operations": {"2020-12-31": "", "2019-12-31": "", "2018-12-31": "", "2017-12-31": "", "2016-12-31": "", "2015-12-31": "", "2014-12-31": "", "2013-12-31": "", "2012-12-31": "", "2011-12-31": "", "2010-12-31": "", "2009-12-31": "", "2008-12-31": "", "2007-12-31": "", "2006-12-31": "", "2005-12-31": ""}, "Net Income": {"2020-12-31": "342.09100", "2019-12-31": "408.21200", "2018-12-31": "419.98400", "2017-12-31": "306.53500", "2016-12-31": "266.39100", "2015-12-31": "251.18200", "2014-12-31": "254.37200", "2013-12-31": "258.02200", "2012-12-31": "269.32900", "2011-12-31": "254.49700", "2010-12-31": "220.50200", "2009-12-31": "169.07500", "2008-12-31": "188.65500", "2007-12-31": "206.66000", "2006-12-31": "219.84200", "2005-12-31": "223.24700"}, "EBITDA": {"2020-12-31": "", "2019-12-31": "", "2018-12-31": "", "2017-12-31": "", "2016-12-31": "", "2015-12-31": "", "2014-12-31": "", "2013-12-31": "", "2012-12-31": "", "2011-12-31": "", "2010-12-31": "", "2009-12-31": "", "2008-12-31": "", "2007-12-31": "", "2006-12-31": "", "2005-12-31": ""}, "EBIT": {"2020-12-31": "", "2019-12-31": "", "2018-12-31": "", "2017-12-31": "", "2016-12-31": "", "2015-12-31": "", "2014-12-31": "", "2013-12-31": "", "2012-12-31": "", "2011-12-31": "", "2010-12-31": "", "2009-12-31": "", "2008-12-31": "", "2007-12-31": "", "2006-12-31": "", "2005-12-31": ""}, "Basic Shares Outstanding": {"2020-12-31": "116.58400", "2019-12-31": "119.47320", "2018-12-31": "122.16960", "2017-12-31": "122.19370", "2016-12-31": "121.83170", "2015-12-31": "125.04200", "2014-12-31": "129.96680", "2013-12-31": "133.09060", "2012-12-31": "135.35630", "2011-12-31": "139.42390", "2010-12-31": "141.67760", "2009-12-31": "138.80970", "2008-12-31": "135.44910", "2007-12-31": "136.44570", "2006-12-31": "135.32130", "2005-12-31": "141.80260"}, "Shares Outstanding": {"2020-12-31": "116.58400", "2019-12-31": "119.76930", "2018-12-31": "122.54860", "2017-12-31": "122.62420", "2016-12-31": "122.15700", "2015-12-31": "125.43100", "2014-12-31": "130.50280", "2013-12-31": "133.65090", "2012-12-31": "135.76910", "2011-12-31": "139.93330", "2010-12-31": "142.33650", "2009-12-31": "139.35420", "2008-12-31": "136.53230", "2007-12-31": "137.84650", "2006-12-31": "136.58920", "2005-12-31": "143.52990"}, "Basic EPS": {"2020-12-31": "2.91000", "2019-12-31": "3.41900", "2018-12-31": "3.43810", "2017-12-31": "2.50480", "2016-12-31": "2.15870", "2015-12-31": "2.01270", "2014-12-31": "1.95800", "2013-12-31": "1.93530", "2012-12-31": "1.97000", "2011-12-31": "1.82650", "2010-12-31": "1.55670", "2009-12-31": "1.21190", "2008-12-31": "1.38740", "2007-12-31": "1.50850", "2006-12-31": "1.58140", "2005-12-31": "1.54320"}, "EPS - Earnings Per Share": {"2020-12-31": "2.91000", "2019-12-31": "3.40950", "2018-12-31": "3.42860", "2017-12-31": "2.49520", "2016-12-31": "2.14970", "2015-12-31": "2.00410", "2014-12-31": "1.94980", "2013-12-31": "1.92750", "2012-12-31": "1.96250", "2011-12-31": "1.81930", "2010-12-31": "1.55000", "2009-12-31": "1.20540", "2008-12-31": "1.37520", "2007-12-31": "1.49680", "2006-12-31": "1.55910", "2005-12-31": "1.52200"}}, "income statement, quarterly": {"Revenue": {"2020-12-31": "362.15000", "2020-09-30": "368.84100", "2020-06-30": "326.70900", "2020-03-31": "331.84700", "2019-12-31": "369.87790", "2019-09-30": "369.39500", "2019-06-30": "365.56100", "2019-03-31": "348.18000", "2018-12-31": "358.78990", "2018-09-30": "352.77100", "2018-06-30": "347.39800", "2018-03-31": "331.09500", "2017-12-31": "348.16390", "2017-09-30": "308.09400", "2017-06-30": "310.62500", "2017-03-31": "296.83800", "2016-12-31": "276.79200", "2016-09-30": "296.71500", "2016-06-30": "295.89100", "2016-03-31": "290.15700", "2015-12-31": "284.30400", "2015-09-30": "280.02500", "2015-06-30": "286.95500", "2015-03-31": "265.59100", "2014-12-31": "275.39600", "2014-09-30": "277.09200", "2014-06-30": "273.77200", "2014-03-31": "272.66200", "2013-12-31": "270.32100", "2013-09-30": "269.10500", "2013-06-30": "268.36300", "2013-03-31": "256.45700", "2012-12-31": "269.76600", "2012-09-30": "267.29600", "2012-06-30": "276.77600", "2012-03-31": "268.58900", "2011-12-31": "272.19990", "2011-09-30": "275.05400", "2011-06-30": "281.38700", "2011-03-31": "273.05900", "2010-12-31": "289.09390", "2010-09-30": "278.94200", "2010-06-30": "287.17500", "2010-03-31": "277.59300", "2009-12-31": "296.80500", "2009-09-30": "302.83700", "2009-06-30": "294.80100", "2009-03-31": "284.13300", "2008-12-31": "299.66800", "2008-09-30": "306.20600", "2008-06-30": "311.94500", "2008-03-31": "338.03600", "2007-12-31": "338.12300", "2007-09-30": "334.97300", "2007-06-30": "326.37400", "2007-03-31": "316.44600", "2006-12-31": "318.21300", "2006-09-30": "306.92600", "2006-06-30": "290.71300", "2006-03-31": "278.07500", "2005-12-31": "273.97600", "2005-09-30": "265.46500", "2005-06-30": "257.78000", "2005-03-31": "241.54400"}, "Cost Of Goods Sold": {"2020-12-31": "4.96300", "2020-09-30": "7.15200", "2020-06-30": "10.26600", "2020-03-31": "20.42000", "2019-12-31": "24.00600", "2019-09-30": "28.23100", "2019-06-30": "26.77800", "2019-03-31": "24.37700", "2018-12-31": "20.61200", "2018-09-30": "16.99700", "2018-06-30": "14.66400", "2018-03-31": "13.10300", "2017-12-31": "11.56400", "2017-09-30": "11.65300", "2017-06-30": "10.78700", "2017-03-31": "9.72400", "2016-12-31": "8.29600", "2016-09-30": "8.11800", "2016-06-30": "8.23600", "2016-03-31": "8.35300", "2015-12-31": "7.25500", "2015-09-30": "7.07700", "2015-06-30": "6.92000", "2015-03-31": "6.84400", "2014-12-31": "6.98700", "2014-09-30": "7.09500", "2014-06-30": "7.07400", "2014-03-31": "6.93200", "2013-12-31": "7.27600", "2013-09-30": "7.43800", "2013-06-30": "7.79700", "2013-03-31": "8.40200", "2012-12-31": "8.93200", "2012-09-30": "9.38300", "2012-06-30": "9.51900", "2012-03-31": "10.22900", "2011-12-31": "11.46600", "2011-09-30": "12.20500", "2011-06-30": "13.37700", "2011-03-31": "14.85300", "2010-12-31": "16.75900", "2010-09-30": "19.47900", "2010-06-30": "21.94900", "2010-03-31": "25.35900", "2009-12-31": "30.49600", "2009-09-30": "38.10800", "2009-06-30": "41.54700", "2009-03-31": "43.85900", "2008-12-31": "53.33900", "2008-09-30": "57.90000", "2008-06-30": "63.42500", "2008-03-31": "82.44600", "2007-12-31": "99.28500", "2007-09-30": "103.01200", "2007-06-30": "98.94400", "2007-03-31": "96.78800", "2006-12-31": "93.92700", "2006-09-30": "87.51700", "2006-06-30": "72.77100", "2006-03-31": "64.89200", "2005-12-31": "58.33700", "2005-09-30": "52.73800", "2005-06-30": "45.41300", "2005-03-31": "39.37600"}, "Gross Profit": {"2020-12-31": "357.18700", "2020-09-30": "361.68900", "2020-06-30": "316.44300", "2020-03-31": "311.42700", "2019-12-31": "345.87190", "2019-09-30": "341.16400", "2019-06-30": "338.78300", "2019-03-31": "323.80300", "2018-12-31": "338.17790", "2018-09-30": "335.77400", "2018-06-30": "332.73400", "2018-03-31": "317.99200", "2017-12-31": "336.59990", "2017-09-30": "296.44100", "2017-06-30": "299.83800", "2017-03-31": "287.11400", "2016-12-31": "268.49600", "2016-09-30": "288.59700", "2016-06-30": "287.65500", "2016-03-31": "281.80400", "2015-12-31": "277.04900", "2015-09-30": "272.94800", "2015-06-30": "280.03500", "2015-03-31": "258.74700", "2014-12-31": "268.40900", "2014-09-30": "269.99700", "2014-06-30": "266.69800", "2014-03-31": "265.73000", "2013-12-31": "263.04500", "2013-09-30": "261.66700", "2013-06-30": "260.56600", "2013-03-31": "248.05500", "2012-12-31": "260.83400", "2012-09-30": "257.91300", "2012-06-30": "267.25700", "2012-03-31": "258.36000", "2011-12-31": "260.73390", "2011-09-30": "262.84900", "2011-06-30": "268.01000", "2011-03-31": "258.20600", "2010-12-31": "272.33490", "2010-09-30": "259.46300", "2010-06-30": "265.22600", "2010-03-31": "252.23400", "2009-12-31": "266.30900", "2009-09-30": "264.72900", "2009-06-30": "253.25400", "2009-03-31": "240.27400", "2008-12-31": "246.32900", "2008-09-30": "248.30600", "2008-06-30": "248.52000", "2008-03-31": "255.59000", "2007-12-31": "238.83800", "2007-09-30": "231.96100", "2007-06-30": "227.43000", "2007-03-31": "219.65800", "2006-12-31": "224.28590", "2006-09-30": "219.40900", "2006-06-30": "217.94200", "2006-03-31": "213.18300", "2005-12-31": "215.63900", "2005-09-30": "212.72700", "2005-06-30": "212.36700", "2005-03-31": "202.16800"}, "Research And Development Expenses": {"2020-12-31": "", "2020-09-30": "", "2020-06-30": "", "2020-03-31": "", "2019-12-31": "", "2019-09-30": "", "2019-06-30": "", "2019-03-31": "", "2018-12-31": "", "2018-09-30": "", "2018-06-30": "", "2018-03-31": "", "2017-12-31": "", "2017-09-30": "", "2017-06-30": "", "2017-03-31": "", "2016-12-31": "", "2016-09-30": "", "2016-06-30": "", "2016-03-31": "", "2015-12-31": "", "2015-09-30": "", "2015-06-30": "", "2015-03-31": "", "2014-12-31": "", "2014-09-30": "", "2014-06-30": "", "2014-03-31": "", "2013-12-31": "", "2013-09-30": "", "2013-06-30": "", "2013-03-31": "", "2012-12-31": "", "2012-09-30": "", "2012-06-30": "", "2012-03-31": "", "2011-12-31": "", "2011-09-30": "", "2011-06-30": "", "2011-03-31": "", "2010-12-31": "", "2010-09-30": "", "2010-06-30": "", "2010-03-31": "", "2009-12-31": "", "2009-09-30": "", "2009-06-30": "", "2009-03-31": "", "2008-12-31": "", "2008-09-30": "", "2008-06-30": "", "2008-03-31": "", "2007-12-31": "", "2007-09-30": "", "2007-06-30": "", "2007-03-31": "", "2006-12-31": "", "2006-09-30": "", "2006-06-30": "", "2006-03-31": "", "2005-12-31": "", "2005-09-30": "", "2005-06-30": "", "2005-03-31": ""}, "SG&A Expenses": {"2020-12-31": "191.90700", "2020-09-30": "193.95900", "2020-06-30": "268.05100", "2020-03-31": "251.65100", "2019-12-31": "210.38000", "2019-09-30": "201.98300", "2019-06-30": "201.58500", "2019-03-31": "203.88800", "2018-12-31": "200.88100", "2018-09-30": "195.05800", "2018-06-30": "191.90300", "2018-03-31": "192.67300", "2017-12-31": "221.51300", "2017-09-30": "189.92100", "2017-06-30": "187.64800", "2017-03-31": "190.50500", "2016-12-31": "163.82500", "2016-09-30": "188.50500", "2016-06-30": "186.30500", "2016-03-31": "186.91200", "2015-12-31": "184.96300", "2015-09-30": "179.76600", "2015-06-30": "172.22000", "2015-03-31": "168.26500", "2014-12-31": "175.17900", "2014-09-30": "169.49200", "2014-06-30": "170.10800", "2014-03-31": "171.62200", "2013-12-31": "165.89600", "2013-09-30": "160.45800", "2013-06-30": "164.34500", "2013-03-31": "158.32200", "2012-12-31": "166.60300", "2012-09-30": "158.97200", "2012-06-30": "161.55500", "2012-03-31": "158.62600", "2011-12-31": "168.17300", "2011-09-30": "165.14100", "2011-06-30": "165.70100", "2011-03-31": "169.74900", "2010-12-31": "185.67800", "2010-09-30": "177.43000", "2010-06-30": "177.98000", "2010-03-31": "190.04600", "2009-12-31": "195.35300", "2009-09-30": "189.85000", "2009-06-30": "201.17700", "2009-03-31": "196.05400", "2008-12-31": "185.02100", "2008-09-30": "214.01300", "2008-06-30": "165.06500", "2008-03-31": "160.18100", "2007-12-31": "176.36000", "2007-09-30": "150.54800", "2007-06-30": "145.40300", "2007-03-31": "144.58000", "2006-12-31": "141.58000", "2006-09-30": "139.87900", "2006-06-30": "135.22200", "2006-03-31": "134.39300", "2005-12-31": "139.18100", "2005-09-30": "131.32100", "2005-06-30": "128.51500", "2005-03-31": "126.29000"}, "Other Operating Income Or Expenses": {"2020-12-31": "", "2020-09-30": "", "2020-06-30": "", "2020-03-31": "", "2019-12-31": "", "2019-09-30": "", "2019-06-30": "", "2019-03-31": "", "2018-12-31": "", "2018-09-30": "", "2018-06-30": "", "2018-03-31": "", "2017-12-31": "", "2017-09-30": "", "2017-06-30": "", "2017-03-31": "", "2016-12-31": "", "2016-09-30": "", "2016-06-30": "", "2016-03-31": "", "2015-12-31": "", "2015-09-30": "", "2015-06-30": "", "2015-03-31": "", "2014-12-31": "", "2014-09-30": "", "2014-06-30": "", "2014-03-31": "", "2013-12-31": "", "2013-09-30": "", "2013-06-30": "", "2013-03-31": "", "2012-12-31": "", "2012-09-30": "", "2012-06-30": "", "2012-03-31": "", "2011-12-31": "", "2011-09-30": "", "2011-06-30": "", "2011-03-31": "", "2010-12-31": "", "2010-09-30": "", "2010-06-30": "", "2010-03-31": "", "2009-12-31": "", "2009-09-30": "", "2009-06-30": "", "2009-03-31": "", "2008-12-31": "", "2008-09-30": "", "2008-06-30": "", "2008-03-31": "", "2007-12-31": "", "2007-09-30": "", "2007-06-30": "", "2007-03-31": "", "2006-12-31": "", "2006-09-30": "", "2006-06-30": "", "2006-03-31": "", "2005-12-31": "", "2005-09-30": "", "2005-06-30": "", "2005-03-31": ""}, "Operating Expenses": {"2020-12-31": "196.87000", "2020-09-30": "201.11100", "2020-06-30": "278.31700", "2020-03-31": "272.07100", "2019-12-31": "234.38600", "2019-09-30": "230.21400", "2019-06-30": "228.36300", "2019-03-31": "228.26500", "2018-12-31": "221.49300", "2018-09-30": "212.05500", "2018-06-30": "206.56700", "2018-03-31": "205.77600", "2017-12-31": "233.07700", "2017-09-30": "201.57400", "2017-06-30": "198.43500", "2017-03-31": "200.22900", "2016-12-31": "172.12100", "2016-09-30": "196.62300", "2016-06-30": "194.54100", "2016-03-31": "195.26500", "2015-12-31": "192.21800", "2015-09-30": "186.84300", "2015-06-30": "179.14000", "2015-03-31": "175.10900", "2014-12-31": "182.16600", "2014-09-30": "176.58700", "2014-06-30": "177.18200", "2014-03-31": "178.55400", "2013-12-31": "173.17200", "2013-09-30": "167.89600", "2013-06-30": "172.14200", "2013-03-31": "166.72400", "2012-12-31": "175.53500", "2012-09-30": "168.35500", "2012-06-30": "171.07400", "2012-03-31": "168.85500", "2011-12-31": "179.63900", "2011-09-30": "177.34600", "2011-06-30": "179.07800", "2011-03-31": "184.60200", "2010-12-31": "202.43700", "2010-09-30": "196.90900", "2010-06-30": "199.92900", "2010-03-31": "215.40500", "2009-12-31": "225.84900", "2009-09-30": "227.95800", "2009-06-30": "242.72400", "2009-03-31": "239.91300", "2008-12-31": "238.36000", "2008-09-30": "271.91300", "2008-06-30": "228.49000", "2008-03-31": "242.62700", "2007-12-31": "275.64500", "2007-09-30": "253.56000", "2007-06-30": "244.34700", "2007-03-31": "241.36800", "2006-12-31": "235.50700", "2006-09-30": "227.39600", "2006-06-30": "207.99300", "2006-03-31": "199.28500", "2005-12-31": "197.51800", "2005-09-30": "184.05900", "2005-06-30": "173.92800", "2005-03-31": "165.66600"}, "Operating Income": {"2020-12-31": "165.28000", "2020-09-30": "167.73000", "2020-06-30": "48.39200", "2020-03-31": "59.77600", "2019-12-31": "135.49190", "2019-09-30": "139.18100", "2019-06-30": "137.19800", "2019-03-31": "119.91500", "2018-12-31": "137.29690", "2018-09-30": "140.71600", "2018-06-30": "140.83100", "2018-03-31": "125.31900", "2017-12-31": "115.08690", "2017-09-30": "106.52000", "2017-06-30": "112.19000", "2017-03-31": "96.60900", "2016-12-31": "104.67090", "2016-09-30": "100.09200", "2016-06-30": "101.35000", "2016-03-31": "94.89200", "2015-12-31": "92.08600", "2015-09-30": "93.18200", "2015-06-30": "107.81500", "2015-03-31": "90.48200", "2014-12-31": "93.23000", "2014-09-30": "100.50500", "2014-06-30": "96.59000", "2014-03-31": "94.10800", "2013-12-31": "97.14900", "2013-09-30": "101.20900", "2013-06-30": "96.22100", "2013-03-31": "89.73300", "2012-12-31": "94.23100", "2012-09-30": "98.94100", "2012-06-30": "105.70200", "2012-03-31": "99.73400", "2011-12-31": "92.56090", "2011-09-30": "97.70800", "2011-06-30": "102.30900", "2011-03-31": "88.45700", "2010-12-31": "86.65700", "2010-09-30": "82.03300", "2010-06-30": "87.24600", "2010-03-31": "62.18800", "2009-12-31": "70.95600", "2009-09-30": "74.87900", "2009-06-30": "52.07700", "2009-03-31": "44.22000", "2008-12-31": "61.30800", "2008-09-30": "34.29300", "2008-06-30": "83.45500", "2008-03-31": "95.40900", "2007-12-31": "62.47800", "2007-09-30": "81.41300", "2007-06-30": "82.02700", "2007-03-31": "75.07800", "2006-12-31": "82.70590", "2006-09-30": "79.53000", "2006-06-30": "82.72000", "2006-03-31": "78.79000", "2005-12-31": "76.45800", "2005-09-30": "81.40600", "2005-06-30": "83.85200", "2005-03-31": "75.87800"}, "Total Non-Operating Income/Expense": {"2020-12-31": "", "2020-09-30": "", "2020-06-30": "", "2020-03-31": "", "2019-12-31": "", "2019-09-30": "", "2019-06-30": "", "2019-03-31": "", "2018-12-31": "", "2018-09-30": "", "2018-06-30": "", "2018-03-31": "", "2017-12-31": "", "2017-09-30": "", "2017-06-30": "", "2017-03-31": "", "2016-12-31": "", "2016-09-30": "", "2016-06-30": "", "2016-03-31": "", "2015-12-31": "", "2015-09-30": "", "2015-06-30": "", "2015-03-31": "", "2014-12-31": "", "2014-09-30": "", "2014-06-30": "", "2014-03-31": "", "2013-12-31": "", "2013-09-30": "", "2013-06-30": "", "2013-03-31": "", "2012-12-31": "", "2012-09-30": "", "2012-06-30": "", "2012-03-31": "", "2011-12-31": "", "2011-09-30": "", "2011-06-30": "", "2011-03-31": "", "2010-12-31": "", "2010-09-30": "", "2010-06-30": "", "2010-03-31": "", "2009-12-31": "", "2009-09-30": "", "2009-06-30": "", "2009-03-31": "", "2008-12-31": "", "2008-09-30": "", "2008-06-30": "", "2008-03-31": "", "2007-12-31": "", "2007-09-30": "", "2007-06-30": "", "2007-03-31": "", "2006-12-31": "", "2006-09-30": "", "2006-06-30": "", "2006-03-31": "", "2005-12-31": "", "2005-09-30": "", "2005-06-30": "", "2005-03-31": ""}, "Pre-Tax Income": {"2020-12-31": "165.28000", "2020-09-30": "167.73000", "2020-06-30": "48.39200", "2020-03-31": "59.77600", "2019-12-31": "135.49200", "2019-09-30": "139.18100", "2019-06-30": "137.19800", "2019-03-31": "119.91500", "2018-12-31": "137.29700", "2018-09-30": "140.71600", "2018-06-30": "140.83100", "2018-03-31": "125.31900", "2017-12-31": "115.08700", "2017-09-30": "106.52000", "2017-06-30": "112.19000", "2017-03-31": "96.60900", "2016-12-31": "104.67100", "2016-09-30": "100.09200", "2016-06-30": "101.35000", "2016-03-31": "94.89200", "2015-12-31": "92.08600", "2015-09-30": "93.18200", "2015-06-30": "107.81500", "2015-03-31": "90.48200", "2014-12-31": "93.23000", "2014-09-30": "100.50500", "2014-06-30": "96.59000", "2014-03-31": "94.10800", "2013-12-31": "97.14900", "2013-09-30": "101.20900", "2013-06-30": "96.22100", "2013-03-31": "89.73300", "2012-12-31": "94.23100", "2012-09-30": "98.94100", "2012-06-30": "105.70200", "2012-03-31": "99.73400", "2011-12-31": "92.56100", "2011-09-30": "97.70800", "2011-06-30": "102.30900", "2011-03-31": "88.45700", "2010-12-31": "86.65700", "2010-09-30": "82.03300", "2010-06-30": "87.24600", "2010-03-31": "62.18800", "2009-12-31": "70.95600", "2009-09-30": "74.87900", "2009-06-30": "52.07700", "2009-03-31": "44.22000", "2008-12-31": "61.30800", "2008-09-30": "34.29300", "2008-06-30": "83.45500", "2008-03-31": "95.40900", "2007-12-31": "62.47800", "2007-09-30": "81.41300", "2007-06-30": "82.02700", "2007-03-31": "75.07800", "2006-12-31": "82.70600", "2006-09-30": "79.53000", "2006-06-30": "82.72000", "2006-03-31": "78.79000", "2005-12-31": "76.45800", "2005-09-30": "81.40600", "2005-06-30": "83.85200", "2005-03-31": "75.87800"}, "Income Taxes": {"2020-12-31": "33.08400", "2020-09-30": "34.37500", "2020-06-30": "9.66100", "2020-03-31": "10.17300", "2019-12-31": "28.21400", "2019-09-30": "29.10100", "2019-06-30": "28.89900", "2019-03-31": "22.86000", "2018-12-31": "26.53700", "2018-09-30": "26.64700", "2018-06-30": "29.50700", "2018-03-31": "23.25800", "2017-12-31": "20.10400", "2017-09-30": "32.29400", "2017-06-30": "33.20100", "2017-03-31": "24.90700", "2016-12-31": "32.29700", "2016-09-30": "30.94200", "2016-06-30": "31.54200", "2016-03-31": "29.37000", "2015-12-31": "27.66100", "2015-09-30": "27.96900", "2015-06-30": "32.49200", "2015-03-31": "28.46800", "2014-12-31": "29.48800", "2014-09-30": "31.48400", "2014-06-30": "30.69000", "2014-03-31": "29.98700", "2013-12-31": "31.32400", "2013-09-30": "32.76400", "2013-06-30": "30.18200", "2013-03-31": "28.92500", "2012-12-31": "27.62800", "2012-09-30": "32.15500", "2012-06-30": "34.46600", "2012-03-31": "32.92000", "2011-12-31": "29.51400", "2011-09-30": "31.69900", "2011-06-30": "32.69200", "2011-03-31": "27.50700", "2010-12-31": "24.43200", "2010-09-30": "26.01200", "2010-06-30": "27.42800", "2010-03-31": "18.37700", "2009-12-31": "21.49300", "2009-09-30": "23.41500", "2009-06-30": "15.25700", "2009-03-31": "13.59200", "2008-12-31": "17.75700", "2008-09-30": "9.53400", "2008-06-30": "27.11800", "2008-03-31": "30.66800", "2007-12-31": "18.18700", "2007-09-30": "25.51500", "2007-06-30": "26.45300", "2007-03-31": "23.58200", "2006-12-31": "25.68900", "2006-09-30": "24.98200", "2006-06-30": "27.38700", "2006-03-31": "25.84600", "2005-12-31": "20.21600", "2005-09-30": "18.61500", "2005-06-30": "29.48400", "2005-03-31": "26.03200"}, "Income After Taxes": {"2020-12-31": "132.19600", "2020-09-30": "133.35500", "2020-06-30": "38.73100", "2020-03-31": "49.60300", "2019-12-31": "107.27800", "2019-09-30": "110.08000", "2019-06-30": "108.29900", "2019-03-31": "97.05500", "2018-12-31": "110.76000", "2018-09-30": "114.06900", "2018-06-30": "111.32400", "2018-03-31": "102.06100", "2017-12-31": "94.98300", "2017-09-30": "74.22600", "2017-06-30": "78.98900", "2017-03-31": "71.70200", "2016-12-31": "72.37400", "2016-09-30": "69.15000", "2016-06-30": "69.80800", "2016-03-31": "65.52200", "2015-12-31": "64.42500", "2015-09-30": "65.21300", "2015-06-30": "75.32300", "2015-03-31": "62.01400", "2014-12-31": "63.74200", "2014-09-30": "69.02100", "2014-06-30": "65.90000", "2014-03-31": "64.12100", "2013-12-31": "65.82500", "2013-09-30": "68.44500", "2013-06-30": "66.03900", "2013-03-31": "60.80800", "2012-12-31": "66.60300", "2012-09-30": "66.78600", "2012-06-30": "71.23600", "2012-03-31": "66.81400", "2011-12-31": "63.04700", "2011-09-30": "66.00900", "2011-06-30": "69.61700", "2011-03-31": "60.95000", "2010-12-31": "62.22500", "2010-09-30": "56.02100", "2010-06-30": "59.81800", "2010-03-31": "43.81100", "2009-12-31": "49.46300", "2009-09-30": "51.46400", "2009-06-30": "36.82000", "2009-03-31": "30.62800", "2008-12-31": "43.55100", "2008-09-30": "24.75900", "2008-06-30": "56.33700", "2008-03-31": "64.74100", "2007-12-31": "44.29100", "2007-09-30": "55.89800", "2007-06-30": "55.57400", "2007-03-31": "51.49600", "2006-12-31": "57.01700", "2006-09-30": "54.54800", "2006-06-30": "55.33300", "2006-03-31": "52.94400", "2005-12-31": "56.24200", "2005-09-30": "62.79100", "2005-06-30": "54.36800", "2005-03-31": "49.84600"}, "Other Income": {"2020-12-31": "", "2020-09-30": "", "2020-06-30": "", "2020-03-31": "", "2019-12-31": "", "2019-09-30": "", "2019-06-30": "", "2019-03-31": "", "2018-12-31": "", "2018-09-30": "", "2018-06-30": "", "2018-03-31": "", "2017-12-31": "", "2017-09-30": "", "2017-06-30": "", "2017-03-31": "", "2016-12-31": "", "2016-09-30": "", "2016-06-30": "", "2016-03-31": "", "2015-12-31": "", "2015-09-30": "", "2015-06-30": "", "2015-03-31": "", "2014-12-31": "", "2014-09-30": "", "2014-06-30": "", "2014-03-31": "", "2013-12-31": "", "2013-09-30": "", "2013-06-30": "", "2013-03-31": "", "2012-12-31": "", "2012-09-30": "", "2012-06-30": "", "2012-03-31": "", "2011-12-31": "", "2011-09-30": "", "2011-06-30": "", "2011-03-31": "", "2010-12-31": "", "2010-09-30": "", "2010-06-30": "", "2010-03-31": "", "2009-12-31": "", "2009-09-30": "", "2009-06-30": "", "2009-03-31": "", "2008-12-31": "", "2008-09-30": "", "2008-06-30": "", "2008-03-31": "", "2007-12-31": "", "2007-09-30": "", "2007-06-30": "", "2007-03-31": "", "2006-12-31": "", "2006-09-30": "", "2006-06-30": "", "2006-03-31": "", "2005-12-31": "", "2005-09-30": "", "2005-06-30": "", "2005-03-31": ""}, "Income From Continuous Operations": {"2020-12-31": "132.19600", "2020-09-30": "133.35500", "2020-06-30": "38.73100", "2020-03-31": "49.60300", "2019-12-31": "107.27800", "2019-09-30": "110.08000", "2019-06-30": "108.29900", "2019-03-31": "97.05500", "2018-12-31": "110.76000", "2018-09-30": "114.06900", "2018-06-30": "111.32400", "2018-03-31": "102.06100", "2017-12-31": "94.98300", "2017-09-30": "74.22600", "2017-06-30": "78.98900", "2017-03-31": "71.70200", "2016-12-31": "72.37400", "2016-09-30": "69.15000", "2016-06-30": "69.80800", "2016-03-31": "65.52200", "2015-12-31": "64.42500", "2015-09-30": "65.21300", "2015-06-30": "75.32300", "2015-03-31": "62.01400", "2014-12-31": "63.74200", "2014-09-30": "69.02100", "2014-06-30": "65.90000", "2014-03-31": "64.12100", "2013-12-31": "65.82500", "2013-09-30": "68.44500", "2013-06-30": "66.03900", "2013-03-31": "60.80800", "2012-12-31": "66.60300", "2012-09-30": "66.78600", "2012-06-30": "71.23600", "2012-03-31": "66.81400", "2011-12-31": "63.04700", "2011-09-30": "66.00900", "2011-06-30": "69.61700", "2011-03-31": "60.95000", "2010-12-31": "62.22500", "2010-09-30": "56.02100", "2010-06-30": "59.81800", "2010-03-31": "43.81100", "2009-12-31": "49.46300", "2009-09-30": "51.46400", "2009-06-30": "36.82000", "2009-03-31": "30.62800", "2008-12-31": "43.55100", "2008-09-30": "24.75900", "2008-06-30": "56.33700", "2008-03-31": "64.74100", "2007-12-31": "44.29100", "2007-09-30": "55.89800", "2007-06-30": "55.57400", "2007-03-31": "51.49600", "2006-12-31": "57.01700", "2006-09-30": "54.54800", "2006-06-30": "55.33300", "2006-03-31": "52.94400", "2005-12-31": "56.24200", "2005-09-30": "62.79100", "2005-06-30": "54.36800", "2005-03-31": "49.84600"}, "Income From Discontinued Operations": {"2020-12-31": "", "2020-09-30": "", "2020-06-30": "", "2020-03-31": "", "2019-12-31": "", "2019-09-30": "", "2019-06-30": "", "2019-03-31": "", "2018-12-31": "", "2018-09-30": "", "2018-06-30": "", "2018-03-31": "", "2017-12-31": "", "2017-09-30": "", "2017-06-30": "", "2017-03-31": "", "2016-12-31": "", "2016-09-30": "", "2016-06-30": "", "2016-03-31": "", "2015-12-31": "", "2015-09-30": "", "2015-06-30": "", "2015-03-31": "", "2014-12-31": "", "2014-09-30": "", "2014-06-30": "", "2014-03-31": "", "2013-12-31": "", "2013-09-30": "", "2013-06-30": "", "2013-03-31": "", "2012-12-31": "", "2012-09-30": "", "2012-06-30": "", "2012-03-31": "", "2011-12-31": "", "2011-09-30": "", "2011-06-30": "", "2011-03-31": "", "2010-12-31": "", "2010-09-30": "", "2010-06-30": "", "2010-03-31": "", "2009-12-31": "", "2009-09-30": "", "2009-06-30": "", "2009-03-31": "", "2008-12-31": "", "2008-09-30": "", "2008-06-30": "", "2008-03-31": "", "2007-12-31": "", "2007-09-30": "", "2007-06-30": "", "2007-03-31": "", "2006-12-31": "", "2006-09-30": "", "2006-06-30": "", "2006-03-31": "", "2005-12-31": "", "2005-09-30": "", "2005-06-30": "", "2005-03-31": ""}, "Net Income": {"2020-12-31": "129.88900", "2020-09-30": "124.98200", "2020-06-30": "37.61300", "2020-03-31": "49.60700", "2019-12-31": "100.61100", "2019-09-30": "106.99200", "2019-06-30": "105.72100", "2019-03-31": "94.88800", "2018-12-31": "102.84400", "2018-09-30": "110.32600", "2018-06-30": "108.08000", "2018-03-31": "98.73400", "2017-12-31": "89.20000", "2017-09-30": "72.31400", "2017-06-30": "75.76700", "2017-03-31": "69.25400", "2016-12-31": "71.16300", "2016-09-30": "66.29500", "2016-06-30": "66.70300", "2016-03-31": "62.23000", "2015-12-31": "60.58900", "2015-09-30": "61.47800", "2015-06-30": "71.10600", "2015-03-31": "58.00900", "2014-12-31": "58.82400", "2014-09-30": "65.50600", "2014-06-30": "66.53100", "2014-03-31": "63.51100", "2013-12-31": "62.97600", "2013-09-30": "68.22400", "2013-06-30": "65.80500", "2013-03-31": "61.01700", "2012-12-31": "68.01900", "2012-09-30": "66.00600", "2012-06-30": "70.06700", "2012-03-31": "65.23700", "2011-12-31": "60.64500", "2011-09-30": "64.86600", "2011-06-30": "68.53300", "2011-03-31": "60.45300", "2010-12-31": "60.71300", "2010-09-30": "55.88500", "2010-06-30": "59.73400", "2010-03-31": "44.17000", "2009-12-31": "49.62200", "2009-09-30": "51.64900", "2009-06-30": "36.96800", "2009-03-31": "30.83600", "2008-12-31": "44.04600", "2008-09-30": "24.67300", "2008-06-30": "55.97900", "2008-03-31": "63.95700", "2007-12-31": "43.69200", "2007-09-30": "55.89800", "2007-06-30": "55.57400", "2007-03-31": "51.49600", "2006-12-31": "57.01700", "2006-09-30": "54.54800", "2006-06-30": "55.33300", "2006-03-31": "52.94400", "2005-12-31": "56.24200", "2005-09-30": "62.79100", "2005-06-30": "54.36800", "2005-03-31": "49.84600"}, "EBITDA": {"2020-12-31": "", "2020-09-30": "", "2020-06-30": "", "2020-03-31": "", "2019-12-31": "", "2019-09-30": "", "2019-06-30": "", "2019-03-31": "", "2018-12-31": "", "2018-09-30": "", "2018-06-30": "", "2018-03-31": "", "2017-12-31": "", "2017-09-30": "", "2017-06-30": "", "2017-03-31": "", "2016-12-31": "", "2016-09-30": "", "2016-06-30": "", "2016-03-31": "", "2015-12-31": "", "2015-09-30": "", "2015-06-30": "", "2015-03-31": "", "2014-12-31": "", "2014-09-30": "", "2014-06-30": "", "2014-03-31": "", "2013-12-31": "", "2013-09-30": "", "2013-06-30": "", "2013-03-31": "", "2012-12-31": "", "2012-09-30": "", "2012-06-30": "", "2012-03-31": "", "2011-12-31": "", "2011-09-30": "", "2011-06-30": "", "2011-03-31": "", "2010-12-31": "", "2010-09-30": "", "2010-06-30": "", "2010-03-31": "", "2009-12-31": "", "2009-09-30": "", "2009-06-30": "", "2009-03-31": "", "2008-12-31": "", "2008-09-30": "", "2008-06-30": "", "2008-03-31": "", "2007-12-31": "", "2007-09-30": "", "2007-06-30": "", "2007-03-31": "", "2006-12-31": "", "2006-09-30": "", "2006-06-30": "", "2006-03-31": "", "2005-12-31": "", "2005-09-30": "", "2005-06-30": "", "2005-03-31": ""}, "EBIT": {"2020-12-31": "", "2020-09-30": "", "2020-06-30": "", "2020-03-31": "", "2019-12-31": "", "2019-09-30": "", "2019-06-30": "", "2019-03-31": "", "2018-12-31": "", "2018-09-30": "", "2018-06-30": "", "2018-03-31": "", "2017-12-31": "", "2017-09-30": "", "2017-06-30": "", "2017-03-31": "", "2016-12-31": "", "2016-09-30": "", "2016-06-30": "", "2016-03-31": "", "2015-12-31": "", "2015-09-30": "", "2015-06-30": "", "2015-03-31": "", "2014-12-31": "", "2014-09-30": "", "2014-06-30": "", "2014-03-31": "", "2013-12-31": "", "2013-09-30": "", "2013-06-30": "", "2013-03-31": "", "2012-12-31": "", "2012-09-30": "", "2012-06-30": "", "2012-03-31": "", "2011-12-31": "", "2011-09-30": "", "2011-06-30": "", "2011-03-31": "", "2010-12-31": "", "2010-09-30": "", "2010-06-30": "", "2010-03-31": "", "2009-12-31": "", "2009-09-30": "", "2009-06-30": "", "2009-03-31": "", "2008-12-31": "", "2008-09-30": "", "2008-06-30": "", "2008-03-31": "", "2007-12-31": "", "2007-09-30": "", "2007-06-30": "", "2007-03-31": "", "2006-12-31": "", "2006-09-30": "", "2006-06-30": "", "2006-03-31": "", "2005-12-31": "", "2005-09-30": "", "2005-06-30": "", "2005-03-31": ""}, "Basic Shares Outstanding": {"2020-12-31": "116.50800", "2020-09-30": "116.25600", "2020-06-30": "116.24230", "2020-03-31": "116.67390", "2019-12-31": "119.47320", "2019-09-30": "118.63110", "2019-06-30": "120.70900", "2019-03-31": "121.28650", "2018-12-31": "122.16960", "2018-09-30": "122.25510", "2018-06-30": "122.34440", "2018-03-31": "122.28490", "2017-12-31": "122.19370", "2017-09-30": "122.27760", "2017-06-30": "122.22550", "2017-03-31": "122.00090", "2016-12-31": "121.83170", "2016-09-30": "121.79130", "2016-06-30": "121.73420", "2016-03-31": "121.96870", "2015-12-31": "125.04200", "2015-09-30": "123.27470", "2015-06-30": "126.47820", "2015-03-31": "127.69580", "2014-12-31": "129.96680", "2014-09-30": "127.44840", "2014-06-30": "131.60540", "2014-03-31": "133.35420", "2013-12-31": "133.09060", "2013-09-30": "132.97660", "2013-06-30": "132.65160", "2013-03-31": "133.28330", "2012-12-31": "135.35630", "2012-09-30": "134.80150", "2012-06-30": "135.59200", "2012-03-31": "136.85960", "2011-12-31": "139.42390", "2011-09-30": "138.80820", "2011-06-30": "140.96290", "2011-03-31": "140.84660", "2010-12-31": "141.67760", "2010-09-30": "142.02650", "2010-06-30": "141.94020", "2010-03-31": "141.74150", "2009-12-31": "138.80970", "2009-09-30": "140.53680", "2009-06-30": "137.25640", "2009-03-31": "135.94970", "2008-12-31": "135.44910", "2008-09-30": "135.50810", "2008-06-30": "135.32130", "2008-03-31": "135.16330", "2007-12-31": "136.44570", "2007-09-30": "135.61390", "2007-06-30": "137.18090", "2007-03-31": "137.86350", "2006-12-31": "135.32130", "2006-09-30": "138.66640", "2006-06-30": "138.35550", "2006-03-31": "139.26630", "2005-12-31": "141.80260", "2005-09-30": "143.95320", "2005-06-30": "145.67250", "2005-03-31": "147.65160"}, "Shares Outstanding": {"2020-12-31": "116.50800", "2020-09-30": "116.44390", "2020-06-30": "116.44180", "2020-03-31": "116.94480", "2019-12-31": "119.76930", "2019-09-30": "118.91140", "2019-06-30": "121.00200", "2019-03-31": "121.60680", "2018-12-31": "122.54860", "2018-09-30": "122.66410", "2018-06-30": "122.74240", "2018-03-31": "122.66850", "2017-12-31": "122.62420", "2017-09-30": "122.68620", "2017-06-30": "122.64230", "2017-03-31": "122.48250", "2016-12-31": "122.15700", "2016-09-30": "122.10120", "2016-06-30": "122.05140", "2016-03-31": "122.24470", "2015-12-31": "125.43100", "2015-09-30": "123.64870", "2015-06-30": "126.90960", "2015-03-31": "128.09650", "2014-12-31": "130.50280", "2014-09-30": "128.00050", "2014-06-30": "132.14550", "2014-03-31": "133.94660", "2013-12-31": "133.65090", "2013-09-30": "133.63930", "2013-06-30": "132.65160", "2013-03-31": "133.62670", "2012-12-31": "135.76910", "2012-09-30": "134.80150", "2012-06-30": "136.00860", "2012-03-31": "137.37970", "2011-12-31": "139.93330", "2011-09-30": "139.21150", "2011-06-30": "141.59590", "2011-03-31": "141.44700", "2010-12-31": "142.33650", "2010-09-30": "142.02650", "2010-06-30": "142.61620", "2010-03-31": "142.51520", "2009-12-31": "139.35420", "2009-09-30": "141.08750", "2009-06-30": "137.72330", "2009-03-31": "136.49700", "2008-12-31": "136.53230", "2008-09-30": "136.60170", "2008-06-30": "136.40600", "2008-03-31": "136.31800", "2007-12-31": "137.84650", "2007-09-30": "137.09980", "2007-06-30": "138.72710", "2007-03-31": "139.57190", "2006-12-31": "136.58920", "2006-09-30": "140.49780", "2006-06-30": "140.24440", "2006-03-31": "141.21460", "2005-12-31": "143.52990", "2005-09-30": "145.92820", "2005-06-30": "147.67860", "2005-03-31": "149.70560"}, "Basic EPS": {"2020-12-31": "1.11000", "2020-09-30": "1.06670", "2020-06-30": "0.32380", "2020-03-31": "0.41900", "2019-12-31": "0.89520", "2019-09-30": "0.88570", "2019-06-30": "0.86670", "2019-03-31": "0.77140", "2018-12-31": "0.87120", "2018-09-30": "0.89800", "2018-06-30": "0.87070", "2018-03-31": "0.79820", "2017-12-31": "0.74250", "2017-09-30": "0.58740", "2017-06-30": "0.61330", "2017-03-31": "0.56150", "2016-12-31": "0.56270", "2016-09-30": "0.53480", "2016-06-30": "0.55120", "2016-03-31": "0.51010", "2015-12-31": "0.50050", "2015-09-30": "0.49360", "2015-06-30": "0.56410", "2015-03-31": "0.45440", "2014-12-31": "0.46560", "2014-09-30": "0.51490", "2014-06-30": "0.50000", "2014-03-31": "0.47760", "2013-12-31": "0.48550", "2013-09-30": "0.50460", "2013-06-30": "0.49040", "2013-03-31": "0.45480", "2012-12-31": "0.49450", "2012-09-30": "0.48060", "2012-06-30": "0.52120", "2012-03-31": "0.47380", "2011-12-31": "0.44700", "2011-09-30": "0.46410", "2011-06-30": "0.48990", "2011-03-31": "0.42540", "2010-12-31": "0.43940", "2010-09-30": "0.38680", "2010-06-30": "0.42360", "2010-03-31": "0.30700", "2009-12-31": "0.35240", "2009-09-30": "0.36830", "2009-06-30": "0.26900", "2009-03-31": "0.22220", "2008-12-31": "0.31830", "2008-09-30": "0.18380", "2008-06-30": "0.41210", "2008-03-31": "0.47330", "2007-12-31": "0.31520", "2007-09-30": "0.41370", "2007-06-30": "0.40300", "2007-03-31": "0.37650", "2006-12-31": "0.40970", "2006-09-30": "0.39400", "2006-06-30": "0.39900", "2006-03-31": "0.37880", "2005-12-31": "0.39840", "2005-09-30": "0.43290", "2005-06-30": "0.37520", "2005-03-31": "0.33670"}, "EPS - Earnings Per Share": {"2020-12-31": "1.11000", "2020-09-30": "1.05710", "2020-06-30": "0.32380", "2020-03-31": "0.41900", "2019-12-31": "0.88570", "2019-09-30": "0.88570", "2019-06-30": "0.86670", "2019-03-31": "0.77140", "2018-12-31": "0.87070", "2018-09-30": "0.88890", "2018-06-30": "0.87070", "2018-03-31": "0.79820", "2017-12-31": "0.74160", "2017-09-30": "0.57880", "2017-06-30": "0.61330", "2017-03-31": "0.56150", "2016-12-31": "0.56180", "2016-09-30": "0.53480", "2016-06-30": "0.54300", "2016-03-31": "0.51010", "2015-12-31": "0.49190", "2015-09-30": "0.49360", "2015-06-30": "0.56410", "2015-03-31": "0.45440", "2014-12-31": "0.46480", "2014-09-30": "0.51490", "2014-06-30": "0.49250", "2014-03-31": "0.47760", "2013-12-31": "0.48480", "2013-09-30": "0.50460", "2013-06-30": "0.49040", "2013-03-31": "0.44770", "2012-12-31": "0.49380", "2012-09-30": "0.48060", "2012-06-30": "0.51440", "2012-03-31": "0.47380", "2011-12-31": "0.44630", "2011-09-30": "0.46410", "2011-06-30": "0.48350", "2011-03-31": "0.42540", "2010-12-31": "0.43880", "2010-09-30": "0.38680", "2010-06-30": "0.41750", "2010-03-31": "0.30700", "2009-12-31": "0.34590", "2009-09-30": "0.36830", "2009-06-30": "0.26900", "2009-03-31": "0.22220", "2008-12-31": "0.31720", "2008-09-30": "0.17820", "2008-06-30": "0.41210", "2008-03-31": "0.46770", "2007-12-31": "0.31950", "2007-09-30": "0.40830", "2007-06-30": "0.39770", "2007-03-31": "0.37120", "2006-12-31": "0.40250", "2006-09-30": "0.38890", "2006-06-30": "0.39400", "2006-03-31": "0.37380", "2005-12-31": "0.39160", "2005-09-30": "0.42810", "2005-06-30": "0.37040", "2005-03-31": "0.33190"}}, "balance sheet": {"Cash On Hand": {"2020-12-31": "3070.24700", "2019-12-31": "1765.62600", "2018-12-31": "1928.14700", "2017-12-31": "1230.11400", "2016-12-31": "1529.66000", "2015-12-31": "1389.60900", "2014-12-31": "2166.07400", "2013-12-31": "2439.50700", "2012-12-31": "2008.66200", "2011-12-31": "1385.40400", "2010-12-31": "922.38500", "2009-12-31": "474.16900", "2008-12-31": "1308.81900", "2007-12-31": "1354.72400", "2006-12-31": "1160.99200", "2005-12-31": "699.09400"}, "Receivables": {"2020-12-31": "", "2019-12-31": "", "2018-12-31": "", "2017-12-31": "", "2016-12-31": "", "2015-12-31": "", "2014-12-31": "", "2013-12-31": "", "2012-12-31": "", "2011-12-31": "", "2010-12-31": "", "2009-12-31": "", "2008-12-31": "", "2007-12-31": "", "2006-12-31": "", "2005-12-31": ""}, "Inventory": {"2020-12-31": "", "2019-12-31": "", "2018-12-31": "", "2017-12-31": "", "2016-12-31": "", "2015-12-31": "", "2014-12-31": "", "2013-12-31": "", "2012-12-31": "", "2011-12-31": "", "2010-12-31": "", "2009-12-31": "", "2008-12-31": "", "2007-12-31": "", "2006-12-31": "", "2005-12-31": ""}, "Pre-Paid Expenses": {"2020-12-31": "", "2019-12-31": "", "2018-12-31": "", "2017-12-31": "", "2016-12-31": "", "2015-12-31": "", "2014-12-31": "", "2013-12-31": "", "2012-12-31": "", "2011-12-31": "", "2010-12-31": "", "2009-12-31": "", "2008-12-31": "", "2007-12-31": "", "2006-12-31": "", "2005-12-31": ""}, "Other Current Assets": {"2020-12-31": "", "2019-12-31": "", "2018-12-31": "", "2017-12-31": "", "2016-12-31": "", "2015-12-31": "", "2014-12-31": "", "2013-12-31": "", "2012-12-31": "", "2011-12-31": "", "2010-12-31": "", "2009-12-31": "", "2008-12-31": "", "2007-12-31": "", "2006-12-31": "", "2005-12-31": ""}, "Total Current Assets": {"2020-12-31": "19224.14000", "2019-12-31": "16356.57000", "2018-12-31": "15929.21000", "2017-12-31": "15075.65000", "2016-12-31": "14800.92000", "2015-12-31": "13682.38000", "2014-12-31": "13478.78000", "2013-12-31": "13234.81000", "2012-12-31": "11676.34000", "2011-12-31": "10409.43000", "2010-12-31": "10199.58000", "2009-12-31": "10770.02000", "2008-12-31": "12780.74000", "2007-12-31": "12062.40000", "2006-12-31": "10989.38000", "2005-12-31": "9469.83000"}, "Property, Plant, And Equipment": {"2020-12-31": "371.08300", "2019-12-31": "370.63700", "2018-12-31": "333.11900", "2017-12-31": "335.11000", "2016-12-31": "337.70500", "2015-12-31": "352.58100", "2014-12-31": "357.87100", "2013-12-31": "349.65400", "2012-12-31": "357.61200", "2011-12-31": "360.14600", "2010-12-31": "383.39700", "2009-12-31": "402.63300", "2008-12-31": "411.16800", "2007-12-31": "406.24900", "2006-12-31": "386.09500", "2005-12-31": "374.19200"}, "Long-Term Investments": {"2020-12-31": "12610.37000", "2019-12-31": "8713.72700", "2018-12-31": "8671.60700", "2017-12-31": "8875.03800", "2016-12-31": "9748.76100", "2015-12-31": "9889.79000", "2014-12-31": "9630.43500", "2013-12-31": "9023.00400", "2012-12-31": "9640.89800", "2011-12-31": "9340.53400", "2010-12-31": "7397.82400", "2009-12-31": "6463.05300", "2008-12-31": "3770.65300", "2007-12-31": "3270.53700", "2006-12-31": "3489.64700", "2005-12-31": "3745.22200"}, "Goodwill And Intangible Assets": {"2020-12-31": "150.12800", "2019-12-31": "148.45500", "2018-12-31": "147.71500", "2017-12-31": "146.53900", "2016-12-31": "145.63000", "2015-12-31": "145.59000", "2014-12-31": "146.37100", "2013-12-31": "148.18900", "2012-12-31": "130.88500", "2011-12-31": "133.29900", "2010-12-31": "136.52200", "2009-12-31": "139.91800", "2008-12-31": "142.77600", "2007-12-31": "145.98300", "2006-12-31": "117.27600", "2005-12-31": "48.56900"}, "Other Long-Term Assets": {"2020-12-31": "567.24800", "2019-12-31": "476.40000", "2018-12-31": "382.19400", "2017-12-31": "401.07400", "2016-12-31": "608.40800", "2015-12-31": "534.62500", "2014-12-31": "380.82300", "2013-12-31": "316.37800", "2012-12-31": "353.85300", "2011-12-31": "405.96200", "2010-12-31": "385.01600", "2009-12-31": "344.56900", "2008-12-31": "427.10600", "2007-12-31": "319.66000", "2006-12-31": "247.95100", "2005-12-31": "247.73200"}, "Total Long-Term Assets": {"2020-12-31": "13698.83000", "2019-12-31": "9709.21900", "2018-12-31": "9534.63600", "2017-12-31": "9757.76200", "2016-12-31": "10840.50000", "2015-12-31": "10922.59000", "2014-12-31": "10515.50000", "2013-12-31": "9837.22600", "2012-12-31": "10483.25000", "2011-12-31": "10239.94000", "2010-12-31": "8302.75900", "2009-12-31": "7350.17300", "2008-12-31": "4751.70300", "2007-12-31": "4142.42900", "2006-12-31": "4240.96900", "2005-12-31": "4415.71500"}, "Total Assets": {"2020-12-31": "32922.97000", "2019-12-31": "26065.79000", "2018-12-31": "25463.84000", "2017-12-31": "24833.41000", "2016-12-31": "25641.42000", "2015-12-31": "24604.96000", "2014-12-31": "23994.28000", "2013-12-31": "23072.04000", "2012-12-31": "22159.59000", "2011-12-31": "20649.37000", "2010-12-31": "18502.34000", "2009-12-31": "18120.19000", "2008-12-31": "17532.45000", "2007-12-31": "16204.83000", "2006-12-31": "15230.35000", "2005-12-31": "13885.54000"}, "Total Current Liabilities": {"2020-12-31": "29045.13000", "2019-12-31": "22371.19000", "2018-12-31": "22280.05000", "2017-12-31": "21932.58000", "2016-12-31": "22825.00000", "2015-12-31": "21942.41000", "2014-12-31": "21338.29000", "2013-12-31": "20393.91000", "2012-12-31": "19432.20000", "2011-12-31": "18055.96000", "2010-12-31": "16067.85000", "2009-12-31": "15313.64000", "2008-12-31": "13921.27000", "2007-12-31": "13790.77000", "2006-12-31": "13516.14000", "2005-12-31": "12178.24000"}, "Long Term Debt": {"2020-12-31": "0.80200", "2019-12-31": "2.41800", "2018-12-31": "8.70200", "2017-12-31": "1.75800", "2016-12-31": "102.04900", "2015-12-31": "103.81800", "2014-12-31": "104.05800", "2013-12-31": "107.31000", "2012-12-31": "103.71000", "2011-12-31": "111.81700", "2010-12-31": "112.27300", "2009-12-31": "736.06200", "2008-12-31": "1747.78100", "2007-12-31": "583.63900", "2006-12-31": "53.93400", "2005-12-31": "269.39000"}, "Other Non-Current Liabilities": {"2020-12-31": "477.07200", "2019-12-31": "553.71200", "2018-12-31": "237.94300", "2017-12-31": "180.88900", "2016-12-31": "213.24300", "2015-12-31": "191.32100", "2014-12-31": "217.68000", "2013-12-31": "356.42300", "2012-12-31": "452.10200", "2011-12-31": "311.22500", "2010-12-31": "298.75400", "2009-12-31": "184.58000", "2008-12-31": "283.92900", "2007-12-31": "302.73500", "2006-12-31": "218.16500", "2005-12-31": "100.07700"}, "Total Long Term Liabilities": {"2020-12-31": "477.87400", "2019-12-31": "556.13000", "2018-12-31": "246.64500", "2017-12-31": "182.64700", "2016-12-31": "315.29200", "2015-12-31": "295.13900", "2014-12-31": "321.73800", "2013-12-31": "463.73300", "2012-12-31": "555.81200", "2011-12-31": "423.04200", "2010-12-31": "411.02700", "2009-12-31": "920.64200", "2008-12-31": "2031.71000", "2007-12-31": "886.37400", "2006-12-31": "272.09900", "2005-12-31": "369.46700"}, "Total Liabilities": {"2020-12-31": "29523.00000", "2019-12-31": "22927.32000", "2018-12-31": "22526.69000", "2017-12-31": "22115.23000", "2016-12-31": "23140.29000", "2015-12-31": "22237.54000", "2014-12-31": "21660.03000", "2013-12-31": "20857.64000", "2012-12-31": "19988.02000", "2011-12-31": "18479.01000", "2010-12-31": "16478.88000", "2009-12-31": "16234.28000", "2008-12-31": "15952.98000", "2007-12-31": "14677.14000", "2006-12-31": "13788.24000", "2005-12-31": "12547.71000"}, "Common Stock Net": {"2020-12-31": "589.35200", "2019-12-31": "563.97800", "2018-12-31": "559.43200", "2017-12-31": "535.40700", "2016-12-31": "510.01500", "2015-12-31": "489.86200", "2014-12-31": "484.15500", "2013-12-31": "481.22400", "2012-12-31": "458.64600", "2011-12-31": "446.38700", "2010-12-31": "433.94200", "2009-12-31": "415.63700", "2008-12-31": "379.50500", "2007-12-31": "359.69400", "2006-12-31": "352.33000", "2005-12-31": "347.04900"}, "Retained Earnings (Accumulated Deficit)": {"2020-12-31": "73.00000", "2019-12-31": "201.56200", "2018-12-31": "241.16300", "2017-12-31": "221.37400", "2016-12-31": "292.84900", "2015-12-31": "383.31300", "2014-12-31": "426.64800", "2013-12-31": "449.83600", "2012-12-31": "477.21000", "2011-12-31": "575.41900", "2010-12-31": "555.77800", "2009-12-31": "568.53200", "2008-12-31": "633.15900", "2007-12-31": "669.14200", "2006-12-31": "683.17600", "2005-12-31": "693.02100"}, "Comprehensive Income": {"2020-12-31": "331.37700", "2019-12-31": "110.44400", "2018-12-31": "-64.66900", "2017-12-31": "14.10800", "2016-12-31": "10.97500", "2015-12-31": "32.47000", "2014-12-31": "62.09300", "2013-12-31": "9.73100", "2012-12-31": "136.34400", "2011-12-31": "110.53800", "2010-12-31": "63.34500", "2009-12-31": "46.40700", "2008-12-31": "-56.72900", "2007-12-31": "26.10700", "2006-12-31": "-0.20000", "2005-12-31": "-3.88300"}, "Other Share Holders Equity": {"2020-12-31": "", "2019-12-31": "", "2018-12-31": "", "2017-12-31": "", "2016-12-31": "", "2015-12-31": "", "2014-12-31": "", "2013-12-31": "", "2012-12-31": "", "2011-12-31": "", "2010-12-31": "", "2009-12-31": "", "2008-12-31": "", "2007-12-31": "", "2006-12-31": "", "2005-12-31": ""}, "Share Holder Equity": {"2020-12-31": "3399.97200", "2019-12-31": "3138.47200", "2018-12-31": "2937.14900", "2017-12-31": "2718.18400", "2016-12-31": "2501.13200", "2015-12-31": "2367.41800", "2014-12-31": "2334.24600", "2013-12-31": "2214.39700", "2012-12-31": "2171.57400", "2011-12-31": "2170.36100", "2010-12-31": "2023.46400", "2009-12-31": "1885.90500", "2008-12-31": "1579.46700", "2007-12-31": "1527.68600", "2006-12-31": "1442.11400", "2005-12-31": "1337.83800"}, "Total Liabilities And Share Holders Equity": {"2020-12-31": "32922.97000", "2019-12-31": "26065.79000", "2018-12-31": "25463.84000", "2017-12-31": "24833.41000", "2016-12-31": "25641.42000", "2015-12-31": "24604.96000", "2014-12-31": "23994.28000", "2013-12-31": "23072.04000", "2012-12-31": "22159.59000", "2011-12-31": "20649.37000", "2010-12-31": "18502.34000", "2009-12-31": "18120.19000", "2008-12-31": "17532.45000", "2007-12-31": "16204.83000", "2006-12-31": "15230.35000", "2005-12-31": "13885.54000"}}, "balance sheet, quarterly": {"Cash On Hand": {"2020-12-31": "3070.24700", "2020-09-30": "2407.39300", "2020-06-30": "2675.04900", "2020-03-31": "1750.03200", "2019-12-31": "1765.62600", "2019-09-30": "1745.15100", "2019-06-30": "1685.01800", "2019-03-31": "1324.77200", "2018-12-31": "1928.14700", "2018-09-30": "1511.80700", "2018-06-30": "1263.94200", "2018-03-31": "1306.77000", "2017-12-31": "1230.11400", "2017-09-30": "1324.38100", "2017-06-30": "1178.41800", "2017-03-31": "1283.80000", "2016-12-31": "1529.66000", "2016-09-30": "1220.70600", "2016-06-30": "1480.76000", "2016-03-31": "1404.33700", "2015-12-31": "1389.60900", "2015-09-30": "1448.21300", "2015-06-30": "1770.32000", "2015-03-31": "1617.77200", "2014-12-31": "2166.07400", "2014-09-30": "1638.96700", "2014-06-30": "1530.56000", "2014-03-31": "1713.92600", "2013-12-31": "2439.50700", "2013-09-30": "2117.31900", "2013-06-30": "1644.16300", "2013-03-31": "1844.19500", "2012-12-31": "2008.66200", "2012-09-30": "1432.95600", "2012-06-30": "1374.97800", "2012-03-31": "1318.60300", "2011-12-31": "1385.40400", "2011-09-30": "1429.37500", "2011-06-30": "1769.20900", "2011-03-31": "1286.68800", "2010-12-31": "922.38500", "2010-09-30": "791.74000", "2010-06-30": "668.88900", "2010-03-31": "380.28400", "2009-12-31": "474.16900", "2009-09-30": "483.55600", "2009-06-30": "441.78300", "2009-03-31": "1025.76800", "2008-12-31": "1308.81900", "2008-09-30": "966.61800", "2008-06-30": "1108.56000", "2008-03-31": "1226.16800", "2007-12-31": "1354.72400", "2007-09-30": "1081.29900", "2007-06-30": "1083.65400", "2007-03-31": "997.70100", "2006-12-31": "1160.99200", "2006-09-30": "982.99500", "2006-06-30": "916.86300", "2006-03-31": "599.40000", "2005-12-31": "699.09400", "2005-09-30": "603.09500", "2005-06-30": "685.48500", "2005-03-31": "694.62300"}, "Receivables": {"2020-12-31": "", "2020-09-30": "", "2020-06-30": "", "2020-03-31": "", "2019-12-31": "", "2019-09-30": "", "2019-06-30": "", "2019-03-31": "", "2018-12-31": "", "2018-09-30": "", "2018-06-30": "", "2018-03-31": "", "2017-12-31": "", "2017-09-30": "", "2017-06-30": "", "2017-03-31": "", "2016-12-31": "", "2016-09-30": "", "2016-06-30": "", "2016-03-31": "", "2015-12-31": "", "2015-09-30": "", "2015-06-30": "", "2015-03-31": "", "2014-12-31": "", "2014-09-30": "", "2014-06-30": "", "2014-03-31": "", "2013-12-31": "", "2013-09-30": "", "2013-06-30": "", "2013-03-31": "", "2012-12-31": "", "2012-09-30": "", "2012-06-30": "", "2012-03-31": "", "2011-12-31": "", "2011-09-30": "", "2011-06-30": "", "2011-03-31": "", "2010-12-31": "", "2010-09-30": "", "2010-06-30": "", "2010-03-31": "", "2009-12-31": "", "2009-09-30": "", "2009-06-30": "", "2009-03-31": "", "2008-12-31": "", "2008-09-30": "", "2008-06-30": "", "2008-03-31": "", "2007-12-31": "", "2007-09-30": "", "2007-06-30": "", "2007-03-31": "", "2006-12-31": "", "2006-09-30": "", "2006-06-30": "", "2006-03-31": "", "2005-12-31": "", "2005-09-30": "", "2005-06-30": "", "2005-03-31": ""}, "Inventory": {"2020-12-31": "", "2020-09-30": "", "2020-06-30": "", "2020-03-31": "", "2019-12-31": "", "2019-09-30": "", "2019-06-30": "", "2019-03-31": "", "2018-12-31": "", "2018-09-30": "", "2018-06-30": "", "2018-03-31": "", "2017-12-31": "", "2017-09-30": "", "2017-06-30": "", "2017-03-31": "", "2016-12-31": "", "2016-09-30": "", "2016-06-30": "", "2016-03-31": "", "2015-12-31": "", "2015-09-30": "", "2015-06-30": "", "2015-03-31": "", "2014-12-31": "", "2014-09-30": "", "2014-06-30": "", "2014-03-31": "", "2013-12-31": "", "2013-09-30": "", "2013-06-30": "", "2013-03-31": "", "2012-12-31": "", "2012-09-30": "", "2012-06-30": "", "2012-03-31": "", "2011-12-31": "", "2011-09-30": "", "2011-06-30": "", "2011-03-31": "", "2010-12-31": "", "2010-09-30": "", "2010-06-30": "", "2010-03-31": "", "2009-12-31": "", "2009-09-30": "", "2009-06-30": "", "2009-03-31": "", "2008-12-31": "", "2008-09-30": "", "2008-06-30": "", "2008-03-31": "", "2007-12-31": "", "2007-09-30": "", "2007-06-30": "", "2007-03-31": "", "2006-12-31": "", "2006-09-30": "", "2006-06-30": "", "2006-03-31": "", "2005-12-31": "", "2005-09-30": "", "2005-06-30": "", "2005-03-31": ""}, "Pre-Paid Expenses": {"2020-12-31": "", "2020-09-30": "", "2020-06-30": "", "2020-03-31": "", "2019-12-31": "", "2019-09-30": "", "2019-06-30": "", "2019-03-31": "", "2018-12-31": "", "2018-09-30": "", "2018-06-30": "", "2018-03-31": "", "2017-12-31": "", "2017-09-30": "", "2017-06-30": "", "2017-03-31": "", "2016-12-31": "", "2016-09-30": "", "2016-06-30": "", "2016-03-31": "", "2015-12-31": "", "2015-09-30": "", "2015-06-30": "", "2015-03-31": "", "2014-12-31": "", "2014-09-30": "", "2014-06-30": "", "2014-03-31": "", "2013-12-31": "", "2013-09-30": "", "2013-06-30": "", "2013-03-31": "", "2012-12-31": "", "2012-09-30": "", "2012-06-30": "", "2012-03-31": "", "2011-12-31": "", "2011-09-30": "", "2011-06-30": "", "2011-03-31": "", "2010-12-31": "", "2010-09-30": "", "2010-06-30": "", "2010-03-31": "", "2009-12-31": "", "2009-09-30": "", "2009-06-30": "", "2009-03-31": "", "2008-12-31": "", "2008-09-30": "", "2008-06-30": "", "2008-03-31": "", "2007-12-31": "", "2007-09-30": "", "2007-06-30": "", "2007-03-31": "", "2006-12-31": "", "2006-09-30": "", "2006-06-30": "", "2006-03-31": "", "2005-12-31": "", "2005-09-30": "", "2005-06-30": "", "2005-03-31": ""}, "Other Current Assets": {"2020-12-31": "", "2020-09-30": "", "2020-06-30": "", "2020-03-31": "", "2019-12-31": "", "2019-09-30": "", "2019-06-30": "", "2019-03-31": "", "2018-12-31": "", "2018-09-30": "", "2018-06-30": "", "2018-03-31": "", "2017-12-31": "", "2017-09-30": "", "2017-06-30": "", "2017-03-31": "", "2016-12-31": "", "2016-09-30": "", "2016-06-30": "", "2016-03-31": "", "2015-12-31": "", "2015-09-30": "", "2015-06-30": "", "2015-03-31": "", "2014-12-31": "", "2014-09-30": "", "2014-06-30": "", "2014-03-31": "", "2013-12-31": "", "2013-09-30": "", "2013-06-30": "", "2013-03-31": "", "2012-12-31": "", "2012-09-30": "", "2012-06-30": "", "2012-03-31": "", "2011-12-31": "", "2011-09-30": "", "2011-06-30": "", "2011-03-31": "", "2010-12-31": "", "2010-09-30": "", "2010-06-30": "", "2010-03-31": "", "2009-12-31": "", "2009-09-30": "", "2009-06-30": "", "2009-03-31": "", "2008-12-31": "", "2008-09-30": "", "2008-06-30": "", "2008-03-31": "", "2007-12-31": "", "2007-09-30": "", "2007-06-30": "", "2007-03-31": "", "2006-12-31": "", "2006-09-30": "", "2006-06-30": "", "2006-03-31": "", "2005-12-31": "", "2005-09-30": "", "2005-06-30": "", "2005-03-31": ""}, "Total Current Assets": {"2020-12-31": "19224.14000", "2020-09-30": "18631.44000", "2020-06-30": "18842.14000", "2020-03-31": "16658.40000", "2019-12-31": "16356.57000", "2019-09-30": "16067.13000", "2019-06-30": "15804.15000", "2019-03-31": "15304.90000", "2018-12-31": "15929.21000", "2018-09-30": "15324.52000", "2018-06-30": "15078.87000", "2018-03-31": "15057.03000", "2017-12-31": "15075.65000", "2017-09-30": "14929.38000", "2017-06-30": "14669.18000", "2017-03-31": "14714.04000", "2016-12-31": "14800.92000", "2016-09-30": "14305.93000", "2016-06-30": "14452.07000", "2016-03-31": "14010.15000", "2015-12-31": "13682.38000", "2015-09-30": "13525.10000", "2015-06-30": "13555.12000", "2015-03-31": "13188.97000", "2014-12-31": "13478.78000", "2014-09-30": "12923.15000", "2014-06-30": "12829.07000", "2014-03-31": "12774.43000", "2013-12-31": "13234.81000", "2013-09-30": "12777.44000", "2013-06-30": "11857.23000", "2013-03-31": "11667.93000", "2012-12-31": "11676.34000", "2012-09-30": "10905.31000", "2012-06-30": "10582.23000", "2012-03-31": "10394.71000", "2011-12-31": "10409.43000", "2011-09-30": "10354.04000", "2011-06-30": "10857.11000", "2011-03-31": "10520.48000", "2010-12-31": "10199.58000", "2010-09-30": "10548.58000", "2010-06-30": "10696.23000", "2010-03-31": "10558.39000", "2009-12-31": "10770.02000", "2009-09-30": "10893.69000", "2009-06-30": "11344.16000", "2009-03-31": "12288.21000", "2008-12-31": "12780.74000", "2008-09-30": "12189.07000", "2008-06-30": "12408.75000", "2008-03-31": "12346.15000", "2007-12-31": "12062.40000", "2007-09-30": "11702.40000", "2007-06-30": "11435.18000", "2007-03-31": "11132.59000", "2006-12-31": "10989.38000", "2006-09-30": "10684.35000", "2006-06-30": "10168.31000", "2006-03-31": "9609.17200", "2005-12-31": "9469.83000", "2005-09-30": "9216.62100", "2005-06-30": "9055.35800", "2005-03-31": "8969.77300"}, "Property, Plant, And Equipment": {"2020-12-31": "371.08300", "2020-09-30": "377.85300", "2020-06-30": "368.56500", "2020-03-31": "369.74500", "2019-12-31": "370.63700", "2019-09-30": "365.94900", "2019-06-30": "363.55400", "2019-03-31": "362.67900", "2018-12-31": "333.11900", "2018-09-30": "331.86900", "2018-06-30": "331.78200", "2018-03-31": "332.25300", "2017-12-31": "335.11000", "2017-09-30": "335.34800", "2017-06-30": "334.58600", "2017-03-31": "335.19100", "2016-12-31": "337.70500", "2016-09-30": "339.19600", "2016-06-30": "342.23700", "2016-03-31": "350.42300", "2015-12-31": "352.58100", "2015-09-30": "351.94600", "2015-06-30": "353.36600", "2015-03-31": "356.30900", "2014-12-31": "357.87100", "2014-09-30": "357.12200", "2014-06-30": "346.36300", "2014-03-31": "344.79000", "2013-12-31": "349.65400", "2013-09-30": "353.47300", "2013-06-30": "352.46200", "2013-03-31": "355.46400", "2012-12-31": "357.61200", "2012-09-30": "350.04000", "2012-06-30": "350.89700", "2012-03-31": "353.86600", "2011-12-31": "360.14600", "2011-09-30": "368.96500", "2011-06-30": "374.73200", "2011-03-31": "378.72100", "2010-12-31": "383.39700", "2010-09-30": "387.79200", "2010-06-30": "393.13300", "2010-03-31": "396.29600", "2009-12-31": "402.63300", "2009-09-30": "403.90000", "2009-06-30": "406.61200", "2009-03-31": "407.06400", "2008-12-31": "411.16800", "2008-09-30": "409.67600", "2008-06-30": "406.44600", "2008-03-31": "408.18600", "2007-12-31": "406.24900", "2007-09-30": "403.74700", "2007-06-30": "397.10800", "2007-03-31": "389.71400", "2006-12-31": "386.09500", "2006-09-30": "388.33700", "2006-06-30": "367.95400", "2006-03-31": "368.20900", "2005-12-31": "374.19200", "2005-09-30": "376.99900", "2005-06-30": "372.29100", "2005-03-31": "368.51200"}, "Long-Term Investments": {"2020-12-31": "12610.37000", "2020-09-30": "11665.80000", "2020-06-30": "10439.32000", "2020-03-31": "8837.69800", "2019-12-31": "8713.72700", "2019-09-30": "8811.81600", "2019-06-30": "8817.08500", "2019-03-31": "8762.08800", "2018-12-31": "8671.60700", "2018-09-30": "8806.57300", "2018-06-30": "8529.12900", "2018-03-31": "8592.01200", "2017-12-31": "8875.03800", "2017-09-30": "9208.55500", "2017-06-30": "9542.08900", "2017-03-31": "9773.66300", "2016-12-31": "9748.76100", "2016-09-30": "9547.09500", "2016-06-30": "9333.27600", "2016-03-31": "9669.43800", "2015-12-31": "9889.79000", "2015-09-30": "9589.59300", "2015-06-30": "9330.16700", "2015-03-31": "10027.80000", "2014-12-31": "9630.43500", "2014-09-30": "8980.11900", "2014-06-30": "9376.38800", "2014-03-31": "9241.23500", "2013-12-31": "9023.00400", "2013-09-30": "8691.80200", "2013-06-30": "9041.28500", "2013-03-31": "9691.37100", "2012-12-31": "9640.89800", "2012-09-30": "9138.49100", "2012-06-30": "9322.64200", "2012-03-31": "9241.13400", "2011-12-31": "9340.53400", "2011-09-30": "9389.87400", "2011-06-30": "7827.50100", "2011-03-31": "7604.29800", "2010-12-31": "7397.82400", "2010-09-30": "7274.76000", "2010-06-30": "6757.23300", "2010-03-31": "6378.75000", "2009-12-31": "6463.05300", "2009-09-30": "6209.36400", "2009-06-30": "5290.26800", "2009-03-31": "4690.98500", "2008-12-31": "3770.65300", "2008-09-30": "3812.91100", "2008-06-30": "3761.05200", "2008-03-31": "3531.16000", "2007-12-31": "3270.53700", "2007-09-30": "3504.89000", "2007-06-30": "3221.52300", "2007-03-31": "3322.29200", "2006-12-31": "3489.64700", "2006-09-30": "3620.37400", "2006-06-30": "3418.87800", "2006-03-31": "3486.17600", "2005-12-31": "3745.22200", "2005-09-30": "4104.17300", "2005-06-30": "4431.85200", "2005-03-31": "4517.17500"}, "Goodwill And Intangible Assets": {"2020-12-31": "150.12800", "2020-09-30": "146.10400", "2020-06-30": "146.10000", "2020-03-31": "147.35400", "2019-12-31": "148.45500", "2019-09-30": "148.06000", "2019-06-30": "147.68400", "2019-03-31": "147.43200", "2018-12-31": "147.71500", "2018-09-30": "147.39100", "2018-06-30": "147.00400", "2018-03-31": "146.81400", "2017-12-31": "146.53900", "2017-09-30": "146.30900", "2017-06-30": "145.92300", "2017-03-31": "145.62100", "2016-12-31": "145.63000", "2016-09-30": "145.54200", "2016-06-30": "145.48200", "2016-03-31": "145.46000", "2015-12-31": "145.59000", "2015-09-30": "145.74700", "2015-06-30": "145.89900", "2015-03-31": "146.06400", "2014-12-31": "146.37100", "2014-09-30": "146.69200", "2014-06-30": "147.17000", "2014-03-31": "147.73200", "2013-12-31": "148.18900", "2013-09-30": "147.72600", "2013-06-30": "130.10200", "2013-03-31": "130.45500", "2012-12-31": "130.88500", "2012-09-30": "131.38900", "2012-06-30": "131.96600", "2012-03-31": "132.65500", "2011-12-31": "133.29900", "2011-09-30": "134.03700", "2011-06-30": "134.97900", "2011-03-31": "135.76700", "2010-12-31": "136.52200", "2010-09-30": "136.87000", "2010-06-30": "137.86300", "2010-03-31": "139.00400", "2009-12-31": "139.91800", "2009-09-30": "140.64500", "2009-06-30": "141.43400", "2009-03-31": "141.92400", "2008-12-31": "142.77600", "2008-09-30": "143.88400", "2008-06-30": "144.93300", "2008-03-31": "146.24600", "2007-12-31": "145.98300", "2007-09-30": "147.41000", "2007-06-30": "128.75700", "2007-03-31": "115.36500", "2006-12-31": "117.27600", "2006-09-30": "114.25800", "2006-06-30": "48.52200", "2006-03-31": "48.52200", "2005-12-31": "48.56900", "2005-09-30": "48.52200", "2005-06-30": "48.57600", "2005-03-31": "48.64000"}, "Other Long-Term Assets": {"2020-12-31": "567.24800", "2020-09-30": "632.62100", "2020-06-30": "699.99600", "2020-03-31": "779.81500", "2019-12-31": "476.40000", "2019-09-30": "483.52700", "2019-06-30": "639.70000", "2019-03-31": "456.37500", "2018-12-31": "382.19400", "2018-09-30": "452.03500", "2018-06-30": "437.95400", "2018-03-31": "483.12900", "2017-12-31": "401.07400", "2017-09-30": "359.55100", "2017-06-30": "387.06500", "2017-03-31": "339.66000", "2016-12-31": "608.40800", "2016-09-30": "396.70900", "2016-06-30": "436.62700", "2016-03-31": "331.47800", "2015-12-31": "534.62500", "2015-09-30": "355.26400", "2015-06-30": "321.38200", "2015-03-31": "330.33800", "2014-12-31": "380.82300", "2014-09-30": "294.46200", "2014-06-30": "306.19100", "2014-03-31": "328.93100", "2013-12-31": "316.37800", "2013-09-30": "481.85500", "2013-06-30": "529.27500", "2013-03-31": "381.98400", "2012-12-31": "353.85300", "2012-09-30": "353.53900", "2012-06-30": "355.25300", "2012-03-31": "404.54800", "2011-12-31": "405.96200", "2011-09-30": "391.75600", "2011-06-30": "376.54000", "2011-03-31": "378.02600", "2010-12-31": "385.01600", "2010-09-30": "403.76200", "2010-06-30": "394.85600", "2010-03-31": "563.75700", "2009-12-31": "344.56900", "2009-09-30": "305.50500", "2009-06-30": "537.56700", "2009-03-31": "419.27500", "2008-12-31": "427.10600", "2008-09-30": "397.85600", "2008-06-30": "297.27400", "2008-03-31": "336.05800", "2007-12-31": "319.66000", "2007-09-30": "265.86400", "2007-06-30": "336.80500", "2007-03-31": "234.83500", "2006-12-31": "247.95100", "2006-09-30": "344.29200", "2006-06-30": "269.73300", "2006-03-31": "219.04400", "2005-12-31": "247.73200", "2005-09-30": "201.76200", "2005-06-30": "210.11600", "2005-03-31": "199.17200"}, "Total Long-Term Assets": {"2020-12-31": "13698.83000", "2020-09-30": "12822.37000", "2020-06-30": "11653.98000", "2020-03-31": "10134.61000", "2019-12-31": "9709.21900", "2019-09-30": "9809.35300", "2019-06-30": "9968.02200", "2019-03-31": "9728.57300", "2018-12-31": "9534.63600", "2018-09-30": "9737.86800", "2018-06-30": "9445.86900", "2018-03-31": "9554.20800", "2017-12-31": "9757.76200", "2017-09-30": "10049.76000", "2017-06-30": "10409.66000", "2017-03-31": "10594.14000", "2016-12-31": "10840.50000", "2016-09-30": "10428.54000", "2016-06-30": "10257.62000", "2016-03-31": "10496.80000", "2015-12-31": "10922.59000", "2015-09-30": "10442.55000", "2015-06-30": "10150.81000", "2015-03-31": "10860.51000", "2014-12-31": "10515.50000", "2014-09-30": "9778.39600", "2014-06-30": "10176.11000", "2014-03-31": "10062.69000", "2013-12-31": "9837.22600", "2013-09-30": "9674.85500", "2013-06-30": "10053.12000", "2013-03-31": "10559.27000", "2012-12-31": "10483.25000", "2012-09-30": "9973.45900", "2012-06-30": "10160.76000", "2012-03-31": "10132.20000", "2011-12-31": "10239.94000", "2011-09-30": "10284.63000", "2011-06-30": "8713.75300", "2011-03-31": "8496.81300", "2010-12-31": "8302.75900", "2010-09-30": "8203.18400", "2010-06-30": "7683.08400", "2010-03-31": "7477.80700", "2009-12-31": "7350.17300", "2009-09-30": "7059.41400", "2009-06-30": "6375.88000", "2009-03-31": "5659.24800", "2008-12-31": "4751.70300", "2008-09-30": "4764.32700", "2008-06-30": "4609.70500", "2008-03-31": "4421.65000", "2007-12-31": "4142.42900", "2007-09-30": "4321.91100", "2007-06-30": "4084.19300", "2007-03-31": "4062.20600", "2006-12-31": "4240.96900", "2006-09-30": "4467.26100", "2006-06-30": "4105.08700", "2006-03-31": "4121.95100", "2005-12-31": "4415.71500", "2005-09-30": "4731.45600", "2005-06-30": "5062.83500", "2005-03-31": "5133.49900"}, "Total Assets": {"2020-12-31": "32922.97000", "2020-09-30": "31453.82000", "2020-06-30": "30496.12000", "2020-03-31": "26793.02000", "2019-12-31": "26065.79000", "2019-09-30": "25876.48000", "2019-06-30": "25772.17000", "2019-03-31": "25033.47000", "2018-12-31": "25463.84000", "2018-09-30": "25062.39000", "2018-06-30": "24524.74000", "2018-03-31": "24611.24000", "2017-12-31": "24833.41000", "2017-09-30": "24979.14000", "2017-06-30": "25078.84000", "2017-03-31": "25308.17000", "2016-12-31": "25641.42000", "2016-09-30": "24734.47000", "2016-06-30": "24709.69000", "2016-03-31": "24506.95000", "2015-12-31": "24604.96000", "2015-09-30": "23967.65000", "2015-06-30": "23705.94000", "2015-03-31": "24049.48000", "2014-12-31": "23994.28000", "2014-09-30": "22701.54000", "2014-06-30": "23005.18000", "2014-03-31": "22837.12000", "2013-12-31": "23072.04000", "2013-09-30": "22452.30000", "2013-06-30": "21910.35000", "2013-03-31": "22227.21000", "2012-12-31": "22159.59000", "2012-09-30": "20878.77000", "2012-06-30": "20742.99000", "2012-03-31": "20526.92000", "2011-12-31": "20649.37000", "2011-09-30": "20638.67000", "2011-06-30": "19570.86000", "2011-03-31": "19017.30000", "2010-12-31": "18502.34000", "2010-09-30": "18751.76000", "2010-06-30": "18379.31000", "2010-03-31": "18036.20000", "2009-12-31": "18120.19000", "2009-09-30": "17953.11000", "2009-06-30": "17720.04000", "2009-03-31": "17947.46000", "2008-12-31": "17532.45000", "2008-09-30": "16953.40000", "2008-06-30": "17018.46000", "2008-03-31": "16767.80000", "2007-12-31": "16204.83000", "2007-09-30": "16024.31000", "2007-06-30": "15519.37000", "2007-03-31": "15194.80000", "2006-12-31": "15230.35000", "2006-09-30": "15151.61000", "2006-06-30": "14273.40000", "2006-03-31": "13731.12000", "2005-12-31": "13885.54000", "2005-09-30": "13948.08000", "2005-06-30": "14118.19000", "2005-03-31": "14103.27000"}, "Total Current Liabilities": {"2020-12-31": "29045.12000", "2020-09-30": "27354.84000", "2020-06-30": "26267.40000", "2020-03-31": "22203.88000", "2019-12-31": "22371.19000", "2019-09-30": "21951.42000", "2019-06-30": "22223.90000", "2019-03-31": "21697.11000", "2018-12-31": "22280.05000", "2018-09-30": "21995.74000", "2018-06-30": "21488.32000", "2018-03-31": "21670.80000", "2017-12-31": "21932.58000", "2017-09-30": "21852.76000", "2017-06-30": "22082.11000", "2017-03-31": "22413.00000", "2016-12-31": "22825.00000", "2016-09-30": "21656.05000", "2016-06-30": "21782.32000", "2016-03-31": "21643.70000", "2015-12-31": "21942.41000", "2015-09-30": "21179.96000", "2015-06-30": "20954.75000", "2015-03-31": "21186.96000", "2014-12-31": "21338.29000", "2014-09-30": "19981.80000", "2014-06-30": "20094.16000", "2014-03-31": "20164.49000", "2013-12-31": "20393.91000", "2013-09-30": "19978.16000", "2013-06-30": "19517.63000", "2013-03-31": "19641.72000", "2012-12-31": "19432.20000", "2012-09-30": "18107.58000", "2012-06-30": "18137.38000", "2012-03-31": "17894.75000", "2011-12-31": "18055.96000", "2011-09-30": "17071.80000", "2011-06-30": "16939.04000", "2011-03-31": "16462.49000", "2010-12-31": "16067.85000", "2010-09-30": "15922.11000", "2010-06-30": "15492.50000", "2010-03-31": "15003.53000", "2009-12-31": "15313.64000", "2009-09-30": "14970.99000", "2009-06-30": "14880.46000", "2009-03-31": "14959.16000", "2008-12-31": "13921.27000", "2008-09-30": "13872.06000", "2008-06-30": "14149.43000", "2008-03-31": "14048.30000", "2007-12-31": "13790.77000", "2007-09-30": "14010.87000", "2007-06-30": "13556.33000", "2007-03-31": "13566.43000", "2006-12-31": "13516.14000", "2006-09-30": "13333.34000", "2006-06-30": "12628.86000", "2006-03-31": "12056.28000", "2005-12-31": "12178.24000", "2005-09-30": "12119.55000", "2005-06-30": "12260.85000", "2005-03-31": "12252.34000"}, "Long Term Debt": {"2020-12-31": "0.80200", "2020-09-30": "0.78200", "2020-06-30": "1.47500", "2020-03-31": "756.46100", "2019-12-31": "2.41800", "2019-09-30": "257.38300", "2019-06-30": "4.51000", "2019-03-31": "2.02200", "2018-12-31": "8.70200", "2018-09-30": "1.53400", "2018-06-30": "9.29100", "2018-03-31": "9.21400", "2017-12-31": "1.75800", "2017-09-30": "102.55300", "2017-06-30": "101.90300", "2017-03-31": "101.97500", "2016-12-31": "102.04900", "2016-09-30": "101.41500", "2016-06-30": "103.87800", "2016-03-31": "103.80600", "2015-12-31": "103.81800", "2015-09-30": "103.83100", "2015-06-30": "103.84300", "2015-03-31": "103.85400", "2014-12-31": "104.05800", "2014-09-30": "105.07700", "2014-06-30": "105.09600", "2014-03-31": "105.11400", "2013-12-31": "107.31000", "2013-09-30": "105.92800", "2013-06-30": "102.76600", "2013-03-31": "102.78300", "2012-12-31": "103.71000", "2012-09-30": "103.74400", "2012-06-30": "111.29200", "2012-03-31": "111.52000", "2011-12-31": "111.81700", "2011-09-30": "111.86900", "2011-06-30": "111.92900", "2011-03-31": "111.97200", "2010-12-31": "112.27300", "2010-09-30": "337.86300", "2010-06-30": "363.99700", "2010-03-31": "731.50700", "2009-12-31": "736.06200", "2009-09-30": "821.94100", "2009-06-30": "847.10800", "2009-03-31": "847.27500", "2008-12-31": "1747.78100", "2008-09-30": "1250.51000", "2008-06-30": "1075.68500", "2008-03-31": "781.86400", "2007-12-31": "583.63900", "2007-09-30": "345.74900", "2007-06-30": "346.13700", "2007-03-31": "39.23500", "2006-12-31": "53.93400", "2006-09-30": "166.37200", "2006-06-30": "144.91900", "2006-03-31": "258.61600", "2005-12-31": "269.39000", "2005-09-30": "370.72900", "2005-06-30": "371.78100", "2005-03-31": "388.32800"}, "Other Non-Current Liabilities": {"2020-12-31": "477.07200", "2020-09-30": "791.92800", "2020-06-30": "869.07200", "2020-03-31": "580.21600", "2019-12-31": "553.71200", "2019-09-30": "561.65700", "2019-06-30": "372.39900", "2019-03-31": "291.13200", "2018-12-31": "237.94300", "2018-09-30": "257.31100", "2018-06-30": "255.75200", "2018-03-31": "225.50000", "2017-12-31": "180.88900", "2017-09-30": "319.35400", "2017-06-30": "266.62700", "2017-03-31": "229.62900", "2016-12-31": "213.24300", "2016-09-30": "416.18900", "2016-06-30": "296.67500", "2016-03-31": "312.16700", "2015-12-31": "191.32100", "2015-09-30": "312.81700", "2015-06-30": "331.98000", "2015-03-31": "353.26000", "2014-12-31": "217.68000", "2014-09-30": "325.80100", "2014-06-30": "543.77100", "2014-03-31": "294.00900", "2013-12-31": "356.42300", "2013-09-30": "186.72600", "2013-06-30": "183.16600", "2013-03-31": "303.50900", "2012-12-31": "452.10200", "2012-09-30": "360.37400", "2012-06-30": "263.55200", "2012-03-31": "321.44300", "2011-12-31": "311.22500", "2011-09-30": "1325.02900", "2011-06-30": "388.32800", "2011-03-31": "372.34500", "2010-12-31": "298.75400", "2010-09-30": "445.17700", "2010-06-30": "534.19700", "2010-03-31": "373.72300", "2009-12-31": "184.58000", "2009-09-30": "309.53400", "2009-06-30": "294.16300", "2009-03-31": "530.97800", "2008-12-31": "283.92900", "2008-09-30": "232.21700", "2008-06-30": "187.81200", "2008-03-31": "359.51400", "2007-12-31": "302.73500", "2007-09-30": "176.12400", "2007-06-30": "159.22100", "2007-03-31": "143.12000", "2006-12-31": "218.16500", "2006-09-30": "192.11600", "2006-06-30": "168.22700", "2006-03-31": "97.98200", "2005-12-31": "100.07700", "2005-09-30": "93.76100", "2005-06-30": "109.39200", "2005-03-31": "91.03800"}, "Total Long Term Liabilities": {"2020-12-31": "477.87400", "2020-09-30": "792.71000", "2020-06-30": "870.54700", "2020-03-31": "1336.67700", "2019-12-31": "556.13000", "2019-09-30": "819.04000", "2019-06-30": "376.90900", "2019-03-31": "293.15400", "2018-12-31": "246.64500", "2018-09-30": "258.84500", "2018-06-30": "265.04300", "2018-03-31": "234.71400", "2017-12-31": "182.64700", "2017-09-30": "421.90700", "2017-06-30": "368.53000", "2017-03-31": "331.60400", "2016-12-31": "315.29200", "2016-09-30": "517.60400", "2016-06-30": "400.55300", "2016-03-31": "415.97300", "2015-12-31": "295.13900", "2015-09-30": "416.64800", "2015-06-30": "435.82300", "2015-03-31": "457.11400", "2014-12-31": "321.73800", "2014-09-30": "430.87800", "2014-06-30": "648.86700", "2014-03-31": "399.12300", "2013-12-31": "463.73300", "2013-09-30": "292.65400", "2013-06-30": "285.93200", "2013-03-31": "406.29200", "2012-12-31": "555.81200", "2012-09-30": "464.11800", "2012-06-30": "374.84400", "2012-03-31": "432.96300", "2011-12-31": "423.04200", "2011-09-30": "1436.89800", "2011-06-30": "500.25700", "2011-03-31": "484.31700", "2010-12-31": "411.02700", "2010-09-30": "783.04000", "2010-06-30": "898.19400", "2010-03-31": "1105.23000", "2009-12-31": "920.64200", "2009-09-30": "1131.47500", "2009-06-30": "1141.27100", "2009-03-31": "1378.25300", "2008-12-31": "2031.71000", "2008-09-30": "1482.72700", "2008-06-30": "1263.49700", "2008-03-31": "1141.37800", "2007-12-31": "886.37400", "2007-09-30": "521.87300", "2007-06-30": "505.35800", "2007-03-31": "182.35500", "2006-12-31": "272.09900", "2006-09-30": "358.48800", "2006-06-30": "313.14600", "2006-03-31": "356.59800", "2005-12-31": "369.46700", "2005-09-30": "464.49000", "2005-06-30": "481.17300", "2005-03-31": "479.36600"}, "Total Liabilities": {"2020-12-31": "29523.00000", "2020-09-30": "28147.55000", "2020-06-30": "27137.95000", "2020-03-31": "23540.55000", "2019-12-31": "22927.32000", "2019-09-30": "22770.46000", "2019-06-30": "22600.81000", "2019-03-31": "21990.26000", "2018-12-31": "22526.69000", "2018-09-30": "22254.58000", "2018-06-30": "21753.36000", "2018-03-31": "21905.51000", "2017-12-31": "22115.23000", "2017-09-30": "22274.66000", "2017-06-30": "22450.64000", "2017-03-31": "22744.61000", "2016-12-31": "23140.29000", "2016-09-30": "22173.65000", "2016-06-30": "22182.87000", "2016-03-31": "22059.67000", "2015-12-31": "22237.54000", "2015-09-30": "21596.61000", "2015-06-30": "21390.57000", "2015-03-31": "21644.08000", "2014-12-31": "21660.03000", "2014-09-30": "20412.68000", "2014-06-30": "20743.03000", "2014-03-31": "20563.61000", "2013-12-31": "20857.64000", "2013-09-30": "20270.81000", "2013-06-30": "19803.56000", "2013-03-31": "20048.02000", "2012-12-31": "19988.02000", "2012-09-30": "18571.70000", "2012-06-30": "18512.22000", "2012-03-31": "18327.71000", "2011-12-31": "18479.01000", "2011-09-30": "18508.70000", "2011-06-30": "17439.29000", "2011-03-31": "16946.81000", "2010-12-31": "16478.88000", "2010-09-30": "16705.15000", "2010-06-30": "16390.70000", "2010-03-31": "16108.76000", "2009-12-31": "16234.28000", "2009-09-30": "16102.46000", "2009-06-30": "16021.73000", "2009-03-31": "16337.42000", "2008-12-31": "15952.98000", "2008-09-30": "15354.79000", "2008-06-30": "15412.92000", "2008-03-31": "15189.68000", "2007-12-31": "14677.14000", "2007-09-30": "14532.74000", "2007-06-30": "14061.68000", "2007-03-31": "13748.78000", "2006-12-31": "13788.24000", "2006-09-30": "13691.83000", "2006-06-30": "12942.00000", "2006-03-31": "12412.88000", "2005-12-31": "12547.71000", "2005-09-30": "12584.04000", "2005-06-30": "12742.02000", "2005-03-31": "12731.70000"}, "Common Stock Net": {"2020-12-31": "589.35200", "2020-09-30": "563.97800", "2020-06-30": "563.97800", "2020-03-31": "563.97800", "2019-12-31": "563.97800", "2019-09-30": "559.43200", "2019-06-30": "559.43200", "2019-03-31": "559.43200", "2018-12-31": "559.43200", "2018-09-30": "535.40700", "2018-06-30": "535.40700", "2018-03-31": "535.40700", "2017-12-31": "535.40700", "2017-09-30": "510.01500", "2017-06-30": "510.01500", "2017-03-31": "510.01500", "2016-12-31": "510.01500", "2016-09-30": "489.86200", "2016-06-30": "489.86200", "2016-03-31": "489.86200", "2015-12-31": "489.86200", "2015-09-30": "484.15500", "2015-06-30": "484.15500", "2015-03-31": "484.15500", "2014-12-31": "484.15500", "2014-09-30": "481.22400", "2014-06-30": "481.22400", "2014-03-31": "481.22400", "2013-12-31": "481.22400", "2013-09-30": "459.64700", "2013-06-30": "458.64600", "2013-03-31": "458.64600", "2012-12-31": "458.64600", "2012-09-30": "446.38700", "2012-06-30": "446.38700", "2012-03-31": "446.38700", "2011-12-31": "446.38700", "2011-09-30": "436.48100", "2011-06-30": "436.48100", "2011-03-31": "436.04300", "2010-12-31": "433.94200", "2010-09-30": "417.82700", "2010-06-30": "417.61700", "2010-03-31": "417.31500", "2009-12-31": "415.63700", "2009-09-30": "395.18200", "2009-06-30": "385.81200", "2009-03-31": "380.55000", "2008-12-31": "379.50500", "2008-09-30": "360.93500", "2008-06-30": "360.12500", "2008-03-31": "359.78200", "2007-12-31": "359.69400", "2007-09-30": "352.33000", "2007-06-30": "352.33000", "2007-03-31": "352.33000", "2006-12-31": "352.33000", "2006-09-30": "347.04900", "2006-06-30": "347.04900", "2006-03-31": "347.04900", "2005-12-31": "347.04900", "2005-09-30": "347.04900", "2005-06-30": "347.04900", "2005-03-31": "347.04900"}, "Retained Earnings (Accumulated Deficit)": {"2020-12-31": "73.00000", "2020-09-30": "326.89000", "2020-06-30": "232.08200", "2020-03-31": "224.64300", "2019-12-31": "201.56200", "2019-09-30": "463.23100", "2019-06-30": "384.23200", "2019-03-31": "307.19300", "2018-12-31": "241.16300", "2018-09-30": "493.64100", "2018-06-30": "408.37400", "2018-03-31": "325.39000", "2017-12-31": "221.37400", "2017-09-30": "440.26100", "2017-06-30": "390.85300", "2017-03-31": "337.04600", "2016-12-31": "292.84900", "2016-09-30": "515.08100", "2016-06-30": "470.55800", "2016-03-31": "424.67700", "2015-12-31": "383.31300", "2015-09-30": "555.87700", "2015-06-30": "514.45100", "2015-03-31": "463.70100", "2014-12-31": "426.64800", "2014-09-30": "583.49000", "2014-06-30": "537.75900", "2014-03-31": "492.55900", "2013-12-31": "449.83600", "2013-09-30": "610.72000", "2013-06-30": "563.16600", "2013-03-31": "517.79200", "2012-12-31": "477.21000", "2012-09-30": "717.13800", "2012-06-30": "671.29700", "2012-03-31": "620.78000", "2011-12-31": "575.41900", "2011-09-30": "690.98100", "2011-06-30": "645.15500", "2011-03-31": "596.17700", "2010-12-31": "555.77800", "2010-09-30": "669.48500", "2010-06-30": "633.22100", "2010-03-31": "593.10200", "2009-12-31": "568.53200", "2009-09-30": "696.87600", "2009-06-30": "664.18900", "2009-03-31": "645.73600", "2008-12-31": "633.15900", "2008-09-30": "760.14500", "2008-06-30": "753.49000", "2008-03-31": "715.51100", "2007-12-31": "669.14200", "2007-09-30": "794.77900", "2007-06-30": "756.01400", "2007-03-31": "717.75900", "2006-12-31": "683.17600", "2006-09-30": "806.55100", "2006-06-30": "768.60800", "2006-03-31": "729.58600", "2005-12-31": "693.02100", "2005-09-30": "822.43400", "2005-06-30": "775.40400", "2005-03-31": "737.00600"}, "Comprehensive Income": {"2020-12-31": "331.37700", "2020-09-30": "343.43500", "2020-06-30": "349.26100", "2020-03-31": "253.13600", "2019-12-31": "110.44400", "2019-09-30": "144.17300", "2019-06-30": "108.89800", "2019-03-31": "11.98100", "2018-12-31": "-64.66900", "2018-09-30": "-141.59600", "2018-06-30": "-108.78100", "2018-03-31": "-89.56300", "2017-12-31": "14.10800", "2017-09-30": "67.06100", "2017-06-30": "42.07000", "2017-03-31": "30.41200", "2016-12-31": "10.97500", "2016-09-30": "121.08200", "2016-06-30": "134.42400", "2016-03-31": "102.92900", "2015-12-31": "32.47000", "2015-09-30": "65.63600", "2015-06-30": "48.78900", "2015-03-31": "91.71700", "2014-12-31": "62.09300", "2014-09-30": "60.23100", "2014-06-30": "84.31400", "2014-03-31": "40.49900", "2013-12-31": "9.73100", "2013-09-30": "26.02500", "2013-06-30": "21.86400", "2013-03-31": "129.76300", "2012-12-31": "136.34400", "2012-09-30": "166.04000", "2012-06-30": "136.73200", "2012-03-31": "118.05600", "2011-12-31": "110.53800", "2011-09-30": "115.78100", "2011-06-30": "83.00000", "2011-03-31": "61.13400", "2010-12-31": "63.34500", "2010-09-30": "95.20400", "2010-06-30": "75.79700", "2010-03-31": "58.08800", "2009-12-31": "46.40700", "2009-09-30": "47.00300", "2009-06-30": "-7.92800", "2009-03-31": "-40.92000", "2008-12-31": "-56.72900", "2008-09-30": "-4.74900", "2008-06-30": "15.60000", "2008-03-31": "29.09100", "2007-12-31": "26.10700", "2007-09-30": "13.76400", "2007-06-30": "-6.94200", "2007-03-31": "6.07700", "2006-12-31": "-0.20000", "2006-09-30": "6.46000", "2006-06-30": "-17.43100", "2006-03-31": "-14.26300", "2005-12-31": "-3.88300", "2005-09-30": "6.04600", "2005-06-30": "25.29900", "2005-03-31": "5.41800"}, "Other Share Holders Equity": {"2020-12-31": "", "2020-09-30": "", "2020-06-30": "", "2020-03-31": "", "2019-12-31": "", "2019-09-30": "", "2019-06-30": "", "2019-03-31": "", "2018-12-31": "", "2018-09-30": "", "2018-06-30": "", "2018-03-31": "", "2017-12-31": "", "2017-09-30": "", "2017-06-30": "", "2017-03-31": "", "2016-12-31": "", "2016-09-30": "", "2016-06-30": "", "2016-03-31": "", "2015-12-31": "", "2015-09-30": "", "2015-06-30": "", "2015-03-31": "", "2014-12-31": "", "2014-09-30": "", "2014-06-30": "", "2014-03-31": "", "2013-12-31": "", "2013-09-30": "", "2013-06-30": "", "2013-03-31": "", "2012-12-31": "", "2012-09-30": "", "2012-06-30": "", "2012-03-31": "", "2011-12-31": "", "2011-09-30": "", "2011-06-30": "", "2011-03-31": "", "2010-12-31": "", "2010-09-30": "", "2010-06-30": "", "2010-03-31": "", "2009-12-31": "", "2009-09-30": "", "2009-06-30": "", "2009-03-31": "", "2008-12-31": "", "2008-09-30": "", "2008-06-30": "", "2008-03-31": "", "2007-12-31": "", "2007-09-30": "", "2007-06-30": "", "2007-03-31": "", "2006-12-31": "", "2006-09-30": "", "2006-06-30": "", "2006-03-31": "", "2005-12-31": "", "2005-09-30": "", "2005-06-30": "", "2005-03-31": "-4.15300"}, "Share Holder Equity": {"2020-12-31": "3399.97200", "2020-09-30": "3306.26400", "2020-06-30": "3358.16900", "2020-03-31": "3252.46400", "2019-12-31": "3138.47200", "2019-09-30": "3106.01400", "2019-06-30": "3171.36300", "2019-03-31": "3043.21300", "2018-12-31": "2937.14900", "2018-09-30": "2807.81000", "2018-06-30": "2771.38300", "2018-03-31": "2705.72800", "2017-12-31": "2718.18400", "2017-09-30": "2704.47700", "2017-06-30": "2628.20700", "2017-03-31": "2563.56500", "2016-12-31": "2501.13200", "2016-09-30": "2560.81300", "2016-06-30": "2526.82100", "2016-03-31": "2447.28200", "2015-12-31": "2367.41800", "2015-09-30": "2371.04300", "2015-06-30": "2315.36000", "2015-03-31": "2405.40700", "2014-12-31": "2334.24600", "2014-09-30": "2288.86900", "2014-06-30": "2262.15300", "2014-03-31": "2273.51100", "2013-12-31": "2214.39700", "2013-09-30": "2181.48600", "2013-06-30": "2106.78700", "2013-03-31": "2179.19100", "2012-12-31": "2171.57400", "2012-09-30": "2307.07200", "2012-06-30": "2230.76900", "2012-03-31": "2199.20600", "2011-12-31": "2170.36100", "2011-09-30": "2129.96500", "2011-06-30": "2131.56700", "2011-03-31": "2070.49000", "2010-12-31": "2023.46400", "2010-09-30": "2046.60500", "2010-06-30": "1988.61400", "2010-03-31": "1927.43500", "2009-12-31": "1885.90500", "2009-09-30": "1850.64400", "2009-06-30": "1698.30900", "2009-03-31": "1610.04100", "2008-12-31": "1579.46700", "2008-09-30": "1598.61100", "2008-06-30": "1605.54000", "2008-03-31": "1578.12100", "2007-12-31": "1527.68600", "2007-09-30": "1491.56600", "2007-06-30": "1457.68700", "2007-03-31": "1446.01500", "2006-12-31": "1442.11400", "2006-09-30": "1459.78700", "2006-06-30": "1331.39500", "2006-03-31": "1318.24500", "2005-12-31": "1337.83800", "2005-09-30": "1364.03800", "2005-06-30": "1376.16900", "2005-03-31": "1371.56900"}, "Total Liabilities And Share Holders Equity": {"2020-12-31": "32922.97000", "2020-09-30": "31453.82000", "2020-06-30": "30496.12000", "2020-03-31": "26793.02000", "2019-12-31": "26065.79000", "2019-09-30": "25876.48000", "2019-06-30": "25772.17000", "2019-03-31": "25033.47000", "2018-12-31": "25463.84000", "2018-09-30": "25062.39000", "2018-06-30": "24524.74000", "2018-03-31": "24611.24000", "2017-12-31": "24833.41000", "2017-09-30": "24979.14000", "2017-06-30": "25078.84000", "2017-03-31": "25308.17000", "2016-12-31": "25641.42000", "2016-09-30": "24734.47000", "2016-06-30": "24709.69000", "2016-03-31": "24506.95000", "2015-12-31": "24604.96000", "2015-09-30": "23967.65000", "2015-06-30": "23705.94000", "2015-03-31": "24049.48000", "2014-12-31": "23994.28000", "2014-09-30": "22701.54000", "2014-06-30": "23005.18000", "2014-03-31": "22837.12000", "2013-12-31": "23072.04000", "2013-09-30": "22452.30000", "2013-06-30": "21910.35000", "2013-03-31": "22227.21000", "2012-12-31": "22159.59000", "2012-09-30": "20878.77000", "2012-06-30": "20742.99000", "2012-03-31": "20526.92000", "2011-12-31": "20649.37000", "2011-09-30": "20638.67000", "2011-06-30": "19570.86000", "2011-03-31": "19017.30000", "2010-12-31": "18502.34000", "2010-09-30": "18751.76000", "2010-06-30": "18379.31000", "2010-03-31": "18036.20000", "2009-12-31": "18120.19000", "2009-09-30": "17953.11000", "2009-06-30": "17720.04000", "2009-03-31": "17947.46000", "2008-12-31": "17532.45000", "2008-09-30": "16953.40000", "2008-06-30": "17018.46000", "2008-03-31": "16767.80000", "2007-12-31": "16204.83000", "2007-09-30": "16024.31000", "2007-06-30": "15519.37000", "2007-03-31": "15194.80000", "2006-12-31": "15230.35000", "2006-09-30": "15151.61000", "2006-06-30": "14273.40000", "2006-03-31": "13731.12000", "2005-12-31": "13885.54000", "2005-09-30": "13948.08000", "2005-06-30": "14118.19000", "2005-03-31": "14103.27000"}}, "cash flow statement": {"Net Income/Loss": {"2020-12-31": "0.00000", "2019-12-31": "422.71200", "2018-12-31": "438.21400", "2017-12-31": "319.90000", "2016-12-31": "276.85400", "2015-12-31": "266.97500", "2014-12-31": "262.78400", "2013-12-31": "261.11700", "2012-12-31": "271.43900", "2011-12-31": "259.62300", "2010-12-31": "221.87500", "2009-12-31": "168.37500", "2008-12-31": "188.65500", "2007-12-31": "206.66000", "2006-12-31": "219.84200", "2005-12-31": "223.24700"}, "Total Depreciation And Amortization - Cash Flow": {"2020-12-31": "", "2019-12-31": "68.77600", "2018-12-31": "64.90300", "2017-12-31": "75.15500", "2016-12-31": "72.42200", "2015-12-31": "75.42100", "2014-12-31": "65.51400", "2013-12-31": "72.36300", "2012-12-31": "79.68600", "2011-12-31": "65.71500", "2010-12-31": "70.55900", "2009-12-31": "53.86200", "2008-12-31": "54.64200", "2007-12-31": "59.86700", "2006-12-31": "60.75400", "2005-12-31": "59.04800"}, "Other Non-Cash Items": {"2020-12-31": "", "2019-12-31": "63.38900", "2018-12-31": "61.35900", "2017-12-31": "45.91500", "2016-12-31": "45.83700", "2015-12-31": "39.98600", "2014-12-31": "21.84600", "2013-12-31": "39.40300", "2012-12-31": "41.60000", "2011-12-31": "41.53300", "2010-12-31": "97.54300", "2009-12-31": "102.92800", "2008-12-31": "78.78500", "2007-12-31": "27.25100", "2006-12-31": "17.91200", "2005-12-31": "23.00600"}, "Total Non-Cash Items": {"2020-12-31": "", "2019-12-31": "132.16500", "2018-12-31": "126.26200", "2017-12-31": "121.07000", "2016-12-31": "118.25900", "2015-12-31": "115.40700", "2014-12-31": "87.36000", "2013-12-31": "111.76600", "2012-12-31": "121.28600", "2011-12-31": "107.24800", "2010-12-31": "168.10200", "2009-12-31": "156.79000", "2008-12-31": "133.42700", "2007-12-31": "87.11800", "2006-12-31": "78.66600", "2005-12-31": "82.05400"}, "Change In Accounts Receivable": {"2020-12-31": "", "2019-12-31": "7.36600", "2018-12-31": "-5.97200", "2017-12-31": "-13.15800", "2016-12-31": "-12.08600", "2015-12-31": "-13.45400", "2014-12-31": "-2.18500", "2013-12-31": "3.23400", "2012-12-31": "25.49300", "2011-12-31": "30.68700", "2010-12-31": "286.10800", "2009-12-31": "23.08800", "2008-12-31": "-122.43000", "2007-12-31": "51.03100", "2006-12-31": "47.90900", "2005-12-31": "5.53400"}, "Change In Inventories": {"2020-12-31": "", "2019-12-31": "3.86300", "2018-12-31": "-14.27700", "2017-12-31": "7.58500", "2016-12-31": "73.78000", "2015-12-31": "-86.04500", "2014-12-31": "16.00500", "2013-12-31": "1.35800", "2012-12-31": "-9.64500", "2011-12-31": "2.35400", "2010-12-31": "-0.92800", "2009-12-31": "-14.01400", "2008-12-31": "13.28100", "2007-12-31": "-19.05800", "2006-12-31": "24.29200", "2005-12-31": "-15.53600"}, "Change In Accounts Payable": {"2020-12-31": "", "2019-12-31": "5.58600", "2018-12-31": "2.13700", "2017-12-31": "0.03800", "2016-12-31": "1.10700", "2015-12-31": "0.33600", "2014-12-31": "-0.23000", "2013-12-31": "-1.56900", "2012-12-31": "-1.27200", "2011-12-31": "-4.59800", "2010-12-31": "-9.46200", "2009-12-31": "-18.57400", "2008-12-31": "-28.35100", "2007-12-31": "5.27000", "2006-12-31": "25.46700", "2005-12-31": "16.21300"}, "Change In Assets/Liabilities": {"2020-12-31": "", "2019-12-31": "-73.36300", "2018-12-31": "-5.99200", "2017-12-31": "18.77700", "2016-12-31": "-7.46000", "2015-12-31": "-3.75700", "2014-12-31": "-3.24200", "2013-12-31": "-12.49400", "2012-12-31": "-10.02600", "2011-12-31": "-2.47200", "2010-12-31": "2.76800", "2009-12-31": "-17.31000", "2008-12-31": "33.91600", "2007-12-31": "-3.06200", "2006-12-31": "-19.22000", "2005-12-31": "-21.77000"}, "Total Change In Assets/Liabilities": {"2020-12-31": "", "2019-12-31": "-42.08300", "2018-12-31": "-11.81600", "2017-12-31": "-14.44300", "2016-12-31": "59.85000", "2015-12-31": "-91.18700", "2014-12-31": "10.69200", "2013-12-31": "-11.13400", "2012-12-31": "-8.84500", "2011-12-31": "40.49000", "2010-12-31": "281.20000", "2009-12-31": "-29.87700", "2008-12-31": "-104.78800", "2007-12-31": "41.92400", "2006-12-31": "93.02400", "2005-12-31": "-15.53700"}, "Cash Flow From Operating Activities": {"2020-12-31": "", "2019-12-31": "512.79400", "2018-12-31": "552.66000", "2017-12-31": "426.52700", "2016-12-31": "454.96300", "2015-12-31": "291.19500", "2014-12-31": "360.83600", "2013-12-31": "361.74900", "2012-12-31": "383.88000", "2011-12-31": "407.36100", "2010-12-31": "671.17700", "2009-12-31": "295.28800", "2008-12-31": "217.29400", "2007-12-31": "335.70200", "2006-12-31": "391.53200", "2005-12-31": "289.76400"}, "Net Change In Property, Plant, And Equipment": {"2020-12-31": "", "2019-12-31": "-40.54200", "2018-12-31": "-19.86700", "2017-12-31": "-27.63400", "2016-12-31": "-14.36600", "2015-12-31": "-26.35200", "2014-12-31": "-38.42200", "2013-12-31": "-20.34900", "2012-12-31": "-32.32600", "2011-12-31": "-18.73900", "2010-12-31": "-18.13100", "2009-12-31": "-29.09600", "2008-12-31": "-42.06800", "2007-12-31": "-50.21400", "2006-12-31": "-41.48100", "2005-12-31": "-61.75600"}, "Net Change In Intangible Assets": {"2020-12-31": "", "2019-12-31": "", "2018-12-31": "", "2017-12-31": "", "2016-12-31": "", "2015-12-31": "", "2014-12-31": "", "2013-12-31": "", "2012-12-31": "", "2011-12-31": "", "2010-12-31": "", "2009-12-31": "", "2008-12-31": "", "2007-12-31": "", "2006-12-31": "", "2005-12-31": ""}, "Net Acquisitions/Divestitures": {"2020-12-31": "", "2019-12-31": "", "2018-12-31": "", "2017-12-31": "", "2016-12-31": "", "2015-12-31": "", "2014-12-31": "-43.82700", "2013-12-31": "47.64300", "2012-12-31": "", "2011-12-31": "", "2010-12-31": "", "2009-12-31": "-3.49400", "2008-12-31": "-54.49000", "2007-12-31": "-14.04600", "2006-12-31": "-8.49800", "2005-12-31": ""}, "Net Change In Short-term Investments": {"2020-12-31": "", "2019-12-31": "", "2018-12-31": "", "2017-12-31": "", "2016-12-31": "", "2015-12-31": "", "2014-12-31": "", "2013-12-31": "", "2012-12-31": "", "2011-12-31": "", "2010-12-31": "", "2009-12-31": "", "2008-12-31": "", "2007-12-31": "", "2006-12-31": "", "2005-12-31": ""}, "Net Change In Long-Term Investments": {"2020-12-31": "", "2019-12-31": "-41.73300", "2018-12-31": "129.51610", "2017-12-31": "863.20300", "2016-12-31": "218.67600", "2015-12-31": "-163.39310", "2014-12-31": "-419.54310", "2013-12-31": "197.26900", "2012-12-31": "-435.31790", "2011-12-31": "-2335.07900", "2010-12-31": "-1280.63700", "2009-12-31": "-2538.76300", "2008-12-31": "-969.82500", "2007-12-31": "279.11500", "2006-12-31": "425.05190", "2005-12-31": "1001.93800"}, "Net Change In Investments - Total": {"2020-12-31": "", "2019-12-31": "-41.73300", "2018-12-31": "129.51610", "2017-12-31": "863.20300", "2016-12-31": "218.67600", "2015-12-31": "-163.39310", "2014-12-31": "-419.54310", "2013-12-31": "197.26900", "2012-12-31": "-435.31790", "2011-12-31": "-2335.07900", "2010-12-31": "-1280.63700", "2009-12-31": "-2538.76300", "2008-12-31": "-969.82500", "2007-12-31": "279.11500", "2006-12-31": "425.05190", "2005-12-31": "1001.93800"}, "Investing Activities - Other": {"2020-12-31": "", "2019-12-31": "-647.89000", "2018-12-31": "-200.67300", "2017-12-31": "-614.84900", "2016-12-31": "-1009.52300", "2015-12-31": "-1005.65700", "2014-12-31": "-560.89000", "2013-12-31": "-938.22300", "2012-12-31": "-693.19300", "2011-12-31": "168.98300", "2010-12-31": "644.31400", "2009-12-31": "999.08600", "2008-12-31": "-412.59300", "2007-12-31": "-793.21400", "2006-12-31": "-764.51900", "2005-12-31": "-631.39100"}, "Cash Flow From Investing Activities": {"2020-12-31": "", "2019-12-31": "-730.16500", "2018-12-31": "-91.02400", "2017-12-31": "220.72000", "2016-12-31": "-805.21300", "2015-12-31": "-1195.40200", "2014-12-31": "-1062.68200", "2013-12-31": "-713.66000", "2012-12-31": "-1160.83700", "2011-12-31": "-2184.83500", "2010-12-31": "-654.45400", "2009-12-31": "-1572.26700", "2008-12-31": "-1478.97600", "2007-12-31": "-578.35900", "2006-12-31": "-389.44600", "2005-12-31": "308.79100"}, "Net Long-Term Debt": {"2020-12-31": "", "2019-12-31": "-6.39400", "2018-12-31": "6.94400", "2017-12-31": "-100.29100", "2016-12-31": "-1.76900", "2015-12-31": "-0.24000", "2014-12-31": "-353.25200", "2013-12-31": "-51.57800", "2012-12-31": "-8.10700", "2011-12-31": "-0.45600", "2010-12-31": "-723.78910", "2009-12-31": "-211.71900", "2008-12-31": "364.14500", "2007-12-31": "508.90500", "2006-12-31": "-252.32000", "2005-12-31": "-119.98500"}, "Net Current Debt": {"2020-12-31": "", "2019-12-31": "-105.61700", "2018-12-31": "449.25100", "2017-12-31": "-216.76700", "2016-12-31": "-239.64700", "2015-12-31": "101.03400", "2014-12-31": "865.96000", "2013-12-31": "315.00800", "2012-12-31": "-172.53100", "2011-12-31": "273.25400", "2010-12-31": "-20.36400", "2009-12-31": "-723.34600", "2008-12-31": "587.62200", "2007-12-31": "-542.99200", "2006-12-31": "417.44100", "2005-12-31": "-587.45100"}, "Debt Issuance/Retirement Net - Total": {"2020-12-31": "", "2019-12-31": "-112.01100", "2018-12-31": "456.19500", "2017-12-31": "-317.05800", "2016-12-31": "-241.41600", "2015-12-31": "100.79400", "2014-12-31": "512.70800", "2013-12-31": "263.43000", "2012-12-31": "-180.63800", "2011-12-31": "272.79800", "2010-12-31": "-744.15310", "2009-12-31": "-935.06500", "2008-12-31": "951.76700", "2007-12-31": "-34.08700", "2006-12-31": "165.12100", "2005-12-31": "-707.43600"}, "Net Common Equity Issued/Repurchased": {"2020-12-31": "", "2019-12-31": "-284.91200", "2018-12-31": "-75.24100", "2017-12-31": "-17.77900", "2016-12-31": "-39.38700", "2015-12-31": "-121.26200", "2014-12-31": "-262.32200", "2013-12-31": "-59.92700", "2012-12-31": "-90.08900", "2011-12-31": "-85.80500", "2010-12-31": "-29.67400", "2009-12-31": "103.11300", "2008-12-31": "6.48800", "2007-12-31": "-114.91700", "2006-12-31": "-127.68200", "2005-12-31": "-216.10800"}, "Net Total Equity Issued/Repurchased": {"2020-12-31": "", "2019-12-31": "-284.91200", "2018-12-31": "-75.24100", "2017-12-31": "-17.77900", "2016-12-31": "-39.38700", "2015-12-31": "-121.26200", "2014-12-31": "-117.53800", "2013-12-31": "-59.92700", "2012-12-31": "-90.08900", "2011-12-31": "-85.80500", "2010-12-31": "-29.67400", "2009-12-31": "103.11300", "2008-12-31": "6.48800", "2007-12-31": "-114.91700", "2006-12-31": "-127.68200", "2005-12-31": "-216.10800"}, "Total Common And Preferred Stock Dividends Paid": {"2020-12-31": "", "2019-12-31": "-122.46600", "2018-12-31": "-109.23800", "2017-12-31": "-100.61900", "2016-12-31": "-96.07000", "2015-12-31": "-93.96100", "2014-12-31": "-88.29100", "2013-12-31": "-82.10400", "2012-12-31": "-211.60800", "2011-12-31": "-79.14000", "2010-12-31": "-78.23100", "2009-12-31": "-74.72000", "2008-12-31": "-72.05500", "2007-12-31": "-68.91500", "2006-12-31": "-65.75800", "2005-12-31": "-63.42100"}, "Financial Activities - Other": {"2020-12-31": "", "2019-12-31": "435.32800", "2018-12-31": "-48.46400", "2017-12-31": "-489.08000", "2016-12-31": "1026.04500", "2015-12-31": "420.63800", "2014-12-31": "226.17000", "2013-12-31": "720.20100", "2012-12-31": "1521.56600", "2011-12-31": "1726.49700", "2010-12-31": "832.17600", "2009-12-31": "1348.12900", "2008-12-31": "346.59200", "2007-12-31": "634.50600", "2006-12-31": "506.41400", "2005-12-31": "407.82500"}, "Cash Flow From Financial Activities": {"2020-12-31": "", "2019-12-31": "-84.06100", "2018-12-31": "223.25200", "2017-12-31": "-924.53600", "2016-12-31": "649.17200", "2015-12-31": "306.20900", "2014-12-31": "533.04900", "2013-12-31": "841.60000", "2012-12-31": "1039.23100", "2011-12-31": "1834.35000", "2010-12-31": "-19.88200", "2009-12-31": "441.45700", "2008-12-31": "1232.79200", "2007-12-31": "416.58700", "2006-12-31": "478.09500", "2005-12-31": "-579.14000"}, "Net Cash Flow": {"2020-12-31": "", "2019-12-31": "-301.43200", "2018-12-31": "684.88800", "2017-12-31": "-277.28900", "2016-12-31": "298.92200", "2015-12-31": "-597.99800", "2014-12-31": "-168.79700", "2013-12-31": "489.68900", "2012-12-31": "262.27400", "2011-12-31": "56.87600", "2010-12-31": "-3.15900", "2009-12-31": "-835.52200", "2008-12-31": "-28.89000", "2007-12-31": "173.93000", "2006-12-31": "480.18100", "2005-12-31": "19.41500"}, "Stock-Based Compensation": {"2020-12-31": "", "2019-12-31": "13.85400", "2018-12-31": "12.84100", "2017-12-31": "12.10500", "2016-12-31": "11.52500", "2015-12-31": "10.14700", "2014-12-31": "8.82900", "2013-12-31": "6.42700", "2012-12-31": "5.00100", "2011-12-31": "4.73100", "2010-12-31": "6.02100", "2009-12-31": "6.64200", "2008-12-31": "6.38900", "2007-12-31": "6.26300", "2006-12-31": "4.78600", "2005-12-31": "6.62800"}, "Common Stock Dividends Paid": {"2020-12-31": "", "2019-12-31": "-113.46600", "2018-12-31": "-100.23800", "2017-12-31": "-91.61900", "2016-12-31": "-87.07000", "2015-12-31": "-84.96100", "2014-12-31": "-84.24100", "2013-12-31": "-82.10400", "2012-12-31": "-211.60800", "2011-12-31": "-79.14000", "2010-12-31": "-78.23100", "2009-12-31": "-74.72000", "2008-12-31": "-72.05500", "2007-12-31": "-68.91500", "2006-12-31": "-65.75800", "2005-12-31": "-63.42100"}}, "cash flow statement, quarterly": {"Net Income/Loss": {"2020-12-31": -221.689, "2020-09-30": 133.355, "2020-06-30": 38.731, "2020-03-31": "49.60300", "2019-12-31": 107.278, "2019-09-30": 110.08, "2019-06-30": 108.299, "2019-03-31": "97.05500", "2018-12-31": 110.76, "2018-09-30": 114.069, "2018-06-30": 111.324, "2018-03-31": "102.06100", "2017-12-31": 94.983, "2017-09-30": 74.226, "2017-06-30": 78.989, "2017-03-31": "71.70200", "2016-12-31": 72.374, "2016-09-30": 69.15, "2016-06-30": 69.808, "2016-03-31": "65.52200", "2015-12-31": 64.425, "2015-09-30": 65.213, "2015-06-30": 75.323, "2015-03-31": "62.01400", "2014-12-31": 63.742, "2014-09-30": 69.021, "2014-06-30": 65.9, "2014-03-31": "64.12100", "2013-12-31": 65.825, "2013-09-30": 68.445, "2013-06-30": 66.039, "2013-03-31": "60.80800", "2012-12-31": 66.603, "2012-09-30": 66.786, "2012-06-30": 71.236, "2012-03-31": "66.81400", "2011-12-31": 63.047, "2011-09-30": 66.009, "2011-06-30": 69.617, "2011-03-31": "60.95000", "2010-12-31": 62.225, "2010-09-30": 56.021, "2010-06-30": 59.459, "2010-03-31": "44.17000", "2009-12-31": 48.922, "2009-09-30": 51.649, "2009-06-30": 36.968, "2009-03-31": "30.83600", "2008-12-31": 43.836, "2008-09-30": 24.673, "2008-06-30": 55.979, "2008-03-31": "64.16700", "2007-12-31": 43.692, "2007-09-30": 55.898, "2007-06-30": 55.574, "2007-03-31": "51.49600", "2006-12-31": 57.017, "2006-09-30": 54.548, "2006-06-30": 55.333, "2006-03-31": "52.94400", "2005-12-31": 56.242, "2005-09-30": 62.791, "2005-06-30": 54.368, "2005-03-31": "49.84600"}, "Total Depreciation And Amortization - Cash Flow": {"2020-12-31": -70.085, "2020-09-30": 23.1, "2020-06-30": 26.042, "2020-03-31": "20.94300", "2019-12-31": 17.611, "2019-09-30": 18.043, "2019-06-30": 13.158, "2019-03-31": "19.96400", "2018-12-31": 17.321, "2018-09-30": 16.723, "2018-06-30": 14.006, "2018-03-31": "16.85300", "2017-12-31": 17.461, "2017-09-30": 19.977, "2017-06-30": 18.467, "2017-03-31": "19.25000", "2016-12-31": 18.068, "2016-09-30": 17.651, "2016-06-30": 15.369, "2016-03-31": "21.33400", "2015-12-31": 20.072, "2015-09-30": 16.265, "2015-06-30": 13.291, "2015-03-31": "25.79300", "2014-12-31": 19.48, "2014-09-30": 16.678, "2014-06-30": 12.173, "2014-03-31": "17.18300", "2013-12-31": 18.371, "2013-09-30": 15.948, "2013-06-30": 15.081, "2013-03-31": "22.96300", "2012-12-31": 17.132, "2012-09-30": 23.845, "2012-06-30": 15.701, "2012-03-31": "23.00800", "2011-12-31": 21.028, "2011-09-30": 18.542, "2011-06-30": 11.564, "2011-03-31": "14.58100", "2010-12-31": 16.833, "2010-09-30": 20.11, "2010-06-30": 15.589, "2010-03-31": "18.02700", "2009-12-31": 16.339, "2009-09-30": 10.955, "2009-06-30": 14.209, "2009-03-31": "12.35900", "2008-12-31": 12.508, "2008-09-30": 13.526, "2008-06-30": 14.284, "2008-03-31": "14.32400", "2007-12-31": 15.111, "2007-09-30": 14.996, "2007-06-30": 14.873, "2007-03-31": "14.88700", "2006-12-31": 16.096, "2006-09-30": 15.23, "2006-06-30": 14.713, "2006-03-31": "14.71500", "2005-12-31": 15.434, "2005-09-30": 14.311, "2005-06-30": 11.896, "2005-03-31": "17.40700"}, "Other Non-Cash Items": {"2020-12-31": -154.099, "2020-09-30": -9.289, "2020-06-30": 88.405, "2020-03-31": "74.98300", "2019-12-31": 21.666, "2019-09-30": 9.54, "2019-06-30": 15.315, "2019-03-31": "16.86800", "2018-12-31": 28.007, "2018-09-30": 8.854, "2018-06-30": 16.222, "2018-03-31": "8.27600", "2017-12-31": 2.018, "2017-09-30": 16.695, "2017-06-30": 12.167, "2017-03-31": "15.03500", "2016-12-31": 7.314, "2016-09-30": 11.842, "2016-06-30": 12.836, "2016-03-31": "13.84500", "2015-12-31": 22.414, "2015-09-30": 10.983, "2015-06-30": 6.321, "2015-03-31": "0.26800", "2014-12-31": 2.279, "2014-09-30": 6.454, "2014-06-30": 12.029, "2014-03-31": "1.08400", "2013-12-31": 17.359, "2013-09-30": 5.108, "2013-06-30": 10.444, "2013-03-31": "6.49200", "2012-12-31": 28.723, "2012-09-30": 3.062, "2012-06-30": 4.932, "2012-03-31": "4.88300", "2011-12-31": 5.442, "2011-09-30": 9.98, "2011-06-30": 11.11, "2011-03-31": "15.00100", "2010-12-31": 12.706, "2010-09-30": 22.963, "2010-06-30": 22.867, "2010-03-31": "39.00700", "2009-12-31": -26.78, "2009-09-30": 37.936, "2009-06-30": 45.516, "2009-03-31": "46.25600", "2008-12-31": 40.195, "2008-09-30": 29.335, "2008-06-30": 11.128, "2008-03-31": "-1.87300", "2007-12-31": 0.82, "2007-09-30": 11.267, "2007-06-30": 10.439, "2007-03-31": "4.72500", "2006-12-31": 7.059, "2006-09-30": 5.104, "2006-06-30": 3.56, "2006-03-31": "2.18900", "2005-12-31": 9.404, "2005-09-30": 7.661, "2005-06-30": 4.547, "2005-03-31": "1.39400"}, "Total Non-Cash Items": {"2020-12-31": -224.184, "2020-09-30": 13.811, "2020-06-30": 114.447, "2020-03-31": "95.92600", "2019-12-31": 39.277, "2019-09-30": 27.583, "2019-06-30": 28.473, "2019-03-31": "36.83200", "2018-12-31": 45.328, "2018-09-30": 25.577, "2018-06-30": 30.228, "2018-03-31": "25.12900", "2017-12-31": 19.479, "2017-09-30": 36.672, "2017-06-30": 30.634, "2017-03-31": "34.28500", "2016-12-31": 25.382, "2016-09-30": 29.493, "2016-06-30": 28.205, "2016-03-31": "35.17900", "2015-12-31": 42.486, "2015-09-30": 27.248, "2015-06-30": 19.612, "2015-03-31": "26.06100", "2014-12-31": 21.759, "2014-09-30": 23.132, "2014-06-30": 24.202, "2014-03-31": "18.26700", "2013-12-31": 35.73, "2013-09-30": 21.056, "2013-06-30": 25.525, "2013-03-31": "29.45500", "2012-12-31": 45.855, "2012-09-30": 26.907, "2012-06-30": 20.633, "2012-03-31": "27.89100", "2011-12-31": 26.47, "2011-09-30": 28.522, "2011-06-30": 22.674, "2011-03-31": "29.58200", "2010-12-31": 29.539, "2010-09-30": 43.073, "2010-06-30": 38.456, "2010-03-31": "57.03400", "2009-12-31": -10.441, "2009-09-30": 48.891, "2009-06-30": 59.725, "2009-03-31": "58.61500", "2008-12-31": 52.703, "2008-09-30": 42.861, "2008-06-30": 25.412, "2008-03-31": "12.45100", "2007-12-31": 15.931, "2007-09-30": 26.263, "2007-06-30": 25.312, "2007-03-31": "19.61200", "2006-12-31": 23.155, "2006-09-30": 20.334, "2006-06-30": 18.273, "2006-03-31": "16.90400", "2005-12-31": 24.838, "2005-09-30": 21.972, "2005-06-30": 16.443, "2005-03-31": "18.80100"}, "Change In Accounts Receivable": {"2020-12-31": 36.228, "2020-09-30": -33.44, "2020-06-30": -8.184, "2020-03-31": "5.39600", "2019-12-31": 8.466, "2019-09-30": -1.476, "2019-06-30": 1.821, "2019-03-31": "-1.44500", "2018-12-31": -3.421, "2018-09-30": -0.651, "2018-06-30": -6.686, "2018-03-31": "4.78600", "2017-12-31": -5.237, "2017-09-30": 0.574, "2017-06-30": -6.673, "2017-03-31": "-1.82200", "2016-12-31": -8.809, "2016-09-30": 1.937, "2016-06-30": -2.429, "2016-03-31": "-2.78500", "2015-12-31": -6.002, "2015-09-30": 0.95, "2015-06-30": -4.916, "2015-03-31": "-3.48600", "2014-12-31": 0.03, "2014-09-30": -2.319, "2014-06-30": 1.525, "2014-03-31": "-1.42100", "2013-12-31": 0.54, "2013-09-30": 2.578, "2013-06-30": 0.121, "2013-03-31": "-0.00500", "2012-12-31": -1.508, "2012-09-30": 0.373, "2012-06-30": 1.462, "2012-03-31": "25.16600", "2011-12-31": 7.484, "2011-09-30": 2.779, "2011-06-30": 11.278, "2011-03-31": "9.14600", "2010-12-31": 187.36, "2010-09-30": 243.882, "2010-06-30": 50.978, "2010-03-31": "-196.11200", "2009-12-31": -7.826, "2009-09-30": 203.191, "2009-06-30": -30.832, "2009-03-31": "-141.44500", "2008-12-31": 24.465, "2008-09-30": -65.716, "2008-06-30": 3.253, "2008-03-31": "-84.43200", "2007-12-31": 76.788, "2007-09-30": -47.081, "2007-06-30": 104.821, "2007-03-31": "-83.49700", "2006-12-31": 19.027, "2006-09-30": -39.99, "2006-06-30": 67.636, "2006-03-31": "1.23600", "2005-12-31": 4.057, "2005-09-30": -1.112, "2005-06-30": 21.486, "2005-03-31": "-18.89700"}, "Change In Inventories": {"2020-12-31": -5.636, "2020-09-30": 0.387, "2020-06-30": 21.356, "2020-03-31": "-16.10700", "2019-12-31": 4.291, "2019-09-30": -4.015, "2019-06-30": -1.045, "2019-03-31": "4.63200", "2018-12-31": -9.391, "2018-09-30": 18.957, "2018-06-30": -5.3, "2018-03-31": "-18.54300", "2017-12-31": 0.351, "2017-09-30": 1.137, "2017-06-30": -1.666, "2017-03-31": "7.76300", "2016-12-31": -3.482, "2016-09-30": -3.922, "2016-06-30": 5.041, "2016-03-31": "76.14300", "2015-12-31": -81.003, "2015-09-30": -3.732, "2015-06-30": 3.051, "2015-03-31": "-4.36100", "2014-12-31": 1.45, "2014-09-30": -2.29, "2014-06-30": 0.248, "2014-03-31": "16.59700", "2013-12-31": -14.619, "2013-09-30": 8.512, "2013-06-30": -2.144, "2013-03-31": "9.60900", "2012-12-31": -15.099, "2012-09-30": 9.46, "2012-06-30": 7.294, "2012-03-31": "-11.30000", "2011-12-31": 5.295, "2011-09-30": -2.567, "2011-06-30": -2.383, "2011-03-31": "2.00900", "2010-12-31": 14.973, "2010-09-30": -13.78, "2010-06-30": -3.018, "2010-03-31": "0.89700", "2009-12-31": -7.643, "2009-09-30": 3.257, "2009-06-30": 14.207, "2009-03-31": "-23.83500", "2008-12-31": 0.011, "2008-09-30": 6.087, "2008-06-30": -6.807, "2008-03-31": "13.99000", "2007-12-31": -14.356, "2007-09-30": 50.313, "2007-06-30": -48.638, "2007-03-31": "-6.37700", "2006-12-31": 4.584, "2006-09-30": 17.552, "2006-06-30": 2.203, "2006-03-31": "-0.04700", "2005-12-31": -17.136, "2005-09-30": -1.927, "2005-06-30": 15.819, "2005-03-31": "-12.29200"}, "Change In Accounts Payable": {"2020-12-31": 7.67, "2020-09-30": -2.525, "2020-06-30": -2.984, "2020-03-31": "-2.16100", "2019-12-31": -0.352, "2019-09-30": 1.517, "2019-06-30": 1.713, "2019-03-31": "2.70800", "2018-12-31": 1.448, "2018-09-30": 1.29, "2018-06-30": 0.131, "2018-03-31": "-0.73200", "2017-12-31": 0.261, "2017-09-30": 0.469, "2017-06-30": -0.731, "2017-03-31": "0.03900", "2016-12-31": 0.838, "2016-09-30": 0.212, "2016-06-30": -0.223, "2016-03-31": "0.28000", "2015-12-31": 0.432, "2015-09-30": 0.105, "2015-06-30": -0.228, "2015-03-31": "0.02700", "2014-12-31": 0.047, "2014-09-30": -0.266, "2014-06-30": -0.036, "2014-03-31": "0.02500", "2013-12-31": -0.25, "2013-09-30": -1.081, "2013-06-30": -0.484, "2013-03-31": "0.24600", "2012-12-31": -0.205, "2012-09-30": -0.882, "2012-06-30": -0.299, "2012-03-31": "0.11400", "2011-12-31": -0.205, "2011-09-30": -1.707, "2011-06-30": -2.755, "2011-03-31": "0.06900", "2010-12-31": -2.83, "2010-09-30": -2.803, "2010-06-30": -1.708, "2010-03-31": "-2.12100", "2009-12-31": -6.987, "2009-09-30": -15.307, "2009-06-30": 0.326, "2009-03-31": "3.39400", "2008-12-31": 5.606, "2008-09-30": -8.955, "2008-06-30": -14.497, "2008-03-31": "-10.50500", "2007-12-31": -5.866, "2007-09-30": 7.406, "2007-06-30": 4.656, "2007-03-31": "-0.92600", "2006-12-31": 2.513, "2006-09-30": 13.057, "2006-06-30": 4.543, "2006-03-31": "5.35400", "2005-12-31": 8.374, "2005-09-30": 2.435, "2005-06-30": 2.289, "2005-03-31": "3.11500"}, "Change In Assets/Liabilities": {"2020-12-31": -72.714, "2020-09-30": 151.851, "2020-06-30": -18.256, "2020-03-31": "-60.88100", "2019-12-31": -14.435, "2019-09-30": -8.029, "2019-06-30": -32.819, "2019-03-31": "-18.08000", "2018-12-31": -20.956, "2018-09-30": -4.994, "2018-06-30": 10.746, "2018-03-31": "9.21200", "2017-12-31": 10.266, "2017-09-30": 15.45, "2017-06-30": -12.091, "2017-03-31": "5.15200", "2016-12-31": 17.142, "2016-09-30": -14.817, "2016-06-30": -6.433, "2016-03-31": "-3.35200", "2015-12-31": -3.392, "2015-09-30": -3.207, "2015-06-30": 12.484, "2015-03-31": "-9.64200", "2014-12-31": -7.285, "2014-09-30": -0.662, "2014-06-30": 11.229, "2014-03-31": "-6.52400", "2013-12-31": -5.408, "2013-09-30": 7.46, "2013-06-30": 14.39, "2013-03-31": "-28.93600", "2012-12-31": 0.692, "2012-09-30": -3.101, "2012-06-30": 4.419, "2012-03-31": "-12.03600", "2011-12-31": -5.483, "2011-09-30": 13.923, "2011-06-30": 15.926, "2011-03-31": "-26.83800", "2010-12-31": -32.186, "2010-09-30": -4.143, "2010-06-30": 16.228, "2010-03-31": "22.86900", "2009-12-31": -50.311, "2009-09-30": -11.558, "2009-06-30": 55.058, "2009-03-31": "-10.49900", "2008-12-31": 1.295, "2008-09-30": 44.578, "2008-06-30": -28.413, "2008-03-31": "16.45600", "2007-12-31": 17.74, "2007-09-30": -9.54, "2007-06-30": -9.13, "2007-03-31": "-2.13200", "2006-12-31": -13.401, "2006-09-30": -12.032, "2006-06-30": -7.949, "2006-03-31": "14.16200", "2005-12-31": -29.465, "2005-09-30": 6.533, "2005-06-30": 5.889, "2005-03-31": "-4.72700"}, "Total Change In Assets/Liabilities": {"2020-12-31": -26.51, "2020-09-30": 95.489, "2020-06-30": -3.218, "2020-03-31": "-65.76100", "2019-12-31": -11.095, "2019-09-30": -12.063, "2019-06-30": -27.219, "2019-03-31": "8.29400", "2018-12-31": -50.139, "2018-09-30": 18.988, "2018-06-30": 2.536, "2018-03-31": "16.79900", "2017-12-31": -22.245, "2017-09-30": 16.348, "2017-06-30": -40.834, "2017-03-31": "32.28800", "2016-12-31": 8.411, "2016-09-30": -14.876, "2016-06-30": -30.104, "2016-03-31": "96.41900", "2015-12-31": -94.544, "2015-09-30": -7.194, "2015-06-30": 3.109, "2015-03-31": "7.44200", "2014-12-31": -10.294, "2014-09-30": -15.376, "2014-06-30": -2.725, "2014-03-31": "39.08700", "2013-12-31": -28.583, "2013-09-30": 31.371, "2013-06-30": -21.73, "2013-03-31": "7.80800", "2012-12-31": -23.944, "2012-09-30": -1.72, "2012-06-30": -8.621, "2012-03-31": "25.44000", "2011-12-31": 6.747, "2011-09-30": 21.697, "2011-06-30": 0.608, "2011-03-31": "11.43800", "2010-12-31": 173.545, "2010-09-30": 212.044, "2010-06-30": 51.553, "2010-03-31": "-155.94200", "2009-12-31": -77.903, "2009-09-30": 189.996, "2009-06-30": 16.985, "2009-03-31": "-158.95500", "2008-12-31": 32.329, "2008-09-30": -39.282, "2008-06-30": -65.966, "2008-03-31": "-31.86900", "2007-12-31": 77.199, "2007-09-30": 4.03, "2007-06-30": 31.204, "2007-03-31": "-70.50900", "2006-12-31": 16.253, "2006-09-30": -19.058, "2006-06-30": 49.238, "2006-03-31": "46.59100", "2005-12-31": -37.991, "2005-09-30": -4.332, "2005-06-30": 33.405, "2005-03-31": "-6.61900"}, "Cash Flow From Operating Activities": {"2020-12-31": -472.383, "2020-09-30": 242.655, "2020-06-30": 149.96, "2020-03-31": "79.76800", "2019-12-31": 135.46, "2019-09-30": 125.6, "2019-06-30": 109.553, "2019-03-31": "142.18100", "2018-12-31": 105.949, "2018-09-30": 158.634, "2018-06-30": 144.088, "2018-03-31": "143.98900", "2017-12-31": 92.217, "2017-09-30": 127.246, "2017-06-30": 68.789, "2017-03-31": "138.27500", "2016-12-31": 106.167, "2016-09-30": 83.767, "2016-06-30": 67.909, "2016-03-31": "197.12000", "2015-12-31": 12.367, "2015-09-30": 85.267, "2015-06-30": 98.044, "2015-03-31": "95.51700", "2014-12-31": 75.207, "2014-09-30": 76.777, "2014-06-30": 87.377, "2014-03-31": "121.47500", "2013-12-31": 72.972, "2013-09-30": 120.872, "2013-06-30": 69.834, "2013-03-31": "98.07100", "2012-12-31": 88.514, "2012-09-30": 91.973, "2012-06-30": 83.248, "2012-03-31": "120.14500", "2011-12-31": 96.264, "2011-09-30": 116.228, "2011-06-30": 92.899, "2011-03-31": "101.97000", "2010-12-31": 265.309, "2010-09-30": 311.138, "2010-06-30": 149.468, "2010-03-31": "-54.73800", "2009-12-31": -39.422, "2009-09-30": 290.536, "2009-06-30": 113.678, "2009-03-31": "-69.50400", "2008-12-31": 128.868, "2008-09-30": 28.252, "2008-06-30": 15.425, "2008-03-31": "44.74900", "2007-12-31": 136.822, "2007-09-30": 86.191, "2007-06-30": 112.09, "2007-03-31": "0.59900", "2006-12-31": 96.425, "2006-09-30": 55.824, "2006-06-30": 122.844, "2006-03-31": "116.43900", "2005-12-31": 43.089, "2005-09-30": 80.431, "2005-06-30": 104.216, "2005-03-31": "62.02800"}, "Net Change In Property, Plant, And Equipment": {"2020-12-31": 28.879, "2020-09-30": -15.223, "2020-06-30": -6.099, "2020-03-31": "-7.55700", "2019-12-31": -13.13, "2019-09-30": -8.6, "2019-06-30": -8.797, "2019-03-31": "-10.01500", "2018-12-31": -0.851, "2018-09-30": -7.158, "2018-06-30": -7.594, "2018-03-31": "-4.26400", "2017-12-31": -7.351, "2017-09-30": -8.693, "2017-06-30": -6.851, "2017-03-31": "-4.73900", "2016-12-31": -1.718, "2016-09-30": -4.398, "2016-06-30": -1.381, "2016-03-31": "-6.86900", "2015-12-31": -8.386, "2015-09-30": -5.873, "2015-06-30": -3.521, "2015-03-31": "-8.57200", "2014-12-31": -7.2, "2014-09-30": -18.713, "2014-06-30": -8.56, "2014-03-31": "-3.94900", "2013-12-31": -2.341, "2013-09-30": -8.01, "2013-06-30": -4.535, "2013-03-31": "-5.46300", "2012-12-31": -15.421, "2012-09-30": -6.945, "2012-06-30": -5.268, "2012-03-31": "-4.69200", "2011-12-31": -4.892, "2011-09-30": -4.425, "2011-06-30": -5.289, "2011-03-31": "-4.13300", "2010-12-31": -5.364, "2010-09-30": -3.749, "2010-06-30": -6.601, "2010-03-31": "-2.41700", "2009-12-31": -8.214, "2009-09-30": -6.464, "2009-06-30": -8.775, "2009-03-31": "-5.64300", "2008-12-31": -10.67, "2008-09-30": -11.805, "2008-06-30": -7.764, "2008-03-31": "-11.82900", "2007-12-31": -11.777, "2007-09-30": -11.886, "2007-06-30": -14.882, "2007-03-31": "-11.66900", "2006-12-31": -8.855, "2006-09-30": -17.702, "2006-06-30": -7.361, "2006-03-31": "-7.56300", "2005-12-31": -6.731, "2005-09-30": -11.026, "2005-06-30": -11.481, "2005-03-31": "-32.51800"}, "Net Change In Intangible Assets": {"2020-12-31": 0, "2020-09-30": 0, "2020-06-30": 0, "2020-03-31": "", "2019-12-31": 0, "2019-09-30": 0, "2019-06-30": 0, "2019-03-31": "", "2018-12-31": 0, "2018-09-30": 0, "2018-06-30": 0, "2018-03-31": "", "2017-12-31": 0, "2017-09-30": 0, "2017-06-30": 0, "2017-03-31": "", "2016-12-31": 0, "2016-09-30": 0, "2016-06-30": 0, "2016-03-31": "", "2015-12-31": 0, "2015-09-30": 0, "2015-06-30": 0, "2015-03-31": "", "2014-12-31": 0, "2014-09-30": 0, "2014-06-30": 0, "2014-03-31": "", "2013-12-31": 0, "2013-09-30": 0, "2013-06-30": 0, "2013-03-31": "", "2012-12-31": 0, "2012-09-30": 0, "2012-06-30": 0, "2012-03-31": "", "2011-12-31": 0, "2011-09-30": 0, "2011-06-30": 0, "2011-03-31": "", "2010-12-31": 0, "2010-09-30": 0, "2010-06-30": 0, "2010-03-31": "", "2009-12-31": 0, "2009-09-30": 0, "2009-06-30": 0, "2009-03-31": "", "2008-12-31": 0, "2008-09-30": 0, "2008-06-30": 0, "2008-03-31": "", "2007-12-31": 0, "2007-09-30": 0, "2007-06-30": 0, "2007-03-31": "", "2006-12-31": 0, "2006-09-30": 0, "2006-06-30": 0, "2006-03-31": "", "2005-12-31": 0, "2005-09-30": 0, "2005-06-30": 0, "2005-03-31": ""}, "Net Acquisitions/Divestitures": {"2020-12-31": 0, "2020-09-30": 0, "2020-06-30": 0, "2020-03-31": "", "2019-12-31": 0, "2019-09-30": 0, "2019-06-30": 0, "2019-03-31": "", "2018-12-31": 0, "2018-09-30": 0, "2018-06-30": 0, "2018-03-31": "", "2017-12-31": 0, "2017-09-30": 0, "2017-06-30": 0, "2017-03-31": "", "2016-12-31": 0, "2016-09-30": 0, "2016-06-30": 0, "2016-03-31": "", "2015-12-31": 0, "2015-09-30": 0, "2015-06-30": 0, "2015-03-31": "", "2014-12-31": 0, "2014-09-30": -43.827, "2014-06-30": 0, "2014-03-31": "", "2013-12-31": 0, "2013-09-30": 47.643, "2013-06-30": 0, "2013-03-31": "", "2012-12-31": 0, "2012-09-30": 0, "2012-06-30": 0, "2012-03-31": "", "2011-12-31": 0, "2011-09-30": 0, "2011-06-30": 0, "2011-03-31": "", "2010-12-31": 0, "2010-09-30": 0, "2010-06-30": 0, "2010-03-31": "", "2009-12-31": 0, "2009-09-30": 0, "2009-06-30": 0, "2009-03-31": "-3.49400", "2008-12-31": 0, "2008-09-30": 0, "2008-06-30": -54.49, "2008-03-31": "", "2007-12-31": 0, "2007-09-30": -24.817, "2007-06-30": 10.771, "2007-03-31": "", "2006-12-31": 0, "2006-09-30": -8.498, "2006-06-30": 0, "2006-03-31": "", "2005-12-31": 0, "2005-09-30": 0, "2005-06-30": 0, "2005-03-31": ""}, "Net Change In Short-term Investments": {"2020-12-31": 0, "2020-09-30": 0, "2020-06-30": 0, "2020-03-31": "", "2019-12-31": 0, "2019-09-30": 0, "2019-06-30": 0, "2019-03-31": "", "2018-12-31": 0, "2018-09-30": 0, "2018-06-30": 0, "2018-03-31": "", "2017-12-31": 0, "2017-09-30": 0, "2017-06-30": 0, "2017-03-31": "", "2016-12-31": 0, "2016-09-30": 0, "2016-06-30": 0, "2016-03-31": "", "2015-12-31": 0, "2015-09-30": 0, "2015-06-30": 0, "2015-03-31": "", "2014-12-31": 0, "2014-09-30": 0, "2014-06-30": 0, "2014-03-31": "", "2013-12-31": 0, "2013-09-30": 0, "2013-06-30": 0, "2013-03-31": "", "2012-12-31": 0, "2012-09-30": 0, "2012-06-30": 0, "2012-03-31": "", "2011-12-31": 0, "2011-09-30": 0, "2011-06-30": 0, "2011-03-31": "", "2010-12-31": 0, "2010-09-30": 0, "2010-06-30": 0, "2010-03-31": "", "2009-12-31": 0, "2009-09-30": 0, "2009-06-30": 0, "2009-03-31": "", "2008-12-31": 0, "2008-09-30": 0, "2008-06-30": 0, "2008-03-31": "", "2007-12-31": 0, "2007-09-30": 0, "2007-06-30": 0, "2007-03-31": "", "2006-12-31": 0, "2006-09-30": 0, "2006-06-30": 0, "2006-03-31": "", "2005-12-31": 0, "2005-09-30": 0, "2005-06-30": 0, "2005-03-31": ""}, "Net Change In Long-Term Investments": {"2020-12-31": 2704.055, "2020-09-30": -1454.768, "2020-06-30": -1322.1601, "2020-03-31": "72.87310", "2019-12-31": 27.6801, "2019-09-30": -83.8241, "2019-06-30": 43.476, "2019-03-31": "-29.06500", "2018-12-31": 233.706, "2018-09-30": -360.9749, "2018-06-30": 47.997, "2018-03-31": "208.78800", "2017-12-31": 156.9559, "2017-09-30": 315.2151, "2017-06-30": 390.486, "2017-03-31": "0.54600", "2016-12-31": -519.0449, "2016-09-30": -9.9031, "2016-06-30": 336.245, "2016-03-31": "411.37900", "2015-12-31": -339.2681, "2015-09-30": -120.271, "2015-06-30": 627.239, "2015-03-31": "-331.09300", "2014-12-31": -811.7581, "2014-09-30": 397.1971, "2014-06-30": -65.3671, "2014-03-31": "60.38500", "2013-12-31": -383.8669, "2013-09-30": 408.1829, "2013-06-30": 432.773, "2013-03-31": "-259.82000", "2012-12-31": -755.0718, "2012-09-30": 304.0099, "2012-06-30": -75.969, "2012-03-31": "91.71300", "2011-12-31": -989.181, "2011-09-30": -548.23, "2011-06-30": -367.441, "2011-03-31": "-430.22700", "2010-12-31": -387.839, "2010-09-30": -870.4889, "2010-06-30": -111.8281, "2010-03-31": "89.51900", "2009-12-31": -264.016, "2009-09-30": -823.597, "2009-06-30": -832.983, "2009-03-31": "-618.16700", "2008-12-31": -374.821, "2008-09-30": -109.213, "2008-06-30": -261.912, "2008-03-31": "-223.87900", "2007-12-31": 246.359, "2007-09-30": -204.135, "2007-06-30": 55.138, "2007-03-31": "181.75300", "2006-12-31": 172.5179, "2006-09-30": -50.48, "2006-06-30": 61.828, "2006-03-31": "241.18600", "2005-12-31": 340.6228, "2005-09-30": 292.2523, "2005-06-30": 116.664, "2005-03-31": "252.39890"}, "Net Change In Investments - Total": {"2020-12-31": 2704.055, "2020-09-30": -1454.768, "2020-06-30": -1322.1601, "2020-03-31": "72.87310", "2019-12-31": 27.6801, "2019-09-30": -83.8241, "2019-06-30": 43.476, "2019-03-31": "-29.06500", "2018-12-31": 233.706, "2018-09-30": -360.9749, "2018-06-30": 47.997, "2018-03-31": "208.78800", "2017-12-31": 156.9559, "2017-09-30": 315.2151, "2017-06-30": 390.486, "2017-03-31": "0.54600", "2016-12-31": -519.0449, "2016-09-30": -9.9031, "2016-06-30": 336.245, "2016-03-31": "411.37900", "2015-12-31": -339.2681, "2015-09-30": -120.271, "2015-06-30": 627.239, "2015-03-31": "-331.09300", "2014-12-31": -811.7581, "2014-09-30": 397.1971, "2014-06-30": -65.3671, "2014-03-31": "60.38500", "2013-12-31": -383.8669, "2013-09-30": 408.1829, "2013-06-30": 432.773, "2013-03-31": "-259.82000", "2012-12-31": -755.0718, "2012-09-30": 304.0099, "2012-06-30": -75.969, "2012-03-31": "91.71300", "2011-12-31": -989.181, "2011-09-30": -548.23, "2011-06-30": -367.441, "2011-03-31": "-430.22700", "2010-12-31": -387.839, "2010-09-30": -870.4889, "2010-06-30": -111.8281, "2010-03-31": "89.51900", "2009-12-31": -264.016, "2009-09-30": -823.597, "2009-06-30": -832.983, "2009-03-31": "-618.16700", "2008-12-31": -374.821, "2008-09-30": -109.213, "2008-06-30": -261.912, "2008-03-31": "-223.87900", "2007-12-31": 246.359, "2007-09-30": -204.135, "2007-06-30": 55.138, "2007-03-31": "181.75300", "2006-12-31": 172.5179, "2006-09-30": -50.48, "2006-06-30": 61.828, "2006-03-31": "241.18600", "2005-12-31": 340.6228, "2005-09-30": 292.2523, "2005-06-30": 116.664, "2005-03-31": "252.39890"}, "Investing Activities - Other": {"2020-12-31": 1710.009, "2020-09-30": -33.457, "2020-06-30": -1329.642, "2020-03-31": "-346.91000", "2019-12-31": -290.452, "2019-09-30": -213.809, "2019-06-30": -151.387, "2019-03-31": "7.75800", "2018-12-31": -197.085, "2018-09-30": -11.566, "2018-06-30": -70.86, "2018-03-31": "78.83800", "2017-12-31": -250.084, "2017-09-30": -130.36, "2017-06-30": -65.22, "2017-03-31": "-169.18500", "2016-12-31": -191.637, "2016-09-30": -124.364, "2016-06-30": -372.535, "2016-03-31": "-320.98700", "2015-12-31": -223.098, "2015-09-30": -304.657, "2015-06-30": -217.103, "2015-03-31": "-260.79900", "2014-12-31": -33.362, "2014-09-30": -6.761, "2014-06-30": -245.731, "2014-03-31": "-275.03600", "2013-12-31": -142.008, "2013-09-30": -240.28, "2013-06-30": -396.848, "2013-03-31": "-159.08700", "2012-12-31": -203.565, "2012-09-30": -270.812, "2012-06-30": -137.158, "2012-03-31": "-81.65800", "2011-12-31": -120.004, "2011-09-30": 149.06, "2011-06-30": 122.657, "2011-03-31": "17.27000", "2010-12-31": 280.55, "2010-09-30": 6.94, "2010-06-30": 77.304, "2010-03-31": "279.52000", "2009-12-31": 100.378, "2009-09-30": 386.088, "2009-06-30": 205.162, "2009-03-31": "307.45800", "2008-12-31": 36.249, "2008-09-30": 111.751, "2008-06-30": -220.634, "2008-03-31": "-339.95900", "2007-12-31": -172.467, "2007-09-30": -173.859, "2007-06-30": -216.679, "2007-03-31": "-230.20900", "2006-12-31": -157.459, "2006-09-30": -45.743, "2006-06-30": -317.997, "2006-03-31": "-243.32000", "2005-12-31": -176.754, "2005-09-30": -250.844, "2005-06-30": -124.221, "2005-03-31": "-79.57200"}, "Cash Flow From Investing Activities": {"2020-12-31": 4442.943, "2020-09-30": -1503.448, "2020-06-30": -2657.901, "2020-03-31": "-281.59400", "2019-12-31": -275.902, "2019-09-30": -306.233, "2019-06-30": -116.708, "2019-03-31": "-31.32200", "2018-12-31": 35.77, "2018-09-30": -379.699, "2018-06-30": -30.457, "2018-03-31": "283.36200", "2017-12-31": -100.479, "2017-09-30": 176.162, "2017-06-30": 318.415, "2017-03-31": "-173.37800", "2016-12-31": -712.4, "2016-09-30": -138.665, "2016-06-30": -37.671, "2016-03-31": "83.52300", "2015-12-31": -570.752, "2015-09-30": -430.801, "2015-06-30": 406.615, "2015-03-31": "-600.46400", "2014-12-31": -852.32, "2014-09-30": 327.896, "2014-06-30": -319.658, "2014-03-31": "-218.60000", "2013-12-31": -528.216, "2013-09-30": 207.536, "2013-06-30": 31.39, "2013-03-31": "-424.37000", "2012-12-31": -974.058, "2012-09-30": 26.253, "2012-06-30": -218.395, "2012-03-31": "5.36300", "2011-12-31": -1114.077, "2011-09-30": -403.595, "2011-06-30": -250.073, "2011-03-31": "-417.09000", "2010-12-31": -112.653, "2010-09-30": -867.298, "2010-06-30": -41.125, "2010-03-31": "366.62200", "2009-12-31": -171.852, "2009-09-30": -443.973, "2009-06-30": -636.596, "2009-03-31": "-319.84600", "2008-12-31": -349.242, "2008-09-30": -9.267, "2008-06-30": -544.8, "2008-03-31": "-575.66700", "2007-12-31": 62.115, "2007-09-30": -414.697, "2007-06-30": -165.652, "2007-03-31": "-60.12500", "2006-12-31": 6.204, "2006-09-30": -122.423, "2006-06-30": -263.53, "2006-03-31": "-9.69700", "2005-12-31": 157.138, "2005-09-30": 30.382, "2005-06-30": -19.038, "2005-03-31": "140.30900"}, "Net Long-Term Debt": {"2020-12-31": 0, "2020-09-30": 0, "2020-06-30": 0, "2020-03-31": "", "2019-12-31": -6.231, "2019-09-30": -0.055, "2019-06-30": -0.054, "2019-03-31": "-0.05400", "2018-12-31": 7.168, "2018-09-30": -0.075, "2018-06-30": -0.075, "2018-03-31": "-0.07400", "2017-12-31": -100.073, "2017-09-30": -0.072, "2017-06-30": -0.072, "2017-03-31": "-0.07400", "2016-12-31": 0.634, "2016-09-30": -2.463, "2016-06-30": 0.072, "2016-03-31": "-0.01200", "2015-12-31": -0.013, "2015-09-30": -0.012, "2015-06-30": -0.011, "2015-03-31": "-0.20400", "2014-12-31": -3.019, "2014-09-30": -200.019, "2014-06-30": -0.018, "2014-03-31": "-150.19600", "2013-12-31": -0.617, "2013-09-30": -50.018, "2013-06-30": -0.016, "2013-03-31": "-0.92700", "2012-12-31": -0.034, "2012-09-30": -7.548, "2012-06-30": -0.228, "2012-03-31": "-0.29700", "2011-12-31": -0.052, "2011-09-30": -0.052, "2011-06-30": -0.051, "2011-03-31": "-0.30100", "2010-12-31": -225.5891, "2010-09-30": -126.135, "2010-06-30": -367.51, "2010-03-31": "-4.55500", "2009-12-31": -85.879, "2009-09-30": -25.167, "2009-06-30": -0.167, "2009-03-31": "-100.50600", "2008-12-31": -2.729, "2008-09-30": 74.825, "2008-06-30": 93.824, "2008-03-31": "198.22500", "2007-12-31": 237.92, "2007-09-30": -10.565, "2007-06-30": 296.21, "2007-03-31": "-14.66000", "2006-12-31": -112.399, "2006-09-30": -15.531, "2006-06-30": -113.563, "2006-03-31": "-10.82700", "2005-12-31": -101.293, "2005-09-30": -1.016, "2005-06-30": -16.505, "2005-03-31": "-1.17100"}, "Net Current Debt": {"2020-12-31": 199.344, "2020-09-30": -88.067, "2020-06-30": -442.561, "2020-03-31": "331.28400", "2019-12-31": -39.236, "2019-09-30": -500.092, "2019-06-30": 674.085, "2019-03-31": "-240.37400", "2018-12-31": 94.272, "2018-09-30": 687.676, "2018-06-30": 34.582, "2018-03-31": "-367.27900", "2017-12-31": 97.432, "2017-09-30": 153.262, "2017-06-30": -64.705, "2017-03-31": "-402.75600", "2016-12-31": 234.014, "2016-09-30": -142.381, "2016-06-30": 674.884, "2016-03-31": "-1006.16400", "2015-12-31": -229.645, "2015-09-30": 527.154, "2015-06-30": 55.58, "2015-03-31": "-252.05500", "2014-12-31": 469.358, "2014-09-30": 440.837, "2014-06-30": 227.171, "2014-03-31": "-271.40600", "2013-12-31": -411.835, "2013-09-30": 189.699, "2013-06-30": 493.836, "2013-03-31": "43.30800", "2012-12-31": -174.399, "2012-09-30": -47.796, "2012-06-30": 182.757, "2012-03-31": "-133.09300", "2011-12-31": 198.353, "2011-09-30": -224.75, "2011-06-30": 359.464, "2011-03-31": "-59.81300", "2010-12-31": -547.729, "2010-09-30": 624.2, "2010-06-30": 7.583, "2010-03-31": "-104.41800", "2009-12-31": -27.002, "2009-09-30": -43.928, "2009-06-30": 172.569, "2009-03-31": "-824.98500", "2008-12-31": -33.438, "2008-09-30": 46.174, "2008-06-30": 356.869, "2008-03-31": "218.01700", "2007-12-31": -819.876, "2007-09-30": 553.562, "2007-06-30": -139.28, "2007-03-31": "-137.39800", "2006-12-31": 2.383, "2006-09-30": 154.974, "2006-06-30": 684.494, "2006-03-31": "-424.41000", "2005-12-31": -442.299, "2005-09-30": 173.991, "2005-06-30": 27.821, "2005-03-31": "-346.96400"}, "Debt Issuance/Retirement Net - Total": {"2020-12-31": 199.344, "2020-09-30": -88.067, "2020-06-30": -442.561, "2020-03-31": "331.28400", "2019-12-31": -45.467, "2019-09-30": -500.147, "2019-06-30": 674.031, "2019-03-31": "-240.42800", "2018-12-31": 101.44, "2018-09-30": 687.601, "2018-06-30": 34.507, "2018-03-31": "-367.35300", "2017-12-31": -2.641, "2017-09-30": 153.19, "2017-06-30": -64.777, "2017-03-31": "-402.83000", "2016-12-31": 234.648, "2016-09-30": -144.844, "2016-06-30": 674.956, "2016-03-31": "-1006.17600", "2015-12-31": -229.658, "2015-09-30": 527.142, "2015-06-30": 55.569, "2015-03-31": "-252.25900", "2014-12-31": 466.339, "2014-09-30": 240.818, "2014-06-30": 227.153, "2014-03-31": "-421.60200", "2013-12-31": -412.452, "2013-09-30": 139.681, "2013-06-30": 493.82, "2013-03-31": "42.38100", "2012-12-31": -174.433, "2012-09-30": -55.344, "2012-06-30": 182.529, "2012-03-31": "-133.39000", "2011-12-31": 198.301, "2011-09-30": -224.802, "2011-06-30": 359.413, "2011-03-31": "-60.11400", "2010-12-31": -773.3181, "2010-09-30": 498.065, "2010-06-30": -359.927, "2010-03-31": "-108.97300", "2009-12-31": -112.881, "2009-09-30": -69.095, "2009-06-30": 172.402, "2009-03-31": "-925.49100", "2008-12-31": -36.167, "2008-09-30": 120.999, "2008-06-30": 450.693, "2008-03-31": "416.24200", "2007-12-31": -581.956, "2007-09-30": 542.997, "2007-06-30": 156.93, "2007-03-31": "-152.05800", "2006-12-31": -110.016, "2006-09-30": 139.443, "2006-06-30": 570.931, "2006-03-31": "-435.23700", "2005-12-31": -543.592, "2005-09-30": 172.975, "2005-06-30": 11.316, "2005-03-31": "-348.13500"}, "Net Common Equity Issued/Repurchased": {"2020-12-31": 53.787, "2020-09-30": -0.167, "2020-06-30": -0.449, "2020-03-31": "-53.17100", "2019-12-31": -14.939, "2019-09-30": -183.891, "2019-06-30": -46.379, "2019-03-31": "-39.70300", "2018-12-31": -35.656, "2018-09-30": -20.507, "2018-06-30": -2.005, "2018-03-31": "-17.07300", "2017-12-31": -6.452, "2017-09-30": -0.692, "2017-06-30": -3.345, "2017-03-31": "-7.29000", "2016-12-31": -0.908, "2016-09-30": -1.015, "2016-06-30": -1.032, "2016-03-31": "-36.43200", "2015-12-31": -14.029, "2015-09-30": -5.548, "2015-06-30": -101.832, "2015-03-31": "0.14700", "2014-12-31": -0.485, "2014-09-30": 1.911, "2014-06-30": -246.933, "2014-03-31": "-16.81500", "2013-12-31": 1.114, "2013-09-30": -22.308, "2013-06-30": -11.346, "2013-03-31": "-27.38700", "2012-12-31": -24.319, "2012-09-30": -0.903, "2012-06-30": -39.221, "2012-03-31": "-25.64600", "2011-12-31": 1.246, "2011-09-30": -82.073, "2011-06-30": -11.552, "2011-03-31": "6.57400", "2010-12-31": -35.292, "2010-09-30": 0.89, "2010-06-30": 1.565, "2010-03-31": "3.16300", "2009-12-31": 3.433, "2009-09-30": 63.19, "2009-06-30": 35.616, "2009-03-31": "0.87400", "2008-12-31": 2.063, "2008-09-30": 4.458, "2008-06-30": 0.949, "2008-03-31": "-0.98200", "2007-12-31": -4.695, "2007-09-30": -27.446, "2007-06-30": -43.24, "2007-03-31": "-39.53600", "2006-12-31": -53.733, "2006-09-30": -2.641, "2006-06-30": -24.092, "2006-03-31": "-47.21600", "2005-12-31": -59.007, "2005-09-30": -43.448, "2005-06-30": -55.873, "2005-03-31": "-57.78000"}, "Net Total Equity Issued/Repurchased": {"2020-12-31": 203.787, "2020-09-30": -150.167, "2020-06-30": -0.449, "2020-03-31": "-53.17100", "2019-12-31": -14.939, "2019-09-30": -183.891, "2019-06-30": -46.379, "2019-03-31": "-39.70300", "2018-12-31": -35.656, "2018-09-30": -20.507, "2018-06-30": -2.005, "2018-03-31": "-17.07300", "2017-12-31": -6.452, "2017-09-30": -0.692, "2017-06-30": -3.345, "2017-03-31": "-7.29000", "2016-12-31": -0.908, "2016-09-30": -1.015, "2016-06-30": -1.032, "2016-03-31": "-36.43200", "2015-12-31": -14.029, "2015-09-30": -5.548, "2015-06-30": -101.832, "2015-03-31": "0.14700", "2014-12-31": -0.485, "2014-09-30": 1.879, "2014-06-30": -102.117, "2014-03-31": "-16.81500", "2013-12-31": 1.114, "2013-09-30": -22.308, "2013-06-30": -11.346, "2013-03-31": "-27.38700", "2012-12-31": -24.319, "2012-09-30": -0.903, "2012-06-30": -39.221, "2012-03-31": "-25.64600", "2011-12-31": 1.246, "2011-09-30": -82.073, "2011-06-30": -11.552, "2011-03-31": "6.57400", "2010-12-31": -35.292, "2010-09-30": 0.89, "2010-06-30": 1.565, "2010-03-31": "3.16300", "2009-12-31": 3.433, "2009-09-30": 63.19, "2009-06-30": 35.616, "2009-03-31": "0.87400", "2008-12-31": 2.063, "2008-09-30": 4.458, "2008-06-30": 0.949, "2008-03-31": "-0.98200", "2007-12-31": -4.695, "2007-09-30": -27.446, "2007-06-30": -43.24, "2007-03-31": "-39.53600", "2006-12-31": -53.733, "2006-09-30": -2.641, "2006-06-30": -24.092, "2006-03-31": "-47.21600", "2005-12-31": -59.007, "2005-09-30": -43.448, "2005-06-30": -55.873, "2005-03-31": "-57.78000"}, "Total Common And Preferred Stock Dividends Paid": {"2020-12-31": 97.39, "2020-09-30": -32.424, "2020-06-30": -32.424, "2020-03-31": "-32.54200", "2019-12-31": -30.183, "2019-09-30": -30.243, "2019-06-30": -30.932, "2019-03-31": "-31.10800", "2018-12-31": -27.227, "2018-09-30": -27.309, "2018-06-30": -27.346, "2018-03-31": "-27.35600", "2017-12-31": -25.147, "2017-09-30": -25.156, "2017-06-30": -25.153, "2017-03-31": "-25.16300", "2016-12-31": -24.026, "2016-09-30": -24.022, "2016-06-30": -24.012, "2016-03-31": "-24.01000", "2015-12-31": -23.17, "2015-09-30": -23.186, "2015-06-30": -23.603, "2015-03-31": "-24.00200", "2014-12-31": -22.916, "2014-09-30": -22.454, "2014-06-30": -21.331, "2014-03-31": "-21.59000", "2013-12-31": -20.568, "2013-09-30": -20.67, "2013-06-30": -20.431, "2013-03-31": "-20.43500", "2012-12-31": -150.789, "2012-09-30": -20.165, "2012-06-30": -39.58, "2012-03-31": "-1.07400", "2011-12-31": -19.504, "2011-09-30": -19.526, "2011-06-30": -20.056, "2011-03-31": "-20.05400", "2010-12-31": -19.395, "2010-09-30": -19.621, "2010-06-30": -19.615, "2010-03-31": "-19.60000", "2009-12-31": -18.984, "2009-09-30": -18.962, "2009-06-30": -18.515, "2009-03-31": "-18.25900", "2008-12-31": -18.052, "2008-09-30": -18.018, "2008-06-30": -18, "2008-03-31": "-17.98500", "2007-12-31": -17.104, "2007-09-30": -17.133, "2007-06-30": -17.319, "2007-03-31": "-17.35900", "2006-12-31": -16.463, "2006-09-30": -16.605, "2006-06-30": -16.311, "2006-03-31": "-16.37900", "2005-12-31": -15.557, "2005-09-30": -15.761, "2005-06-30": -15.97, "2005-03-31": "-16.13300"}, "Financial Activities - Other": {"2020-12-31": -5120.749, "2020-09-30": 1270.813, "2020-06-30": 3901.975, "2020-03-31": "-52.03900", "2019-12-31": 254.459, "2019-09-30": 817.839, "2019-06-30": -234.542, "2019-03-31": "-402.42800", "2018-12-31": 223.81, "2018-09-30": -161.157, "2018-06-30": -156.142, "2018-03-31": "45.02500", "2017-12-31": -52.128, "2017-09-30": -357.147, "2017-06-30": -303.326, "2017-03-31": "223.52100", "2016-12-31": 731.04, "2016-09-30": 66.651, "2016-06-30": -611.109, "2016-03-31": "839.46300", "2015-12-31": 869.211, "2015-09-30": -395.473, "2015-06-30": -285.715, "2015-03-31": "232.61500", "2014-12-31": 712.435, "2014-09-30": -467.335, "2014-06-30": -54.734, "2014-03-31": "35.80400", "2013-12-31": 1207.64, "2013-09-30": 94.42, "2013-06-30": -754.569, "2013-03-31": "172.71000", "2012-12-31": 1445.549, "2012-09-30": 16.882, "2012-06-30": 107.659, "2012-03-31": "-48.52400", "2011-12-31": 785.641, "2011-09-30": 296.313, "2011-06-30": 146.816, "2011-03-31": "497.72700", "2010-12-31": 715.112, "2010-09-30": -153.906, "2010-06-30": 567.882, "2010-03-31": "-296.91200", "2009-12-31": 329.226, "2009-09-30": 228.094, "2009-06-30": -252.021, "2009-03-31": "1042.83000", "2008-12-31": 617.621, "2008-09-30": -258.796, "2008-06-30": -27.461, "2008-03-31": "15.22800", "2007-12-31": 668.954, "2007-09-30": -169.856, "2007-06-30": 35.297, "2007-03-31": "100.11100", "2006-12-31": 256.674, "2006-09-30": 21.765, "2006-06-30": -63.821, "2006-03-31": "291.79600", "2005-12-31": 494.988, "2005-09-30": -300.629, "2005-06-30": -32.994, "2005-03-31": "246.46000"}, "Cash Flow From Financial Activities": {"2020-12-31": -4620.228, "2020-09-30": 1000.155, "2020-06-30": 3426.541, "2020-03-31": "193.53200", "2019-12-31": 163.87, "2019-09-30": 103.558, "2019-06-30": 362.178, "2019-03-31": "-713.66700", "2018-12-31": 262.367, "2018-09-30": 478.628, "2018-06-30": -150.986, "2018-03-31": "-366.75700", "2017-12-31": -86.368, "2017-09-30": -229.805, "2017-06-30": -396.601, "2017-03-31": "-211.76200", "2016-12-31": 940.754, "2016-09-30": -103.23, "2016-06-30": 38.803, "2016-03-31": "-227.15500", "2015-12-31": 602.354, "2015-09-30": 102.935, "2015-06-30": -355.581, "2015-03-31": "-43.49900", "2014-12-31": 1155.373, "2014-09-30": -247.092, "2014-06-30": 48.971, "2014-03-31": "-424.20300", "2013-12-31": 775.734, "2013-09-30": 191.123, "2013-06-30": -292.526, "2013-03-31": "167.26900", "2012-12-31": 1096.008, "2012-09-30": -59.53, "2012-06-30": 211.387, "2012-03-31": "-208.63400", "2011-12-31": 965.684, "2011-09-30": -30.088, "2011-06-30": 474.621, "2011-03-31": "424.13300", "2010-12-31": -112.893, "2010-09-30": 325.428, "2010-06-30": 189.905, "2010-03-31": "-422.32200", "2009-12-31": 200.794, "2009-09-30": 203.227, "2009-06-30": -62.518, "2009-03-31": "99.95400", "2008-12-31": 565.465, "2008-09-30": -151.357, "2008-06-30": 406.181, "2008-03-31": "412.50300", "2007-12-31": 65.199, "2007-09-30": 328.562, "2007-06-30": 131.668, "2007-03-31": "-108.84200", "2006-12-31": 76.462, "2006-09-30": 141.962, "2006-06-30": 466.707, "2006-03-31": "-207.03600", "2005-12-31": -123.168, "2005-09-30": -186.863, "2005-06-30": -93.521, "2005-03-31": "-175.58800"}, "Net Cash Flow": {"2020-12-31": -649.668, "2020-09-30": -260.638, "2020-06-30": 918.6, "2020-03-31": "-8.29400", "2019-12-31": 23.428, "2019-09-30": -77.075, "2019-06-30": 355.023, "2019-03-31": "-602.80800", "2018-12-31": 404.086, "2018-09-30": 257.563, "2018-06-30": -37.355, "2018-03-31": "60.59400", "2017-12-31": -94.63, "2017-09-30": 73.603, "2017-06-30": -9.397, "2017-03-31": "-246.86500", "2016-12-31": 334.521, "2016-09-30": -158.128, "2016-06-30": 69.041, "2016-03-31": "53.48800", "2015-12-31": 43.969, "2015-09-30": -242.599, "2015-06-30": 149.078, "2015-03-31": "-548.44600", "2014-12-31": 378.26, "2014-09-30": 157.581, "2014-06-30": -183.31, "2014-03-31": "-521.32800", "2013-12-31": 320.49, "2013-09-30": 519.531, "2013-06-30": -191.302, "2013-03-31": "-159.03000", "2012-12-31": 210.464, "2012-09-30": 58.696, "2012-06-30": 76.24, "2012-03-31": "-83.12600", "2011-12-31": -52.129, "2011-09-30": -317.455, "2011-06-30": 317.447, "2011-03-31": "109.01300", "2010-12-31": 39.763, "2010-09-30": -230.732, "2010-06-30": 298.248, "2010-03-31": "-110.43800", "2009-12-31": -10.48, "2009-09-30": 49.79, "2009-06-30": -585.436, "2009-03-31": "-289.39600", "2008-12-31": 345.091, "2008-09-30": -132.372, "2008-06-30": -123.194, "2008-03-31": "-118.41500", "2007-12-31": 264.136, "2007-09-30": 0.056, "2007-06-30": 78.106, "2007-03-31": "-168.36800", "2006-12-31": 179.091, "2006-09-30": 75.363, "2006-06-30": 326.021, "2006-03-31": "-100.29400", "2005-12-31": 77.059, "2005-09-30": -76.05, "2005-06-30": -8.343, "2005-03-31": "26.74900"}, "Stock-Based Compensation": {"2020-12-31": -11.231, "2020-09-30": 3.765, "2020-06-30": 3.737, "2020-03-31": "3.72900", "2019-12-31": 3.489, "2019-09-30": 3.486, "2019-06-30": 3.399, "2019-03-31": "3.48000", "2018-12-31": 3.286, "2018-09-30": 3.161, "2018-06-30": 3.104, "2018-03-31": "3.29000", "2017-12-31": 2.956, "2017-09-30": 2.954, "2017-06-30": 3.06, "2017-03-31": "3.13500", "2016-12-31": 2.624, "2016-09-30": 2.614, "2016-06-30": 2.876, "2016-03-31": "3.41100", "2015-12-31": 2.445, "2015-09-30": 2.45, "2015-06-30": 2.512, "2015-03-31": "2.74000", "2014-12-31": 2.198, "2014-09-30": 2.163, "2014-06-30": 2.207, "2014-03-31": "2.26100", "2013-12-31": 1.822, "2013-09-30": 1.857, "2013-06-30": 1.525, "2013-03-31": "1.22300", "2012-12-31": 1.296, "2012-09-30": 1.15, "2012-06-30": 1.148, "2012-03-31": "1.40700", "2011-12-31": 1.117, "2011-09-30": 1.242, "2011-06-30": 1.116, "2011-03-31": "1.25600", "2010-12-31": 1.352, "2010-09-30": 1.283, "2010-06-30": 1.546, "2010-03-31": "1.84000", "2009-12-31": 1.717, "2009-09-30": 1.688, "2009-06-30": 1.597, "2009-03-31": "1.64000", "2008-12-31": 1.492, "2008-09-30": 1.612, "2008-06-30": 1.528, "2008-03-31": "1.75700", "2007-12-31": 1.654, "2007-09-30": 1.614, "2007-06-30": 1.477, "2007-03-31": "1.51800", "2006-12-31": 1.423, "2006-09-30": 1.284, "2006-06-30": 1.28, "2006-03-31": "0.79900", "2005-12-31": 1.272, "2005-09-30": 1.278, "2005-06-30": 1.305, "2005-03-31": "2.77300"}, "Common Stock Dividends Paid": {"2020-12-31": 90.64, "2020-09-30": -30.174, "2020-06-30": -30.174, "2020-03-31": "-30.29200", "2019-12-31": -27.933, "2019-09-30": -27.993, "2019-06-30": -28.682, "2019-03-31": "-28.85800", "2018-12-31": -24.977, "2018-09-30": -25.059, "2018-06-30": -25.096, "2018-03-31": "-25.10600", "2017-12-31": -22.897, "2017-09-30": -22.906, "2017-06-30": -22.903, "2017-03-31": "-22.91300", "2016-12-31": -21.776, "2016-09-30": -21.772, "2016-06-30": -21.762, "2016-03-31": "-21.76000", "2015-12-31": -20.92, "2015-09-30": -20.936, "2015-06-30": -21.353, "2015-03-31": "-21.75200", "2014-12-31": -20.666, "2014-09-30": -20.654, "2014-06-30": -21.331, "2014-03-31": "-21.59000", "2013-12-31": -20.568, "2013-09-30": -20.67, "2013-06-30": -20.431, "2013-03-31": "-20.43500", "2012-12-31": -150.789, "2012-09-30": -20.165, "2012-06-30": -39.58, "2012-03-31": "-1.07400", "2011-12-31": -19.504, "2011-09-30": -19.526, "2011-06-30": -20.056, "2011-03-31": "-20.05400", "2010-12-31": -19.395, "2010-09-30": -19.621, "2010-06-30": -19.615, "2010-03-31": "-19.60000", "2009-12-31": -18.984, "2009-09-30": -18.962, "2009-06-30": -18.515, "2009-03-31": "-18.25900", "2008-12-31": -18.052, "2008-09-30": -18.018, "2008-06-30": -18, "2008-03-31": "-17.98500", "2007-12-31": -17.104, "2007-09-30": -17.133, "2007-06-30": -17.319, "2007-03-31": "-17.35900", "2006-12-31": -16.463, "2006-09-30": -16.605, "2006-06-30": -16.311, "2006-03-31": "-16.37900", "2005-12-31": -15.557, "2005-09-30": -15.761, "2005-06-30": -15.97, "2005-03-31": "-16.13300"}}, "financial ratios": {"Current Ratio": {"2019-12-31": "", "2018-12-31": "", "2017-12-31": "", "2016-12-31": "", "2015-12-31": "", "2014-12-31": "", "2013-12-31": "", "2012-12-31": "", "2011-12-31": "", "2010-12-31": "", "2009-12-31": "", "2008-12-31": "", "2007-12-31": "", "2006-12-31": "", "2005-12-31": ""}, "Long-term Debt / Capital": {"2019-12-31": "0.00080", "2018-12-31": "0.00300", "2017-12-31": "0.00060", "2016-12-31": "0.03920", "2015-12-31": "0.04200", "2014-12-31": "0.04270", "2013-12-31": "0.04620", "2012-12-31": "0.04560", "2011-12-31": "0.04900", "2010-12-31": "0.05260", "2009-12-31": "0.28070", "2008-12-31": "0.52530", "2007-12-31": "0.27640", "2006-12-31": "0.03610", "2005-12-31": "0.16760"}, "Debt/Equity Ratio": {"2019-12-31": "0.59050", "2018-12-31": "0.66900", "2017-12-31": "0.55510", "2016-12-31": "0.73010", "2015-12-31": "0.87330", "2014-12-31": "0.84250", "2013-12-31": "0.65660", "2012-12-31": "0.54670", "2011-12-31": "0.63030", "2010-12-31": "0.54120", "2009-12-31": "0.97530", "2008-12-31": "1.75650", "2007-12-31": "1.19320", "2006-12-31": "1.26570", "2005-12-31": "1.19280"}, "Gross Margin": {"2019-12-31": "", "2018-12-31": "", "2017-12-31": "", "2016-12-31": "", "2015-12-31": "", "2014-12-31": "", "2013-12-31": "", "2012-12-31": "", "2011-12-31": "", "2010-12-31": "", "2009-12-31": "", "2008-12-31": "", "2007-12-31": "", "2006-12-31": "", "2005-12-31": ""}, "Operating Margin": {"2019-12-31": "", "2018-12-31": "", "2017-12-31": "", "2016-12-31": "", "2015-12-31": "", "2014-12-31": "", "2013-12-31": "", "2012-12-31": "", "2011-12-31": "", "2010-12-31": "", "2009-12-31": "", "2008-12-31": "", "2007-12-31": "", "2006-12-31": "", "2005-12-31": ""}, "EBIT Margin": {"2019-12-31": "", "2018-12-31": "", "2017-12-31": "", "2016-12-31": "", "2015-12-31": "", "2014-12-31": "", "2013-12-31": "", "2012-12-31": "", "2011-12-31": "", "2010-12-31": "", "2009-12-31": "", "2008-12-31": "", "2007-12-31": "", "2006-12-31": "", "2005-12-31": ""}, "EBITDA Margin": {"2019-12-31": "", "2018-12-31": "", "2017-12-31": "", "2016-12-31": "", "2015-12-31": "", "2014-12-31": "", "2013-12-31": "", "2012-12-31": "", "2011-12-31": "", "2010-12-31": "", "2009-12-31": "", "2008-12-31": "", "2007-12-31": "", "2006-12-31": "", "2005-12-31": ""}, "Pre-Tax Profit Margin": {"2019-12-31": "40.93230", "2018-12-31": "42.44700", "2017-12-31": "36.63810", "2016-12-31": "36.78160", "2015-12-31": "36.18360", "2014-12-31": "36.91850", "2013-12-31": "37.93880", "2012-12-31": "39.19150", "2011-12-31": "38.16900", "2010-12-31": "33.51290", "2009-12-31": "28.02880", "2008-12-31": "30.84410", "2007-12-31": "34.39350", "2006-12-31": "38.12500", "2005-12-31": "39.01090"}, "Net Profit Margin": {"2019-12-31": "31.42070", "2018-12-31": "32.76050", "2017-12-31": "26.09370", "2016-12-31": "24.43430", "2015-12-31": "23.69530", "2014-12-31": "24.42820", "2013-12-31": "25.47160", "2012-12-31": "26.48070", "2011-12-31": "25.49350", "2010-12-31": "23.22890", "2009-12-31": "19.57180", "2008-12-31": "21.20090", "2007-12-31": "23.61410", "2006-12-31": "25.88900", "2005-12-31": "27.42200"}, "Asset Turnover": {"2019-12-31": "0.04980", "2018-12-31": "0.05030", "2017-12-31": "0.04730", "2016-12-31": "0.04250", "2015-12-31": "0.04310", "2014-12-31": "0.04340", "2013-12-31": "0.04390", "2012-12-31": "0.04590", "2011-12-31": "0.04830", "2010-12-31": "0.05130", "2009-12-31": "0.04770", "2008-12-31": "0.05080", "2007-12-31": "0.05400", "2006-12-31": "0.05580", "2005-12-31": "0.05860"}, "Inventory Turnover Ratio": {"2019-12-31": "", "2018-12-31": "", "2017-12-31": "", "2016-12-31": "", "2015-12-31": "", "2014-12-31": "", "2013-12-31": "", "2012-12-31": "", "2011-12-31": "", "2010-12-31": "", "2009-12-31": "", "2008-12-31": "", "2007-12-31": "", "2006-12-31": "", "2005-12-31": ""}, "Receiveable Turnover": {"2019-12-31": "", "2018-12-31": "", "2017-12-31": "", "2016-12-31": "", "2015-12-31": "", "2014-12-31": "", "2013-12-31": "", "2012-12-31": "", "2011-12-31": "", "2010-12-31": "", "2009-12-31": "", "2008-12-31": "", "2007-12-31": "", "2006-12-31": "", "2005-12-31": ""}, "Days Sales In Receivables": {"2019-12-31": "", "2018-12-31": "", "2017-12-31": "", "2016-12-31": "", "2015-12-31": "", "2014-12-31": "", "2013-12-31": "", "2012-12-31": "", "2011-12-31": "", "2010-12-31": "", "2009-12-31": "", "2008-12-31": "", "2007-12-31": "", "2006-12-31": "", "2005-12-31": ""}, "ROE - Return On Equity": {"2019-12-31": "14.12010", "2018-12-31": "15.69330", "2017-12-31": "12.43100", "2016-12-31": "11.74930", "2015-12-31": "12.01170", "2014-12-31": "12.00220", "2013-12-31": "11.79180", "2012-12-31": "12.49960", "2011-12-31": "11.96220", "2010-12-31": "10.96510", "2009-12-31": "8.92810", "2008-12-31": "11.99060", "2007-12-31": "13.56690", "2006-12-31": "15.24440", "2005-12-31": "16.68720"}, "Return On Tangible Equity": {"2019-12-31": "14.13740", "2018-12-31": "15.70980", "2017-12-31": "12.43950", "2016-12-31": "11.75350", "2015-12-31": "12.01600", "2014-12-31": "12.01090", "2013-12-31": "12.63750", "2012-12-31": "13.30130", "2011-12-31": "12.74500", "2010-12-31": "11.75840", "2009-12-31": "9.64350", "2008-12-31": "13.18220", "2007-12-31": "15.00030", "2006-12-31": "16.59390", "2005-12-31": "17.31580"}, "ROA - Return On Assets": {"2019-12-31": "1.62170", "2018-12-31": "1.72090", "2017-12-31": "1.28820", "2016-12-31": "1.07970", "2015-12-31": "1.08500", "2014-12-31": "1.09520", "2013-12-31": "1.13170", "2012-12-31": "1.22490", "2011-12-31": "1.25730", "2010-12-31": "1.19920", "2009-12-31": "0.92920", "2008-12-31": "1.08020", "2007-12-31": "1.27900", "2006-12-31": "1.44340", "2005-12-31": "1.60780"}, "ROI - Return On Investment": {"2019-12-31": "13.45840", "2018-12-31": "14.87560", "2017-12-31": "11.76130", "2016-12-31": "10.63520", "2015-12-31": "10.80330", "2014-12-31": "10.77730", "2013-12-31": "11.24680", "2012-12-31": "11.92990", "2011-12-31": "11.37610", "2010-12-31": "10.38870", "2009-12-31": "6.42170", "2008-12-31": "5.69200", "2007-12-31": "9.81650", "2006-12-31": "14.69490", "2005-12-31": "13.89020"}, "Book Value Per Share": {"2019-12-31": "26.60460", "2018-12-31": "25.12580", "2017-12-31": "23.02440", "2016-12-31": "21.25750", "2015-12-31": "20.00310", "2014-12-31": "18.96010", "2013-12-31": "17.21110", "2012-12-31": "16.86070", "2011-12-31": "16.49430", "2010-12-31": "15.03980", "2009-12-31": "13.93160", "2008-12-31": "12.17000", "2007-12-31": "11.83360", "2006-12-31": "10.91880", "2005-12-31": "9.98180"}, "Operating Cash Flow Per Share": {"2019-12-31": -0.2282, "2018-12-31": 1.0314, "2017-12-31": -0.2461, "2016-12-31": 1.4028, "2015-12-31": -0.4434, "2014-12-31": 0.0583, "2013-12-31": -0.1207, "2012-12-31": -0.0837, "2011-12-31": -1.8043, "2010-12-31": 2.5964, "2009-12-31": 0.5275, "2008-12-31": -0.8438, "2007-12-31": -0.4312, "2006-12-31": 0.8477, "2005-12-31": 2.0188}, "Free Cash Flow Per Share": {"2019-12-31": -0.4046, "2018-12-31": 1.0946, "2017-12-31": -0.3538, "2016-12-31": 1.4953, "2015-12-31": -0.3591, "2014-12-31": -0.0838, "2013-12-31": -0.035, "2012-12-31": -0.1878, "2011-12-31": -1.8108, "2010-12-31": 2.6778, "2009-12-31": 0.6268, "2008-12-31": -0.7877, "2007-12-31": -0.4917, "2006-12-31": 0.9742, "2005-12-31": 1.5886}}, "financial ratios, quarterly": {"Current Ratio": {"2020-09-30": "", "2020-06-30": "", "2020-03-31": "", "2019-12-31": "", "2019-09-30": "", "2019-06-30": "", "2019-03-31": "", "2018-12-31": "", "2018-09-30": "", "2018-06-30": "", "2018-03-31": "", "2017-12-31": "", "2017-09-30": "", "2017-06-30": "", "2017-03-31": "", "2016-12-31": "", "2016-09-30": "", "2016-06-30": "", "2016-03-31": "", "2015-12-31": "", "2015-09-30": "", "2015-06-30": "", "2015-03-31": "", "2014-12-31": "", "2014-09-30": "", "2014-06-30": "", "2014-03-31": "", "2013-12-31": "", "2013-09-30": "", "2013-06-30": "", "2013-03-31": "", "2012-12-31": "", "2012-09-30": "", "2012-06-30": "", "2012-03-31": "", "2011-12-31": "", "2011-09-30": "", "2011-06-30": "", "2011-03-31": "", "2010-12-31": "", "2010-09-30": "", "2010-06-30": "", "2010-03-31": "", "2009-12-31": "", "2009-09-30": "", "2009-06-30": "", "2009-03-31": "", "2008-12-31": "", "2008-09-30": "", "2008-06-30": "", "2008-03-31": "", "2007-12-31": "", "2007-09-30": "", "2007-06-30": "", "2007-03-31": "", "2006-12-31": "", "2006-09-30": "", "2006-06-30": "", "2006-03-31": "", "2005-12-31": "", "2005-09-30": "", "2005-06-30": "", "2005-03-31": ""}, "Long-term Debt / Capital": {"2020-09-30": "0.00020", "2020-06-30": "0.00040", "2020-03-31": "0.18870", "2019-12-31": "0.00080", "2019-09-30": "0.07650", "2019-06-30": "0.00140", "2019-03-31": "0.00070", "2018-12-31": "0.00300", "2018-09-30": "0.00050", "2018-06-30": "0.00330", "2018-03-31": "0.00340", "2017-12-31": "0.00060", "2017-09-30": "0.03650", "2017-06-30": "0.03730", "2017-03-31": "0.03830", "2016-12-31": "0.03920", "2016-09-30": "0.03810", "2016-06-30": "0.03950", "2016-03-31": "0.04070", "2015-12-31": "0.04200", "2015-09-30": "0.04200", "2015-06-30": "0.04290", "2015-03-31": "0.04140", "2014-12-31": "0.04270", "2014-09-30": "0.04390", "2014-06-30": "0.04440", "2014-03-31": "0.04420", "2013-12-31": "0.04620", "2013-09-30": "0.04630", "2013-06-30": "0.04650", "2013-03-31": "0.04500", "2012-12-31": "0.04560", "2012-09-30": "0.04300", "2012-06-30": "0.04750", "2012-03-31": "0.04830", "2011-12-31": "0.04900", "2011-09-30": "0.04990", "2011-06-30": "0.04990", "2011-03-31": "0.05130", "2010-12-31": "0.05260", "2010-09-30": "0.14170", "2010-06-30": "0.15470", "2010-03-31": "0.27510", "2009-12-31": "0.28070", "2009-09-30": "0.30750", "2009-06-30": "0.33280", "2009-03-31": "0.34480", "2008-12-31": "0.52530", "2008-09-30": "0.43890", "2008-06-30": "0.40120", "2008-03-31": "0.33130", "2007-12-31": "0.27640", "2007-09-30": "0.18820", "2007-06-30": "0.19190", "2007-03-31": "0.02640", "2006-12-31": "0.03610", "2006-09-30": "0.10230", "2006-06-30": "0.09820", "2006-03-31": "0.16400", "2005-12-31": "0.16760", "2005-09-30": "0.21370", "2005-06-30": "0.21270", "2005-03-31": "0.22070"}, "Debt/Equity Ratio": {"2020-09-30": "0.50020", "2020-06-30": "0.51870", "2020-03-31": "0.67160", "2019-12-31": "0.59050", "2019-09-30": "0.61130", "2019-06-30": "0.75640", "2019-03-31": "0.56680", "2018-12-31": "0.66900", "2018-09-30": "0.66370", "2018-06-30": "0.42440", "2018-03-31": "0.42190", "2017-12-31": "0.55510", "2017-09-30": "0.55890", "2017-06-30": "0.51680", "2017-03-31": "0.55510", "2016-12-31": "0.73010", "2016-09-30": "0.62140", "2016-06-30": "0.68710", "2016-03-31": "0.43360", "2015-12-31": "0.87330", "2015-09-30": "0.96880", "2015-06-30": "0.76440", "2015-03-31": "0.71270", "2014-12-31": "0.84250", "2014-09-30": "0.65540", "2014-06-30": "0.55670", "2014-03-31": "0.45400", "2013-12-31": "0.65660", "2013-09-30": "0.85550", "2013-06-30": "0.81810", "2013-03-31": "0.56430", "2012-12-31": "0.54670", "2012-09-30": "0.59020", "2012-06-30": "0.63520", "2012-03-31": "0.56130", "2011-12-31": "0.63030", "2011-09-30": "0.54910", "2011-06-30": "0.65420", "2011-03-31": "0.49990", "2010-12-31": "0.54120", "2010-09-30": "0.91290", "2010-06-30": "0.68910", "2010-03-31": "0.89770", "2009-12-31": "0.97530", "2009-09-30": "1.05480", "2009-06-30": "1.19010", "2009-03-31": "1.14830", "2008-12-31": "1.75650", "2008-09-30": "1.75810", "2008-06-30": "1.67510", "2008-03-31": "1.41880", "2007-12-31": "1.19320", "2007-09-30": "1.61230", "2007-06-30": "1.26280", "2007-03-31": "1.15710", "2006-12-31": "1.26570", "2006-09-30": "1.32570", "2006-06-30": "1.30050", "2006-03-31": "0.88040", "2005-12-31": "1.19280", "2005-09-30": "1.56850", "2005-06-30": "1.42900", "2005-03-31": "1.42560"}, "Gross Margin": {"2020-09-30": "", "2020-06-30": "", "2020-03-31": "", "2019-12-31": "", "2019-09-30": "", "2019-06-30": "", "2019-03-31": "", "2018-12-31": "", "2018-09-30": "", "2018-06-30": "", "2018-03-31": "", "2017-12-31": "", "2017-09-30": "", "2017-06-30": "", "2017-03-31": "", "2016-12-31": "", "2016-09-30": "", "2016-06-30": "", "2016-03-31": "", "2015-12-31": "", "2015-09-30": "", "2015-06-30": "", "2015-03-31": "", "2014-12-31": "", "2014-09-30": "", "2014-06-30": "", "2014-03-31": "", "2013-12-31": "", "2013-09-30": "", "2013-06-30": "", "2013-03-31": "", "2012-12-31": "", "2012-09-30": "", "2012-06-30": "", "2012-03-31": "", "2011-12-31": "", "2011-09-30": "", "2011-06-30": "", "2011-03-31": "", "2010-12-31": "", "2010-09-30": "", "2010-06-30": "", "2010-03-31": "", "2009-12-31": "", "2009-09-30": "", "2009-06-30": "", "2009-03-31": "", "2008-12-31": "", "2008-09-30": "", "2008-06-30": "", "2008-03-31": "", "2007-12-31": "", "2007-09-30": "", "2007-06-30": "", "2007-03-31": "", "2006-12-31": "", "2006-09-30": "", "2006-06-30": "", "2006-03-31": "", "2005-12-31": "", "2005-09-30": "", "2005-06-30": "", "2005-03-31": ""}, "Operating Margin": {"2020-09-30": "", "2020-06-30": "", "2020-03-31": "", "2019-12-31": "", "2019-09-30": "", "2019-06-30": "", "2019-03-31": "", "2018-12-31": "", "2018-09-30": "", "2018-06-30": "", "2018-03-31": "", "2017-12-31": "", "2017-09-30": "", "2017-06-30": "", "2017-03-31": "", "2016-12-31": "", "2016-09-30": "", "2016-06-30": "", "2016-03-31": "", "2015-12-31": "", "2015-09-30": "", "2015-06-30": "", "2015-03-31": "", "2014-12-31": "", "2014-09-30": "", "2014-06-30": "", "2014-03-31": "", "2013-12-31": "", "2013-09-30": "", "2013-06-30": "", "2013-03-31": "", "2012-12-31": "", "2012-09-30": "", "2012-06-30": "", "2012-03-31": "", "2011-12-31": "", "2011-09-30": "", "2011-06-30": "", "2011-03-31": "", "2010-12-31": "", "2010-09-30": "", "2010-06-30": "", "2010-03-31": "", "2009-12-31": "", "2009-09-30": "", "2009-06-30": "", "2009-03-31": "", "2008-12-31": "", "2008-09-30": "", "2008-06-30": "", "2008-03-31": "", "2007-12-31": "", "2007-09-30": "", "2007-06-30": "", "2007-03-31": "", "2006-12-31": "", "2006-09-30": "", "2006-06-30": "", "2006-03-31": "", "2005-12-31": "", "2005-09-30": "", "2005-06-30": "", "2005-03-31": ""}, "EBIT Margin": {"2020-09-30": "", "2020-06-30": "", "2020-03-31": "", "2019-12-31": "", "2019-09-30": "", "2019-06-30": "", "2019-03-31": "", "2018-12-31": "", "2018-09-30": "", "2018-06-30": "", "2018-03-31": "", "2017-12-31": "", "2017-09-30": "", "2017-06-30": "", "2017-03-31": "", "2016-12-31": "", "2016-09-30": "", "2016-06-30": "", "2016-03-31": "", "2015-12-31": "", "2015-09-30": "", "2015-06-30": "", "2015-03-31": "", "2014-12-31": "", "2014-09-30": "", "2014-06-30": "", "2014-03-31": "", "2013-12-31": "", "2013-09-30": "", "2013-06-30": "", "2013-03-31": "", "2012-12-31": "", "2012-09-30": "", "2012-06-30": "", "2012-03-31": "", "2011-12-31": "", "2011-09-30": "", "2011-06-30": "", "2011-03-31": "", "2010-12-31": "", "2010-09-30": "", "2010-06-30": "", "2010-03-31": "", "2009-12-31": "", "2009-09-30": "", "2009-06-30": "", "2009-03-31": "", "2008-12-31": "", "2008-09-30": "", "2008-06-30": "", "2008-03-31": "", "2007-12-31": "", "2007-09-30": "", "2007-06-30": "", "2007-03-31": "", "2006-12-31": "", "2006-09-30": "", "2006-06-30": "", "2006-03-31": "", "2005-12-31": "", "2005-09-30": "", "2005-06-30": "", "2005-03-31": ""}, "EBITDA Margin": {"2020-09-30": "", "2020-06-30": "", "2020-03-31": "", "2019-12-31": "", "2019-09-30": "", "2019-06-30": "", "2019-03-31": "", "2018-12-31": "", "2018-09-30": "", "2018-06-30": "", "2018-03-31": "", "2017-12-31": "", "2017-09-30": "", "2017-06-30": "", "2017-03-31": "", "2016-12-31": "", "2016-09-30": "", "2016-06-30": "", "2016-03-31": "", "2015-12-31": "", "2015-09-30": "", "2015-06-30": "", "2015-03-31": "", "2014-12-31": "", "2014-09-30": "", "2014-06-30": "", "2014-03-31": "", "2013-12-31": "", "2013-09-30": "", "2013-06-30": "", "2013-03-31": "", "2012-12-31": "", "2012-09-30": "", "2012-06-30": "", "2012-03-31": "", "2011-12-31": "", "2011-09-30": "", "2011-06-30": "", "2011-03-31": "", "2010-12-31": "", "2010-09-30": "", "2010-06-30": "", "2010-03-31": "", "2009-12-31": "", "2009-09-30": "", "2009-06-30": "", "2009-03-31": "", "2008-12-31": "", "2008-09-30": "", "2008-06-30": "", "2008-03-31": "", "2007-12-31": "", "2007-09-30": "", "2007-06-30": "", "2007-03-31": "", "2006-12-31": "", "2006-09-30": "", "2006-06-30": "", "2006-03-31": "", "2005-12-31": "", "2005-09-30": "", "2005-06-30": "", "2005-03-31": ""}, "Pre-Tax Profit Margin": {"2020-09-30": "46.77510", "2020-06-30": "20.51340", "2020-03-31": "23.58270", "2019-12-31": "40.97550", "2019-09-30": "42.15040", "2019-06-30": "41.95950", "2019-03-31": "38.51580", "2018-12-31": "42.12570", "2018-09-30": "43.19420", "2018-06-30": "43.64270", "2018-03-31": "40.74140", "2017-12-31": "35.52660", "2017-09-30": "37.27900", "2017-06-30": "38.80930", "2017-03-31": "35.00500", "2016-12-31": "40.55510", "2016-09-30": "35.57760", "2016-06-30": "36.39940", "2016-03-31": "34.84000", "2015-12-31": "34.37800", "2015-09-30": "35.21830", "2015-06-30": "39.45250", "2015-03-31": "35.57700", "2014-12-31": "35.34860", "2014-09-30": "38.31020", "2014-06-30": "37.27290", "2014-03-31": "36.75090", "2013-12-31": "37.72750", "2013-09-30": "39.30130", "2013-06-30": "38.00390", "2013-03-31": "36.66010", "2012-12-31": "37.31800", "2012-09-30": "39.21060", "2012-06-30": "40.33780", "2012-03-31": "39.86250", "2011-12-31": "37.23430", "2011-09-30": "38.85720", "2011-06-30": "39.99230", "2011-03-31": "36.48960", "2010-12-31": "34.56770", "2010-09-30": "34.52290", "2010-06-30": "35.89790", "2010-03-31": "28.53810", "2009-12-31": "31.49300", "2009-09-30": "32.64580", "2009-06-30": "24.55440", "2009-03-31": "22.43460", "2008-12-31": "29.90690", "2008-09-30": "15.67760", "2008-06-30": "36.20290", "2008-03-31": "40.49790", "2007-12-31": "27.79570", "2007-09-30": "36.92100", "2007-06-30": "37.56230", "2007-03-31": "35.49840", "2006-12-31": "38.23390", "2006-09-30": "37.54360", "2006-06-30": "38.96920", "2006-03-31": "37.74350", "2005-12-31": "37.54220", "2005-09-30": "39.94540", "2005-06-30": "40.53480", "2005-03-31": "37.97700"}, "Net Profit Margin": {"2020-09-30": "34.85390", "2020-06-30": "15.94420", "2020-03-31": "19.57080", "2019-12-31": "30.42680", "2019-09-30": "32.40210", "2019-06-30": "32.33290", "2019-03-31": "30.47730", "2018-12-31": "31.55480", "2018-09-30": "33.86570", "2018-06-30": "33.49330", "2018-03-31": "32.09860", "2017-12-31": "27.53550", "2017-09-30": "25.30790", "2017-06-30": "26.20970", "2017-03-31": "25.09330", "2016-12-31": "27.57230", "2016-09-30": "23.56450", "2016-06-30": "23.95610", "2016-03-31": "22.84800", "2015-12-31": "22.61940", "2015-09-30": "23.23570", "2015-06-30": "26.01970", "2015-03-31": "22.80880", "2014-12-31": "22.30340", "2014-09-30": "24.96940", "2014-06-30": "25.67350", "2014-03-31": "24.80220", "2013-12-31": "24.45650", "2013-09-30": "26.49260", "2013-06-30": "25.99070", "2013-03-31": "24.92830", "2012-12-31": "26.93740", "2012-09-30": "26.15840", "2012-06-30": "26.73880", "2012-03-31": "26.07450", "2011-12-31": "24.39550", "2011-09-30": "25.79640", "2011-06-30": "26.78930", "2011-03-31": "24.93760", "2010-12-31": "24.21860", "2010-09-30": "23.51870", "2010-06-30": "24.57800", "2010-03-31": "20.26970", "2009-12-31": "22.02420", "2009-09-30": "22.51800", "2009-06-30": "17.43050", "2009-03-31": "15.64440", "2008-12-31": "21.48630", "2008-09-30": "11.27970", "2008-06-30": "24.28380", "2008-03-31": "27.14760", "2007-12-31": "19.43800", "2007-09-30": "25.34990", "2007-06-30": "25.44880", "2007-03-31": "24.34830", "2006-12-31": "26.35820", "2006-09-30": "25.75040", "2006-06-30": "26.06730", "2006-03-31": "25.36230", "2005-12-31": "27.61580", "2005-09-30": "30.81120", "2005-06-30": "26.28200", "2005-03-31": "24.94800"}, "Asset Turnover": {"2020-09-30": "0.01140", "2020-06-30": "0.00770", "2020-03-31": "0.00950", "2019-12-31": "0.01270", "2019-09-30": "0.01280", "2019-06-30": "0.01270", "2019-03-31": "0.01240", "2018-12-31": "0.01280", "2018-09-30": "0.01300", "2018-06-30": "0.01320", "2018-03-31": "0.01250", "2017-12-31": "0.01300", "2017-09-30": "0.01140", "2017-06-30": "0.01150", "2017-03-31": "0.01090", "2016-12-31": "0.01010", "2016-09-30": "0.01140", "2016-06-30": "0.01130", "2016-03-31": "0.01110", "2015-12-31": "0.01090", "2015-09-30": "0.01100", "2015-06-30": "0.01150", "2015-03-31": "0.01060", "2014-12-31": "0.01100", "2014-09-30": "0.01160", "2014-06-30": "0.01130", "2014-03-31": "0.01120", "2013-12-31": "0.01120", "2013-09-30": "0.01150", "2013-06-30": "0.01160", "2013-03-31": "0.01100", "2012-12-31": "0.01140", "2012-09-30": "0.01210", "2012-06-30": "0.01260", "2012-03-31": "0.01220", "2011-12-31": "0.01200", "2011-09-30": "0.01220", "2011-06-30": "0.01310", "2011-03-31": "0.01270", "2010-12-31": "0.01350", "2010-09-30": "0.01270", "2010-06-30": "0.01320", "2010-03-31": "0.01210", "2009-12-31": "0.01240", "2009-09-30": "0.01280", "2009-06-30": "0.01200", "2009-03-31": "0.01100", "2008-12-31": "0.01170", "2008-09-30": "0.01290", "2008-06-30": "0.01350", "2008-03-31": "0.01410", "2007-12-31": "0.01390", "2007-09-30": "0.01380", "2007-06-30": "0.01410", "2007-03-31": "0.01390", "2006-12-31": "0.01420", "2006-09-30": "0.01400", "2006-06-30": "0.01490", "2006-03-31": "0.01520", "2005-12-31": "0.01470", "2005-09-30": "0.01460", "2005-06-30": "0.01470", "2005-03-31": "0.01420"}, "Inventory Turnover Ratio": {"2020-09-30": "", "2020-06-30": "", "2020-03-31": "", "2019-12-31": "", "2019-09-30": "", "2019-06-30": "", "2019-03-31": "", "2018-12-31": "", "2018-09-30": "", "2018-06-30": "", "2018-03-31": "", "2017-12-31": "", "2017-09-30": "", "2017-06-30": "", "2017-03-31": "", "2016-12-31": "", "2016-09-30": "", "2016-06-30": "", "2016-03-31": "", "2015-12-31": "", "2015-09-30": "", "2015-06-30": "", "2015-03-31": "", "2014-12-31": "", "2014-09-30": "", "2014-06-30": "", "2014-03-31": "", "2013-12-31": "", "2013-09-30": "", "2013-06-30": "", "2013-03-31": "", "2012-12-31": "", "2012-09-30": "", "2012-06-30": "", "2012-03-31": "", "2011-12-31": "", "2011-09-30": "", "2011-06-30": "", "2011-03-31": "", "2010-12-31": "", "2010-09-30": "", "2010-06-30": "", "2010-03-31": "", "2009-12-31": "", "2009-09-30": "", "2009-06-30": "", "2009-03-31": "", "2008-12-31": "", "2008-09-30": "", "2008-06-30": "", "2008-03-31": "", "2007-12-31": "", "2007-09-30": "", "2007-06-30": "", "2007-03-31": "", "2006-12-31": "", "2006-09-30": "", "2006-06-30": "", "2006-03-31": "", "2005-12-31": "", "2005-09-30": "", "2005-06-30": "", "2005-03-31": ""}, "Receiveable Turnover": {"2020-09-30": "", "2020-06-30": "", "2020-03-31": "", "2019-12-31": "", "2019-09-30": "", "2019-06-30": "", "2019-03-31": "", "2018-12-31": "", "2018-09-30": "", "2018-06-30": "", "2018-03-31": "", "2017-12-31": "", "2017-09-30": "", "2017-06-30": "", "2017-03-31": "", "2016-12-31": "", "2016-09-30": "", "2016-06-30": "", "2016-03-31": "", "2015-12-31": "", "2015-09-30": "", "2015-06-30": "", "2015-03-31": "", "2014-12-31": "", "2014-09-30": "", "2014-06-30": "", "2014-03-31": "", "2013-12-31": "", "2013-09-30": "", "2013-06-30": "", "2013-03-31": "", "2012-12-31": "", "2012-09-30": "", "2012-06-30": "", "2012-03-31": "", "2011-12-31": "", "2011-09-30": "", "2011-06-30": "", "2011-03-31": "", "2010-12-31": "", "2010-09-30": "", "2010-06-30": "", "2010-03-31": "", "2009-12-31": "", "2009-09-30": "", "2009-06-30": "", "2009-03-31": "", "2008-12-31": "", "2008-09-30": "", "2008-06-30": "", "2008-03-31": "", "2007-12-31": "", "2007-09-30": "", "2007-06-30": "", "2007-03-31": "", "2006-12-31": "", "2006-09-30": "", "2006-06-30": "", "2006-03-31": "", "2005-12-31": "", "2005-09-30": "", "2005-06-30": "", "2005-03-31": ""}, "Days Sales In Receivables": {"2020-09-30": "", "2020-06-30": "", "2020-03-31": "", "2019-12-31": "", "2019-09-30": "", "2019-06-30": "", "2019-03-31": "", "2018-12-31": "", "2018-09-30": "", "2018-06-30": "", "2018-03-31": "", "2017-12-31": "", "2017-09-30": "", "2017-06-30": "", "2017-03-31": "", "2016-12-31": "", "2016-09-30": "", "2016-06-30": "", "2016-03-31": "", "2015-12-31": "", "2015-09-30": "", "2015-06-30": "", "2015-03-31": "", "2014-12-31": "", "2014-09-30": "", "2014-06-30": "", "2014-03-31": "", "2013-12-31": "", "2013-09-30": "", "2013-06-30": "", "2013-03-31": "", "2012-12-31": "", "2012-09-30": "", "2012-06-30": "", "2012-03-31": "", "2011-12-31": "", "2011-09-30": "", "2011-06-30": "", "2011-03-31": "", "2010-12-31": "", "2010-09-30": "", "2010-06-30": "", "2010-03-31": "", "2009-12-31": "", "2009-09-30": "", "2009-06-30": "", "2009-03-31": "", "2008-12-31": "", "2008-09-30": "", "2008-06-30": "", "2008-03-31": "", "2007-12-31": "", "2007-09-30": "", "2007-06-30": "", "2007-03-31": "", "2006-12-31": "", "2006-09-30": "", "2006-06-30": "", "2006-03-31": "", "2005-12-31": "", "2005-09-30": "", "2005-06-30": "", "2005-03-31": ""}, "ROE - Return On Equity": {"2020-09-30": "4.03340", "2020-06-30": "1.20530", "2020-03-31": "1.59610", "2019-12-31": "3.58350", "2019-09-30": "3.71740", "2019-06-30": "3.57830", "2019-03-31": "3.34850", "2018-12-31": "3.96650", "2018-09-30": "4.28340", "2018-06-30": "4.23830", "2018-03-31": "3.98530", "2017-12-31": "3.69100", "2017-09-30": "2.89980", "2017-06-30": "3.18070", "2017-03-31": "2.96440", "2016-12-31": "3.07140", "2016-09-30": "2.86210", "2016-06-30": "2.93060", "2016-03-31": "2.84570", "2015-12-31": "2.89860", "2015-09-30": "2.92930", "2015-06-30": "3.47020", "2015-03-31": "2.74320", "2014-12-31": "2.91130", "2014-09-30": "3.21910", "2014-06-30": "3.11240", "2014-03-31": "2.82040", "2013-12-31": "2.97260", "2013-09-30": "3.13750", "2013-06-30": "3.13460", "2013-03-31": "2.79040", "2012-12-31": "3.06700", "2012-09-30": "2.89480", "2012-06-30": "3.19330", "2012-03-31": "3.03810", "2011-12-31": "2.90490", "2011-09-30": "3.09910", "2011-06-30": "3.26600", "2011-03-31": "2.94370", "2010-12-31": "3.07520", "2010-09-30": "2.73730", "2010-06-30": "3.00800", "2010-03-31": "2.27300", "2009-12-31": "2.62280", "2009-09-30": "2.78090", "2009-06-30": "2.16800", "2009-03-31": "1.90230", "2008-12-31": "2.75730", "2008-09-30": "1.54880", "2008-06-30": "3.50890", "2008-03-31": "4.10240", "2007-12-31": "2.89920", "2007-09-30": "3.74760", "2007-06-30": "3.81250", "2007-03-31": "3.56120", "2006-12-31": "3.95370", "2006-09-30": "3.73670", "2006-06-30": "4.15600", "2006-03-31": "4.01620", "2005-12-31": "4.20390", "2005-09-30": "4.60330", "2005-06-30": "3.95070", "2005-03-31": "3.63420"}, "Return On Tangible Equity": {"2020-09-30": "4.21990", "2020-06-30": "1.20580", "2020-03-31": "1.59750", "2019-12-31": "3.58790", "2019-09-30": "3.72150", "2019-06-30": "3.58170", "2019-03-31": "3.35160", "2018-12-31": "3.97070", "2018-09-30": "4.28760", "2018-06-30": "4.24190", "2018-03-31": "3.98840", "2017-12-31": "3.69350", "2017-09-30": "2.90150", "2017-06-30": "3.18210", "2017-03-31": "2.96540", "2016-12-31": "3.07260", "2016-09-30": "2.86300", "2016-06-30": "2.93150", "2016-03-31": "2.84650", "2015-12-31": "2.89960", "2015-09-30": "2.93050", "2015-06-30": "3.47200", "2015-03-31": "2.74480", "2014-12-31": "2.91340", "2014-09-30": "3.22200", "2014-06-30": "3.11590", "2014-03-31": "3.01640", "2013-12-31": "3.18580", "2013-09-30": "3.36540", "2013-06-30": "3.34090", "2013-03-31": "2.96810", "2012-12-31": "3.26370", "2012-09-30": "3.06970", "2012-06-30": "3.39410", "2012-03-31": "3.23310", "2011-12-31": "3.09500", "2011-09-30": "3.30720", "2011-06-30": "3.48680", "2011-03-31": "3.15030", "2010-12-31": "3.29770", "2010-09-30": "2.93340", "2010-06-30": "3.23210", "2010-03-31": "2.44970", "2009-12-31": "2.83300", "2009-09-30": "3.00960", "2009-06-30": "2.36500", "2009-03-31": "2.08620", "2008-12-31": "3.03130", "2008-09-30": "1.70200", "2008-06-30": "3.85710", "2008-03-31": "4.52140", "2007-12-31": "3.20550", "2007-09-30": "4.15860", "2007-06-30": "4.18190", "2007-03-31": "3.87000", "2006-12-31": "4.30370", "2006-09-30": "4.05400", "2006-06-30": "4.31320", "2006-03-31": "4.16970", "2005-12-31": "4.36230", "2005-09-30": "4.77310", "2005-06-30": "4.09520", "2005-03-31": "3.76790"}, "ROA - Return On Assets": {"2020-09-30": "0.42400", "2020-06-30": "0.12700", "2020-03-31": "0.18510", "2019-12-31": "0.41160", "2019-09-30": "0.42540", "2019-06-30": "0.42020", "2019-03-31": "0.38770", "2018-12-31": "0.43500", "2018-09-30": "0.45510", "2018-06-30": "0.45390", "2018-03-31": "0.41470", "2017-12-31": "0.38250", "2017-09-30": "0.29720", "2017-06-30": "0.31500", "2017-03-31": "0.28330", "2016-12-31": "0.28230", "2016-09-30": "0.27960", "2016-06-30": "0.28250", "2016-03-31": "0.26740", "2015-12-31": "0.26180", "2015-09-30": "0.27210", "2015-06-30": "0.31770", "2015-03-31": "0.25790", "2014-12-31": "0.26570", "2014-09-30": "0.30400", "2014-06-30": "0.28650", "2014-03-31": "0.28080", "2013-12-31": "0.28530", "2013-09-30": "0.30480", "2013-06-30": "0.30140", "2013-03-31": "0.27360", "2012-12-31": "0.30060", "2012-09-30": "0.31990", "2012-06-30": "0.34340", "2012-03-31": "0.32550", "2011-12-31": "0.30530", "2011-09-30": "0.31980", "2011-06-30": "0.35570", "2011-03-31": "0.32050", "2010-12-31": "0.33630", "2010-09-30": "0.29880", "2010-06-30": "0.32550", "2010-03-31": "0.24290", "2009-12-31": "0.27300", "2009-09-30": "0.28670", "2009-06-30": "0.20780", "2009-03-31": "0.17070", "2008-12-31": "0.24840", "2008-09-30": "0.14600", "2008-06-30": "0.33100", "2008-03-31": "0.38610", "2007-12-31": "0.27330", "2007-09-30": "0.34880", "2007-06-30": "0.35810", "2007-03-31": "0.33890", "2006-12-31": "0.37440", "2006-09-30": "0.36000", "2006-06-30": "0.38770", "2006-03-31": "0.38560", "2005-12-31": "0.40500", "2005-09-30": "0.45020", "2005-06-30": "0.38510", "2005-03-31": "0.35340"}, "ROI - Return On Investment": {"2020-09-30": "4.03250", "2020-06-30": "1.15280", "2020-03-31": "1.23730", "2019-12-31": "3.41550", "2019-09-30": "3.27290", "2019-06-30": "3.41010", "2019-03-31": "3.18710", "2018-12-31": "3.75990", "2018-09-30": "4.06030", "2018-06-30": "4.00350", "2018-03-31": "3.75920", "2017-12-31": "3.49210", "2017-09-30": "2.64430", "2017-06-30": "2.89330", "2017-03-31": "2.69000", "2016-12-31": "2.78020", "2016-09-30": "2.59740", "2016-06-30": "2.65360", "2016-03-31": "2.56840", "2015-12-31": "2.60700", "2015-09-30": "2.63500", "2015-06-30": "3.11350", "2015-03-31": "2.47140", "2014-12-31": "2.61420", "2014-09-30": "2.88310", "2014-06-30": "2.78380", "2014-03-31": "2.69570", "2013-12-31": "2.83520", "2013-09-30": "2.99220", "2013-06-30": "2.98880", "2013-03-31": "2.66470", "2012-12-31": "2.92720", "2012-09-30": "2.77030", "2012-06-30": "3.04160", "2012-03-31": "2.89150", "2011-12-31": "2.76260", "2011-09-30": "2.94440", "2011-06-30": "3.10310", "2011-03-31": "2.79270", "2010-12-31": "2.91350", "2010-09-30": "2.34940", "2010-06-30": "2.54260", "2010-03-31": "1.64770", "2009-12-31": "1.88650", "2009-09-30": "1.92560", "2009-06-30": "1.44650", "2009-03-31": "1.24640", "2008-12-31": "1.30890", "2008-09-30": "0.86900", "2008-06-30": "2.10120", "2008-03-31": "2.74330", "2007-12-31": "2.09780", "2007-09-30": "3.04240", "2007-06-30": "3.08090", "2007-03-31": "3.46720", "2006-12-31": "3.81120", "2006-09-30": "3.35440", "2006-06-30": "3.74810", "2006-03-31": "3.35760", "2005-12-31": "3.49930", "2005-09-30": "3.61960", "2005-06-30": "3.11040", "2005-03-31": "2.83230"}, "Book Value Per Share": {"2020-09-30": "28.17610", "2020-06-30": "28.61850", "2020-03-31": "27.71740", "2019-12-31": "26.60460", "2019-09-30": "26.18940", "2019-06-30": "26.11840", "2019-03-31": "24.88960", "2018-12-31": "25.12580", "2018-09-30": "22.76070", "2018-06-30": "22.41470", "2018-03-31": "21.88310", "2017-12-31": "23.02440", "2017-09-30": "21.85530", "2017-06-30": "21.24080", "2017-03-31": "20.70800", "2016-12-31": "21.25750", "2016-09-30": "20.73650", "2016-06-30": "20.46800", "2016-03-31": "19.82850", "2015-12-31": "20.00310", "2015-09-30": "19.02400", "2015-06-30": "18.48500", "2015-03-31": "18.56670", "2014-12-31": "18.96010", "2014-09-30": "17.71590", "2014-06-30": "17.52400", "2014-03-31": "16.85650", "2013-12-31": "17.21110", "2013-09-30": "16.15780", "2013-06-30": "15.70540", "2013-03-31": "16.23350", "2012-12-31": "16.86070", "2012-09-30": "16.95430", "2012-06-30": "16.39750", "2012-03-31": "15.98430", "2011-12-31": "16.49430", "2011-09-30": "15.42140", "2011-06-30": "15.05160", "2011-03-31": "14.57840", "2010-12-31": "15.03980", "2010-09-30": "14.32980", "2010-06-30": "13.92990", "2010-03-31": "13.51080", "2009-12-31": "13.93160", "2009-09-30": "13.04210", "2009-06-30": "12.25930", "2009-03-31": "11.78360", "2008-12-31": "12.17000", "2008-09-30": "11.74480", "2008-06-30": "11.82230", "2008-03-31": "11.63930", "2007-12-31": "11.83360", "2007-09-30": "10.99100", "2007-06-30": "10.65490", "2007-03-31": "10.52100", "2006-12-31": "10.91880", "2006-09-30": "10.36660", "2006-06-30": "9.64490", "2006-03-31": "9.48340", "2005-12-31": "9.98180", "2005-09-30": "9.53870", "2005-06-30": "9.52560", "2005-03-31": "9.34250"}, "Operating Cash Flow Per Share": {"2020-09-30": 2.0838, "2020-06-30": 1.2908, "2020-03-31": "0.68210", "2019-12-31": 1.1083, "2019-09-30": 1.0928, "2019-06-30": 0.9112, "2019-03-31": "1.16920", "2018-12-31": 0.868, "2018-09-30": 1.2947, "2018-06-30": 1.1732, "2018-03-31": "1.17380", "2017-12-31": 0.7534, "2017-09-30": 1.0365, "2017-06-30": 0.5595, "2017-03-31": "1.12890", "2016-12-31": 0.8678, "2016-09-30": 0.6851, "2016-06-30": 0.559, "2016-03-31": "1.61250", "2015-12-31": 0.0666, "2015-09-30": 0.7298, "2015-06-30": 0.7795, "2015-03-31": "0.74570", "2014-12-31": 0.5335, "2014-09-30": 0.651, "2014-06-30": 0.6736, "2014-03-31": "0.90690", "2013-12-31": 0.5458, "2013-09-30": 0.8951, "2013-06-30": 0.5319, "2013-03-31": "0.73390", "2012-12-31": 0.6363, "2012-09-30": 0.6957, "2012-06-30": 0.6209, "2012-03-31": "0.87450", "2011-12-31": 0.6764, "2011-09-30": 0.8585, "2011-06-30": 0.6553, "2011-03-31": "0.72090", "2010-12-31": 1.8577, "2010-09-30": 2.1935, "2010-06-30": 1.0483, "2010-03-31": "-0.38410", "2009-12-31": -0.2534, "2009-09-30": 2.0517, "2009-06-30": 0.8299, "2009-03-31": "-0.50920", "2008-12-31": 0.9442, "2008-09-30": 0.2062, "2008-06-30": 0.1128, "2008-03-31": "0.32830", "2007-12-31": 0.9847, "2007-09-30": 0.6383, "2007-06-30": 0.808, "2007-03-31": "0.00430", "2006-12-31": 0.7661, "2006-09-30": 0.3942, "2006-06-30": 0.8816, "2006-03-31": "0.82460", "2005-12-31": 0.3284, "2005-09-30": 0.5647, "2005-06-30": 0.7114, "2005-03-31": "0.41430"}, "Free Cash Flow Per Share": {"2020-09-30": 1.9531, "2020-06-30": 1.2381, "2020-03-31": "0.61750", "2019-12-31": 1.0003, "2019-09-30": 1.0178, "2019-06-30": 0.8381, "2019-03-31": "1.08680", "2018-12-31": 0.8609, "2018-09-30": 1.2363, "2018-06-30": 1.1114, "2018-03-31": "1.13900", "2017-12-31": 0.6934, "2017-09-30": 0.9657, "2017-06-30": 0.5037, "2017-03-31": "1.09020", "2016-12-31": 0.8538, "2016-09-30": 0.6491, "2016-06-30": 0.5476, "2016-03-31": "1.55630", "2015-12-31": 0.0018, "2015-09-30": 0.6798, "2015-06-30": 0.7512, "2015-03-31": "0.67870", "2014-12-31": 0.4831, "2014-09-30": 0.5017, "2014-06-30": 0.6084, "2014-03-31": "0.87740", "2013-12-31": 0.5283, "2013-09-30": 0.8357, "2013-06-30": 0.4974, "2013-03-31": "0.69300", "2012-12-31": 0.5237, "2012-09-30": 0.6435, "2012-06-30": 0.5818, "2012-03-31": "0.84040", "2011-12-31": 0.642, "2011-09-30": 0.8255, "2011-06-30": 0.618, "2011-03-31": "0.69170", "2010-12-31": 1.8202, "2010-09-30": 2.1668, "2010-06-30": 1.002, "2010-03-31": "-0.40100", "2009-12-31": -0.3141, "2009-09-30": 2.0082, "2009-06-30": 0.7666, "2009-03-31": "-0.55050", "2008-12-31": 0.8659, "2008-09-30": 0.12, "2008-06-30": 0.056, "2008-03-31": "0.24150", "2007-12-31": 0.9008, "2007-09-30": 0.5494, "2007-06-30": 0.7002, "2007-03-31": "-0.07930", "2006-12-31": 0.6946, "2006-09-30": 0.2684, "2006-06-30": 0.8288, "2006-03-31": "0.77100", "2005-12-31": 0.2753, "2005-09-30": 0.4855, "2005-06-30": 0.6307, "2005-03-31": "0.19710"}}, "revenue": {"Commerce Bancshares Annual Revenue (Millions of US $)": {"2020": "$1,390", "2019": "$1,453", "2018": "$1,390", "2017": "$1,264", "2016": "$1,160", "2015": "$1,117", "2014": "$1,099", "2013": "$1,064", "2012": "$1,082", "2011": "$1,102", "2010": "$1,133", "2009": "$1,179", "2008": "$1,256", "2007": "$1,316", "2006": "$1,194", "2005": "$1,039"}, "Commerce Bancshares Quarterly Revenue (Millions of US $)": {"2020-12-31": "$362", "2020-09-30": "$369", "2020-06-30": "$327", "2020-03-31": "$332", "2019-12-31": "$370", "2019-09-30": "$369", "2019-06-30": "$366", "2019-03-31": "$348", "2018-12-31": "$359", "2018-09-30": "$353", "2018-06-30": "$347", "2018-03-31": "$331", "2017-12-31": "$348", "2017-09-30": "$308", "2017-06-30": "$311", "2017-03-31": "$297", "2016-12-31": "$277", "2016-09-30": "$297", "2016-06-30": "$296", "2016-03-31": "$290", "2015-12-31": "$284", "2015-09-30": "$280", "2015-06-30": "$287", "2015-03-31": "$266", "2014-12-31": "$275", "2014-09-30": "$277", "2014-06-30": "$274", "2014-03-31": "$273", "2013-12-31": "$270", "2013-09-30": "$269", "2013-06-30": "$268", "2013-03-31": "$256", "2012-12-31": "$270", "2012-09-30": "$267", "2012-06-30": "$277", "2012-03-31": "$269", "2011-12-31": "$272", "2011-09-30": "$275", "2011-06-30": "$281", "2011-03-31": "$273", "2010-12-31": "$289", "2010-09-30": "$279", "2010-06-30": "$287", "2010-03-31": "$278", "2009-12-31": "$297", "2009-09-30": "$303", "2009-06-30": "$295", "2009-03-31": "$284", "2008-12-31": "$300", "2008-09-30": "$306", "2008-06-30": "$312", "2008-03-31": "$338", "2007-12-31": "$338", "2007-09-30": "$335", "2007-06-30": "$326", "2007-03-31": "$316", "2006-12-31": "$318", "2006-09-30": "$307", "2006-06-30": "$291", "2006-03-31": "$278", "2005-12-31": "$274", "2005-09-30": "$265", "2005-06-30": "$258", "2005-03-31": "$242"}}, "gross-profit": {"Commerce Bancshares Annual Gross Profit (Millions of US $)": {"2020": "$1,347", "2019": "$1,350", "2018": "$1,325", "2017": "$1,220", "2016": "$1,127", "2015": "$1,089", "2014": "$1,071", "2013": "$1,033", "2012": "$1,044", "2011": "$1,050", "2010": "$1,049", "2009": "$1,025", "2008": "$999", "2007": "$918", "2006": "$875", "2005": "$843"}, "Commerce Bancshares Quarterly Gross Profit (Millions of US $)": {"2020-12-31": "$357", "2020-09-30": "$362", "2020-06-30": "$316", "2020-03-31": "$311", "2019-12-31": "$346", "2019-09-30": "$341", "2019-06-30": "$339", "2019-03-31": "$324", "2018-12-31": "$338", "2018-09-30": "$336", "2018-06-30": "$333", "2018-03-31": "$318", "2017-12-31": "$337", "2017-09-30": "$296", "2017-06-30": "$300", "2017-03-31": "$287", "2016-12-31": "$268", "2016-09-30": "$289", "2016-06-30": "$288", "2016-03-31": "$282", "2015-12-31": "$277", "2015-09-30": "$273", "2015-06-30": "$280", "2015-03-31": "$259", "2014-12-31": "$268", "2014-09-30": "$270", "2014-06-30": "$267", "2014-03-31": "$266", "2013-12-31": "$263", "2013-09-30": "$262", "2013-06-30": "$261", "2013-03-31": "$248", "2012-12-31": "$261", "2012-09-30": "$258", "2012-06-30": "$267", "2012-03-31": "$258", "2011-12-31": "$261", "2011-09-30": "$263", "2011-06-30": "$268", "2011-03-31": "$258", "2010-12-31": "$272", "2010-09-30": "$259", "2010-06-30": "$265", "2010-03-31": "$252", "2009-12-31": "$266", "2009-09-30": "$265", "2009-06-30": "$253", "2009-03-31": "$240", "2008-12-31": "$246", "2008-09-30": "$248", "2008-06-30": "$249", "2008-03-31": "$256", "2007-12-31": "$239", "2007-09-30": "$232", "2007-06-30": "$227", "2007-03-31": "$220", "2006-12-31": "$224", "2006-09-30": "$219", "2006-06-30": "$218", "2006-03-31": "$213", "2005-12-31": "$216", "2005-09-30": "$213", "2005-06-30": "$212", "2005-03-31": "$202"}}, "operating-income": {"Commerce Bancshares Annual Operating Income (Millions of US $)": {"2020": "$441", "2019": "$532", "2018": "$544", "2017": "$430", "2016": "$401", "2015": "$384", "2014": "$384", "2013": "$384", "2012": "$399", "2011": "$381", "2010": "$318", "2009": "$242", "2008": "$274", "2007": "$301", "2006": "$324", "2005": "$318"}, "Commerce Bancshares Quarterly Operating Income (Millions of US $)": {"2020-12-31": "$165", "2020-09-30": "$168", "2020-06-30": "$48", "2020-03-31": "$60", "2019-12-31": "$135", "2019-09-30": "$139", "2019-06-30": "$137", "2019-03-31": "$120", "2018-12-31": "$137", "2018-09-30": "$141", "2018-06-30": "$141", "2018-03-31": "$125", "2017-12-31": "$115", "2017-09-30": "$107", "2017-06-30": "$112", "2017-03-31": "$97", "2016-12-31": "$105", "2016-09-30": "$100", "2016-06-30": "$101", "2016-03-31": "$95", "2015-12-31": "$92", "2015-09-30": "$93", "2015-06-30": "$108", "2015-03-31": "$90", "2014-12-31": "$93", "2014-09-30": "$101", "2014-06-30": "$97", "2014-03-31": "$94", "2013-12-31": "$97", "2013-09-30": "$101", "2013-06-30": "$96", "2013-03-31": "$90", "2012-12-31": "$94", "2012-09-30": "$99", "2012-06-30": "$106", "2012-03-31": "$100", "2011-12-31": "$93", "2011-09-30": "$98", "2011-06-30": "$102", "2011-03-31": "$88", "2010-12-31": "$87", "2010-09-30": "$82", "2010-06-30": "$87", "2010-03-31": "$62", "2009-12-31": "$71", "2009-09-30": "$75", "2009-06-30": "$52", "2009-03-31": "$44", "2008-12-31": "$61", "2008-09-30": "$34", "2008-06-30": "$83", "2008-03-31": "$95", "2007-12-31": "$62", "2007-09-30": "$81", "2007-06-30": "$82", "2007-03-31": "$75", "2006-12-31": "$83", "2006-09-30": "$80", "2006-06-30": "$83", "2006-03-31": "$79", "2005-12-31": "$76", "2005-09-30": "$81", "2005-06-30": "$84", "2005-03-31": "$76"}}, "ebitda": {"Commerce Bancshares Annual EBITDA (Millions of US $)": {"2019": "$", "2018": "$", "2017": "$", "2016": "$", "2015": "$", "2014": "$", "2013": "$", "2012": "$", "2011": "$", "2010": "$", "2009": "$", "2008": "$", "2007": "$", "2006": "$", "2005": "$"}, "Commerce Bancshares Quarterly EBITDA (Millions of US $)": {"2020-09-30": "", "2020-06-30": "", "2020-03-31": "", "2019-12-31": "", "2019-09-30": "", "2019-06-30": "", "2019-03-31": "", "2018-12-31": "", "2018-09-30": "", "2018-06-30": "", "2018-03-31": "", "2017-12-31": "", "2017-09-30": "", "2017-06-30": "", "2017-03-31": "", "2016-12-31": "", "2016-09-30": "", "2016-06-30": "", "2016-03-31": "", "2015-12-31": "", "2015-09-30": "", "2015-06-30": "", "2015-03-31": "", "2014-12-31": "", "2014-09-30": "", "2014-06-30": "", "2014-03-31": "", "2013-12-31": "", "2013-09-30": "", "2013-06-30": "", "2013-03-31": "", "2012-12-31": "", "2012-09-30": "", "2012-06-30": "", "2012-03-31": "", "2011-12-31": "", "2011-09-30": "", "2011-06-30": "", "2011-03-31": "", "2010-12-31": "", "2010-09-30": "", "2010-06-30": "", "2010-03-31": "", "2009-12-31": "", "2009-09-30": "", "2009-06-30": "", "2009-03-31": "", "2008-12-31": "", "2008-09-30": "", "2008-06-30": "", "2008-03-31": "", "2007-12-31": "", "2007-09-30": "", "2007-06-30": "", "2007-03-31": "", "2006-12-31": "", "2006-09-30": "", "2006-06-30": "", "2006-03-31": "", "2005-12-31": "", "2005-09-30": "", "2005-06-30": "", "2005-03-31": ""}}, "net-income": {"Commerce Bancshares Annual Net Income (Millions of US $)": {"2020": "$342", "2019": "$408", "2018": "$420", "2017": "$307", "2016": "$266", "2015": "$251", "2014": "$254", "2013": "$258", "2012": "$269", "2011": "$254", "2010": "$221", "2009": "$169", "2008": "$189", "2007": "$207", "2006": "$220", "2005": "$223"}, "Commerce Bancshares Quarterly Net Income (Millions of US $)": {"2020-12-31": "$130", "2020-09-30": "$125", "2020-06-30": "$38", "2020-03-31": "$50", "2019-12-31": "$101", "2019-09-30": "$107", "2019-06-30": "$106", "2019-03-31": "$95", "2018-12-31": "$103", "2018-09-30": "$110", "2018-06-30": "$108", "2018-03-31": "$99", "2017-12-31": "$89", "2017-09-30": "$72", "2017-06-30": "$76", "2017-03-31": "$69", "2016-12-31": "$71", "2016-09-30": "$66", "2016-06-30": "$67", "2016-03-31": "$62", "2015-12-31": "$61", "2015-09-30": "$61", "2015-06-30": "$71", "2015-03-31": "$58", "2014-12-31": "$59", "2014-09-30": "$66", "2014-06-30": "$67", "2014-03-31": "$64", "2013-12-31": "$63", "2013-09-30": "$68", "2013-06-30": "$66", "2013-03-31": "$61", "2012-12-31": "$68", "2012-09-30": "$66", "2012-06-30": "$70", "2012-03-31": "$65", "2011-12-31": "$61", "2011-09-30": "$65", "2011-06-30": "$69", "2011-03-31": "$60", "2010-12-31": "$61", "2010-09-30": "$56", "2010-06-30": "$60", "2010-03-31": "$44", "2009-12-31": "$50", "2009-09-30": "$52", "2009-06-30": "$37", "2009-03-31": "$31", "2008-12-31": "$44", "2008-09-30": "$25", "2008-06-30": "$56", "2008-03-31": "$64", "2007-12-31": "$44", "2007-09-30": "$56", "2007-06-30": "$56", "2007-03-31": "$51", "2006-12-31": "$57", "2006-09-30": "$55", "2006-06-30": "$55", "2006-03-31": "$53", "2005-12-31": "$56", "2005-09-30": "$63", "2005-06-30": "$54", "2005-03-31": "$50"}}, "eps-earnings-per-share-diluted": {"Commerce Bancshares Annual EPS": {"2020": "$2.91", "2019": "$3.41", "2018": "$3.43", "2017": "$2.50", "2016": "$2.15", "2015": "$2.00", "2014": "$1.95", "2013": "$1.93", "2012": "$1.96", "2011": "$1.82", "2010": "$1.55", "2009": "$1.21", "2008": "$1.38", "2007": "$1.50", "2006": "$1.56", "2005": "$1.52"}, "Commerce Bancshares Quarterly EPS": {"2020-12-31": "$1.11", "2020-09-30": "$1.06", "2020-06-30": "$0.32", "2020-03-31": "$0.42", "2019-12-31": "$0.89", "2019-09-30": "$0.89", "2019-06-30": "$0.87", "2019-03-31": "$0.77", "2018-12-31": "$0.87", "2018-09-30": "$0.89", "2018-06-30": "$0.87", "2018-03-31": "$0.80", "2017-12-31": "$0.74", "2017-09-30": "$0.58", "2017-06-30": "$0.61", "2017-03-31": "$0.56", "2016-12-31": "$0.56", "2016-09-30": "$0.54", "2016-06-30": "$0.54", "2016-03-31": "$0.51", "2015-12-31": "$0.49", "2015-09-30": "$0.49", "2015-06-30": "$0.56", "2015-03-31": "$0.45", "2014-12-31": "$0.47", "2014-09-30": "$0.52", "2014-06-30": "$0.49", "2014-03-31": "$0.48", "2013-12-31": "$0.49", "2013-09-30": "$0.51", "2013-06-30": "$0.49", "2013-03-31": "$0.45", "2012-12-31": "$0.49", "2012-09-30": "$0.48", "2012-06-30": "$0.51", "2012-03-31": "$0.47", "2011-12-31": "$0.45", "2011-09-30": "$0.46", "2011-06-30": "$0.48", "2011-03-31": "$0.43", "2010-12-31": "$0.44", "2010-09-30": "$0.39", "2010-06-30": "$0.42", "2010-03-31": "$0.31", "2009-12-31": "$0.35", "2009-09-30": "$0.37", "2009-06-30": "$0.27", "2009-03-31": "$0.22", "2008-12-31": "$0.32", "2008-09-30": "$0.18", "2008-06-30": "$0.41", "2008-03-31": "$0.47", "2007-12-31": "$0.32", "2007-09-30": "$0.41", "2007-06-30": "$0.40", "2007-03-31": "$0.37", "2006-12-31": "$0.40", "2006-09-30": "$0.39", "2006-06-30": "$0.39", "2006-03-31": "$0.37", "2005-12-31": "$0.39", "2005-09-30": "$0.43", "2005-06-30": "$0.37", "2005-03-31": "$0.33"}}, "shares-outstanding": {"Commerce Bancshares Annual Shares Outstanding (Millions of Shares)": {"2020": "117", "2019": "120", "2018": "123", "2017": "123", "2016": "122", "2015": "125", "2014": "131", "2013": "134", "2012": "136", "2011": "140", "2010": "142", "2009": "139", "2008": "137", "2007": "138", "2006": "137", "2005": "144"}, "Commerce Bancshares Quarterly Shares Outstanding (Millions of Shares)": {"2020-12-31": "117", "2020-09-30": "116", "2020-06-30": "116", "2020-03-31": "117", "2019-12-31": "120", "2019-09-30": "119", "2019-06-30": "121", "2019-03-31": "122", "2018-12-31": "123", "2018-09-30": "123", "2018-06-30": "123", "2018-03-31": "123", "2017-12-31": "123", "2017-09-30": "123", "2017-06-30": "123", "2017-03-31": "122", "2016-12-31": "122", "2016-09-30": "122", "2016-06-30": "122", "2016-03-31": "122", "2015-12-31": "125", "2015-09-30": "124", "2015-06-30": "127", "2015-03-31": "128", "2014-12-31": "131", "2014-09-30": "128", "2014-06-30": "132", "2014-03-31": "134", "2013-12-31": "134", "2013-09-30": "134", "2013-06-30": "133", "2013-03-31": "134", "2012-12-31": "136", "2012-09-30": "135", "2012-06-30": "136", "2012-03-31": "137", "2011-12-31": "140", "2011-09-30": "139", "2011-06-30": "142", "2011-03-31": "141", "2010-12-31": "142", "2010-09-30": "142", "2010-06-30": "143", "2010-03-31": "143", "2009-12-31": "139", "2009-09-30": "141", "2009-06-30": "138", "2009-03-31": "136", "2008-12-31": "137", "2008-09-30": "137", "2008-06-30": "136", "2008-03-31": "136", "2007-12-31": "138", "2007-09-30": "137", "2007-06-30": "139", "2007-03-31": "140", "2006-12-31": "137", "2006-09-30": "140", "2006-06-30": "140", "2006-03-31": "141", "2005-12-31": "144", "2005-09-30": "146", "2005-06-30": "148", "2005-03-31": "150"}}, "total-assets": {"Commerce Bancshares Annual Total Assets (Millions of US $)": {"2019": "$26,066", "2018": "$25,464", "2017": "$24,833", "2016": "$25,641", "2015": "$24,605", "2014": "$23,994", "2013": "$23,072", "2012": "$22,160", "2011": "$20,649", "2010": "$18,502", "2009": "$18,120", "2008": "$17,532", "2007": "$16,205", "2006": "$15,230", "2005": "$13,886"}, "Commerce Bancshares Quarterly Total Assets (Millions of US $)": {"2020-09-30": "$31,454", "2020-06-30": "$30,496", "2020-03-31": "$26,793", "2019-12-31": "$26,066", "2019-09-30": "$25,876", "2019-06-30": "$25,772", "2019-03-31": "$25,033", "2018-12-31": "$25,464", "2018-09-30": "$25,062", "2018-06-30": "$24,525", "2018-03-31": "$24,611", "2017-12-31": "$24,833", "2017-09-30": "$24,979", "2017-06-30": "$25,079", "2017-03-31": "$25,308", "2016-12-31": "$25,641", "2016-09-30": "$24,734", "2016-06-30": "$24,710", "2016-03-31": "$24,507", "2015-12-31": "$24,605", "2015-09-30": "$23,968", "2015-06-30": "$23,706", "2015-03-31": "$24,049", "2014-12-31": "$23,994", "2014-09-30": "$22,702", "2014-06-30": "$23,005", "2014-03-31": "$22,837", "2013-12-31": "$23,072", "2013-09-30": "$22,452", "2013-06-30": "$21,910", "2013-03-31": "$22,227", "2012-12-31": "$22,160", "2012-09-30": "$20,879", "2012-06-30": "$20,743", "2012-03-31": "$20,527", "2011-12-31": "$20,649", "2011-09-30": "$20,639", "2011-06-30": "$19,571", "2011-03-31": "$19,017", "2010-12-31": "$18,502", "2010-09-30": "$18,752", "2010-06-30": "$18,379", "2010-03-31": "$18,036", "2009-12-31": "$18,120", "2009-09-30": "$17,953", "2009-06-30": "$17,720", "2009-03-31": "$17,947", "2008-12-31": "$17,532", "2008-09-30": "$16,953", "2008-06-30": "$17,018", "2008-03-31": "$16,768", "2007-12-31": "$16,205", "2007-09-30": "$16,024", "2007-06-30": "$15,519", "2007-03-31": "$15,195", "2006-12-31": "$15,230", "2006-09-30": "$15,152", "2006-06-30": "$14,273", "2006-03-31": "$13,731", "2005-12-31": "$13,886", "2005-09-30": "$13,948", "2005-06-30": "$14,118", "2005-03-31": "$14,103"}}, "cash-on-hand": {"Commerce Bancshares Annual Cash on Hand (Millions of US $)": {"2019": "$1,766", "2018": "$1,928", "2017": "$1,230", "2016": "$1,530", "2015": "$1,390", "2014": "$2,166", "2013": "$2,440", "2012": "$2,009", "2011": "$1,385", "2010": "$922", "2009": "$474", "2008": "$1,309", "2007": "$1,355", "2006": "$1,161", "2005": "$699"}, "Commerce Bancshares Quarterly Cash on Hand (Millions of US $)": {"2020-09-30": "$2,407", "2020-06-30": "$2,675", "2020-03-31": "$1,750", "2019-12-31": "$1,766", "2019-09-30": "$1,745", "2019-06-30": "$1,685", "2019-03-31": "$1,325", "2018-12-31": "$1,928", "2018-09-30": "$1,512", "2018-06-30": "$1,264", "2018-03-31": "$1,307", "2017-12-31": "$1,230", "2017-09-30": "$1,324", "2017-06-30": "$1,178", "2017-03-31": "$1,284", "2016-12-31": "$1,530", "2016-09-30": "$1,221", "2016-06-30": "$1,481", "2016-03-31": "$1,404", "2015-12-31": "$1,390", "2015-09-30": "$1,448", "2015-06-30": "$1,770", "2015-03-31": "$1,618", "2014-12-31": "$2,166", "2014-09-30": "$1,639", "2014-06-30": "$1,531", "2014-03-31": "$1,714", "2013-12-31": "$2,440", "2013-09-30": "$2,117", "2013-06-30": "$1,644", "2013-03-31": "$1,844", "2012-12-31": "$2,009", "2012-09-30": "$1,433", "2012-06-30": "$1,375", "2012-03-31": "$1,319", "2011-12-31": "$1,385", "2011-09-30": "$1,429", "2011-06-30": "$1,769", "2011-03-31": "$1,287", "2010-12-31": "$922", "2010-09-30": "$792", "2010-06-30": "$669", "2010-03-31": "$380", "2009-12-31": "$474", "2009-09-30": "$484", "2009-06-30": "$442", "2009-03-31": "$1,026", "2008-12-31": "$1,309", "2008-09-30": "$967", "2008-06-30": "$1,109", "2008-03-31": "$1,226", "2007-12-31": "$1,355", "2007-09-30": "$1,081", "2007-06-30": "$1,084", "2007-03-31": "$998", "2006-12-31": "$1,161", "2006-09-30": "$983", "2006-06-30": "$917", "2006-03-31": "$599", "2005-12-31": "$699", "2005-09-30": "$603", "2005-06-30": "$685", "2005-03-31": "$695"}}, "long-term-debt": {"Commerce Bancshares Annual Long Term Debt (Millions of US $)": {"2019": "$2", "2018": "$9", "2017": "$2", "2016": "$102", "2015": "$104", "2014": "$104", "2013": "$107", "2012": "$104", "2011": "$112", "2010": "$112", "2009": "$736", "2008": "$1,748", "2007": "$584", "2006": "$54", "2005": "$269"}, "Commerce Bancshares Quarterly Long Term Debt (Millions of US $)": {"2020-09-30": "$1", "2020-06-30": "$1", "2020-03-31": "$756", "2019-12-31": "$2", "2019-09-30": "$257", "2019-06-30": "$5", "2019-03-31": "$2", "2018-12-31": "$9", "2018-09-30": "$2", "2018-06-30": "$9", "2018-03-31": "$9", "2017-12-31": "$2", "2017-09-30": "$103", "2017-06-30": "$102", "2017-03-31": "$102", "2016-12-31": "$102", "2016-09-30": "$101", "2016-06-30": "$104", "2016-03-31": "$104", "2015-12-31": "$104", "2015-09-30": "$104", "2015-06-30": "$104", "2015-03-31": "$104", "2014-12-31": "$104", "2014-09-30": "$105", "2014-06-30": "$105", "2014-03-31": "$105", "2013-12-31": "$107", "2013-09-30": "$106", "2013-06-30": "$103", "2013-03-31": "$103", "2012-12-31": "$104", "2012-09-30": "$104", "2012-06-30": "$111", "2012-03-31": "$112", "2011-12-31": "$112", "2011-09-30": "$112", "2011-06-30": "$112", "2011-03-31": "$112", "2010-12-31": "$112", "2010-09-30": "$338", "2010-06-30": "$364", "2010-03-31": "$732", "2009-12-31": "$736", "2009-09-30": "$822", "2009-06-30": "$847", "2009-03-31": "$847", "2008-12-31": "$1,748", "2008-09-30": "$1,251", "2008-06-30": "$1,076", "2008-03-31": "$782", "2007-12-31": "$584", "2007-09-30": "$346", "2007-06-30": "$346", "2007-03-31": "$39", "2006-12-31": "$54", "2006-09-30": "$166", "2006-06-30": "$145", "2006-03-31": "$259", "2005-12-31": "$269", "2005-09-30": "$371", "2005-06-30": "$372", "2005-03-31": "$388"}}, "total-liabilities": {"Commerce Bancshares Annual Total Liabilities (Millions of US $)": {"2019": "$22,927", "2018": "$22,527", "2017": "$22,115", "2016": "$23,140", "2015": "$22,238", "2014": "$21,660", "2013": "$20,858", "2012": "$19,988", "2011": "$18,479", "2010": "$16,479", "2009": "$16,234", "2008": "$15,953", "2007": "$14,677", "2006": "$13,788", "2005": "$12,548"}, "Commerce Bancshares Quarterly Total Liabilities (Millions of US $)": {"2020-09-30": "$28,148", "2020-06-30": "$27,138", "2020-03-31": "$23,541", "2019-12-31": "$22,927", "2019-09-30": "$22,770", "2019-06-30": "$22,601", "2019-03-31": "$21,990", "2018-12-31": "$22,527", "2018-09-30": "$22,255", "2018-06-30": "$21,753", "2018-03-31": "$21,906", "2017-12-31": "$22,115", "2017-09-30": "$22,275", "2017-06-30": "$22,451", "2017-03-31": "$22,745", "2016-12-31": "$23,140", "2016-09-30": "$22,174", "2016-06-30": "$22,183", "2016-03-31": "$22,060", "2015-12-31": "$22,238", "2015-09-30": "$21,597", "2015-06-30": "$21,391", "2015-03-31": "$21,644", "2014-12-31": "$21,660", "2014-09-30": "$20,413", "2014-06-30": "$20,743", "2014-03-31": "$20,564", "2013-12-31": "$20,858", "2013-09-30": "$20,271", "2013-06-30": "$19,804", "2013-03-31": "$20,048", "2012-12-31": "$19,988", "2012-09-30": "$18,572", "2012-06-30": "$18,512", "2012-03-31": "$18,328", "2011-12-31": "$18,479", "2011-09-30": "$18,509", "2011-06-30": "$17,439", "2011-03-31": "$16,947", "2010-12-31": "$16,479", "2010-09-30": "$16,705", "2010-06-30": "$16,391", "2010-03-31": "$16,109", "2009-12-31": "$16,234", "2009-09-30": "$16,102", "2009-06-30": "$16,022", "2009-03-31": "$16,337", "2008-12-31": "$15,953", "2008-09-30": "$15,355", "2008-06-30": "$15,413", "2008-03-31": "$15,190", "2007-12-31": "$14,677", "2007-09-30": "$14,533", "2007-06-30": "$14,062", "2007-03-31": "$13,749", "2006-12-31": "$13,788", "2006-09-30": "$13,692", "2006-06-30": "$12,942", "2006-03-31": "$12,413", "2005-12-31": "$12,548", "2005-09-30": "$12,584", "2005-06-30": "$12,742", "2005-03-31": "$12,732"}}, "total-share-holder-equity": {"Commerce Bancshares Annual Share Holder Equity (Millions of US $)": {"2019": "$3,138", "2018": "$2,937", "2017": "$2,718", "2016": "$2,501", "2015": "$2,367", "2014": "$2,334", "2013": "$2,214", "2012": "$2,172", "2011": "$2,170", "2010": "$2,023", "2009": "$1,886", "2008": "$1,579", "2007": "$1,528", "2006": "$1,442", "2005": "$1,338"}, "Commerce Bancshares Quarterly Share Holder Equity (Millions of US $)": {"2020-09-30": "$3,306", "2020-06-30": "$3,358", "2020-03-31": "$3,252", "2019-12-31": "$3,138", "2019-09-30": "$3,106", "2019-06-30": "$3,171", "2019-03-31": "$3,043", "2018-12-31": "$2,937", "2018-09-30": "$2,808", "2018-06-30": "$2,771", "2018-03-31": "$2,706", "2017-12-31": "$2,718", "2017-09-30": "$2,704", "2017-06-30": "$2,628", "2017-03-31": "$2,564", "2016-12-31": "$2,501", "2016-09-30": "$2,561", "2016-06-30": "$2,527", "2016-03-31": "$2,447", "2015-12-31": "$2,367", "2015-09-30": "$2,371", "2015-06-30": "$2,315", "2015-03-31": "$2,405", "2014-12-31": "$2,334", "2014-09-30": "$2,289", "2014-06-30": "$2,262", "2014-03-31": "$2,274", "2013-12-31": "$2,214", "2013-09-30": "$2,181", "2013-06-30": "$2,107", "2013-03-31": "$2,179", "2012-12-31": "$2,172", "2012-09-30": "$2,307", "2012-06-30": "$2,231", "2012-03-31": "$2,199", "2011-12-31": "$2,170", "2011-09-30": "$2,130", "2011-06-30": "$2,132", "2011-03-31": "$2,070", "2010-12-31": "$2,023", "2010-09-30": "$2,047", "2010-06-30": "$1,989", "2010-03-31": "$1,927", "2009-12-31": "$1,886", "2009-09-30": "$1,851", "2009-06-30": "$1,698", "2009-03-31": "$1,610", "2008-12-31": "$1,579", "2008-09-30": "$1,599", "2008-06-30": "$1,606", "2008-03-31": "$1,578", "2007-12-31": "$1,528", "2007-09-30": "$1,492", "2007-06-30": "$1,458", "2007-03-31": "$1,446", "2006-12-31": "$1,442", "2006-09-30": "$1,460", "2006-06-30": "$1,331", "2006-03-31": "$1,318", "2005-12-31": "$1,338", "2005-09-30": "$1,364", "2005-06-30": "$1,376", "2005-03-31": "$1,372"}}, "profit-margins": {"current": "25.68%"}, "gross margin": {"2020-12-31": "96.83%", "2020-09-30": "95.49%", "2020-06-30": "93.99%", "2020-03-31": "93.04%", "2019-12-31": "92.91%", "2019-09-30": "93.07%", "2019-06-30": "93.76%", "2019-03-31": "94.60%", "2018-12-31": "95.32%", "2018-09-30": "96.01%", "2018-06-30": "96.25%", "2018-03-31": "96.38%", "2017-12-31": "96.52%", "2017-09-30": "96.48%", "2017-06-30": "96.79%", "2017-03-31": "97.00%", "2016-12-31": "97.16%", "2016-09-30": "97.34%", "2016-06-30": "97.39%", "2016-03-31": "97.46%", "2015-12-31": "97.49%", "2015-09-30": "97.47%", "2015-06-30": "97.47%", "2015-03-31": "97.44%", "2014-12-31": "97.45%", "2014-09-30": "97.44%", "2014-06-30": "97.42%", "2014-03-31": "97.41%", "2013-12-31": "97.27%", "2013-09-30": "97.08%", "2013-06-30": "96.89%", "2013-03-31": "96.64%", "2012-12-31": "96.40%", "2012-09-30": "96.22%", "2012-06-30": "95.97%", "2012-03-31": "95.72%", "2011-12-31": "95.37%", "2011-09-30": "94.90%", "2011-06-30": "94.21%", "2011-03-31": "93.44%", "2010-12-31": "92.50%", "2010-09-30": "91.32%", "2010-06-30": "89.96%", "2010-03-31": "88.32%", "2009-12-31": "86.85%", "2009-09-30": "84.94%", "2009-06-30": "83.29%", "2009-03-31": "81.78%", "2008-12-31": "79.54%", "2008-09-30": "76.66%", "2008-06-30": "73.77%", "2008-03-31": "71.35%", "2007-12-31": "69.81%", "2007-09-30": "69.73%", "2007-06-30": "70.24%", "2007-03-31": "71.51%", "2006-12-31": "73.20%", "2006-09-30": "75.30%", "2006-06-30": "77.62%", "2006-03-31": "79.44%", "2005-12-31": "81.14%"}, "operating margin": {"2020-12-31": "31.73%", "2020-09-30": "29.40%", "2020-06-30": "27.32%", "2020-03-31": "32.78%", "2019-12-31": "36.55%", "2019-09-30": "36.96%", "2019-06-30": "37.52%", "2019-03-31": "38.31%", "2018-12-31": "39.14%", "2018-09-30": "37.85%", "2018-06-30": "36.58%", "2018-03-31": "35.36%", "2017-12-31": "34.10%", "2017-09-30": "35.29%", "2017-06-30": "35.03%", "2017-03-31": "34.53%", "2016-12-31": "34.57%", "2016-09-30": "33.25%", "2016-06-30": "33.13%", "2016-03-31": "34.01%", "2015-12-31": "34.29%", "2015-09-30": "34.66%", "2015-06-30": "35.48%", "2015-03-31": "34.89%", "2014-12-31": "35.03%", "2014-09-30": "35.56%", "2014-06-30": "35.82%", "2014-03-31": "35.93%", "2013-12-31": "36.12%", "2013-09-30": "35.84%", "2013-06-30": "35.72%", "2013-03-31": "36.36%", "2012-12-31": "36.84%", "2012-09-30": "36.68%", "2012-06-30": "36.32%", "2012-03-31": "35.82%", "2011-12-31": "34.60%", "2011-09-30": "33.54%", "2011-06-30": "32.00%", "2011-03-31": "30.50%", "2010-12-31": "28.07%", "2010-09-30": "26.47%", "2010-06-30": "25.32%", "2010-03-31": "22.17%", "2009-12-31": "20.53%", "2009-09-30": "19.63%", "2009-06-30": "16.12%", "2009-03-31": "18.47%", "2008-12-31": "21.74%", "2008-09-30": "21.17%", "2008-06-30": "24.26%", "2008-03-31": "23.93%", "2007-12-31": "22.81%", "2007-09-30": "24.79%", "2007-06-30": "25.26%", "2007-03-31": "26.06%", "2006-12-31": "27.22%", "2006-09-30": "27.65%", "2006-06-30": "28.79%", "2006-03-31": "29.77%", "2005-12-31": "30.51%"}, "ebitda margin": {"2020-09-30": "0.00%", "2020-06-30": "0.00%", "2020-03-31": "0.00%", "2019-12-31": "0.00%", "2019-09-30": "0.00%", "2019-06-30": "0.00%", "2019-03-31": "0.00%", "2018-12-31": "0.00%", "2018-09-30": "0.00%", "2018-06-30": "0.00%", "2018-03-31": "0.00%", "2017-12-31": "0.00%", "2017-09-30": "0.00%", "2017-06-30": "0.00%", "2017-03-31": "0.00%", "2016-12-31": "0.00%", "2016-09-30": "0.00%", "2016-06-30": "0.00%", "2016-03-31": "0.00%", "2015-12-31": "0.00%", "2015-09-30": "0.00%", "2015-06-30": "0.00%", "2015-03-31": "0.00%", "2014-12-31": "0.00%", "2014-09-30": "0.00%", "2014-06-30": "0.00%", "2014-03-31": "0.00%", "2013-12-31": "0.00%", "2013-09-30": "0.00%", "2013-06-30": "0.00%", "2013-03-31": "0.00%", "2012-12-31": "0.00%", "2012-09-30": "0.00%", "2012-06-30": "0.00%", "2012-03-31": "0.00%", "2011-12-31": "0.00%", "2011-09-30": "0.00%", "2011-06-30": "0.00%", "2011-03-31": "0.00%", "2010-12-31": "0.00%", "2010-09-30": "0.00%", "2010-06-30": "0.00%", "2010-03-31": "0.00%", "2009-12-31": "0.00%", "2009-09-30": "0.00%", "2009-06-30": "0.00%", "2009-03-31": "0.00%", "2008-12-31": "0.00%", "2008-09-30": "0.00%", "2008-06-30": "0.00%", "2008-03-31": "0.00%", "2007-12-31": "0.00%", "2007-09-30": "0.00%", "2007-06-30": "0.00%", "2007-03-31": "0.00%", "2006-12-31": "0.00%", "2006-09-30": "0.00%", "2006-06-30": "0.00%", "2006-03-31": "0.00%", "2005-12-31": "0.00%"}, "pre tax profit margin": {"2020-12-31": "31.73%", "2020-09-30": "29.40%", "2020-06-30": "27.32%", "2020-03-31": "32.78%", "2019-12-31": "36.55%", "2019-09-30": "36.96%", "2019-06-30": "37.52%", "2019-03-31": "38.31%", "2018-12-31": "39.14%", "2018-09-30": "37.85%", "2018-06-30": "36.58%", "2018-03-31": "35.36%", "2017-12-31": "34.10%", "2017-09-30": "35.29%", "2017-06-30": "35.03%", "2017-03-31": "34.53%", "2016-12-31": "34.57%", "2016-09-30": "33.25%", "2016-06-30": "33.13%", "2016-03-31": "34.01%", "2015-12-31": "34.29%", "2015-09-30": "34.66%", "2015-06-30": "35.48%", "2015-03-31": "34.89%", "2014-12-31": "35.03%", "2014-09-30": "35.56%", "2014-06-30": "35.82%", "2014-03-31": "35.93%", "2013-12-31": "36.12%", "2013-09-30": "35.84%", "2013-06-30": "35.72%", "2013-03-31": "36.36%", "2012-12-31": "36.84%", "2012-09-30": "36.68%", "2012-06-30": "36.32%", "2012-03-31": "35.82%", "2011-12-31": "34.60%", "2011-09-30": "33.54%", "2011-06-30": "32.00%", "2011-03-31": "30.50%", "2010-12-31": "28.07%", "2010-09-30": "26.47%", "2010-06-30": "25.32%", "2010-03-31": "22.17%", "2009-12-31": "20.53%", "2009-09-30": "19.63%", "2009-06-30": "16.12%", "2009-03-31": "18.47%", "2008-12-31": "21.74%", "2008-09-30": "21.17%", "2008-06-30": "24.26%", "2008-03-31": "23.93%", "2007-12-31": "22.81%", "2007-09-30": "24.79%", "2007-06-30": "25.26%", "2007-03-31": "26.06%", "2006-12-31": "27.22%", "2006-09-30": "27.65%", "2006-06-30": "28.79%", "2006-03-31": "29.77%", "2005-12-31": "30.51%"}, "net profit margin": {"2020-12-31": "24.68%", "2020-09-30": "22.46%", "2020-06-30": "21.17%", "2020-03-31": "25.33%", "2019-12-31": "28.15%", "2019-09-30": "28.50%", "2019-06-30": "29.03%", "2019-03-31": "29.57%", "2018-12-31": "30.22%", "2018-09-30": "29.44%", "2018-06-30": "27.59%", "2018-03-31": "25.89%", "2017-12-31": "24.21%", "2017-09-30": "24.14%", "2017-06-30": "23.86%", "2017-03-31": "23.39%", "2016-12-31": "22.93%", "2016-09-30": "21.94%", "2016-06-30": "21.83%", "2016-03-31": "22.35%", "2015-12-31": "22.47%", "2015-09-30": "22.47%", "2015-06-30": "22.99%", "2015-03-31": "22.89%", "2014-12-31": "23.29%", "2014-09-30": "23.77%", "2014-06-30": "24.13%", "2014-03-31": "24.17%", "2013-12-31": "24.27%", "2013-09-30": "24.74%", "2013-06-30": "24.60%", "2013-03-31": "24.77%", "2012-12-31": "24.84%", "2012-09-30": "24.15%", "2012-06-30": "23.88%", "2012-03-31": "23.70%", "2011-12-31": "23.16%", "2011-09-30": "22.81%", "2011-06-30": "21.93%", "2011-03-31": "21.01%", "2010-12-31": "19.51%", "2010-09-30": "18.40%", "2010-06-30": "17.68%", "2010-03-31": "15.60%", "2009-12-31": "14.42%", "2009-09-30": "13.87%", "2009-06-30": "11.56%", "2009-03-31": "12.98%", "2008-12-31": "15.05%", "2008-09-30": "14.61%", "2008-06-30": "16.63%", "2008-03-31": "16.45%", "2007-12-31": "15.74%", "2007-09-30": "16.99%", "2007-06-30": "17.28%", "2007-03-31": "17.69%", "2006-12-31": "18.43%", "2006-09-30": "19.04%", "2006-06-30": "20.49%", "2006-03-31": "21.02%", "2005-12-31": "21.46%"}, "pe ratio": {"current": "24.42", "2021-02-05": "39.48", "2020-12-31": "36.50", "2020-09-30": "20.87", "2020-06-30": "23.42", "2020-03-31": "16.22", "2019-12-31": "19.54", "2019-09-30": "17.45", "2019-06-30": "17.08", "2019-03-31": "16.54", "2018-12-31": "15.88", "2018-09-30": "19.32", "2018-06-30": "20.80", "2018-03-31": "20.98", "2017-12-31": "21.31", "2017-09-30": "22.57", "2017-06-30": "22.61", "2017-03-31": "22.94", "2016-12-31": "24.08", "2016-09-30": "20.07", "2016-06-30": "19.81", "2016-03-31": "18.41", "2015-12-31": "17.80", "2015-09-30": "18.35", "2015-06-30": "18.56", "2015-03-31": "17.25", "2014-12-31": "17.44", "2014-09-30": "16.73", "2014-06-30": "17.37", "2014-03-31": "17.34", "2013-12-31": "16.89", "2013-09-30": "15.72", "2013-06-30": "15.74", "2013-03-31": "14.27", "2012-12-31": "12.04", "2012-09-30": "13.48", "2012-06-30": "12.55", "2012-03-31": "13.73", "2011-12-31": "13.16", "2011-09-30": "11.51", "2011-06-30": "14.96", "2011-03-31": "14.51", "2010-12-31": "15.24", "2010-09-30": "14.46", "2010-06-30": "13.98", "2010-03-31": "17.78", "2009-12-31": "17.88", "2009-09-30": "16.79", "2009-06-30": "16.78", "2009-03-31": "16.65", "2008-12-31": "16.35", "2008-09-30": "16.50", "2008-06-30": "12.13", "2008-03-31": "12.85", "2007-12-31": "14.62", "2007-09-30": "13.60", "2007-06-30": "13.52", "2007-03-31": "14.39", "2006-12-31": "14.28"}, "price sales": {"2021-02-05": "5.96", "2020-12-31": "5.51", "2020-09-30": "4.71", "2020-06-30": "4.98", "2020-03-31": "4.12", "2019-12-31": "5.53", "2019-09-30": "4.98", "2019-06-30": "4.97", "2019-03-31": "4.90", "2018-12-31": "4.80", "2018-09-30": "5.67", "2018-06-30": "5.73", "2018-03-31": "5.43", "2017-12-31": "5.18", "2017-09-30": "5.38", "2017-06-30": "5.31", "2017-03-31": "5.29", "2016-12-31": "5.45", "2016-09-30": "4.41", "2016-06-30": "4.34", "2016-03-31": "4.13", "2015-12-31": "4.02", "2015-09-30": "4.15", "2015-06-30": "4.29", "2015-03-31": "3.95", "2014-12-31": "4.05", "2014-09-30": "3.98", "2014-06-30": "4.21", "2014-03-31": "4.20", "2013-12-31": "4.10", "2013-09-30": "3.83", "2013-06-30": "3.80", "2013-03-31": "3.54", "2012-12-31": "3.01", "2012-09-30": "3.31", "2012-06-30": "3.10", "2012-03-31": "3.31", "2011-12-31": "3.11", "2011-09-30": "2.67", "2011-06-30": "3.29", "2011-03-31": "3.06", "2010-12-31": "2.99", "2010-09-30": "2.66", "2010-06-30": "2.47", "2010-03-31": "2.77", "2009-12-31": "2.55", "2009-09-30": "2.32", "2009-06-30": "1.95", "2009-03-31": "2.16", "2008-12-31": "2.49", "2008-09-30": "2.43", "2008-06-30": "2.02", "2008-03-31": "2.12", "2007-12-31": "2.30", "2007-09-30": "2.27", "2007-06-30": "2.29", "2007-03-31": "2.51", "2006-12-31": "2.58"}, "price book": {"current": "2.45", "2021-02-05": "2.52", "2020-09-30": "1.99", "2020-06-30": "2.06", "2020-03-31": "1.79", "2019-12-31": "2.51", "2019-09-30": "2.27", "2019-06-30": "2.23", "2019-03-31": "2.26", "2018-12-31": "2.17", "2018-09-30": "2.80", "2018-06-30": "2.78", "2018-03-31": "2.63", "2017-12-31": "2.32", "2017-09-30": "2.40", "2017-06-30": "2.41", "2017-03-31": "2.44", "2016-12-31": "2.43", "2016-09-30": "2.02", "2016-06-30": "1.98", "2016-03-31": "1.91", "2015-12-31": "1.78", "2015-09-30": "1.90", "2015-06-30": "2.00", "2015-03-31": "1.79", "2014-12-31": "1.79", "2014-09-30": "1.87", "2014-06-30": "1.95", "2014-03-31": "2.02", "2013-12-31": "1.90", "2013-09-30": "1.88", "2013-06-30": "1.92", "2013-03-31": "1.73", "2012-12-31": "1.42", "2012-09-30": "1.55", "2012-06-30": "1.50", "2012-03-31": "1.63", "2011-12-31": "1.48", "2011-09-30": "1.37", "2011-06-30": "1.73", "2011-03-31": "1.67", "2010-12-31": "1.58", "2010-09-30": "1.49", "2010-06-30": "1.46", "2010-03-31": "1.71", "2009-12-31": "1.55", "2009-09-30": "1.52", "2009-06-30": "1.37", "2009-03-31": "1.62", "2008-12-31": "1.88", "2008-09-30": "1.96", "2008-06-30": "1.65", "2008-03-31": "1.77", "2007-12-31": "1.85", "2007-09-30": "1.94", "2007-06-30": "1.96", "2007-03-31": "2.11", "2006-12-31": "2.03", "2006-09-30": "2.12", "2006-06-30": "2.25", "2006-03-31": "2.35"}, "price fcf": {"2021-02-05": "", "2020-09-30": "$4.81", "2020-06-30": "$3.87", "2020-03-31": "$3.47", "2019-12-31": "$3.94", "2019-09-30": "$3.80", "2019-06-30": "$4.02", "2019-03-31": "$4.30", "2018-12-31": "$4.35", "2018-09-30": "$4.18", "2018-06-30": "$3.91", "2018-03-31": "$3.30", "2017-12-31": "$3.25", "2017-09-30": "$3.41", "2017-06-30": "$3.10", "2017-03-31": "$3.14", "2016-12-31": "$3.61", "2016-09-30": "$2.75", "2016-06-30": "$2.79", "2016-03-31": "$2.99", "2015-12-31": "$2.11", "2015-09-30": "$2.59", "2015-06-30": "$2.41", "2015-03-31": "$2.27", "2014-12-31": "$2.47", "2014-09-30": "$2.52", "2014-06-30": "$2.85", "2014-03-31": "$2.74", "2013-12-31": "$2.55", "2013-09-30": "$2.55", "2013-06-30": "$2.36", "2013-03-31": "$2.44", "2012-12-31": "$2.59", "2012-09-30": "$2.71", "2012-06-30": "$2.89", "2012-03-31": "$2.93", "2011-12-31": "$2.78", "2011-09-30": "$3.96", "2011-06-30": "$5.30", "2011-03-31": "$5.68", "2010-12-31": "$4.59", "2010-09-30": "$2.45", "2010-06-30": "$2.30", "2010-03-31": "$2.06", "2009-12-31": "$1.91", "2009-09-30": "$3.09", "2009-06-30": "$1.20", "2009-03-31": "$0.49", "2008-12-31": "$1.28", "2008-09-30": "$1.32", "2008-06-30": "$1.75", "2008-03-31": "$2.39", "2007-12-31": "$2.07", "2007-09-30": "$1.86", "2007-06-30": "$1.58", "2007-03-31": "$1.71", "2006-12-31": "$2.56"}, "net worth": {"value": "$8.32B"}, "current ratio": {"2020-12-31": "0.66", "2020-09-30": "0.68", "2020-06-30": "0.72", "2020-03-31": "0.75", "2019-12-31": "0.73", "2019-09-30": "0.73", "2019-06-30": "0.71", "2019-03-31": "0.71", "2018-12-31": "0.72", "2018-09-30": "0.70", "2018-06-30": "0.70", "2018-03-31": "0.70", "2017-12-31": "0.69", "2017-09-30": "0.68", "2017-06-30": "0.66", "2017-03-31": "0.66", "2016-12-31": "0.65", "2016-09-30": "0.66", "2016-06-30": "0.66", "2016-03-31": "0.65", "2015-12-31": "0.62", "2015-09-30": "0.64", "2015-06-30": "0.65", "2015-03-31": "0.62", "2014-12-31": "0.63", "2014-09-30": "0.65", "2014-06-30": "0.64", "2014-03-31": "0.63", "2013-12-31": "0.65", "2013-09-30": "0.64", "2013-06-30": "0.61", "2013-03-31": "0.59", "2012-12-31": "0.60", "2012-09-30": "0.60", "2012-06-30": "0.58", "2012-03-31": "0.58", "2011-12-31": "0.58", "2011-09-30": "0.61", "2011-06-30": "0.64", "2011-03-31": "0.64", "2010-12-31": "0.64", "2010-09-30": "0.66", "2010-06-30": "0.69", "2010-03-31": "0.70", "2009-12-31": "0.70", "2009-09-30": "0.73", "2009-06-30": "0.76", "2009-03-31": "0.82", "2008-12-31": "0.92", "2008-09-30": "0.88", "2008-06-30": "0.88", "2008-03-31": "0.88", "2007-12-31": "0.88", "2007-09-30": "0.84", "2007-06-30": "0.84", "2007-03-31": "0.82", "2006-12-31": "0.81", "2006-09-30": "0.80", "2006-06-30": "0.81", "2006-03-31": "0.80", "2005-12-31": "0.78", "2005-09-30": "0.76", "2005-06-30": "0.74", "2005-03-31": "0.73"}, "quick ratio": {"2020-12-31": "0.00", "2020-09-30": "0.00", "2020-06-30": "0.00", "2020-03-31": "0.00", "2019-12-31": "0.00", "2019-09-30": "0.00", "2019-06-30": "0.00", "2019-03-31": "0.00", "2018-12-31": "0.00", "2018-09-30": "0.00", "2018-06-30": "0.00", "2018-03-31": "0.00", "2017-12-31": "0.00", "2017-09-30": "0.00", "2017-06-30": "0.00", "2017-03-31": "0.00", "2016-12-31": "0.00", "2016-09-30": "0.00", "2016-06-30": "0.00", "2016-03-31": "0.00", "2015-12-31": "0.00", "2015-09-30": "0.00", "2015-06-30": "0.00", "2015-03-31": "0.00", "2014-12-31": "0.00", "2014-09-30": "0.00", "2014-06-30": "0.00", "2014-03-31": "0.00", "2013-12-31": "0.00", "2013-09-30": "0.00", "2013-06-30": "0.00", "2013-03-31": "0.00", "2012-12-31": "0.00", "2012-09-30": "0.00", "2012-06-30": "0.00", "2012-03-31": "0.00", "2011-12-31": "0.00", "2011-09-30": "0.00", "2011-06-30": "0.00", "2011-03-31": "0.00", "2010-12-31": "0.00", "2010-09-30": "0.00", "2010-06-30": "0.00", "2010-03-31": "0.00", "2009-12-31": "0.00", "2009-09-30": "0.00", "2009-06-30": "0.00", "2009-03-31": "0.00", "2008-12-31": "0.00", "2008-09-30": "0.00", "2008-06-30": "0.00", "2008-03-31": "0.00", "2007-12-31": "0.00", "2007-09-30": "0.00", "2007-06-30": "0.00", "2007-03-31": "0.00", "2006-12-31": "0.00", "2006-09-30": "0.00", "2006-06-30": "0.00", "2006-03-31": "0.00", "2005-12-31": "0.00", "2005-09-30": "0.00", "2005-06-30": "0.00", "2005-03-31": "0.00"}, "debt equity ratio": {"current": "0.00", "2020-12-31": "8.68", "2020-09-30": "8.51", "2020-06-30": "8.08", "2020-03-31": "7.24", "2019-12-31": "7.31", "2019-09-30": "7.33", "2019-06-30": "7.13", "2019-03-31": "7.23", "2018-12-31": "7.67", "2018-09-30": "7.93", "2018-06-30": "7.85", "2018-03-31": "8.10", "2017-12-31": "8.14", "2017-09-30": "8.24", "2017-06-30": "8.54", "2017-03-31": "8.87", "2016-12-31": "9.25", "2016-09-30": "8.66", "2016-06-30": "8.78", "2016-03-31": "9.01", "2015-12-31": "9.39", "2015-09-30": "9.11", "2015-06-30": "9.24", "2015-03-31": "9.00", "2014-12-31": "9.28", "2014-09-30": "8.92", "2014-06-30": "9.17", "2014-03-31": "9.05", "2013-12-31": "9.42", "2013-09-30": "9.29", "2013-06-30": "9.40", "2013-03-31": "9.20", "2012-12-31": "9.20", "2012-09-30": "8.05", "2012-06-30": "8.30", "2012-03-31": "8.33", "2011-12-31": "8.51", "2011-09-30": "8.69", "2011-06-30": "8.18", "2011-03-31": "8.19", "2010-12-31": "8.14", "2010-09-30": "8.16", "2010-06-30": "8.24", "2010-03-31": "8.36", "2009-12-31": "8.61", "2009-09-30": "8.70", "2009-06-30": "9.43", "2009-03-31": "10.15", "2008-12-31": "10.10", "2008-09-30": "9.61", "2008-06-30": "9.60", "2008-03-31": "9.63", "2007-12-31": "9.61", "2007-09-30": "9.74", "2007-06-30": "9.65", "2007-03-31": "9.51", "2006-12-31": "9.56", "2006-09-30": "9.38", "2006-06-30": "9.72", "2006-03-31": "9.42", "2005-12-31": "9.38", "2005-09-30": "9.23", "2005-06-30": "9.26", "2005-03-31": "9.28"}, "return on equity": {"2020-12-31": "10.30%", "2020-09-30": "9.62%", "2020-06-30": "9.21%", "2020-03-31": "11.49%", "2019-12-31": "13.13%", "2019-09-30": "13.41%", "2019-06-30": "13.85%", "2019-03-31": "14.40%", "2018-12-31": "14.97%", "2018-09-30": "14.76%", "2018-06-30": "13.51%", "2018-03-31": "12.50%", "2017-12-31": "11.53%", "2017-09-30": "11.08%", "2017-06-30": "11.00%", "2017-03-31": "10.76%", "2016-12-31": "10.60%", "2016-09-30": "10.34%", "2016-06-30": "10.34%", "2016-03-31": "10.74%", "2015-12-31": "10.62%", "2015-09-30": "10.57%", "2015-06-30": "10.87%", "2015-03-31": "10.76%", "2014-12-31": "11.18%", "2014-09-30": "11.51%", "2014-06-30": "11.73%", "2014-03-31": "11.90%", "2013-12-31": "11.89%", "2013-09-30": "12.18%", "2013-06-30": "11.91%", "2013-03-31": "11.92%", "2012-12-31": "12.08%", "2012-09-30": "11.77%", "2012-06-30": "11.96%", "2012-03-31": "12.05%", "2011-12-31": "12.00%", "2011-09-30": "12.21%", "2011-06-30": "11.90%", "2011-03-31": "11.66%", "2010-12-31": "11.07%", "2010-09-30": "10.70%", "2010-06-30": "10.77%", "2010-03-31": "9.94%", "2009-12-31": "9.65%", "2009-09-30": "9.74%", "2009-06-30": "8.45%", "2009-03-31": "9.76%", "2008-12-31": "11.88%", "2008-09-30": "11.98%", "2008-06-30": "14.18%", "2008-03-31": "14.53%", "2007-12-31": "13.98%", "2007-09-30": "15.07%", "2007-06-30": "15.09%", "2007-03-31": "15.35%", "2006-12-31": "15.85%", "2006-09-30": "16.08%", "2006-06-30": "16.97%", "2006-03-31": "16.75%", "2005-12-31": "16.37%"}, "return on assets": {"2020-12-31": "1.13%", "2020-09-30": "1.09%", "2020-06-30": "1.08%", "2020-03-31": "1.39%", "2019-12-31": "1.59%", "2019-09-30": "1.61%", "2019-06-30": "1.63%", "2019-03-31": "1.66%", "2018-12-31": "1.69%", "2018-09-30": "1.64%", "2018-06-30": "1.49%", "2018-03-31": "1.35%", "2017-12-31": "1.22%", "2017-09-30": "1.14%", "2017-06-30": "1.12%", "2017-03-31": "1.09%", "2016-12-31": "1.07%", "2016-09-30": "1.04%", "2016-06-30": "1.03%", "2016-03-31": "1.05%", "2015-12-31": "1.04%", "2015-09-30": "1.04%", "2015-06-30": "1.08%", "2015-03-31": "1.07%", "2014-12-31": "1.11%", "2014-09-30": "1.14%", "2014-06-30": "1.15%", "2014-03-31": "1.16%", "2013-12-31": "1.15%", "2013-09-30": "1.19%", "2013-06-30": "1.20%", "2013-03-31": "1.23%", "2012-12-31": "1.28%", "2012-09-30": "1.27%", "2012-06-30": "1.26%", "2012-03-31": "1.28%", "2011-12-31": "1.28%", "2011-09-30": "1.31%", "2011-06-30": "1.30%", "2011-03-31": "1.27%", "2010-12-31": "1.20%", "2010-09-30": "1.15%", "2010-06-30": "1.14%", "2010-03-31": "1.02%", "2009-12-31": "0.95%", "2009-09-30": "0.92%", "2009-06-30": "0.78%", "2009-03-31": "0.90%", "2008-12-31": "1.11%", "2008-09-30": "1.13%", "2008-06-30": "1.33%", "2008-03-31": "1.36%", "2007-12-31": "1.32%", "2007-09-30": "1.42%", "2007-06-30": "1.43%", "2007-03-31": "1.46%", "2006-12-31": "1.51%", "2006-09-30": "1.54%", "2006-06-30": "1.63%", "2006-03-31": "1.62%", "2005-12-31": "1.59%"}, "return on investments": {"2020-12-31": "12.53%", "2020-09-30": "11.90%", "2020-06-30": "11.01%", "2020-03-31": "13.76%", "2019-12-31": "16.69%", "2019-09-30": "17.02%", "2019-06-30": "17.87%", "2019-03-31": "18.62%", "2018-12-31": "19.34%", "2018-09-30": "18.94%", "2018-06-30": "17.71%", "2018-03-31": "16.73%", "2017-12-31": "15.78%", "2017-09-30": "15.58%", "2017-06-30": "15.53%", "2017-03-31": "15.26%", "2016-12-31": "15.35%", "2016-09-30": "15.05%", "2016-06-30": "15.05%", "2016-03-31": "15.65%", "2015-12-31": "15.52%", "2015-09-30": "15.61%", "2015-06-30": "16.07%", "2015-03-31": "15.70%", "2014-12-31": "16.08%", "2014-09-30": "16.44%", "2014-06-30": "16.63%", "2014-03-31": "16.87%", "2013-12-31": "16.88%", "2013-09-30": "16.83%", "2013-06-30": "16.52%", "2013-03-31": "16.71%", "2012-12-31": "17.09%", "2012-09-30": "17.03%", "2012-06-30": "17.30%", "2012-03-31": "17.32%", "2011-12-31": "17.03%", "2011-09-30": "17.04%", "2011-06-30": "16.05%", "2011-03-31": "15.20%", "2010-12-31": "13.34%", "2010-09-30": "12.06%", "2010-06-30": "11.45%", "2010-03-31": "9.91%", "2009-12-31": "9.40%", "2009-09-30": "8.43%", "2009-06-30": "6.83%", "2009-03-31": "7.85%", "2008-12-31": "9.74%", "2008-09-30": "10.96%", "2008-06-30": "14.28%", "2008-03-31": "15.78%", "2007-12-31": "16.58%", "2007-09-30": "19.39%", "2007-06-30": "19.97%", "2007-03-31": "21.11%", "2006-12-31": "21.05%", "2006-09-30": "20.24%", "2006-06-30": "19.95%", "2006-03-31": "19.20%", "2005-12-31": "18.51%"}, "return on tangible equity": {"2020-09-30": "10.07%", "2020-06-30": "9.65%", "2020-03-31": "12.06%", "2019-12-31": "13.78%", "2019-09-30": "14.09%", "2019-06-30": "14.57%", "2019-03-31": "15.17%", "2018-12-31": "15.80%", "2018-09-30": "15.59%", "2018-06-30": "14.27%", "2018-03-31": "13.21%", "2017-12-31": "12.20%", "2017-09-30": "11.74%", "2017-06-30": "11.66%", "2017-03-31": "11.41%", "2016-12-31": "11.25%", "2016-09-30": "10.99%", "2016-06-30": "11.00%", "2016-03-31": "11.44%", "2015-12-31": "11.31%", "2015-09-30": "11.27%", "2015-06-30": "11.60%", "2015-03-31": "11.49%", "2014-12-31": "11.95%", "2014-09-30": "12.31%", "2014-06-30": "12.56%", "2014-03-31": "12.73%", "2013-12-31": "12.70%", "2013-09-30": "12.99%", "2013-06-30": "12.67%", "2013-03-31": "12.67%", "2012-12-31": "12.84%", "2012-09-30": "12.51%", "2012-06-30": "12.73%", "2012-03-31": "12.84%", "2011-12-31": "12.81%", "2011-09-30": "13.05%", "2011-06-30": "12.73%", "2011-03-31": "12.50%", "2010-12-31": "11.89%", "2010-09-30": "11.51%", "2010-06-30": "11.61%", "2010-03-31": "10.76%", "2009-12-31": "10.49%", "2009-09-30": "10.63%", "2009-06-30": "9.26%", "2009-03-31": "10.72%", "2008-12-31": "13.07%", "2008-09-30": "13.19%", "2008-06-30": "15.66%", "2008-03-31": "16.04%", "2007-12-31": "15.37%", "2007-09-30": "16.51%", "2007-06-30": "16.43%", "2007-03-31": "16.50%", "2006-12-31": "16.85%", "2006-09-30": "16.89%", "2006-06-30": "17.60%", "2006-03-31": "17.37%", "2005-12-31": "16.97%"}, "dividend yield history": {"last payout": "$1.08", "last yield": "1.52%"}}