{"ticker": "CAG", "price": {"title": "CONAGRA BRANDS Historical Annual Stock Price Data", "value": 34.62, "historical": {"2021": {"Average Stock Price": "34.4367", "Year Open": "35.9900", "Year High": "35.9900", "Year Low": "32.9100", "Year Close": "34.6200", "Annual % Change": "-4.52%"}, "2020": {"Average Stock Price": "34.1127", "Year Open": "33.6300", "Year High": "38.7700", "Year Low": "24.1400", "Year Close": "36.2600", "Annual % Change": "5.90%"}, "2019": {"Average Stock Price": "27.4789", "Year Open": "21.3300", "Year High": "35.0700", "Year Low": "20.8500", "Year Close": "34.2400", "Annual % Change": "60.30%"}, "2018": {"Average Stock Price": "35.7373", "Year Open": "37.5200", "Year High": "38.9400", "Year Low": "20.9600", "Year Close": "21.3600", "Annual % Change": "-43.30%"}, "2017": {"Average Stock Price": "37.0231", "Year Open": "39.7600", "Year High": "41.5000", "Year Low": "32.4300", "Year Close": "37.6700", "Annual % Change": "-4.75%"}, "2016": {"Average Stock Price": "43.9551", "Year Open": "41.5400", "Year High": "48.6800", "Year Low": "34.3000", "Year Close": "39.5500", "Annual % Change": "-6.19%"}, "2015": {"Average Stock Price": "39.5968", "Year Open": "35.8200", "Year High": "45.4900", "Year Low": "33.5700", "Year Close": "42.1600", "Annual % Change": "16.21%"}, "2014": {"Average Stock Price": "32.2068", "Year Open": "33.5700", "Year High": "37.2900", "Year Low": "28.2600", "Year Close": "36.2800", "Annual % Change": "7.66%"}, "2013": {"Average Stock Price": "33.7073", "Year Open": "30.0900", "Year High": "37.2300", "Year Low": "30.0200", "Year Close": "33.7000", "Annual % Change": "14.24%"}, "2012": {"Average Stock Price": "26.5046", "Year Open": "26.2900", "Year High": "30.3200", "Year Low": "23.8100", "Year Close": "29.5000", "Annual % Change": "11.74%"}, "2011": {"Average Stock Price": "24.4129", "Year Open": "22.6000", "Year High": "26.6200", "Year Low": "22.3300", "Year Close": "26.4000", "Annual % Change": "16.92%"}, "2010": {"Average Stock Price": "23.3520", "Year Open": "23.1100", "Year High": "26.2800", "Year Low": "21.1400", "Year Close": "22.5800", "Annual % Change": "-2.04%"}, "2009": {"Average Stock Price": "19.2305", "Year Open": "16.8000", "Year High": "23.5700", "Year Low": "14.0200", "Year Close": "23.0500", "Annual % Change": "39.70%"}, "2008": {"Average Stock Price": "20.6480", "Year Open": "23.2800", "Year High": "24.7000", "Year Low": "13.8000", "Year Close": "16.5000", "Annual % Change": "-30.64%"}, "2007": {"Average Stock Price": "25.3374", "Year Open": "27.0000", "Year High": "27.5200", "Year Low": "22.8100", "Year Close": "23.7900", "Annual % Change": "-11.89%"}, "2006": {"Average Stock Price": "22.8812", "Year Open": "20.5200", "Year High": "27.3400", "Year Low": "19.5000", "Year Close": "27.0000", "Annual % Change": "33.14%"}, "2005": {"Average Stock Price": "24.8403", "Year Open": "29.2300", "Year High": "30.0000", "Year Low": "20.0500", "Year Close": "20.2800", "Annual % Change": "-31.14%"}, "2004": {"Average Stock Price": "27.0694", "Year Open": "26.0000", "Year High": "29.4500", "Year Low": "25.5900", "Year Close": "29.4500", "Annual % Change": "11.60%"}, "2003": {"Average Stock Price": "23.2615", "Year Open": "25.6300", "Year High": "26.4000", "Year Low": "19.6500", "Year Close": "26.3900", "Annual % Change": "5.52%"}, "2002": {"Average Stock Price": "24.6553", "Year Open": "23.8500", "Year High": "27.6500", "Year Low": "21.9300", "Year Close": "25.0100", "Annual % Change": "5.22%"}, "2001": {"Average Stock Price": "21.6680", "Year Open": "25.5600", "Year High": "25.5600", "Year Low": "17.9900", "Year Close": "23.7700", "Annual % Change": "-8.58%"}, "2000": {"Average Stock Price": "20.6805", "Year Open": "22.8800", "Year High": "26.1300", "Year Low": "15.5000", "Year Close": "26.0000", "Annual % Change": "14.59%"}, "1999": {"Average Stock Price": "26.2988", "Year Open": "31.9400", "Year High": "34.2500", "Year Low": "20.8800", "Year Close": "22.6900", "Annual % Change": "-27.97%"}, "1998": {"Average Stock Price": "29.6994", "Year Open": "33.1900", "Year High": "33.1900", "Year Low": "23.2500", "Year Close": "31.5000", "Annual % Change": "-4.92%"}, "1997": {"Average Stock Price": "31.0233", "Year Open": "24.6250", "Year High": "38.1900", "Year Low": "24.6250", "Year Close": "33.1300", "Annual % Change": "33.19%"}, "1996": {"Average Stock Price": "22.4050", "Year Open": "21.0600", "Year High": "26.8750", "Year Low": "18.9400", "Year Close": "24.8750", "Annual % Change": "20.61%"}, "1995": {"Average Stock Price": "17.8782", "Year Open": "15.3750", "Year High": "20.7500", "Year Low": "15.0000", "Year Close": "20.6250", "Annual % Change": "32.00%"}, "1994": {"Average Stock Price": "14.7851", "Year Open": "13.1250", "Year High": "16.5000", "Year Low": "12.7500", "Year Close": "15.6250", "Annual % Change": "18.46%"}, "1993": {"Average Stock Price": "13.1765", "Year Open": "16.5650", "Year High": "16.5650", "Year Low": "11.5000", "Year Close": "13.1900", "Annual % Change": "-20.37%"}, "1992": {"Average Stock Price": "14.6404", "Year Open": "17.6900", "Year High": "17.8750", "Year Low": "12.3750", "Year Close": "16.5650", "Annual % Change": "-6.68%"}, "1991": {"Average Stock Price": "14.5864", "Year Open": "12.0833", "Year High": "18.0650", "Year Low": "11.2500", "Year Close": "17.7500", "Annual % Change": "43.92%"}, "1990": {"Average Stock Price": "10.4505", "Year Open": "9.5833", "Year High": "12.6667", "Year Low": "7.6667", "Year Close": "12.3333", "Annual % Change": "29.82%"}, "1989": {"Average Stock Price": "7.9138", "Year Open": "6.5000", "Year High": "9.9567", "Year Low": "6.5000", "Year Close": "9.5000", "Annual % Change": "47.41%"}, "1988": {"Average Stock Price": "6.3393", "Year Open": "6.0000", "Year High": "7.5000", "Year Low": "5.3889", "Year Close": "6.4444", "Annual % Change": "14.26%"}, "1987": {"Average Stock Price": "6.6326", "Year Open": "6.6111", "Year High": "8.4444", "Year Low": "4.8333", "Year Close": "5.6400", "Annual % Change": "-11.32%"}, "1986": {"Average Stock Price": "6.0479", "Year Open": "4.6533", "Year High": "7.0556", "Year Low": "4.4311", "Year Close": "6.3600", "Annual % Change": "34.68%"}, "1985": {"Average Stock Price": "4.7136", "Year Open": "4.6667", "Year High": "6.4167", "Year Low": "3.8056", "Year Close": "4.7222", "Annual % Change": "3.33%"}}}, "market cap": {"value": "$16.91B"}, "income statement": {"Revenue": {"2020-05-31": "11054.40000", "2019-05-31": "9538.40000", "2018-05-31": "7938.30000", "2017-05-31": "7826.90000", "2016-05-31": "8664.10000", "2015-05-31": "9034.00000", "2014-05-31": "11838.20000", "2013-05-31": "13469.30000", "2012-05-31": "13331.10000", "2011-05-31": "12386.10000", "2010-05-31": "12014.90000", "2009-05-31": "12348.60000", "2008-05-31": "11248.20000", "2007-05-31": "10489.50000", "2006-05-31": "10251.40000", "2005-05-31": "11383.80000"}, "Cost Of Goods Sold": {"2020-05-31": "7984.80000", "2019-05-31": "6885.40000", "2018-05-31": "5586.80000", "2017-05-31": "5483.10000", "2016-05-31": "6234.90000", "2015-05-31": "6737.80000", "2014-05-31": "8910.80000", "2013-05-31": "10104.40000", "2012-05-31": "10532.10000", "2011-05-31": "9483.50000", "2010-05-31": "8966.30000", "2009-05-31": "9571.10000", "2008-05-31": "8595.90000", "2007-05-31": "7799.90000", "2006-05-31": "7710.10000", "2005-05-31": "8550.30000"}, "Gross Profit": {"2020-05-31": "3069.60100", "2019-05-31": "2653.00000", "2018-05-31": "2351.50000", "2017-05-31": "2343.80000", "2016-05-31": "2429.20000", "2015-05-31": "2296.20000", "2014-05-31": "2927.40000", "2013-05-31": "3364.89900", "2012-05-31": "2799.00000", "2011-05-31": "2902.60000", "2010-05-31": "3048.60100", "2009-05-31": "2777.50000", "2008-05-31": "2652.30000", "2007-05-31": "2689.60000", "2006-05-31": "2541.30000", "2005-05-31": "2833.50000"}, "Research And Development Expenses": {"2020-05-31": "", "2019-05-31": "", "2018-05-31": "", "2017-05-31": "", "2016-05-31": "", "2015-05-31": "", "2014-05-31": "", "2013-05-31": "", "2012-05-31": "", "2011-05-31": "", "2010-05-31": "", "2009-05-31": "", "2008-05-31": "", "2007-05-31": "", "2006-05-31": "", "2005-05-31": ""}, "SG&A Expenses": {"2020-05-31": "1622.50000", "2019-05-31": "1473.40000", "2018-05-31": "1398.40000", "2017-05-31": "1474.00000", "2016-05-31": "2024.60000", "2015-05-31": "1383.40000", "2014-05-31": "1778.90000", "2013-05-31": "2065.90000", "2012-05-31": "1980.30000", "2011-05-31": "1499.00000", "2010-05-31": "1987.70000", "2009-05-31": "1683.20000", "2008-05-31": "1747.60000", "2007-05-31": "1771.90000", "2006-05-31": "1842.40000", "2005-05-31": "1717.90000"}, "Other Operating Income Or Expenses": {"2020-05-31": "", "2019-05-31": "", "2018-05-31": "", "2017-05-31": "", "2016-05-31": "", "2015-05-31": "", "2014-05-31": "", "2013-05-31": "", "2012-05-31": "", "2011-05-31": "", "2010-05-31": "", "2009-05-31": "", "2008-05-31": "", "2007-05-31": "", "2006-05-31": "", "2005-05-31": ""}, "Operating Expenses": {"2020-05-31": "9597.39900", "2019-05-31": "8323.70000", "2018-05-31": "6904.80000", "2017-05-31": "6901.90000", "2016-05-31": "8259.50000", "2015-05-31": "8121.20000", "2014-05-31": "10689.70000", "2013-05-31": "12170.30000", "2012-05-31": "12512.40000", "2011-05-31": "10982.50000", "2010-05-31": "10954.00000", "2009-05-31": "11254.30000", "2008-05-31": "10343.50000", "2007-05-31": "9571.80000", "2006-05-31": "9552.50000", "2005-05-31": "10268.20000"}, "Operating Income": {"2020-05-31": "1457.00100", "2019-05-31": "1214.70000", "2018-05-31": "1033.50000", "2017-05-31": "925.00000", "2016-05-31": "404.59960", "2015-05-31": "912.80030", "2014-05-31": "1148.50000", "2013-05-31": "1298.99900", "2012-05-31": "818.70020", "2011-05-31": "1403.60000", "2010-05-31": "1060.90000", "2009-05-31": "1094.30000", "2008-05-31": "904.70020", "2007-05-31": "917.70020", "2006-05-31": "698.90040", "2005-05-31": "1115.60000"}, "Total Non-Operating Income/Expense": {"2020-05-31": "-487.10000", "2019-05-31": "-391.40000", "2018-05-31": "-158.70000", "2017-05-31": "-195.50000", "2016-05-31": "-295.80000", "2015-05-31": "-328.20000", "2014-05-31": "-377.50000", "2013-05-31": "-276.20000", "2012-05-31": "-204.00000", "2011-05-31": "-177.50000", "2010-05-31": "-160.40000", "2009-05-31": "-186.00000", "2008-05-31": "-252.90000", "2007-05-31": "-219.50000", "2006-05-31": "57.90000", "2005-05-31": "-128.30000"}, "Pre-Tax Income": {"2020-05-31": "969.90000", "2019-05-31": "823.30000", "2018-05-31": "874.80000", "2017-05-31": "729.50000", "2016-05-31": "108.80000", "2015-05-31": "584.60000", "2014-05-31": "771.00000", "2013-05-31": "1022.80000", "2012-05-31": "614.70000", "2011-05-31": "1226.10000", "2010-05-31": "900.50000", "2009-05-31": "908.30000", "2008-05-31": "651.80000", "2007-05-31": "698.20000", "2006-05-31": "756.80000", "2005-05-31": "987.30000"}, "Income Taxes": {"2020-05-31": "201.30000", "2019-05-31": "218.80000", "2018-05-31": "174.60000", "2017-05-31": "254.70000", "2016-05-31": "46.40000", "2015-05-31": "212.70000", "2014-05-31": "178.30000", "2013-05-31": "361.90000", "2012-05-31": "191.70000", "2011-05-31": "421.60000", "2010-05-31": "292.30000", "2009-05-31": "317.10000", "2008-05-31": "210.40000", "2007-05-31": "245.00000", "2006-05-31": "235.00000", "2005-05-31": "403.70000"}, "Income After Taxes": {"2020-05-31": "768.60000", "2019-05-31": "604.50000", "2018-05-31": "700.20000", "2017-05-31": "474.80000", "2016-05-31": "62.40000", "2015-05-31": "371.90000", "2014-05-31": "592.70000", "2013-05-31": "660.90000", "2012-05-31": "423.00000", "2011-05-31": "804.50000", "2010-05-31": "608.20000", "2009-05-31": "591.20000", "2008-05-31": "441.40000", "2007-05-31": "453.20000", "2006-05-31": "521.80000", "2005-05-31": "583.60000"}, "Other Income": {"2020-05-31": "", "2019-05-31": "", "2018-05-31": "", "2017-05-31": "", "2016-05-31": "", "2015-05-31": "", "2014-05-31": "", "2013-05-31": "", "2012-05-31": "", "2011-05-31": "", "2010-05-31": "", "2009-05-31": "", "2008-05-31": "", "2007-05-31": "", "2006-05-31": "", "2005-05-31": ""}, "Income From Continuous Operations": {"2020-05-31": "841.80000", "2019-05-31": "680.30000", "2018-05-31": "797.50000", "2017-05-31": "546.00000", "2016-05-31": "128.50000", "2015-05-31": "451.30000", "2014-05-31": "625.20000", "2013-05-31": "698.40000", "2012-05-31": "467.90000", "2011-05-31": "830.90000", "2010-05-31": "630.30000", "2009-05-31": "615.20000", "2008-05-31": "491.10000", "2007-05-31": "481.60000", "2006-05-31": "463.60000", "2005-05-31": "558.70000"}, "Income From Discontinued Operations": {"2020-05-31": "", "2019-05-31": "-1.90000", "2018-05-31": "14.30000", "2017-05-31": "102.00000", "2016-05-31": "-794.40000", "2015-05-31": "-692.10000", "2014-05-31": "-310.10000", "2013-05-31": "87.70000", "2012-05-31": "6.50000", "2011-05-31": "-11.50000", "2010-05-31": "-19.30000", "2009-05-31": "363.80000", "2008-05-31": "439.50000", "2007-05-31": "283.00000", "2006-05-31": "70.20000", "2005-05-31": "82.80000"}, "Net Income": {"2020-05-31": "840.10000", "2019-05-31": "678.30000", "2018-05-31": "808.40000", "2017-05-31": "639.30000", "2016-05-31": "-677.00000", "2015-05-31": "-252.60000", "2014-05-31": "303.10000", "2013-05-31": "772.30000", "2012-05-31": "466.40000", "2011-05-31": "815.70000", "2010-05-31": "612.00000", "2009-05-31": "978.40000", "2008-05-31": "930.60000", "2007-05-31": "764.60000", "2006-05-31": "533.80000", "2005-05-31": "641.50000"}, "EBITDA": {"2020-05-31": "1845.90100", "2019-05-31": "1547.70000", "2018-05-31": "1290.50000", "2017-05-31": "1193.00000", "2016-05-31": "683.09960", "2015-05-31": "1197.40000", "2014-05-31": "1503.10000", "2013-05-31": "1717.59900", "2012-05-31": "1189.60000", "2011-05-31": "1764.50000", "2010-05-31": "1385.00000", "2009-05-31": "1399.20000", "2008-05-31": "1191.90000", "2007-05-31": "1252.60000", "2006-05-31": "999.20040", "2005-05-31": "1402.50000"}, "EBIT": {"2020-05-31": "1457.00100", "2019-05-31": "1214.70000", "2018-05-31": "1033.50000", "2017-05-31": "925.00000", "2016-05-31": "404.59960", "2015-05-31": "912.80030", "2014-05-31": "1148.50000", "2013-05-31": "1298.99900", "2012-05-31": "818.70020", "2011-05-31": "1403.60000", "2010-05-31": "1060.90000", "2009-05-31": "1094.30000", "2008-05-31": "904.70020", "2007-05-31": "917.70020", "2006-05-31": "698.90040", "2005-05-31": "1115.60000"}, "Basic Shares Outstanding": {"2020-05-31": "487.30000", "2019-05-31": "444.00000", "2018-05-31": "403.90000", "2017-05-31": "431.90000", "2016-05-31": "434.40000", "2015-05-31": "426.10000", "2014-05-31": "421.30000", "2013-05-31": "410.80000", "2012-05-31": "412.90000", "2011-05-31": "429.70000", "2010-05-31": "443.60000", "2009-05-31": "452.90000", "2008-05-31": "487.50000", "2007-05-31": "504.20000", "2006-05-31": "518.10000", "2005-05-31": "516.20000"}, "Shares Outstanding": {"2020-05-31": "488.60000", "2019-05-31": "445.60000", "2018-05-31": "407.40000", "2017-05-31": "436.00000", "2016-05-31": "438.50000", "2015-05-31": "431.30000", "2014-05-31": "427.50000", "2013-05-31": "417.60000", "2012-05-31": "418.30000", "2011-05-31": "434.30000", "2010-05-31": "447.10000", "2009-05-31": "455.40000", "2008-05-31": "490.90000", "2007-05-31": "507.10000", "2006-05-31": "520.20000", "2005-05-31": "520.20000"}, "Basic EPS": {"2020-05-31": "1.72000", "2019-05-31": "1.53000", "2018-05-31": "2.00000", "2017-05-31": "1.48000", "2016-05-31": "-1.57000", "2015-05-31": "-0.60000", "2014-05-31": "0.72000", "2013-05-31": "1.88000", "2012-05-31": "1.13000", "2011-05-31": "1.90000", "2010-05-31": "1.38000", "2009-05-31": "2.16000", "2008-05-31": "1.91000", "2007-05-31": "1.52000", "2006-05-31": "1.03000", "2005-05-31": "1.24000"}, "EPS - Earnings Per Share": {"2020-05-31": "1.72000", "2019-05-31": "1.52000", "2018-05-31": "1.98000", "2017-05-31": "1.46000", "2016-05-31": "-1.56000", "2015-05-31": "-0.59000", "2014-05-31": "0.70000", "2013-05-31": "1.85000", "2012-05-31": "1.12000", "2011-05-31": "1.88000", "2010-05-31": "1.37000", "2009-05-31": "2.15000", "2008-05-31": "1.90000", "2007-05-31": "1.51000", "2006-05-31": "1.03000", "2005-05-31": "1.23000"}}, "income statement, quarterly": {"Revenue": {"2020-11-30": "2995.20000", "2020-08-31": "2678.90000", "2020-05-31": "3287.90100", "2020-02-29": "2555.00000", "2019-11-30": "2820.80000", "2019-08-31": "2390.70000", "2019-05-31": "2613.20100", "2019-02-28": "2707.10000", "2018-11-30": "2383.70000", "2018-08-31": "1834.40000", "2018-05-31": "1966.20000", "2018-02-28": "1994.50000", "2017-11-30": "2173.40000", "2017-08-31": "1804.20000", "2017-05-31": "1861.70000", "2017-02-28": "1981.20000", "2016-11-30": "2088.40000", "2016-08-31": "1895.60000", "2016-05-31": "1311.10000", "2016-02-29": "2199.30000", "2015-11-30": "2358.80000", "2015-08-31": "2794.90000", "2015-05-31": "227.30030", "2015-02-28": "2907.30000", "2014-11-30": "3136.40000", "2014-08-31": "2763.00000", "2014-05-31": "3959.40000", "2014-02-28": "3947.30000", "2013-11-30": "4221.10000", "2013-08-31": "3715.80000", "2013-05-31": "2606.00000", "2013-02-28": "3833.80000", "2012-11-30": "3727.20000", "2012-08-31": "3302.30000", "2012-05-31": "3398.09900", "2012-02-29": "3396.00000", "2011-11-30": "3431.70000", "2011-08-31": "3105.30000", "2011-05-31": "3293.00000", "2011-02-28": "3141.30000", "2010-11-30": "3147.50000", "2010-08-31": "2804.30000", "2010-05-31": "2998.00000", "2010-02-28": "3030.50000", "2009-11-30": "3100.10000", "2009-08-31": "2886.30000", "2009-05-31": "2915.39900", "2009-02-28": "3125.00000", "2008-11-30": "3251.70000", "2008-08-31": "3056.50000", "2008-05-31": "2720.60000", "2008-02-29": "2955.30000", "2007-11-30": "2951.20000", "2007-08-31": "2621.10000", "2007-05-31": "1793.80000", "2007-02-28": "2918.40000", "2006-11-30": "3088.70000", "2006-08-31": "2688.60000", "2006-05-31": "1713.80100", "2006-02-28": "2861.80000", "2005-11-30": "3002.00000", "2005-08-31": "2673.80000", "2005-05-31": "1235.20000", "2005-02-28": "2756.30000"}, "Cost Of Goods Sold": {"2020-11-30": "2106.30000", "2020-08-31": "1868.70000", "2020-05-31": "2365.10000", "2020-02-29": "1870.60000", "2019-11-30": "2022.90000", "2019-08-31": "1726.20000", "2019-05-31": "1905.20000", "2019-02-28": "1954.80000", "2018-11-30": "1706.50000", "2018-08-31": "1318.90000", "2018-05-31": "1390.80000", "2018-02-28": "1395.70000", "2017-11-30": "1515.10000", "2017-08-31": "1285.20000", "2017-05-31": "1331.00000", "2017-02-28": "1360.20000", "2016-11-30": "1440.90000", "2016-08-31": "1351.00000", "2016-05-31": "870.79980", "2016-02-29": "1579.50000", "2015-11-30": "1690.80000", "2015-08-31": "2093.80000", "2015-05-31": "-0.80000", "2015-02-28": "2187.30000", "2014-11-30": "2379.10000", "2014-08-31": "2172.20000", "2014-05-31": "3115.90000", "2014-02-28": "3024.20000", "2013-11-30": "3261.30000", "2013-08-31": "2923.70000", "2013-05-31": "1842.20000", "2013-02-28": "2962.90000", "2012-11-30": "2865.60000", "2012-08-31": "2433.70000", "2012-05-31": "2735.70000", "2012-02-29": "2609.40000", "2011-11-30": "2677.70000", "2011-08-31": "2509.30000", "2011-05-31": "2599.00000", "2011-02-28": "2344.00000", "2010-11-30": "2387.50000", "2010-08-31": "2153.00000", "2010-05-31": "2276.80000", "2010-02-28": "2251.90000", "2009-11-30": "2257.50000", "2009-08-31": "2180.10000", "2009-05-31": "2155.30000", "2009-02-28": "2385.60000", "2008-11-30": "2565.20000", "2008-08-31": "2465.00000", "2008-05-31": "2136.20000", "2008-02-29": "2248.40000", "2007-11-30": "2209.00000", "2007-08-31": "2002.30000", "2007-05-31": "1352.50000", "2007-02-28": "2143.40000", "2006-11-30": "2278.40000", "2006-08-31": "2025.60000", "2006-05-31": "1294.00000", "2006-02-28": "2142.40000", "2005-11-30": "2270.60000", "2005-08-31": "2003.10000", "2005-05-31": "695.69970", "2005-02-28": "2046.10000"}, "Gross Profit": {"2020-11-30": "888.89990", "2020-08-31": "810.20000", "2020-05-31": "922.80080", "2020-02-29": "684.40000", "2019-11-30": "797.90000", "2019-08-31": "664.50000", "2019-05-31": "708.00110", "2019-02-28": "752.30000", "2018-11-30": "677.20000", "2018-08-31": "515.50000", "2018-05-31": "575.40040", "2018-02-28": "598.80000", "2017-11-30": "658.29990", "2017-08-31": "519.00000", "2017-05-31": "530.69980", "2017-02-28": "621.00000", "2016-11-30": "647.49990", "2016-08-31": "544.60000", "2016-05-31": "440.30030", "2016-02-29": "619.80000", "2015-11-30": "668.00000", "2015-08-31": "701.09990", "2015-05-31": "228.10030", "2015-02-28": "720.00000", "2014-11-30": "757.29980", "2014-08-31": "590.80000", "2014-05-31": "843.50000", "2014-02-28": "923.10010", "2013-11-30": "959.80000", "2013-08-31": "792.10010", "2013-05-31": "763.79930", "2013-02-28": "870.90010", "2012-11-30": "861.59990", "2012-08-31": "868.60010", "2012-05-31": "662.39940", "2012-02-29": "786.60010", "2011-11-30": "754.00000", "2011-08-31": "596.00000", "2011-05-31": "693.99980", "2011-02-28": "797.30000", "2010-11-30": "760.00000", "2010-08-31": "651.30000", "2010-05-31": "721.20040", "2010-02-28": "778.60010", "2009-11-30": "842.60010", "2009-08-31": "706.20000", "2009-05-31": "760.09960", "2009-02-28": "739.39990", "2008-11-30": "686.50000", "2008-08-31": "591.50000", "2008-05-31": "584.39970", "2008-02-29": "706.90010", "2007-11-30": "742.20000", "2007-08-31": "618.80000", "2007-05-31": "441.30020", "2007-02-28": "775.00000", "2006-11-30": "810.30000", "2006-08-31": "663.00010", "2006-05-31": "419.80040", "2006-02-28": "719.40010", "2005-11-30": "731.39990", "2005-08-31": "670.70010", "2005-05-31": "539.50020", "2005-02-28": "710.20010"}, "Research And Development Expenses": {"2020-11-30": "", "2020-08-31": "", "2020-05-31": "", "2020-02-29": "", "2019-11-30": "", "2019-08-31": "", "2019-05-31": "", "2019-02-28": "", "2018-11-30": "", "2018-08-31": "", "2018-05-31": "", "2018-02-28": "", "2017-11-30": "", "2017-08-31": "", "2017-05-31": "", "2017-02-28": "", "2016-11-30": "", "2016-08-31": "", "2016-05-31": "", "2016-02-29": "", "2015-11-30": "", "2015-08-31": "", "2015-05-31": "", "2015-02-28": "", "2014-11-30": "", "2014-08-31": "", "2014-05-31": "", "2014-02-28": "", "2013-11-30": "", "2013-08-31": "", "2013-05-31": "", "2013-02-28": "", "2012-11-30": "", "2012-08-31": "", "2012-05-31": "", "2012-02-29": "", "2011-11-30": "", "2011-08-31": "", "2011-05-31": "", "2011-02-28": "", "2010-11-30": "", "2010-08-31": "", "2010-05-31": "", "2010-02-28": "", "2009-11-30": "", "2009-08-31": "", "2009-05-31": "", "2009-02-28": "", "2008-11-30": "", "2008-08-31": "", "2008-05-31": "", "2008-02-29": "", "2007-11-30": "", "2007-08-31": "", "2007-05-31": "", "2007-02-28": "", "2006-11-30": "", "2006-08-31": "", "2006-05-31": "", "2006-02-28": "", "2005-11-30": "", "2005-08-31": "", "2005-05-31": "", "2005-02-28": ""}, "SG&A Expenses": {"2020-11-30": "357.70000", "2020-08-31": "300.30000", "2020-05-31": "532.00000", "2020-02-29": "319.90000", "2019-11-30": "369.80000", "2019-08-31": "400.80000", "2019-05-31": "394.70010", "2019-02-28": "334.10000", "2018-11-30": "487.30000", "2018-08-31": "257.30000", "2018-05-31": "461.90010", "2018-02-28": "352.10000", "2017-11-30": "324.80000", "2017-08-31": "259.60000", "2017-05-31": "474.70000", "2017-02-28": "349.70000", "2016-11-30": "417.90000", "2016-08-31": "231.70000", "2016-05-31": "688.99990", "2016-02-29": "447.00000", "2015-11-30": "483.20000", "2015-08-31": "405.40000", "2015-05-31": "237.30000", "2015-02-28": "360.30000", "2014-11-30": "392.00000", "2014-08-31": "393.80000", "2014-05-31": "1151.70000", "2014-02-28": "534.90000", "2013-11-30": "553.10000", "2013-08-31": "538.10000", "2013-05-31": "509.90000", "2013-02-28": "611.70000", "2012-11-30": "493.80000", "2012-08-31": "450.50000", "2012-05-31": "778.10010", "2012-02-29": "356.70000", "2011-11-30": "438.90000", "2011-08-31": "406.60000", "2011-05-31": "256.60000", "2011-02-28": "404.10000", "2010-11-30": "428.30000", "2010-08-31": "410.00000", "2010-05-31": "691.50000", "2010-02-28": "418.20000", "2009-11-30": "456.10000", "2009-08-31": "421.90000", "2009-05-31": "500.80000", "2009-02-28": "424.70000", "2008-11-30": "389.00000", "2008-08-31": "368.70000", "2008-05-31": "450.70000", "2008-02-29": "426.10000", "2007-11-30": "489.30000", "2007-08-31": "381.50000", "2007-05-31": "434.09990", "2007-02-28": "450.20000", "2006-11-30": "450.40000", "2006-08-31": "437.20000", "2006-05-31": "460.29990", "2006-02-28": "514.70000", "2005-11-30": "450.40000", "2005-08-31": "417.00000", "2005-05-31": "414.80000", "2005-02-28": "459.60000"}, "Other Operating Income Or Expenses": {"2020-11-30": "", "2020-08-31": "", "2020-05-31": "", "2020-02-29": "", "2019-11-30": "", "2019-08-31": "", "2019-05-31": "", "2019-02-28": "", "2018-11-30": "", "2018-08-31": "", "2018-05-31": "", "2018-02-28": "", "2017-11-30": "", "2017-08-31": "", "2017-05-31": "", "2017-02-28": "", "2016-11-30": "", "2016-08-31": "", "2016-05-31": "", "2016-02-29": "", "2015-11-30": "", "2015-08-31": "", "2015-05-31": "", "2015-02-28": "", "2014-11-30": "", "2014-08-31": "", "2014-05-31": "", "2014-02-28": "", "2013-11-30": "", "2013-08-31": "", "2013-05-31": "", "2013-02-28": "", "2012-11-30": "", "2012-08-31": "", "2012-05-31": "", "2012-02-29": "", "2011-11-30": "", "2011-08-31": "", "2011-05-31": "", "2011-02-28": "", "2010-11-30": "", "2010-08-31": "", "2010-05-31": "", "2010-02-28": "", "2009-11-30": "", "2009-08-31": "", "2009-05-31": "", "2009-02-28": "", "2008-11-30": "", "2008-08-31": "", "2008-05-31": "", "2008-02-29": "", "2007-11-30": "", "2007-08-31": "", "2007-05-31": "", "2007-02-28": "", "2006-11-30": "", "2006-08-31": "", "2006-05-31": "", "2006-02-28": "", "2005-11-30": "", "2005-08-31": "", "2005-05-31": "", "2005-02-28": ""}, "Operating Expenses": {"2020-11-30": "2450.30000", "2020-08-31": "2155.20000", "2020-05-31": "2924.39900", "2020-02-29": "2174.10000", "2019-11-30": "2381.40000", "2019-08-31": "2117.50000", "2019-05-31": "2294.50000", "2019-02-28": "2279.10000", "2018-11-30": "2184.10000", "2018-08-31": "1566.00000", "2018-05-31": "1832.30000", "2018-02-28": "1725.90000", "2017-11-30": "1822.40000", "2017-08-31": "1524.20000", "2017-05-31": "1750.50000", "2017-02-28": "1709.90000", "2016-11-30": "1858.80000", "2016-08-31": "1582.70000", "2016-05-31": "1559.80000", "2016-02-29": "2026.50000", "2015-11-30": "2174.00000", "2015-08-31": "2499.20000", "2015-05-31": "236.49950", "2015-02-28": "2547.60000", "2014-11-30": "2771.10000", "2014-08-31": "2566.00000", "2014-05-31": "4267.60000", "2014-02-28": "3559.10000", "2013-11-30": "3814.40000", "2013-08-31": "3461.80000", "2013-05-31": "2352.10100", "2013-02-28": "3574.60000", "2012-11-30": "3359.40000", "2012-08-31": "2884.20000", "2012-05-31": "3513.80000", "2012-02-29": "2966.10000", "2011-11-30": "3116.60000", "2011-08-31": "2915.90000", "2011-05-31": "2855.60100", "2011-02-28": "2748.10000", "2010-11-30": "2815.80000", "2010-08-31": "2563.00000", "2010-05-31": "2968.30000", "2010-02-28": "2670.10000", "2009-11-30": "2713.60000", "2009-08-31": "2602.00000", "2009-05-31": "2656.10000", "2009-02-28": "2810.30000", "2008-11-30": "2954.20000", "2008-08-31": "2833.70000", "2008-05-31": "2586.90000", "2008-02-29": "2674.50000", "2007-11-30": "2698.30000", "2007-08-31": "2383.80000", "2007-05-31": "1786.60000", "2007-02-28": "2593.60000", "2006-11-30": "2728.80000", "2006-08-31": "2462.80000", "2006-05-31": "1754.30000", "2006-02-28": "2657.10000", "2005-11-30": "2721.00000", "2005-08-31": "2420.10000", "2005-05-31": "1110.50000", "2005-02-28": "2505.70000"}, "Operating Income": {"2020-11-30": "544.89990", "2020-08-31": "523.70000", "2020-05-31": "363.50120", "2020-02-29": "380.89990", "2019-11-30": "439.40010", "2019-08-31": "273.20000", "2019-05-31": "318.70070", "2019-02-28": "428.00000", "2018-11-30": "199.59990", "2018-08-31": "268.40000", "2018-05-31": "133.89990", "2018-02-28": "268.60010", "2017-11-30": "351.00000", "2017-08-31": "280.00000", "2017-05-31": "111.20030", "2017-02-28": "271.30000", "2016-11-30": "229.59990", "2016-08-31": "312.90000", "2016-05-31": "-248.70000", "2016-02-29": "172.80000", "2015-11-30": "184.80000", "2015-08-31": "295.70000", "2015-05-31": "-9.19920", "2015-02-28": "359.70000", "2014-11-30": "365.29980", "2014-08-31": "197.00000", "2014-05-31": "-308.19970", "2014-02-28": "388.20000", "2013-11-30": "406.70020", "2013-08-31": "254.00020", "2013-05-31": "253.89890", "2013-02-28": "259.20020", "2012-11-30": "367.79980", "2012-08-31": "418.10010", "2012-05-31": "-115.70070", "2012-02-29": "429.90010", "2011-11-30": "315.10010", "2011-08-31": "189.39990", "2011-05-31": "437.39920", "2011-02-28": "393.20000", "2010-11-30": "331.70000", "2010-08-31": "241.30000", "2010-05-31": "29.70000", "2010-02-28": "360.40010", "2009-11-30": "386.50000", "2009-08-31": "284.30000", "2009-05-31": "259.29960", "2009-02-28": "314.70000", "2008-11-30": "297.50000", "2008-08-31": "222.80000", "2008-05-31": "133.70000", "2008-02-29": "280.80000", "2007-11-30": "252.89990", "2007-08-31": "237.30000", "2007-05-31": "7.20000", "2007-02-28": "324.80000", "2006-11-30": "359.90010", "2006-08-31": "225.80000", "2006-05-31": "-40.49980", "2006-02-28": "204.70020", "2005-11-30": "281.00000", "2005-08-31": "253.70000", "2005-05-31": "124.70000", "2005-02-28": "250.60010"}, "Total Non-Operating Income/Expense": {"2020-11-30": "-107.70000", "2020-08-31": "-113.70000", "2020-05-31": "-125.30000", "2020-02-29": "-117.70000", "2019-11-30": "-121.40000", "2019-08-31": "-122.70000", "2019-05-31": "-130.90000", "2019-02-28": "-130.90000", "2018-11-30": "-80.60000", "2018-08-31": "-49.00000", "2018-05-31": "-44.50000", "2018-02-28": "-39.80000", "2017-11-30": "-38.00000", "2017-08-31": "-36.40000", "2017-05-31": "-37.50000", "2017-02-28": "-45.70000", "2016-11-30": "-54.10000", "2016-08-31": "-58.20000", "2016-05-31": "-59.90000", "2016-02-29": "-76.40000", "2015-11-30": "-79.20000", "2015-08-31": "-80.30000", "2015-05-31": "-86.40000", "2015-02-28": "-79.80000", "2014-11-30": "-78.70000", "2014-08-31": "-83.30000", "2014-05-31": "-93.10000", "2014-02-28": "-95.00000", "2013-11-30": "-95.50000", "2013-08-31": "-95.80000", "2013-05-31": "-102.90000", "2013-02-28": "-70.60000", "2012-11-30": "-53.40000", "2012-08-31": "-49.30000", "2012-05-31": "-50.80000", "2012-02-29": "-49.70000", "2011-11-30": "-50.60000", "2011-08-31": "-52.90000", "2011-05-31": "-54.90000", "2011-02-28": "-51.60000", "2010-11-30": "-33.70000", "2010-08-31": "-37.30000", "2010-05-31": "-38.80000", "2010-02-28": "-39.70000", "2009-11-30": "-40.50000", "2009-08-31": "-41.40000", "2009-05-31": "-51.20000", "2009-02-28": "-42.00000", "2008-11-30": "-42.70000", "2008-08-31": "-50.10000", "2008-05-31": "-69.20000", "2008-02-29": "-66.70000", "2007-11-30": "-62.20000", "2007-08-31": "-54.80000", "2007-05-31": "-53.30000", "2007-02-28": "-56.10000", "2006-11-30": "-52.10000", "2006-08-31": "-58.00000", "2006-05-31": "-61.70000", "2006-02-28": "-68.80000", "2005-11-30": "-68.60000", "2005-08-31": "257.00000", "2005-05-31": "-86.70000", "2005-02-28": "117.60000"}, "Pre-Tax Income": {"2020-11-30": "437.20000", "2020-08-31": "410.00000", "2020-05-31": "238.20000", "2020-02-29": "263.20000", "2019-11-30": "318.00000", "2019-08-31": "150.50000", "2019-05-31": "187.80000", "2019-02-28": "297.10000", "2018-11-30": "119.00000", "2018-08-31": "219.40000", "2018-05-31": "89.40000", "2018-02-28": "228.80000", "2017-11-30": "313.00000", "2017-08-31": "243.60000", "2017-05-31": "73.70000", "2017-02-28": "225.60000", "2016-11-30": "175.50000", "2016-08-31": "254.70000", "2016-05-31": "-308.60000", "2016-02-29": "96.40000", "2015-11-30": "105.60000", "2015-08-31": "215.40000", "2015-05-31": "-95.60000", "2015-02-28": "279.90000", "2014-11-30": "286.60000", "2014-08-31": "113.70000", "2014-05-31": "-401.30000", "2014-02-28": "293.20000", "2013-11-30": "311.20000", "2013-08-31": "158.20000", "2013-05-31": "150.99990", "2013-02-28": "188.60000", "2012-11-30": "314.40000", "2012-08-31": "368.80000", "2012-05-31": "-166.50000", "2012-02-29": "380.20000", "2011-11-30": "264.50000", "2011-08-31": "136.50000", "2011-05-31": "382.50000", "2011-02-28": "341.60000", "2010-11-30": "298.00000", "2010-08-31": "204.00000", "2010-05-31": "-9.10000", "2010-02-28": "320.70000", "2009-11-30": "346.00000", "2009-08-31": "242.90000", "2009-05-31": "208.10000", "2009-02-28": "272.70000", "2008-11-30": "254.80000", "2008-08-31": "172.70000", "2008-05-31": "64.50000", "2008-02-29": "214.10000", "2007-11-30": "190.70000", "2007-08-31": "182.50000", "2007-05-31": "-46.10000", "2007-02-28": "268.70000", "2006-11-30": "307.80000", "2006-08-31": "167.80000", "2006-05-31": "-102.20000", "2006-02-28": "135.90000", "2005-11-30": "212.40000", "2005-08-31": "510.70000", "2005-05-31": "38.00000", "2005-02-28": "368.20000"}, "Income Taxes": {"2020-11-30": "80.70000", "2020-08-31": "86.70000", "2020-05-31": "59.80000", "2020-02-29": "68.90000", "2019-11-30": "84.10000", "2019-08-31": "-11.50000", "2019-05-31": "71.80000", "2019-02-28": "67.20000", "2018-11-30": "22.40000", "2018-08-31": "57.40000", "2018-05-31": "36.50000", "2018-02-28": "-91.40000", "2017-11-30": "109.50000", "2017-08-31": "120.00000", "2017-05-31": "-60.80000", "2017-02-28": "67.90000", "2016-11-30": "78.40000", "2016-08-31": "169.20000", "2016-05-31": "-115.30000", "2016-02-29": "33.60000", "2015-11-30": "43.10000", "2015-08-31": "85.00000", "2015-05-31": "-32.90000", "2015-02-28": "100.60000", "2014-11-30": "101.90000", "2014-08-31": "43.10000", "2014-05-31": "7.00000", "2014-02-28": "78.20000", "2013-11-30": "106.00000", "2013-08-31": "28.90000", "2013-05-31": "50.70000", "2013-02-28": "77.70000", "2012-11-30": "109.70000", "2012-08-31": "123.80000", "2012-05-31": "-62.00000", "2012-02-29": "112.10000", "2011-11-30": "92.90000", "2011-08-31": "48.70000", "2011-05-31": "130.80000", "2011-02-28": "122.50000", "2010-11-30": "101.40000", "2010-08-31": "66.90000", "2010-05-31": "-13.20000", "2010-02-28": "102.60000", "2009-11-30": "114.10000", "2009-08-31": "88.80000", "2009-05-31": "74.50000", "2009-02-28": "92.00000", "2008-11-30": "84.60000", "2008-08-31": "66.00000", "2008-05-31": "13.30000", "2008-02-29": "67.40000", "2007-11-30": "68.60000", "2007-08-31": "61.10000", "2007-05-31": "-27.40000", "2007-02-28": "91.80000", "2006-11-30": "119.10000", "2006-08-31": "61.50000", "2006-05-31": "-59.70000", "2006-02-28": "37.60000", "2005-11-30": "79.50000", "2005-08-31": "177.60000", "2005-05-31": "26.60000", "2005-02-28": "144.80000"}, "Income After Taxes": {"2020-11-30": "356.50000", "2020-08-31": "323.30000", "2020-05-31": "178.40010", "2020-02-29": "194.30000", "2019-11-30": "233.90000", "2019-08-31": "162.00000", "2019-05-31": "116.00000", "2019-02-28": "229.90000", "2018-11-30": "96.60000", "2018-08-31": "162.00000", "2018-05-31": "52.89990", "2018-02-28": "320.20000", "2017-11-30": "203.50000", "2017-08-31": "123.60000", "2017-05-31": "134.50000", "2017-02-28": "157.70000", "2016-11-30": "97.10000", "2016-08-31": "85.50000", "2016-05-31": "-193.30000", "2016-02-29": "62.80000", "2015-11-30": "62.50000", "2015-08-31": "130.40000", "2015-05-31": "-62.70000", "2015-02-28": "179.30000", "2014-11-30": "184.70000", "2014-08-31": "70.60000", "2014-05-31": "-408.30000", "2014-02-28": "215.00000", "2013-11-30": "205.20000", "2013-08-31": "129.30000", "2013-05-31": "100.30000", "2013-02-28": "110.90000", "2012-11-30": "204.70000", "2012-08-31": "245.00000", "2012-05-31": "-104.50000", "2012-02-29": "268.10000", "2011-11-30": "171.60000", "2011-08-31": "87.80000", "2011-05-31": "251.70000", "2011-02-28": "219.10000", "2010-11-30": "196.60000", "2010-08-31": "137.10000", "2010-05-31": "4.10000", "2010-02-28": "218.10000", "2009-11-30": "231.90000", "2009-08-31": "154.10000", "2009-05-31": "133.59990", "2009-02-28": "180.70000", "2008-11-30": "170.20000", "2008-08-31": "106.70000", "2008-05-31": "51.20000", "2008-02-29": "146.70000", "2007-11-30": "122.10000", "2007-08-31": "121.40000", "2007-05-31": "-18.70000", "2007-02-28": "176.90000", "2006-11-30": "188.70000", "2006-08-31": "106.30000", "2006-05-31": "-42.50000", "2006-02-28": "98.30000", "2005-11-30": "132.90000", "2005-08-31": "333.10000", "2005-05-31": "11.40000", "2005-02-28": "223.40000"}, "Other Income": {"2020-11-30": "", "2020-08-31": "", "2020-05-31": "", "2020-02-29": "", "2019-11-30": "", "2019-08-31": "", "2019-05-31": "", "2019-02-28": "", "2018-11-30": "", "2018-08-31": "", "2018-05-31": "", "2018-02-28": "", "2017-11-30": "", "2017-08-31": "", "2017-05-31": "", "2017-02-28": "", "2016-11-30": "", "2016-08-31": "", "2016-05-31": "", "2016-02-29": "", "2015-11-30": "", "2015-08-31": "", "2015-05-31": "", "2015-02-28": "", "2014-11-30": "", "2014-08-31": "", "2014-05-31": "", "2014-02-28": "", "2013-11-30": "", "2013-08-31": "", "2013-05-31": "", "2013-02-28": "", "2012-11-30": "", "2012-08-31": "", "2012-05-31": "", "2012-02-29": "", "2011-11-30": "", "2011-08-31": "", "2011-05-31": "", "2011-02-28": "", "2010-11-30": "", "2010-08-31": "", "2010-05-31": "", "2010-02-28": "", "2009-11-30": "", "2009-08-31": "", "2009-05-31": "", "2009-02-28": "", "2008-11-30": "", "2008-08-31": "", "2008-05-31": "", "2008-02-29": "", "2007-11-30": "", "2007-08-31": "", "2007-05-31": "", "2007-02-28": "", "2006-11-30": "", "2006-08-31": "", "2006-05-31": "", "2006-02-28": "", "2005-11-30": "", "2005-08-31": "", "2005-05-31": "", "2005-02-28": ""}, "Income From Continuous Operations": {"2020-11-30": "379.50000", "2020-08-31": "329.80000", "2020-05-31": "201.30000", "2020-02-29": "204.70000", "2019-11-30": "261.50000", "2019-08-31": "174.30000", "2019-05-31": "125.20000", "2019-02-28": "242.60000", "2018-11-30": "134.30000", "2018-08-31": "178.20000", "2018-05-31": "70.60000", "2018-02-28": "349.20000", "2017-11-30": "224.10000", "2017-08-31": "153.60000", "2017-05-31": "153.60000", "2017-02-28": "179.50000", "2016-11-30": "114.30000", "2016-08-31": "98.60000", "2016-05-31": "-190.40000", "2016-02-29": "71.40000", "2015-11-30": "80.10000", "2015-08-31": "167.40000", "2015-05-31": "-75.90000", "2015-02-28": "212.30000", "2014-11-30": "218.70000", "2014-08-31": "96.20000", "2014-05-31": "-396.20000", "2014-02-28": "226.10000", "2013-11-30": "210.40000", "2013-08-31": "133.40000", "2013-05-31": "105.40000", "2013-02-28": "122.90000", "2012-11-30": "217.50000", "2012-08-31": "252.60000", "2012-05-31": "-89.90000", "2012-02-29": "280.70000", "2011-11-30": "183.10000", "2011-08-31": "94.00000", "2011-05-31": "260.70000", "2011-02-28": "225.70000", "2010-11-30": "201.20000", "2010-08-31": "143.30000", "2010-05-31": "8.50000", "2010-02-28": "221.00000", "2009-11-30": "237.80000", "2009-08-31": "163.00000", "2009-05-31": "143.70000", "2009-02-28": "191.80000", "2008-11-30": "172.10000", "2008-08-31": "107.60000", "2008-05-31": "58.00000", "2008-02-29": "167.50000", "2007-11-30": "134.60000", "2007-08-31": "131.00000", "2007-05-31": "-14.70000", "2007-02-28": "186.50000", "2006-11-30": "201.30000", "2006-08-31": "108.50000", "2006-05-31": "-69.50000", "2006-02-28": "97.70000", "2005-11-30": "116.20000", "2005-08-31": "319.20000", "2005-05-31": "21.30000", "2005-02-28": "159.40000"}, "Income From Discontinued Operations": {"2020-11-30": "", "2020-08-31": "", "2020-05-31": "", "2020-02-29": "", "2019-11-30": "", "2019-08-31": "", "2019-05-31": "", "2019-02-28": "", "2018-11-30": "-1.90000", "2018-08-31": "", "2018-05-31": "-0.30000", "2018-02-28": "14.50000", "2017-11-30": "0.40000", "2017-08-31": "-0.30000", "2017-05-31": "-1.70000", "2017-02-28": "0.70000", "2016-11-30": "11.60000", "2016-08-31": "91.40000", "2016-05-31": "311.30000", "2016-02-29": "134.90000", "2015-11-30": "79.20000", "2015-08-31": "-1319.80000", "2015-05-31": "287.40000", "2015-02-28": "-1165.00000", "2014-11-30": "-202.80000", "2014-08-31": "388.30000", "2014-05-31": "74.80000", "2014-02-28": "10.80000", "2013-11-30": "42.00000", "2013-08-31": "13.80000", "2013-05-31": "88.60000", "2013-02-28": "0.50000", "2012-11-30": "-1.00000", "2012-08-31": "-0.40000", "2012-05-31": "6.40000", "2012-02-29": "0.00000", "2011-11-30": "", "2011-08-31": "0.10000", "2011-05-31": "-4.50000", "2011-02-28": "-10.60000", "2010-11-30": "0.60000", "2010-08-31": "3.00000", "2010-05-31": "-30.60000", "2010-02-28": "7.70000", "2009-11-30": "1.40000", "2009-08-31": "2.20000", "2009-05-31": "31.20000", "2009-02-28": "1.40000", "2008-11-30": "-3.60000", "2008-08-31": "334.80000", "2008-05-31": "143.30000", "2008-02-29": "141.60000", "2007-11-30": "110.20000", "2007-08-31": "44.40000", "2007-05-31": "206.70000", "2007-02-28": "6.10000", "2006-11-30": "12.00000", "2006-08-31": "58.20000", "2006-05-31": "128.70000", "2006-02-28": "-122.90000", "2005-11-30": "36.30000", "2005-08-31": "28.10000", "2005-05-31": "80.60000", "2005-02-28": "5.90000"}, "Net Income": {"2020-11-30": "378.90000", "2020-08-31": "329.00000", "2020-05-31": "201.39990", "2020-02-29": "204.40000", "2019-11-30": "260.50000", "2019-08-31": "173.80000", "2019-05-31": "126.50000", "2019-02-28": "242.00000", "2018-11-30": "131.60000", "2018-08-31": "178.20000", "2018-05-31": "69.60000", "2018-02-28": "362.80000", "2017-11-30": "223.50000", "2017-08-31": "152.50000", "2017-05-31": "151.30000", "2017-02-28": "179.70000", "2016-11-30": "122.10000", "2016-08-31": "186.20000", "2016-05-31": "121.10000", "2016-02-29": "201.10000", "2015-11-30": "154.90000", "2015-08-31": "-1154.10000", "2015-05-31": "210.50000", "2015-02-28": "-954.50000", "2014-11-30": "9.50000", "2014-08-31": "481.90000", "2014-05-31": "-324.20000", "2014-02-28": "233.80000", "2013-11-30": "248.30000", "2013-08-31": "143.90000", "2013-05-31": "191.40000", "2013-02-28": "120.00000", "2012-11-30": "211.20000", "2012-08-31": "249.70000", "2012-05-31": "-86.60000", "2012-02-29": "280.00000", "2011-11-30": "179.50000", "2011-08-31": "93.50000", "2011-05-31": "253.60000", "2011-02-28": "214.80000", "2010-11-30": "200.90000", "2010-08-31": "146.40000", "2010-05-31": "-23.20000", "2010-02-28": "229.60000", "2009-11-30": "239.70000", "2009-08-31": "165.90000", "2009-05-31": "174.70000", "2009-02-28": "193.20000", "2008-11-30": "168.10000", "2008-08-31": "442.40000", "2008-05-31": "201.30000", "2008-02-29": "309.10000", "2007-11-30": "244.80000", "2007-08-31": "175.40000", "2007-05-31": "192.00000", "2007-02-28": "192.60000", "2006-11-30": "213.30000", "2006-08-31": "166.70000", "2006-05-31": "59.20000", "2006-02-28": "-25.20000", "2005-11-30": "152.50000", "2005-08-31": "347.30000", "2005-05-31": "101.90000", "2005-02-28": "165.30000"}, "EBITDA": {"2020-11-30": "642.69990", "2020-08-31": "618.90000", "2020-05-31": "459.90120", "2020-02-29": "479.99990", "2019-11-30": "536.10020", "2019-08-31": "369.90000", "2019-05-31": "419.10070", "2019-02-28": "520.30000", "2018-11-30": "276.19990", "2018-08-31": "332.10000", "2018-05-31": "197.49990", "2018-02-28": "333.00010", "2017-11-30": "415.30000", "2017-08-31": "344.70000", "2017-05-31": "179.40030", "2017-02-28": "337.60000", "2016-11-30": "295.89980", "2016-08-31": "380.10000", "2016-05-31": "-180.80000", "2016-02-29": "242.20010", "2015-11-30": "234.30000", "2015-08-31": "387.40000", "2015-05-31": "-8.39920", "2015-02-28": "452.09990", "2014-11-30": "460.69980", "2014-08-31": "293.00000", "2014-05-31": "-381.09970", "2014-02-28": "537.90000", "2013-11-30": "544.70020", "2013-08-31": "393.80020", "2013-05-31": "374.39890", "2013-02-28": "372.00020", "2012-11-30": "461.89980", "2012-08-31": "509.30010", "2012-05-31": "-21.90070", "2012-02-29": "520.50010", "2011-11-30": "410.10010", "2011-08-31": "280.89990", "2011-05-31": "533.99910", "2011-02-28": "483.29990", "2010-11-30": "420.09990", "2010-08-31": "327.10000", "2010-05-31": "112.80000", "2010-02-28": "441.90010", "2009-11-30": "467.20000", "2009-08-31": "363.10000", "2009-05-31": "327.49960", "2009-02-28": "396.49990", "2008-11-30": "376.20000", "2008-08-31": "299.00010", "2008-05-31": "200.30000", "2008-02-29": "355.10000", "2007-11-30": "326.79990", "2007-08-31": "309.70000", "2007-05-31": "74.49990", "2007-02-28": "415.60000", "2006-11-30": "447.30010", "2006-08-31": "315.20000", "2006-05-31": "33.00020", "2006-02-28": "282.70020", "2005-11-30": "355.10000", "2005-08-31": "328.40000", "2005-05-31": "200.99990", "2005-02-28": "289.70010"}, "EBIT": {"2020-11-30": "544.89990", "2020-08-31": "523.70000", "2020-05-31": "363.50100", "2020-02-29": "380.89990", "2019-11-30": "439.40010", "2019-08-31": "273.20000", "2019-05-31": "318.70030", "2019-02-28": "428.00000", "2018-11-30": "199.59990", "2018-08-31": "268.40000", "2018-05-31": "133.89990", "2018-02-28": "268.60010", "2017-11-30": "351.00000", "2017-08-31": "280.00000", "2017-05-31": "111.20010", "2017-02-28": "271.30000", "2016-11-30": "229.59990", "2016-08-31": "312.90000", "2016-05-31": "-248.70040", "2016-02-29": "172.80000", "2015-11-30": "184.80000", "2015-08-31": "295.70000", "2015-05-31": "-9.19950", "2015-02-28": "359.70000", "2014-11-30": "365.29980", "2014-08-31": "197.00000", "2014-05-31": "-308.19970", "2014-02-28": "388.20000", "2013-11-30": "406.70020", "2013-08-31": "254.00020", "2013-05-31": "253.89890", "2013-02-28": "259.20020", "2012-11-30": "367.79980", "2012-08-31": "418.10010", "2012-05-31": "-115.70000", "2012-02-29": "429.90010", "2011-11-30": "315.10010", "2011-08-31": "189.39990", "2011-05-31": "437.39970", "2011-02-28": "393.20000", "2010-11-30": "331.70000", "2010-08-31": "241.30000", "2010-05-31": "29.70020", "2010-02-28": "360.40010", "2009-11-30": "386.50000", "2009-08-31": "284.30000", "2009-05-31": "259.29980", "2009-02-28": "314.70000", "2008-11-30": "297.50000", "2008-08-31": "222.80000", "2008-05-31": "133.70020", "2008-02-29": "280.80000", "2007-11-30": "252.89990", "2007-08-31": "237.30000", "2007-05-31": "7.20000", "2007-02-28": "324.80000", "2006-11-30": "359.90010", "2006-08-31": "225.80000", "2006-05-31": "-40.49980", "2006-02-28": "204.70020", "2005-11-30": "281.00000", "2005-08-31": "253.70000", "2005-05-31": "124.69950", "2005-02-28": "250.60010"}, "Basic Shares Outstanding": {"2020-11-30": "489.10000", "2020-08-31": "488.20000", "2020-05-31": "487.30000", "2020-02-29": "487.40000", "2019-11-30": "487.30000", "2019-08-31": "486.80000", "2019-05-31": "444.00000", "2019-02-28": "486.20000", "2018-11-30": "419.90000", "2018-08-31": "391.70000", "2018-05-31": "403.90000", "2018-02-28": "399.10000", "2017-11-30": "406.50000", "2017-08-31": "415.10000", "2017-05-31": "431.90000", "2017-02-28": "431.70000", "2016-11-30": "437.70000", "2016-08-31": "439.00000", "2016-05-31": "434.40000", "2016-02-29": "435.70000", "2015-11-30": "433.80000", "2015-08-31": "430.70000", "2015-05-31": "426.10000", "2015-02-28": "427.10000", "2014-11-30": "425.70000", "2014-08-31": "423.90000", "2014-05-31": "422.00000", "2014-02-28": "421.20000", "2013-11-30": "421.10000", "2013-08-31": "421.10000", "2013-05-31": "410.80000", "2013-02-28": "410.70000", "2012-11-30": "405.90000", "2012-08-31": "407.10000", "2012-05-31": "412.90000", "2012-02-29": "414.30000", "2011-11-30": "413.60000", "2011-08-31": "412.70000", "2011-05-31": "429.70000", "2011-02-28": "428.40000", "2010-11-30": "437.80000", "2010-08-31": "441.50000", "2010-05-31": "443.60000", "2010-02-28": "444.00000", "2009-11-30": "443.20000", "2009-08-31": "443.20000", "2009-05-31": "452.90000", "2009-02-28": "447.10000", "2008-11-30": "447.10000", "2008-08-31": "467.10000", "2008-05-31": "487.50000", "2008-02-29": "487.50000", "2007-11-30": "487.30000", "2007-08-31": "489.20000", "2007-05-31": "504.20000", "2007-02-28": "503.10000", "2006-11-30": "508.30000", "2006-08-31": "510.20000", "2006-05-31": "518.10000", "2006-02-28": "519.00000", "2005-11-30": "518.70000", "2005-08-31": "518.10000", "2005-05-31": "516.20000", "2005-02-28": "515.70000"}, "Shares Outstanding": {"2020-11-30": "490.90000", "2020-08-31": "489.90000", "2020-05-31": "488.60000", "2020-02-29": "488.80000", "2019-11-30": "488.30000", "2019-08-31": "487.90000", "2019-05-31": "445.60000", "2019-02-28": "487.40000", "2018-11-30": "421.80000", "2018-08-31": "394.10000", "2018-05-31": "407.40000", "2018-02-28": "402.50000", "2017-11-30": "410.40000", "2017-08-31": "419.20000", "2017-05-31": "436.00000", "2017-02-28": "436.40000", "2016-11-30": "441.30000", "2016-08-31": "442.70000", "2016-05-31": "438.50000", "2016-02-29": "439.60000", "2015-11-30": "437.90000", "2015-08-31": "435.70000", "2015-05-31": "431.30000", "2015-02-28": "432.30000", "2014-11-30": "430.80000", "2014-08-31": "429.30000", "2014-05-31": "422.00000", "2014-02-28": "427.30000", "2013-11-30": "427.00000", "2013-08-31": "428.20000", "2013-05-31": "417.60000", "2013-02-28": "417.80000", "2012-11-30": "411.70000", "2012-08-31": "412.00000", "2012-05-31": "418.30000", "2012-02-29": "420.00000", "2011-11-30": "418.60000", "2011-08-31": "418.10000", "2011-05-31": "434.30000", "2011-02-28": "432.80000", "2010-11-30": "441.60000", "2010-08-31": "446.00000", "2010-05-31": "447.10000", "2010-02-28": "448.30000", "2009-11-30": "446.20000", "2009-08-31": "445.60000", "2009-05-31": "455.40000", "2009-02-28": "449.70000", "2008-11-30": "449.50000", "2008-08-31": "469.60000", "2008-05-31": "490.90000", "2008-02-29": "490.60000", "2007-11-30": "490.70000", "2007-08-31": "492.80000", "2007-05-31": "507.10000", "2007-02-28": "506.70000", "2006-11-30": "511.30000", "2006-08-31": "512.40000", "2006-05-31": "520.20000", "2006-02-28": "520.90000", "2005-11-30": "521.00000", "2005-08-31": "520.50000", "2005-05-31": "520.20000", "2005-02-28": "520.30000"}, "Basic EPS": {"2020-11-30": "0.77000", "2020-08-31": "0.67000", "2020-05-31": "0.41000", "2020-02-29": "0.42000", "2019-11-30": "0.53000", "2019-08-31": "0.36000", "2019-05-31": "0.27000", "2019-02-28": "0.50000", "2018-11-30": "0.31000", "2018-08-31": "0.45000", "2018-05-31": "0.17000", "2018-02-28": "0.91000", "2017-11-30": "0.55000", "2017-08-31": "0.37000", "2017-05-31": "0.36000", "2017-02-28": "0.42000", "2016-11-30": "0.28000", "2016-08-31": "0.42000", "2016-05-31": "0.29000", "2016-02-29": "0.46000", "2015-11-30": "0.36000", "2015-08-31": "-2.68000", "2015-05-31": "0.47000", "2015-02-28": "-2.23000", "2014-11-30": "0.02000", "2014-08-31": "1.14000", "2014-05-31": "-0.77000", "2014-02-28": "0.56000", "2013-11-30": "0.59000", "2013-08-31": "0.34000", "2013-05-31": "0.46000", "2013-02-28": "0.29000", "2012-11-30": "0.52000", "2012-08-31": "0.61000", "2012-05-31": "-0.21000", "2012-02-29": "0.68000", "2011-11-30": "0.43000", "2011-08-31": "0.23000", "2011-05-31": "0.61000", "2011-02-28": "0.50000", "2010-11-30": "0.46000", "2010-08-31": "0.33000", "2010-05-31": "-0.05000", "2010-02-28": "0.52000", "2009-11-30": "0.54000", "2009-08-31": "0.37000", "2009-05-31": "0.40000", "2009-02-28": "0.43000", "2008-11-30": "0.38000", "2008-08-31": "0.95000", "2008-05-31": "0.42000", "2008-02-29": "0.63000", "2007-11-30": "0.50000", "2007-08-31": "0.36000", "2007-05-31": "0.39000", "2007-02-28": "0.38000", "2006-11-30": "0.42000", "2006-08-31": "0.33000", "2006-05-31": "0.12000", "2006-02-28": "-0.05000", "2005-11-30": "0.29000", "2005-08-31": "0.67000", "2005-05-31": "0.19000", "2005-02-28": "0.32000"}, "EPS - Earnings Per Share": {"2020-11-30": "0.77000", "2020-08-31": "0.67000", "2020-05-31": "0.41000", "2020-02-29": "0.42000", "2019-11-30": "0.53000", "2019-08-31": "0.36000", "2019-05-31": "0.26000", "2019-02-28": "0.50000", "2018-11-30": "0.31000", "2018-08-31": "0.45000", "2018-05-31": "0.18000", "2018-02-28": "0.90000", "2017-11-30": "0.54000", "2017-08-31": "0.36000", "2017-05-31": "0.35000", "2017-02-28": "0.41000", "2016-11-30": "0.28000", "2016-08-31": "0.42000", "2016-05-31": "0.28000", "2016-02-29": "0.46000", "2015-11-30": "0.35000", "2015-08-31": "-2.65000", "2015-05-31": "0.48000", "2015-02-28": "-2.21000", "2014-11-30": "0.02000", "2014-08-31": "1.12000", "2014-05-31": "-0.77000", "2014-02-28": "0.55000", "2013-11-30": "0.58000", "2013-08-31": "0.34000", "2013-05-31": "0.44000", "2013-02-28": "0.29000", "2012-11-30": "0.51000", "2012-08-31": "0.61000", "2012-05-31": "-0.20000", "2012-02-29": "0.67000", "2011-11-30": "0.43000", "2011-08-31": "0.22000", "2011-05-31": "0.60000", "2011-02-28": "0.50000", "2010-11-30": "0.45000", "2010-08-31": "0.33000", "2010-05-31": "-0.05000", "2010-02-28": "0.51000", "2009-11-30": "0.54000", "2009-08-31": "0.37000", "2009-05-31": "0.41000", "2009-02-28": "0.43000", "2008-11-30": "0.37000", "2008-08-31": "0.94000", "2008-05-31": "0.41000", "2008-02-29": "0.63000", "2007-11-30": "0.50000", "2007-08-31": "0.36000", "2007-05-31": "0.38000", "2007-02-28": "0.38000", "2006-11-30": "0.42000", "2006-08-31": "0.33000", "2006-05-31": "0.12000", "2006-02-28": "-0.05000", "2005-11-30": "0.29000", "2005-08-31": "0.67000", "2005-05-31": "0.19000", "2005-02-28": "0.32000"}}, "balance sheet": {"Cash On Hand": {"2020-05-31": "553.30000", "2019-05-31": "236.60000", "2018-05-31": "128.00000", "2017-05-31": "251.40000", "2016-05-31": "798.10000", "2015-05-31": "164.70000", "2014-05-31": "141.30000", "2013-05-31": "183.90000", "2012-05-31": "103.00000", "2011-05-31": "972.40000", "2010-05-31": "953.20000", "2009-05-31": "243.20000", "2008-05-31": "140.90000", "2007-05-31": "730.80000", "2006-05-31": "331.60000", "2005-05-31": "207.60000"}, "Receivables": {"2020-05-31": "860.80000", "2019-05-31": "818.20000", "2018-05-31": "569.40000", "2017-05-31": "563.40000", "2016-05-31": "650.10000", "2015-05-31": "739.00000", "2014-05-31": "1058.40000", "2013-05-31": "1279.40000", "2012-05-31": "924.80000", "2011-05-31": "849.40000", "2010-05-31": "849.60000", "2009-05-31": "755.30000", "2008-05-31": "890.60000", "2007-05-31": "819.00000", "2006-05-31": "1178.10000", "2005-05-31": "1260.80000"}, "Inventory": {"2020-05-31": "1377.90000", "2019-05-31": "1548.90000", "2018-05-31": "988.70000", "2017-05-31": "927.90000", "2016-05-31": "1044.10000", "2015-05-31": "1642.60000", "2014-05-31": "2077.00000", "2013-05-31": "2340.90000", "2012-05-31": "1869.60000", "2011-05-31": "1803.40000", "2010-05-31": "1597.90000", "2009-05-31": "1821.70000", "2008-05-31": "1926.30000", "2007-05-31": "1625.10000", "2006-05-31": "2130.60000", "2005-05-31": "2153.60000"}, "Pre-Paid Expenses": {"2020-05-31": "93.90000", "2019-05-31": "93.40000", "2018-05-31": "184.90000", "2017-05-31": "228.70000", "2016-05-31": "148.60000", "2015-05-31": "168.20000", "2014-05-31": "322.40000", "2013-05-31": "510.80000", "2012-05-31": "321.40000", "2011-05-31": "274.10000", "2010-05-31": "307.30000", "2009-05-31": "269.50000", "2008-05-31": "451.60000", "2007-05-31": "319.20000", "2006-05-31": "889.00000", "2005-05-31": "631.30000"}, "Other Current Assets": {"2020-05-31": "", "2019-05-31": "36.70000", "2018-05-31": "67.90000", "2017-05-31": "41.80000", "2016-05-31": "156.10000", "2015-05-31": "848.80000", "2014-05-31": "631.70000", "2013-05-31": "64.80000", "2012-05-31": "", "2011-05-31": "", "2010-05-31": "252.10000", "2009-05-31": "246.90000", "2008-05-31": "2672.60000", "2007-05-31": "1511.90000", "2006-05-31": "261.00000", "2005-05-31": "521.50000"}, "Total Current Assets": {"2020-05-31": "2885.90000", "2019-05-31": "2733.80000", "2018-05-31": "1938.90000", "2017-05-31": "2013.20000", "2016-05-31": "3576.70000", "2015-05-31": "3563.30000", "2014-05-31": "4230.80000", "2013-05-31": "4379.80000", "2012-05-31": "3218.80000", "2011-05-31": "3899.30000", "2010-05-31": "3960.10000", "2009-05-31": "3336.60000", "2008-05-31": "6082.00000", "2007-05-31": "5006.00000", "2006-05-31": "4790.30000", "2005-05-31": "4774.80000"}, "Property, Plant, And Equipment": {"2020-05-31": "2389.60000", "2019-05-31": "2327.40000", "2018-05-31": "1589.50000", "2017-05-31": "1633.10000", "2016-05-31": "1697.80000", "2015-05-31": "2644.60000", "2014-05-31": "3636.00000", "2013-05-31": "3757.60000", "2012-05-31": "2741.90000", "2011-05-31": "2670.10000", "2010-05-31": "2602.40000", "2009-05-31": "2559.20000", "2008-05-31": "2482.30000", "2007-05-31": "2206.50000", "2006-05-31": "2268.40000", "2005-05-31": "2365.00000"}, "Long-Term Investments": {"2020-05-31": "", "2019-05-31": "", "2018-05-31": "", "2017-05-31": "", "2016-05-31": "", "2015-05-31": "", "2014-05-31": "", "2013-05-31": "", "2012-05-31": "", "2011-05-31": "", "2010-05-31": "", "2009-05-31": "", "2008-05-31": "", "2007-05-31": "", "2006-05-31": "", "2005-05-31": ""}, "Goodwill And Intangible Assets": {"2020-05-31": "15752.00000", "2019-05-31": "15974.70000", "2018-05-31": "5770.20000", "2017-05-31": "5519.00000", "2016-05-31": "5542.20000", "2015-05-31": "5817.10000", "2014-05-31": "11033.40000", "2013-05-31": "11830.30000", "2012-05-31": "5206.90000", "2011-05-31": "4545.70000", "2010-05-31": "4424.70000", "2009-05-31": "4318.50000", "2008-05-31": "4296.80000", "2007-05-31": "4179.60000", "2006-05-31": "4245.10000", "2005-05-31": "4252.50000"}, "Other Long-Term Assets": {"2020-05-31": "1276.50000", "2019-05-31": "1177.90000", "2018-05-31": "1090.90000", "2017-05-31": "931.00000", "2016-05-31": "1234.60000", "2015-05-31": "5412.80000", "2014-05-31": "419.30000", "2013-05-31": "437.60000", "2012-05-31": "274.30000", "2011-05-31": "293.60000", "2010-05-31": "750.80000", "2009-05-31": "859.00000", "2008-05-31": "821.40000", "2007-05-31": "443.40000", "2006-05-31": "666.60000", "2005-05-31": "1650.50000"}, "Total Long-Term Assets": {"2020-05-31": "19418.10000", "2019-05-31": "19480.00000", "2018-05-31": "8450.60100", "2017-05-31": "8083.10000", "2016-05-31": "9813.89900", "2015-05-31": "13874.50000", "2014-05-31": "15088.70000", "2013-05-31": "16025.50000", "2012-05-31": "8223.10000", "2011-05-31": "7509.40000", "2010-05-31": "7777.89900", "2009-05-31": "7736.70000", "2008-05-31": "7600.50000", "2007-05-31": "6829.50000", "2006-05-31": "7180.10000", "2005-05-31": "8268.00000"}, "Total Assets": {"2020-05-31": "22304.00000", "2019-05-31": "22213.80000", "2018-05-31": "10389.50000", "2017-05-31": "10096.30000", "2016-05-31": "13390.60000", "2015-05-31": "17437.80000", "2014-05-31": "19319.50000", "2013-05-31": "20405.30000", "2012-05-31": "11441.90000", "2011-05-31": "11408.70000", "2010-05-31": "11738.00000", "2009-05-31": "11073.30000", "2008-05-31": "13682.50000", "2007-05-31": "11835.50000", "2006-05-31": "11970.40000", "2005-05-31": "13042.80000"}, "Total Current Liabilities": {"2020-05-31": "3287.40000", "2019-05-31": "2142.60000", "2018-05-31": "2336.20000", "2017-05-31": "1720.50000", "2016-05-31": "2532.40000", "2015-05-31": "3310.10000", "2014-05-31": "2642.40000", "2013-05-31": "3401.30000", "2012-05-31": "2225.20000", "2011-05-31": "2125.60000", "2010-05-31": "2036.20000", "2009-05-31": "1574.10000", "2008-05-31": "3651.30000", "2007-05-31": "2680.90000", "2006-05-31": "2964.80000", "2005-05-31": "2639.70000"}, "Long Term Debt": {"2020-05-31": "8900.80000", "2019-05-31": "10655.70000", "2018-05-31": "3231.50000", "2017-05-31": "2769.20000", "2016-05-31": "4881.40000", "2015-05-31": "6888.80000", "2014-05-31": "8720.50000", "2013-05-31": "8886.90000", "2012-05-31": "2858.60000", "2011-05-31": "2870.30000", "2010-05-31": "3226.40000", "2009-05-31": "3455.40000", "2008-05-31": "3386.90000", "2007-05-31": "3418.60000", "2006-05-31": "3154.80000", "2005-05-31": "4349.10000"}, "Other Non-Current Liabilities": {"2020-05-31": "2165.10000", "2019-05-31": "1951.80000", "2018-05-31": "1065.20000", "2017-05-31": "1528.80000", "2016-05-31": "1877.20000", "2015-05-31": "2628.90000", "2014-05-31": "2601.40000", "2013-05-31": "2754.10000", "2012-05-31": "1822.10000", "2011-05-31": "1736.10000", "2010-05-31": "1546.50000", "2009-05-31": "1322.90000", "2008-05-31": "1306.90000", "2007-05-31": "1153.10000", "2006-05-31": "1200.80000", "2005-05-31": "1194.60000"}, "Total Long Term Liabilities": {"2020-05-31": "11065.90000", "2019-05-31": "12607.50000", "2018-05-31": "4296.70000", "2017-05-31": "4298.00000", "2016-05-31": "7063.39900", "2015-05-31": "9517.69900", "2014-05-31": "11321.90000", "2013-05-31": "11641.00000", "2012-05-31": "4680.70000", "2011-05-31": "4606.40000", "2010-05-31": "4772.90000", "2009-05-31": "4778.30000", "2008-05-31": "4693.80000", "2007-05-31": "4571.70000", "2006-05-31": "4355.60000", "2005-05-31": "5543.70000"}, "Total Liabilities": {"2020-05-31": "14353.30000", "2019-05-31": "14750.10000", "2018-05-31": "6632.90000", "2017-05-31": "6018.50000", "2016-05-31": "9595.80000", "2015-05-31": "12827.80000", "2014-05-31": "13964.30000", "2013-05-31": "15042.30000", "2012-05-31": "6905.90000", "2011-05-31": "6732.00000", "2010-05-31": "6809.10000", "2009-05-31": "6352.40000", "2008-05-31": "8345.10000", "2007-05-31": "7252.60000", "2006-05-31": "7320.40000", "2005-05-31": "8183.40000"}, "Common Stock Net": {"2020-05-31": "2921.20000", "2019-05-31": "2921.20000", "2018-05-31": "2839.70000", "2017-05-31": "2839.70000", "2016-05-31": "2839.70000", "2015-05-31": "2839.70000", "2014-05-31": "2839.70000", "2013-05-31": "2839.70000", "2012-05-31": "2839.70000", "2011-05-31": "2839.70000", "2010-05-31": "2839.70000", "2009-05-31": "2835.90000", "2008-05-31": "2833.40000", "2007-05-31": "2832.20000", "2006-05-31": "2831.10000", "2005-05-31": "2829.70000"}, "Retained Earnings (Accumulated Deficit)": {"2020-05-31": "5471.20000", "2019-05-31": "5047.90000", "2018-05-31": "4744.90000", "2017-05-31": "4247.00000", "2016-05-31": "3218.30000", "2015-05-31": "4331.10000", "2014-05-31": "5010.60000", "2013-05-31": "5129.50000", "2012-05-31": "4765.10000", "2011-05-31": "4690.30000", "2010-05-31": "4417.10000", "2009-05-31": "4042.50000", "2008-05-31": "3409.50000", "2007-05-31": "2856.00000", "2006-05-31": "2454.60000", "2005-05-31": "2438.10000"}, "Comprehensive Income": {"2020-05-31": "-109.60000", "2019-05-31": "-110.30000", "2018-05-31": "-110.50000", "2017-05-31": "-212.90000", "2016-05-31": "-344.50000", "2015-05-31": "-329.50000", "2014-05-31": "-134.30000", "2013-05-31": "-196.10000", "2012-05-31": "-299.10000", "2011-05-31": "-91.20000", "2010-05-31": "-285.30000", "2009-05-31": "-103.70000", "2008-05-31": "286.50000", "2007-05-31": "-5.90000", "2006-05-31": "-21.80000", "2005-05-31": "44.00000"}, "Other Share Holders Equity": {"2020-05-31": "", "2019-05-31": "", "2018-05-31": "", "2017-05-31": "", "2016-05-31": "", "2015-05-31": "", "2014-05-31": "", "2013-05-31": "", "2012-05-31": "", "2011-05-31": "", "2010-05-31": "", "2009-05-31": "", "2008-05-31": "", "2007-05-31": "", "2006-05-31": "-2.20000", "2005-05-31": "-4.70000"}, "Share Holder Equity": {"2020-05-31": "7950.70000", "2019-05-31": "7463.70000", "2018-05-31": "3756.60000", "2017-05-31": "4077.80000", "2016-05-31": "3794.80000", "2015-05-31": "4610.00000", "2014-05-31": "5355.20000", "2013-05-31": "5363.00000", "2012-05-31": "4536.00000", "2011-05-31": "4676.70000", "2010-05-31": "4928.90000", "2009-05-31": "4720.90000", "2008-05-31": "5337.40000", "2007-05-31": "4582.90000", "2006-05-31": "4650.00000", "2005-05-31": "4859.40000"}, "Total Liabilities And Share Holders Equity": {"2020-05-31": "22304.00000", "2019-05-31": "22213.80000", "2018-05-31": "10389.50000", "2017-05-31": "10096.30000", "2016-05-31": "13390.60000", "2015-05-31": "17437.80000", "2014-05-31": "19319.50000", "2013-05-31": "20405.30000", "2012-05-31": "11441.90000", "2011-05-31": "11408.70000", "2010-05-31": "11738.00000", "2009-05-31": "11073.30000", "2008-05-31": "13682.50000", "2007-05-31": "11835.50000", "2006-05-31": "11970.40000", "2005-05-31": "13042.80000"}}, "balance sheet, quarterly": {"Cash On Hand": {"2020-11-30": "68.00000", "2020-08-31": "438.20000", "2020-05-31": "553.30000", "2020-02-29": "99.00000", "2019-11-30": "192.00000", "2019-08-31": "64.70000", "2019-05-31": "236.60000", "2019-02-28": "282.20000", "2018-11-30": "442.30000", "2018-08-31": "74.80000", "2018-05-31": "128.00000", "2018-02-28": "132.90000", "2017-11-30": "84.00000", "2017-08-31": "251.40000", "2017-05-31": "251.40000", "2017-02-28": "683.60000", "2016-11-30": "1442.50000", "2016-08-31": "794.60000", "2016-05-31": "798.10000", "2016-02-29": "502.60000", "2015-11-30": "95.90000", "2015-08-31": "114.30000", "2015-05-31": "164.70000", "2015-02-28": "137.30000", "2014-11-30": "121.90000", "2014-08-31": "133.70000", "2014-05-31": "141.30000", "2014-02-28": "239.20000", "2013-11-30": "192.70000", "2013-08-31": "194.20000", "2013-05-31": "183.90000", "2013-02-28": "723.80000", "2012-11-30": "476.80000", "2012-08-31": "116.50000", "2012-05-31": "103.00000", "2012-02-29": "604.20000", "2011-11-30": "706.50000", "2011-08-31": "1095.20000", "2011-05-31": "972.40000", "2011-02-28": "882.90000", "2010-11-30": "545.20000", "2010-08-31": "840.90000", "2010-05-31": "953.20000", "2010-02-28": "785.60000", "2009-11-30": "490.20000", "2009-08-31": "289.70000", "2009-05-31": "243.20000", "2009-02-28": "88.20000", "2008-11-30": "132.10000", "2008-08-31": "296.40000", "2008-05-31": "140.90000", "2008-02-29": "137.40000", "2007-11-30": "140.80000", "2007-08-31": "307.50000", "2007-05-31": "730.80000", "2007-02-28": "497.00000", "2006-11-30": "803.50000", "2006-08-31": "695.30000", "2006-05-31": "331.60000", "2006-02-28": "237.20000", "2005-11-30": "687.40000", "2005-08-31": "501.40000", "2005-05-31": "207.60000", "2005-02-28": "8.60000"}, "Receivables": {"2020-11-30": "948.50000", "2020-08-31": "807.80000", "2020-05-31": "860.80000", "2020-02-29": "854.20000", "2019-11-30": "947.60000", "2019-08-31": "776.30000", "2019-05-31": "818.20000", "2019-02-28": "870.20000", "2018-11-30": "958.10000", "2018-08-31": "599.20000", "2018-05-31": "569.40000", "2018-02-28": "603.40000", "2017-11-30": "683.80000", "2017-08-31": "577.10000", "2017-05-31": "563.40000", "2017-02-28": "601.40000", "2016-11-30": "699.50000", "2016-08-31": "847.00000", "2016-05-31": "650.10000", "2016-02-29": "849.60000", "2015-11-30": "894.40000", "2015-08-31": "837.30000", "2015-05-31": "739.00000", "2015-02-28": "1050.70000", "2014-11-30": "1201.10000", "2014-08-31": "1080.40000", "2014-05-31": "1058.40000", "2014-02-28": "1275.60000", "2013-11-30": "1415.10000", "2013-08-31": "1246.10000", "2013-05-31": "1279.40000", "2013-02-28": "1219.30000", "2012-11-30": "1037.80000", "2012-08-31": "963.90000", "2012-05-31": "924.80000", "2012-02-29": "944.70000", "2011-11-30": "972.00000", "2011-08-31": "922.00000", "2011-05-31": "849.40000", "2011-02-28": "876.70000", "2010-11-30": "902.50000", "2010-08-31": "853.30000", "2010-05-31": "849.60000", "2010-02-28": "877.30000", "2009-11-30": "861.60000", "2009-08-31": "886.10000", "2009-05-31": "755.30000", "2009-02-28": "889.00000", "2008-11-30": "972.10000", "2008-08-31": "961.30000", "2008-05-31": "890.60000", "2008-02-29": "904.90000", "2007-11-30": "957.10000", "2007-08-31": "881.10000", "2007-05-31": "819.00000", "2007-02-28": "1194.40000", "2006-11-30": "1115.50000", "2006-08-31": "1156.10000", "2006-05-31": "1178.10000", "2006-02-28": "1156.10000", "2005-11-30": "1301.40000", "2005-08-31": "1252.30000", "2005-05-31": "1260.80000", "2005-02-28": "1352.90000"}, "Inventory": {"2020-11-30": "1622.80000", "2020-08-31": "1579.60000", "2020-05-31": "1367.80000", "2020-02-29": "1646.50000", "2019-11-30": "1770.40000", "2019-08-31": "1755.70000", "2019-05-31": "1548.90000", "2019-02-28": "1638.60000", "2018-11-30": "1729.70000", "2018-08-31": "1108.50000", "2018-05-31": "988.70000", "2018-02-28": "1016.70000", "2017-11-30": "1059.20000", "2017-08-31": "1068.80000", "2017-05-31": "927.90000", "2017-02-28": "1046.40000", "2016-11-30": "1113.70000", "2016-08-31": "1637.90000", "2016-05-31": "1044.10000", "2016-02-29": "1835.50000", "2015-11-30": "1975.60000", "2015-08-31": "1827.30000", "2015-05-31": "1642.60000", "2015-02-28": "2379.80000", "2014-11-30": "2532.90000", "2014-08-31": "2210.30000", "2014-05-31": "2077.00000", "2014-02-28": "2498.70000", "2013-11-30": "2776.10000", "2013-08-31": "2549.80000", "2013-05-31": "2340.90000", "2013-02-28": "2648.30000", "2012-11-30": "2249.10000", "2012-08-31": "2065.70000", "2012-05-31": "1869.60000", "2012-02-29": "2002.90000", "2011-11-30": "2032.00000", "2011-08-31": "1815.30000", "2011-05-31": "1803.40000", "2011-02-28": "1932.70000", "2010-11-30": "1974.30000", "2010-08-31": "1769.30000", "2010-05-31": "1597.90000", "2010-02-28": "2021.20000", "2009-11-30": "2192.20000", "2009-08-31": "2013.30000", "2009-05-31": "1821.70000", "2009-02-28": "2149.30000", "2008-11-30": "2275.30000", "2008-08-31": "2040.10000", "2008-05-31": "1926.30000", "2008-02-29": "2126.60000", "2007-11-30": "2048.80000", "2007-08-31": "1812.40000", "2007-05-31": "1625.10000", "2007-02-28": "2819.80000", "2006-11-30": "2587.70000", "2006-08-31": "2123.10000", "2006-05-31": "2130.60000", "2006-02-28": "2462.10000", "2005-11-30": "2449.40000", "2005-08-31": "2296.30000", "2005-05-31": "2153.60000", "2005-02-28": "2408.10000"}, "Pre-Paid Expenses": {"2020-11-30": "156.90000", "2020-08-31": "108.40000", "2020-05-31": "93.90000", "2020-02-29": "105.00000", "2019-11-30": "100.50000", "2019-08-31": "108.70000", "2019-05-31": "93.40000", "2019-02-28": "107.60000", "2018-11-30": "108.70000", "2018-08-31": "224.70000", "2018-05-31": "184.90000", "2018-02-28": "253.30000", "2017-11-30": "183.50000", "2017-08-31": "188.50000", "2017-05-31": "228.70000", "2017-02-28": "207.70000", "2016-11-30": "89.30000", "2016-08-31": "127.60000", "2016-05-31": "148.60000", "2016-02-29": "335.60000", "2015-11-30": "168.80000", "2015-08-31": "183.00000", "2015-05-31": "168.20000", "2015-02-28": "355.50000", "2014-11-30": "260.20000", "2014-08-31": "267.00000", "2014-05-31": "322.40000", "2014-02-28": "451.10000", "2013-11-30": "371.70000", "2013-08-31": "463.80000", "2013-05-31": "510.80000", "2013-02-28": "554.60000", "2012-11-30": "301.30000", "2012-08-31": "329.80000", "2012-05-31": "321.40000", "2012-02-29": "273.60000", "2011-11-30": "297.30000", "2011-08-31": "261.10000", "2011-05-31": "274.10000", "2011-02-28": "343.20000", "2010-11-30": "771.80000", "2010-08-31": "522.20000", "2010-05-31": "307.30000", "2010-02-28": "311.20000", "2009-11-30": "307.90000", "2009-08-31": "373.60000", "2009-05-31": "269.50000", "2009-02-28": "326.90000", "2008-11-30": "455.50000", "2008-08-31": "353.90000", "2008-05-31": "451.60000", "2008-02-29": "513.20000", "2007-11-30": "347.20000", "2007-08-31": "286.70000", "2007-05-31": "319.20000", "2007-02-28": "1073.20000", "2006-11-30": "1213.30000", "2006-08-31": "750.20000", "2006-05-31": "889.00000", "2006-02-28": "436.50000", "2005-11-30": "558.90000", "2005-08-31": "736.90000", "2005-05-31": "631.30000", "2005-02-28": "513.10000"}, "Other Current Assets": {"2020-11-30": "1.50000", "2020-08-31": "1.10000", "2020-05-31": "10.10000", "2020-02-29": "4.70000", "2019-11-30": "19.10000", "2019-08-31": "", "2019-05-31": "36.70000", "2019-02-28": "47.50000", "2018-11-30": "36.60000", "2018-08-31": "39.30000", "2018-05-31": "67.90000", "2018-02-28": "51.80000", "2017-11-30": "45.80000", "2017-08-31": "39.20000", "2017-05-31": "41.80000", "2017-02-28": "", "2016-11-30": "", "2016-08-31": "", "2016-05-31": "156.10000", "2016-02-29": "4.20000", "2015-11-30": "777.80000", "2015-08-31": "740.10000", "2015-05-31": "848.80000", "2015-02-28": "", "2014-11-30": "", "2014-08-31": "", "2014-05-31": "631.70000", "2014-02-28": "56.00000", "2013-11-30": "", "2013-08-31": "3.50000", "2013-05-31": "64.80000", "2013-02-28": "", "2012-11-30": "", "2012-08-31": "", "2012-05-31": "", "2012-02-29": "", "2011-11-30": "", "2011-08-31": "", "2011-05-31": "", "2011-02-28": "", "2010-11-30": "", "2010-08-31": "", "2010-05-31": "252.10000", "2010-02-28": "", "2009-11-30": "", "2009-08-31": "", "2009-05-31": "246.90000", "2009-02-28": "5.00000", "2008-11-30": "5.50000", "2008-08-31": "6.00000", "2008-05-31": "2672.60000", "2008-02-29": "2662.20000", "2007-11-30": "2314.10000", "2007-08-31": "1740.20000", "2007-05-31": "1511.90000", "2007-02-28": "", "2006-11-30": "", "2006-08-31": "219.80000", "2006-05-31": "261.00000", "2006-02-28": "453.70000", "2005-11-30": "460.20000", "2005-08-31": "503.00000", "2005-05-31": "521.50000", "2005-02-28": "761.60000"}, "Total Current Assets": {"2020-11-30": "2797.70000", "2020-08-31": "2935.10000", "2020-05-31": "2885.90000", "2020-02-29": "2709.40000", "2019-11-30": "3029.60000", "2019-08-31": "2728.00000", "2019-05-31": "2733.80000", "2019-02-28": "2946.10000", "2018-11-30": "3275.40000", "2018-08-31": "2046.50000", "2018-05-31": "1938.90000", "2018-02-28": "2058.10000", "2017-11-30": "2056.30000", "2017-08-31": "2125.00000", "2017-05-31": "2013.20000", "2017-02-28": "2539.10000", "2016-11-30": "3345.00000", "2016-08-31": "3407.10000", "2016-05-31": "3576.70000", "2016-02-29": "3527.50000", "2015-11-30": "3912.50000", "2015-08-31": "3702.00000", "2015-05-31": "3563.30000", "2015-02-28": "3923.30000", "2014-11-30": "4116.10000", "2014-08-31": "3691.40000", "2014-05-31": "4230.80000", "2014-02-28": "4520.60000", "2013-11-30": "4755.60000", "2013-08-31": "4457.40000", "2013-05-31": "4379.80000", "2013-02-28": "5146.00000", "2012-11-30": "4065.00000", "2012-08-31": "3475.90000", "2012-05-31": "3218.80000", "2012-02-29": "3825.40000", "2011-11-30": "4007.80000", "2011-08-31": "4093.60000", "2011-05-31": "3899.30000", "2011-02-28": "4035.50000", "2010-11-30": "4193.80000", "2010-08-31": "3985.70000", "2010-05-31": "3960.10000", "2010-02-28": "3995.30000", "2009-11-30": "3851.90000", "2009-08-31": "3562.70000", "2009-05-31": "3336.60000", "2009-02-28": "3458.40000", "2008-11-30": "3840.50000", "2008-08-31": "3657.70000", "2008-05-31": "6082.00000", "2008-02-29": "6344.30000", "2007-11-30": "5808.00000", "2007-08-31": "5027.90000", "2007-05-31": "5006.00000", "2007-02-28": "5584.40000", "2006-11-30": "5720.00000", "2006-08-31": "4944.50000", "2006-05-31": "4790.30000", "2006-02-28": "4745.60000", "2005-11-30": "5457.30000", "2005-08-31": "5289.90000", "2005-05-31": "4774.80000", "2005-02-28": "5044.30000"}, "Property, Plant, And Equipment": {"2020-11-30": "2478.00000", "2020-08-31": "2430.70000", "2020-05-31": "2392.70000", "2020-02-29": "2317.80000", "2019-11-30": "2322.20000", "2019-08-31": "2348.00000", "2019-05-31": "2327.40000", "2019-02-28": "2358.60000", "2018-11-30": "2360.80000", "2018-08-31": "1636.30000", "2018-05-31": "1589.50000", "2018-02-28": "1627.30000", "2017-11-30": "1642.00000", "2017-08-31": "1647.30000", "2017-05-31": "1633.10000", "2017-02-28": "1655.80000", "2016-11-30": "1669.30000", "2016-08-31": "2736.80000", "2016-05-31": "1697.80000", "2016-02-29": "2645.70000", "2015-11-30": "2645.90000", "2015-08-31": "2659.00000", "2015-05-31": "2644.60000", "2015-02-28": "3579.90000", "2014-11-30": "3635.40000", "2014-08-31": "3667.60000", "2014-05-31": "3636.00000", "2014-02-28": "3819.70000", "2013-11-30": "3932.30000", "2013-08-31": "3905.80000", "2013-05-31": "3757.60000", "2013-02-28": "3807.20000", "2012-11-30": "2792.50000", "2012-08-31": "2784.50000", "2012-05-31": "2741.90000", "2012-02-29": "2651.50000", "2011-11-30": "2603.50000", "2011-08-31": "2638.00000", "2011-05-31": "2670.10000", "2011-02-28": "2637.60000", "2010-11-30": "2666.10000", "2010-08-31": "2645.60000", "2010-05-31": "2602.40000", "2010-02-28": "2734.00000", "2009-11-30": "2690.00000", "2009-08-31": "2663.20000", "2009-05-31": "2559.20000", "2009-02-28": "2564.20000", "2008-11-30": "2558.20000", "2008-08-31": "2485.30000", "2008-05-31": "2482.30000", "2008-02-29": "2261.20000", "2007-11-30": "2267.30000", "2007-08-31": "2258.60000", "2007-05-31": "2206.50000", "2007-02-28": "2214.40000", "2006-11-30": "2154.70000", "2006-08-31": "2212.90000", "2006-05-31": "2268.40000", "2006-02-28": "2291.50000", "2005-11-30": "2333.90000", "2005-08-31": "2348.50000", "2005-05-31": "2365.00000", "2005-02-28": "2410.20000"}, "Long-Term Investments": {"2020-11-30": "", "2020-08-31": "", "2020-05-31": "", "2020-02-29": "", "2019-11-30": "", "2019-08-31": "", "2019-05-31": "", "2019-02-28": "", "2018-11-30": "", "2018-08-31": "", "2018-05-31": "", "2018-02-28": "", "2017-11-30": "", "2017-08-31": "", "2017-05-31": "", "2017-02-28": "", "2016-11-30": "", "2016-08-31": "", "2016-05-31": "", "2016-02-29": "", "2015-11-30": "", "2015-08-31": "", "2015-05-31": "", "2015-02-28": "", "2014-11-30": "", "2014-08-31": "", "2014-05-31": "", "2014-02-28": "", "2013-11-30": "", "2013-08-31": "", "2013-05-31": "", "2013-02-28": "", "2012-11-30": "", "2012-08-31": "", "2012-05-31": "", "2012-02-29": "", "2011-11-30": "", "2011-08-31": "", "2011-05-31": "", "2011-02-28": "", "2010-11-30": "", "2010-08-31": "", "2010-05-31": "", "2010-02-28": "", "2009-11-30": "", "2009-08-31": "", "2009-05-31": "", "2009-02-28": "", "2008-11-30": "", "2008-08-31": "", "2008-05-31": "", "2008-02-29": "", "2007-11-30": "", "2007-08-31": "", "2007-05-31": "", "2007-02-28": "", "2006-11-30": "", "2006-08-31": "", "2006-05-31": "", "2006-02-28": "", "2005-11-30": "", "2005-08-31": "", "2005-05-31": "", "2005-02-28": ""}, "Goodwill And Intangible Assets": {"2020-11-30": "15672.20000", "2020-08-31": "15742.50000", "2020-05-31": "15694.10000", "2020-02-29": "15922.50000", "2019-11-30": "15937.00000", "2019-08-31": "15987.10000", "2019-05-31": "15974.70000", "2019-02-28": "16311.80000", "2018-11-30": "16299.40000", "2018-08-31": "5774.60000", "2018-05-31": "5770.20000", "2018-02-28": "5807.10000", "2017-11-30": "5755.20000", "2017-08-31": "5525.30000", "2017-05-31": "5519.00000", "2017-02-28": "5504.80000", "2016-11-30": "5509.60000", "2016-08-31": "5634.10000", "2016-05-31": "5542.20000", "2016-02-29": "6054.00000", "2015-11-30": "6069.40000", "2015-08-31": "6082.20000", "2015-05-31": "5817.10000", "2015-02-28": "9367.80000", "2014-11-30": "10731.70000", "2014-08-31": "11013.60000", "2014-05-31": "11033.40000", "2014-02-28": "11735.40000", "2013-11-30": "11811.80000", "2013-08-31": "11800.00000", "2013-05-31": "11830.30000", "2013-02-28": "11844.60000", "2012-11-30": "5409.10000", "2012-08-31": "5387.80000", "2012-05-31": "5206.90000", "2012-02-29": "5021.90000", "2011-11-30": "4587.20000", "2011-08-31": "4598.30000", "2011-05-31": "4545.70000", "2011-02-28": "4552.20000", "2010-11-30": "4539.60000", "2010-08-31": "4536.10000", "2010-05-31": "4424.70000", "2010-02-28": "4323.10000", "2009-11-30": "4328.70000", "2009-08-31": "4327.80000", "2009-05-31": "4318.50000", "2009-02-28": "4313.30000", "2008-11-30": "4298.70000", "2008-08-31": "4297.90000", "2008-05-31": "4296.80000", "2008-02-29": "4268.00000", "2007-11-30": "4266.60000", "2007-08-31": "4226.60000", "2007-05-31": "4179.60000", "2007-02-28": "4236.40000", "2006-11-30": "4238.90000", "2006-08-31": "4242.00000", "2006-05-31": "4245.10000", "2006-02-28": "4247.30000", "2005-11-30": "4246.20000", "2005-08-31": "4247.90000", "2005-05-31": "4252.50000", "2005-02-28": "4249.50000"}, "Other Long-Term Assets": {"2020-11-30": "1328.80000", "2020-08-31": "1269.00000", "2020-05-31": "1331.30000", "2020-02-29": "1252.40000", "2019-11-30": "1203.80000", "2019-08-31": "1291.40000", "2019-05-31": "1177.90000", "2019-02-28": "1110.10000", "2018-11-30": "1071.20000", "2018-08-31": "1027.60000", "2018-05-31": "1090.90000", "2018-02-28": "970.70000", "2017-11-30": "946.60000", "2017-08-31": "928.00000", "2017-05-31": "931.00000", "2017-02-28": "799.30000", "2016-11-30": "901.10000", "2016-08-31": "1057.90000", "2016-05-31": "1234.60000", "2016-02-29": "960.00000", "2015-11-30": "3366.80000", "2015-08-31": "3391.10000", "2015-05-31": "5412.80000", "2015-02-28": "997.90000", "2014-11-30": "1018.50000", "2014-08-31": "1000.50000", "2014-05-31": "419.30000", "2014-02-28": "357.60000", "2013-11-30": "286.70000", "2013-08-31": "305.60000", "2013-05-31": "437.60000", "2013-02-28": "309.70000", "2012-11-30": "257.90000", "2012-08-31": "280.40000", "2012-05-31": "274.30000", "2012-02-29": "249.10000", "2011-11-30": "279.90000", "2011-08-31": "280.80000", "2011-05-31": "293.60000", "2011-02-28": "247.50000", "2010-11-30": "204.00000", "2010-08-31": "480.30000", "2010-05-31": "750.80000", "2010-02-28": "694.10000", "2009-11-30": "695.90000", "2009-08-31": "676.70000", "2009-05-31": "859.00000", "2009-02-28": "1060.30000", "2008-11-30": "1073.30000", "2008-08-31": "1085.40000", "2008-05-31": "821.40000", "2008-02-29": "522.30000", "2007-11-30": "470.10000", "2007-08-31": "450.80000", "2007-05-31": "443.40000", "2007-02-28": "245.40000", "2006-11-30": "242.90000", "2006-08-31": "593.70000", "2006-05-31": "666.60000", "2006-02-28": "1073.30000", "2005-11-30": "1267.50000", "2005-08-31": "1296.20000", "2005-05-31": "1650.50000", "2005-02-28": "1717.00000"}, "Total Long-Term Assets": {"2020-11-30": "19479.00000", "2020-08-31": "19442.20000", "2020-05-31": "19418.10000", "2020-02-29": "19492.70000", "2019-11-30": "19463.00000", "2019-08-31": "19626.50000", "2019-05-31": "19480.00000", "2019-02-28": "19780.50000", "2018-11-30": "19731.40000", "2018-08-31": "8438.49900", "2018-05-31": "8450.60100", "2018-02-28": "8405.10100", "2017-11-30": "8343.80000", "2017-08-31": "8100.60100", "2017-05-31": "8083.10000", "2017-02-28": "7959.90000", "2016-11-30": "8080.00000", "2016-08-31": "9428.80100", "2016-05-31": "9813.89900", "2016-02-29": "9659.70000", "2015-11-30": "12082.10000", "2015-08-31": "12132.30000", "2015-05-31": "13874.50000", "2015-02-28": "13945.60000", "2014-11-30": "15385.60000", "2014-08-31": "15681.70000", "2014-05-31": "15088.70000", "2014-02-28": "15912.70000", "2013-11-30": "16030.80000", "2013-08-31": "16011.40000", "2013-05-31": "16025.50000", "2013-02-28": "15961.50000", "2012-11-30": "8459.50000", "2012-08-31": "8452.70000", "2012-05-31": "8223.10000", "2012-02-29": "7922.50000", "2011-11-30": "7470.60000", "2011-08-31": "7517.10000", "2011-05-31": "7509.40000", "2011-02-28": "7437.30000", "2010-11-30": "7409.70000", "2010-08-31": "7662.00000", "2010-05-31": "7777.89900", "2010-02-28": "7751.20000", "2009-11-30": "7714.60000", "2009-08-31": "7667.70000", "2009-05-31": "7736.70000", "2009-02-28": "7937.80000", "2008-11-30": "7930.19900", "2008-08-31": "7868.60000", "2008-05-31": "7600.50000", "2008-02-29": "7051.50000", "2007-11-30": "7004.00000", "2007-08-31": "6936.00000", "2007-05-31": "6829.50000", "2007-02-28": "6696.20000", "2006-11-30": "6636.50000", "2006-08-31": "7048.60000", "2006-05-31": "7180.10000", "2006-02-28": "7612.10000", "2005-11-30": "7847.60000", "2005-08-31": "7892.60000", "2005-05-31": "8268.00000", "2005-02-28": "8376.70000"}, "Total Assets": {"2020-11-30": "22276.70000", "2020-08-31": "22377.30000", "2020-05-31": "22304.00000", "2020-02-29": "22202.10000", "2019-11-30": "22492.60000", "2019-08-31": "22354.50000", "2019-05-31": "22213.80000", "2019-02-28": "22726.60000", "2018-11-30": "23006.80000", "2018-08-31": "10485.00000", "2018-05-31": "10389.50000", "2018-02-28": "10463.20000", "2017-11-30": "10400.10000", "2017-08-31": "10225.60000", "2017-05-31": "10096.30000", "2017-02-28": "10499.00000", "2016-11-30": "11425.00000", "2016-08-31": "12835.90000", "2016-05-31": "13390.60000", "2016-02-29": "13187.20000", "2015-11-30": "15994.60000", "2015-08-31": "15834.30000", "2015-05-31": "17437.80000", "2015-02-28": "17868.90000", "2014-11-30": "19501.70000", "2014-08-31": "19373.10000", "2014-05-31": "19319.50000", "2014-02-28": "20433.30000", "2013-11-30": "20786.40000", "2013-08-31": "20468.80000", "2013-05-31": "20405.30000", "2013-02-28": "21107.50000", "2012-11-30": "12524.50000", "2012-08-31": "11928.60000", "2012-05-31": "11441.90000", "2012-02-29": "11747.90000", "2011-11-30": "11478.40000", "2011-08-31": "11610.70000", "2011-05-31": "11408.70000", "2011-02-28": "11472.80000", "2010-11-30": "11603.50000", "2010-08-31": "11647.70000", "2010-05-31": "11738.00000", "2010-02-28": "11746.50000", "2009-11-30": "11566.50000", "2009-08-31": "11230.40000", "2009-05-31": "11073.30000", "2009-02-28": "11396.20000", "2008-11-30": "11770.70000", "2008-08-31": "11526.30000", "2008-05-31": "13682.50000", "2008-02-29": "13395.80000", "2007-11-30": "12812.00000", "2007-08-31": "11963.90000", "2007-05-31": "11835.50000", "2007-02-28": "12280.60000", "2006-11-30": "12356.50000", "2006-08-31": "11993.10000", "2006-05-31": "11970.40000", "2006-02-28": "12357.70000", "2005-11-30": "13304.90000", "2005-08-31": "13182.50000", "2005-05-31": "13042.80000", "2005-02-28": "13421.00000"}, "Total Current Liabilities": {"2020-11-30": "3351.40000", "2020-08-31": "3101.90000", "2020-05-31": "3287.40000", "2020-02-29": "3127.10000", "2019-11-30": "3425.80000", "2019-08-31": "2449.90000", "2019-05-31": "2142.60000", "2019-02-28": "2241.70000", "2018-11-30": "2234.50000", "2018-08-31": "2433.40000", "2018-05-31": "2336.20000", "2018-02-28": "1990.70000", "2017-11-30": "1850.30000", "2017-08-31": "2053.60000", "2017-05-31": "1720.50000", "2017-02-28": "1564.90000", "2016-11-30": "1745.40000", "2016-08-31": "2364.80000", "2016-05-31": "2532.40000", "2016-02-29": "2615.60000", "2015-11-30": "3953.60000", "2015-08-31": "3846.90000", "2015-05-31": "3310.10000", "2015-02-28": "3716.90000", "2014-11-30": "3405.30000", "2014-08-31": "2900.10000", "2014-05-31": "2642.40000", "2014-02-28": "3240.50000", "2013-11-30": "3729.50000", "2013-08-31": "3463.30000", "2013-05-31": "3401.30000", "2013-02-28": "3422.50000", "2012-11-30": "2388.30000", "2012-08-31": "2594.30000", "2012-05-31": "2225.20000", "2012-02-29": "2175.40000", "2011-11-30": "2343.10000", "2011-08-31": "2334.20000", "2011-05-31": "2125.60000", "2011-02-28": "2303.40000", "2010-11-30": "2280.00000", "2010-08-31": "2078.40000", "2010-05-31": "2036.20000", "2010-02-28": "1996.70000", "2009-11-30": "2007.50000", "2009-08-31": "1651.00000", "2009-05-31": "1574.10000", "2009-02-28": "2153.80000", "2008-11-30": "2671.90000", "2008-08-31": "2453.30000", "2008-05-31": "3651.30000", "2008-02-29": "3761.90000", "2007-11-30": "3404.00000", "2007-08-31": "2736.60000", "2007-05-31": "2680.90000", "2007-02-28": "3104.60000", "2006-11-30": "2957.20000", "2006-08-31": "2944.00000", "2006-05-31": "2964.80000", "2006-02-28": "2934.80000", "2005-11-30": "3709.20000", "2005-08-31": "2730.50000", "2005-05-31": "2639.70000", "2005-02-28": "3023.80000"}, "Long Term Debt": {"2020-11-30": "8279.70000", "2020-08-31": "8897.60000", "2020-05-31": "8900.80000", "2020-02-29": "9093.70000", "2019-11-30": "9295.90000", "2019-08-31": "10323.40000", "2019-05-31": "10655.70000", "2019-02-28": "11107.70000", "2018-11-30": "11545.40000", "2018-08-31": "3233.70000", "2018-05-31": "3231.50000", "2018-02-28": "3232.90000", "2017-11-30": "3261.80000", "2017-08-31": "2767.00000", "2017-05-31": "2769.20000", "2017-02-28": "2841.70000", "2016-11-30": "3214.30000", "2016-08-31": "4451.40000", "2016-05-31": "4881.40000", "2016-02-29": "4902.70000", "2015-11-30": "6400.40000", "2015-08-31": "6299.60000", "2015-05-31": "6888.80000", "2015-02-28": "6919.30000", "2014-11-30": "7669.00000", "2014-08-31": "7916.80000", "2014-05-31": "8720.50000", "2014-02-28": "8760.70000", "2013-11-30": "8771.10100", "2013-08-31": "8818.10100", "2013-05-31": "8886.90000", "2013-02-28": "9845.30100", "2012-11-30": "3609.30000", "2012-08-31": "2859.70000", "2012-05-31": "2858.60000", "2012-02-29": "2852.70000", "2011-11-30": "2845.90000", "2011-08-31": "2855.70000", "2011-05-31": "2870.30000", "2011-02-28": "2875.10000", "2010-11-30": "2879.90000", "2010-08-31": "3214.30000", "2010-05-31": "3226.40000", "2010-02-28": "3225.20000", "2009-11-30": "3223.10000", "2009-08-31": "3470.60000", "2009-05-31": "3455.40000", "2009-02-28": "3072.40000", "2008-11-30": "3052.50000", "2008-08-31": "3048.70000", "2008-05-31": "3386.90000", "2008-02-29": "3374.70000", "2007-11-30": "3373.70000", "2007-08-31": "3418.70000", "2007-05-31": "3418.60000", "2007-02-28": "3435.80000", "2006-11-30": "3531.70000", "2006-08-31": "3152.00000", "2006-05-31": "3154.80000", "2006-02-28": "3410.90000", "2005-11-30": "3436.80000", "2005-08-31": "4343.50000", "2005-05-31": "4349.10000", "2005-02-28": "4353.40000"}, "Other Non-Current Liabilities": {"2020-11-30": "2176.10000", "2020-08-31": "2178.80000", "2020-05-31": "2165.10000", "2020-02-29": "2117.40000", "2019-11-30": "2080.30000", "2019-08-31": "2064.40000", "2019-05-31": "1951.80000", "2019-02-28": "1925.70000", "2018-11-30": "1923.60000", "2018-08-31": "1002.90000", "2018-05-31": "1065.20000", "2018-02-28": "1430.10000", "2017-11-30": "1501.50000", "2017-08-31": "1522.40000", "2017-05-31": "1528.80000", "2017-02-28": "1788.20000", "2016-11-30": "1938.50000", "2016-08-31": "2220.10000", "2016-05-31": "1877.20000", "2016-02-29": "1936.40000", "2015-11-30": "2125.90000", "2015-08-31": "2243.40000", "2015-05-31": "2628.90000", "2015-02-28": "2694.10000", "2014-11-30": "2772.30000", "2014-08-31": "2807.90000", "2014-05-31": "2601.40000", "2014-02-28": "2714.30000", "2013-11-30": "2724.10000", "2013-08-31": "2735.60000", "2013-05-31": "2754.10000", "2013-02-28": "2715.90000", "2012-11-30": "1826.60000", "2012-08-31": "1824.40000", "2012-05-31": "1822.10000", "2012-02-29": "1596.90000", "2011-11-30": "1601.70000", "2011-08-31": "1690.50000", "2011-05-31": "1736.10000", "2011-02-28": "1670.10000", "2010-11-30": "1491.90000", "2010-08-31": "1442.90000", "2010-05-31": "1546.50000", "2010-02-28": "1361.30000", "2009-11-30": "1351.30000", "2009-08-31": "1309.00000", "2009-05-31": "1322.90000", "2009-02-28": "1281.70000", "2008-11-30": "1271.70000", "2008-08-31": "1250.40000", "2008-05-31": "1306.90000", "2008-02-29": "1220.70000", "2007-11-30": "1229.90000", "2007-08-31": "1213.00000", "2007-05-31": "1153.10000", "2007-02-28": "1074.30000", "2006-11-30": "1130.00000", "2006-08-31": "1190.60000", "2006-05-31": "1200.80000", "2006-02-28": "4.40000", "2005-11-30": "1132.80000", "2005-08-31": "1121.90000", "2005-05-31": "1194.60000", "2005-02-28": "1152.30000"}, "Total Long Term Liabilities": {"2020-11-30": "10455.80000", "2020-08-31": "11076.40000", "2020-05-31": "11065.90000", "2020-02-29": "11211.10000", "2019-11-30": "11376.20000", "2019-08-31": "12387.80000", "2019-05-31": "12607.50000", "2019-02-28": "13033.40000", "2018-11-30": "13469.00000", "2018-08-31": "4236.60000", "2018-05-31": "4296.70000", "2018-02-28": "4663.00000", "2017-11-30": "4763.30000", "2017-08-31": "4289.40000", "2017-05-31": "4298.00000", "2017-02-28": "4629.90000", "2016-11-30": "5152.80000", "2016-08-31": "6671.50000", "2016-05-31": "7063.39900", "2016-02-29": "6839.10000", "2015-11-30": "8526.30000", "2015-08-31": "8543.00000", "2015-05-31": "9517.69900", "2015-02-28": "9613.40000", "2014-11-30": "10441.30000", "2014-08-31": "10724.70000", "2014-05-31": "11321.90000", "2014-02-28": "11475.00000", "2013-11-30": "11495.20000", "2013-08-31": "11553.70000", "2013-05-31": "11641.00000", "2013-02-28": "12561.20000", "2012-11-30": "5435.90000", "2012-08-31": "4684.10000", "2012-05-31": "4680.70000", "2012-02-29": "4449.60000", "2011-11-30": "4447.60000", "2011-08-31": "4546.20000", "2011-05-31": "4606.40000", "2011-02-28": "4545.20000", "2010-11-30": "4371.80000", "2010-08-31": "4657.20000", "2010-05-31": "4772.90000", "2010-02-28": "4586.50000", "2009-11-30": "4574.40000", "2009-08-31": "4779.60000", "2009-05-31": "4778.30000", "2009-02-28": "4354.10000", "2008-11-30": "4324.20000", "2008-08-31": "4299.10000", "2008-05-31": "4693.80000", "2008-02-29": "4595.40000", "2007-11-30": "4603.60000", "2007-08-31": "4631.70000", "2007-05-31": "4571.70000", "2007-02-28": "4510.10000", "2006-11-30": "4661.70000", "2006-08-31": "4342.60000", "2006-05-31": "4355.60000", "2006-02-28": "4546.40000", "2005-11-30": "4569.60000", "2005-08-31": "5465.40000", "2005-05-31": "5543.70000", "2005-02-28": "5505.70000"}, "Total Liabilities": {"2020-11-30": "13807.20000", "2020-08-31": "14178.30000", "2020-05-31": "14353.30000", "2020-02-29": "14338.20000", "2019-11-30": "14802.00000", "2019-08-31": "14837.70000", "2019-05-31": "14750.10000", "2019-02-28": "15275.10000", "2018-11-30": "15703.50000", "2018-08-31": "6670.00000", "2018-05-31": "6632.90000", "2018-02-28": "6653.70000", "2017-11-30": "6613.60000", "2017-08-31": "6343.00000", "2017-05-31": "6018.50000", "2017-02-28": "6194.80000", "2016-11-30": "6898.20000", "2016-08-31": "9036.30000", "2016-05-31": "9595.80000", "2016-02-29": "9454.70000", "2015-11-30": "12479.90000", "2015-08-31": "12389.90000", "2015-05-31": "12827.80000", "2015-02-28": "13330.30000", "2014-11-30": "13846.60000", "2014-08-31": "13624.80000", "2014-05-31": "13964.30000", "2014-02-28": "14715.50000", "2013-11-30": "15224.70000", "2013-08-31": "15017.00000", "2013-05-31": "15042.30000", "2013-02-28": "15983.70000", "2012-11-30": "7824.20000", "2012-08-31": "7278.40000", "2012-05-31": "6905.90000", "2012-02-29": "6625.00000", "2011-11-30": "6790.70000", "2011-08-31": "6880.40000", "2011-05-31": "6732.00000", "2011-02-28": "6848.60000", "2010-11-30": "6651.80000", "2010-08-31": "6735.60000", "2010-05-31": "6809.10000", "2010-02-28": "6583.20000", "2009-11-30": "6581.90000", "2009-08-31": "6430.60000", "2009-05-31": "6352.40000", "2009-02-28": "6507.90000", "2008-11-30": "6996.10000", "2008-08-31": "6752.40000", "2008-05-31": "8345.10000", "2008-02-29": "8357.30000", "2007-11-30": "8007.60000", "2007-08-31": "7368.30000", "2007-05-31": "7252.60000", "2007-02-28": "7614.70000", "2006-11-30": "7618.90000", "2006-08-31": "7286.60000", "2006-05-31": "7320.40000", "2006-02-28": "7481.20000", "2005-11-30": "8278.80000", "2005-08-31": "8195.90000", "2005-05-31": "8183.40000", "2005-02-28": "8529.50000"}, "Common Stock Net": {"2020-11-30": "2921.20000", "2020-08-31": "2921.20000", "2020-05-31": "2921.20000", "2020-02-29": "2921.20000", "2019-11-30": "2921.20000", "2019-08-31": "2921.20000", "2019-05-31": "2921.20000", "2019-02-28": "2921.20000", "2018-11-30": "2921.20000", "2018-08-31": "2839.70000", "2018-05-31": "2839.70000", "2018-02-28": "2839.70000", "2017-11-30": "2839.70000", "2017-08-31": "2839.70000", "2017-05-31": "2839.70000", "2017-02-28": "2839.70000", "2016-11-30": "2839.70000", "2016-08-31": "2839.70000", "2016-05-31": "2839.70000", "2016-02-29": "2839.70000", "2015-11-30": "2839.70000", "2015-08-31": "2839.70000", "2015-05-31": "2839.70000", "2015-02-28": "2839.70000", "2014-11-30": "2839.70000", "2014-08-31": "2839.70000", "2014-05-31": "2839.70000", "2014-02-28": "2839.70000", "2013-11-30": "2839.70000", "2013-08-31": "2839.70000", "2013-05-31": "2839.70000", "2013-02-28": "2839.70000", "2012-11-30": "2839.70000", "2012-08-31": "2839.70000", "2012-05-31": "2839.70000", "2012-02-29": "2839.70000", "2011-11-30": "2839.70000", "2011-08-31": "2839.70000", "2011-05-31": "2839.70000", "2011-02-28": "2839.70000", "2010-11-30": "2839.70000", "2010-08-31": "2839.70000", "2010-05-31": "2839.70000", "2010-02-28": "2839.70000", "2009-11-30": "2839.60000", "2009-08-31": "2839.50000", "2009-05-31": "2835.90000", "2009-02-28": "2835.80000", "2008-11-30": "2835.50000", "2008-08-31": "2835.50000", "2008-05-31": "2833.40000", "2008-02-29": "2833.30000", "2007-11-30": "2833.30000", "2007-08-31": "2833.20000", "2007-05-31": "2832.20000", "2007-02-28": "2831.80000", "2006-11-30": "2831.30000", "2006-08-31": "2831.20000", "2006-05-31": "2831.10000", "2006-02-28": "2831.00000", "2005-11-30": "2830.90000", "2005-08-31": "2830.30000", "2005-05-31": "2829.70000", "2005-02-28": "2829.70000"}, "Retained Earnings (Accumulated Deficit)": {"2020-11-30": "5938.70000", "2020-08-31": "5694.60000", "2020-05-31": "5471.20000", "2020-02-29": "5375.20000", "2019-11-30": "5274.70000", "2019-08-31": "5118.00000", "2019-05-31": "5047.90000", "2019-02-28": "5025.30000", "2018-11-30": "4886.40000", "2018-08-31": "4841.50000", "2018-05-31": "4744.90000", "2018-02-28": "4758.80000", "2017-11-30": "4464.30000", "2017-08-31": "4312.60000", "2017-05-31": "4247.00000", "2017-02-28": "4171.00000", "2016-11-30": "4077.30000", "2016-08-31": "3290.70000", "2016-05-31": "3218.30000", "2016-02-29": "3210.70000", "2015-11-30": "3115.30000", "2015-08-31": "3069.00000", "2015-05-31": "4331.10000", "2015-02-28": "4229.20000", "2014-11-30": "5290.10000", "2014-08-31": "5386.60000", "2014-05-31": "5010.60000", "2014-02-28": "5440.40000", "2013-11-30": "5311.40000", "2013-08-31": "5168.00000", "2013-05-31": "5129.50000", "2013-02-28": "5042.10000", "2012-11-30": "5027.50000", "2012-08-31": "4917.70000", "2012-05-31": "4765.10000", "2012-02-29": "5086.60000", "2011-11-30": "4915.10000", "2011-08-31": "4842.30000", "2011-05-31": "4690.30000", "2011-02-28": "4692.90000", "2010-11-30": "4576.20000", "2010-08-31": "4475.50000", "2010-05-31": "4417.10000", "2010-02-28": "4415.30000", "2009-11-30": "4274.80000", "2009-08-31": "4123.90000", "2009-05-31": "4042.50000", "2009-02-28": "3953.00000", "2008-11-30": "3844.90000", "2008-08-31": "3761.50000", "2008-05-31": "3409.50000", "2008-02-29": "3300.60000", "2007-11-30": "3084.50000", "2007-08-31": "2932.40000", "2007-05-31": "2856.00000", "2007-02-28": "2752.30000", "2006-11-30": "2650.70000", "2006-08-31": "2529.60000", "2006-05-31": "2454.60000", "2006-02-28": "2488.50000", "2005-11-30": "2655.30000", "2005-08-31": "2644.10000", "2005-05-31": "2438.10000", "2005-02-28": "2475.30000"}, "Comprehensive Income": {"2020-11-30": "-85.10000", "2020-08-31": "-95.80000", "2020-05-31": "-109.60000", "2020-02-29": "-72.00000", "2019-11-30": "-131.00000", "2019-08-31": "-132.40000", "2019-05-31": "-110.30000", "2019-02-28": "-85.70000", "2018-11-30": "-91.50000", "2018-08-31": "-155.70000", "2018-05-31": "-110.50000", "2018-02-28": "-175.50000", "2017-11-30": "-165.20000", "2017-08-31": "-181.20000", "2017-05-31": "-212.90000", "2017-02-28": "-271.30000", "2016-11-30": "-333.70000", "2016-08-31": "-363.50000", "2016-05-31": "-344.50000", "2016-02-29": "-329.00000", "2015-11-30": "-378.10000", "2015-08-31": "-359.80000", "2015-05-31": "-329.50000", "2015-02-28": "-261.60000", "2014-11-30": "-179.70000", "2014-08-31": "-146.50000", "2014-05-31": "-134.30000", "2014-02-28": "-169.70000", "2013-11-30": "-166.20000", "2013-08-31": "-169.60000", "2013-05-31": "-196.10000", "2013-02-28": "-262.00000", "2012-11-30": "-282.30000", "2012-08-31": "-286.10000", "2012-05-31": "-299.10000", "2012-02-29": "-267.50000", "2011-11-30": "-323.00000", "2011-08-31": "-258.50000", "2011-05-31": "-91.20000", "2011-02-28": "-244.40000", "2010-11-30": "-263.90000", "2010-08-31": "-278.20000", "2010-05-31": "-285.30000", "2010-02-28": "-96.30000", "2009-11-30": "-89.10000", "2009-08-31": "-103.30000", "2009-05-31": "-103.70000", "2009-02-28": "162.20000", "2008-11-30": "165.10000", "2008-08-31": "261.40000", "2008-05-31": "286.50000", "2008-02-29": "31.70000", "2007-11-30": "36.50000", "2007-08-31": "1.20000", "2007-05-31": "-5.90000", "2007-02-28": "-12.00000", "2006-11-30": "-4.00000", "2006-08-31": "-16.50000", "2006-05-31": "-21.80000", "2006-02-28": "-14.90000", "2005-11-30": "-29.00000", "2005-08-31": "-42.50000", "2005-05-31": "44.00000", "2005-02-28": "61.10000"}, "Other Share Holders Equity": {"2020-11-30": "", "2020-08-31": "", "2020-05-31": "", "2020-02-29": "", "2019-11-30": "", "2019-08-31": "", "2019-05-31": "", "2019-02-28": "", "2018-11-30": "", "2018-08-31": "", "2018-05-31": "", "2018-02-28": "", "2017-11-30": "", "2017-08-31": "", "2017-05-31": "", "2017-02-28": "", "2016-11-30": "", "2016-08-31": "", "2016-05-31": "", "2016-02-29": "", "2015-11-30": "", "2015-08-31": "", "2015-05-31": "", "2015-02-28": "", "2014-11-30": "", "2014-08-31": "", "2014-05-31": "", "2014-02-28": "", "2013-11-30": "", "2013-08-31": "", "2013-05-31": "", "2013-02-28": "", "2012-11-30": "", "2012-08-31": "", "2012-05-31": "", "2012-02-29": "", "2011-11-30": "", "2011-08-31": "", "2011-05-31": "", "2011-02-28": "", "2010-11-30": "", "2010-08-31": "", "2010-05-31": "", "2010-02-28": "", "2009-11-30": "", "2009-08-31": "", "2009-05-31": "", "2009-02-28": "", "2008-11-30": "", "2008-08-31": "", "2008-05-31": "", "2008-02-29": "", "2007-11-30": "", "2007-08-31": "", "2007-05-31": "", "2007-02-28": "", "2006-11-30": "", "2006-08-31": "", "2006-05-31": "-2.20000", "2006-02-28": "-2.50000", "2005-11-30": "-2.90000", "2005-08-31": "-3.80000", "2005-05-31": "-4.70000", "2005-02-28": "-5.90000"}, "Share Holder Equity": {"2020-11-30": "8469.50000", "2020-08-31": "8199.00000", "2020-05-31": "7950.70000", "2020-02-29": "7863.90000", "2019-11-30": "7690.60000", "2019-08-31": "7516.80000", "2019-05-31": "7463.70000", "2019-02-28": "7451.50000", "2018-11-30": "7303.30000", "2018-08-31": "3815.00000", "2018-05-31": "3756.60000", "2018-02-28": "3809.50000", "2017-11-30": "3786.50000", "2017-08-31": "3882.60000", "2017-05-31": "4077.80000", "2017-02-28": "4304.20000", "2016-11-30": "4526.80000", "2016-08-31": "3799.60000", "2016-05-31": "3794.80000", "2016-02-29": "3732.50000", "2015-11-30": "3514.70000", "2015-08-31": "3444.40000", "2015-05-31": "4610.00000", "2015-02-28": "4538.60000", "2014-11-30": "5655.10000", "2014-08-31": "5748.30000", "2014-05-31": "5355.20000", "2014-02-28": "5717.80000", "2013-11-30": "5561.70000", "2013-08-31": "5451.80000", "2013-05-31": "5363.00000", "2013-02-28": "5123.80000", "2012-11-30": "4700.30000", "2012-08-31": "4650.20000", "2012-05-31": "4536.00000", "2012-02-29": "5122.90000", "2011-11-30": "4687.70000", "2011-08-31": "4730.30000", "2011-05-31": "4676.70000", "2011-02-28": "4624.20000", "2010-11-30": "4951.70000", "2010-08-31": "4912.10000", "2010-05-31": "4928.90000", "2010-02-28": "5163.30000", "2009-11-30": "4984.60000", "2009-08-31": "4799.80000", "2009-05-31": "4720.90000", "2009-02-28": "4888.30000", "2008-11-30": "4774.60000", "2008-08-31": "4773.90000", "2008-05-31": "5337.40000", "2008-02-29": "5038.50000", "2007-11-30": "4804.40000", "2007-08-31": "4595.60000", "2007-05-31": "4582.90000", "2007-02-28": "4665.90000", "2006-11-30": "4737.60000", "2006-08-31": "4706.50000", "2006-05-31": "4650.00000", "2006-02-28": "4876.50000", "2005-11-30": "5026.10000", "2005-08-31": "4986.60000", "2005-05-31": "4859.40000", "2005-02-28": "4891.50000"}, "Total Liabilities And Share Holders Equity": {"2020-11-30": "22276.70000", "2020-08-31": "22377.30000", "2020-05-31": "22304.00000", "2020-02-29": "22202.10000", "2019-11-30": "22492.60000", "2019-08-31": "22354.50000", "2019-05-31": "22213.80000", "2019-02-28": "22726.60000", "2018-11-30": "23006.80000", "2018-08-31": "10485.00000", "2018-05-31": "10389.50000", "2018-02-28": "10463.20000", "2017-11-30": "10400.10000", "2017-08-31": "10225.60000", "2017-05-31": "10096.30000", "2017-02-28": "10499.00000", "2016-11-30": "11425.00000", "2016-08-31": "12835.90000", "2016-05-31": "13390.60000", "2016-02-29": "13187.20000", "2015-11-30": "15994.60000", "2015-08-31": "15834.30000", "2015-05-31": "17437.80000", "2015-02-28": "17868.90000", "2014-11-30": "19501.70000", "2014-08-31": "19373.10000", "2014-05-31": "19319.50000", "2014-02-28": "20433.30000", "2013-11-30": "20786.40000", "2013-08-31": "20468.80000", "2013-05-31": "20405.30000", "2013-02-28": "21107.50000", "2012-11-30": "12524.50000", "2012-08-31": "11928.60000", "2012-05-31": "11441.90000", "2012-02-29": "11747.90000", "2011-11-30": "11478.40000", "2011-08-31": "11610.70000", "2011-05-31": "11408.70000", "2011-02-28": "11472.80000", "2010-11-30": "11603.50000", "2010-08-31": "11647.70000", "2010-05-31": "11738.00000", "2010-02-28": "11746.50000", "2009-11-30": "11566.50000", "2009-08-31": "11230.40000", "2009-05-31": "11073.30000", "2009-02-28": "11396.20000", "2008-11-30": "11770.70000", "2008-08-31": "11526.30000", "2008-05-31": "13682.50000", "2008-02-29": "13395.80000", "2007-11-30": "12812.00000", "2007-08-31": "11963.90000", "2007-05-31": "11835.50000", "2007-02-28": "12280.60000", "2006-11-30": "12356.50000", "2006-08-31": "11993.10000", "2006-05-31": "11970.40000", "2006-02-28": "12357.70000", "2005-11-30": "13304.90000", "2005-08-31": "13182.50000", "2005-05-31": "13042.80000", "2005-02-28": "13421.00000"}}, "cash flow statement": {"Net Income/Loss": {"2020-05-31": "841.80000", "2019-05-31": "678.40000", "2018-05-31": "811.80000", "2017-05-31": "648.00000", "2016-05-31": "-665.90000", "2015-05-31": "-240.80000", "2014-05-31": "315.10000", "2013-05-31": "786.10000", "2012-05-31": "474.40000", "2011-05-31": "819.40000", "2010-05-31": "611.00000", "2009-05-31": "979.00000", "2008-05-31": "930.60000", "2007-05-31": "764.60000", "2006-05-31": "533.80000", "2005-05-31": "641.50000"}, "Total Depreciation And Amortization - Cash Flow": {"2020-05-31": "388.90000", "2019-05-31": "333.00000", "2018-05-31": "257.00000", "2017-05-31": "268.00000", "2016-05-31": "278.50000", "2015-05-31": "284.60000", "2014-05-31": "354.60000", "2013-05-31": "418.60000", "2012-05-31": "370.90000", "2011-05-31": "360.90000", "2010-05-31": "324.10000", "2009-05-31": "304.90000", "2008-05-31": "287.20000", "2007-05-31": "334.90000", "2006-05-31": "300.30000", "2005-05-31": "286.90000"}, "Other Non-Cash Items": {"2020-05-31": "299.20000", "2019-05-31": "11.70000", "2018-05-31": "-165.50000", "2017-05-31": "55.20000", "2016-05-31": "1986.50000", "2015-05-31": "1447.10000", "2014-05-31": "894.30000", "2013-05-31": "34.70000", "2012-05-31": "75.50000", "2011-05-31": "28.00000", "2010-05-31": "217.70000", "2009-05-31": "-1265.40000", "2008-05-31": "-571.60000", "2007-05-31": "-273.40000", "2006-05-31": "-31.20000", "2005-05-31": "258.90000"}, "Total Non-Cash Items": {"2020-05-31": "688.10000", "2019-05-31": "344.70000", "2018-05-31": "91.50000", "2017-05-31": "323.20000", "2016-05-31": "2265.00000", "2015-05-31": "1731.70000", "2014-05-31": "1248.90000", "2013-05-31": "453.30000", "2012-05-31": "446.40000", "2011-05-31": "388.90000", "2010-05-31": "541.80000", "2009-05-31": "-960.50000", "2008-05-31": "-284.40000", "2007-05-31": "61.50000", "2006-05-31": "269.10000", "2005-05-31": "545.80000"}, "Change In Accounts Receivable": {"2020-05-31": "-43.80000", "2019-05-31": "-69.10000", "2018-05-31": "-4.70000", "2017-05-31": "104.70000", "2016-05-31": "-156.80000", "2015-05-31": "68.30000", "2014-05-31": "50.40000", "2013-05-31": "-52.20000", "2012-05-31": "-4.20000", "2011-05-31": "2.80000", "2010-05-31": "-90.10000", "2009-05-31": "74.80000", "2008-05-31": "-67.50000", "2007-05-31": "-74.80000", "2006-05-31": "14.40000", "2005-05-31": "-24.00000"}, "Change In Inventories": {"2020-05-31": "163.50000", "2019-05-31": "78.00000", "2018-05-31": "-62.80000", "2017-05-31": "123.30000", "2016-05-31": "66.10000", "2015-05-31": "-63.30000", "2014-05-31": "7.30000", "2013-05-31": "56.10000", "2012-05-31": "16.90000", "2011-05-31": "-190.70000", "2010-05-31": "199.60000", "2009-05-31": "-47.00000", "2008-05-31": "-258.60000", "2007-05-31": "-107.50000", "2006-05-31": "55.50000", "2005-05-31": "-50.20000"}, "Change In Accounts Payable": {"2020-05-31": "234.40000", "2019-05-31": "38.20000", "2018-05-31": "144.90000", "2017-05-31": "71.00000", "2016-05-31": "-118.30000", "2015-05-31": "-15.50000", "2014-05-31": "-3.20000", "2013-05-31": "18.30000", "2012-05-31": "82.30000", "2011-05-31": "185.00000", "2010-05-31": "73.90000", "2009-05-31": "17.50000", "2008-05-31": "23.00000", "2007-05-31": "168.80000", "2006-05-31": "115.30000", "2005-05-31": "-55.00000"}, "Change In Assets/Liabilities": {"2020-05-31": "-13.60000", "2019-05-31": "-19.10000", "2018-05-31": "3.20000", "2017-05-31": "15.00000", "2016-05-31": "10.80000", "2015-05-31": "-19.00000", "2014-05-31": "0.50000", "2013-05-31": "-13.30000", "2012-05-31": "5.50000", "2011-05-31": "7.90000", "2010-05-31": "-20.00000", "2009-05-31": "170.80000", "2008-05-31": "-136.80000", "2007-05-31": "120.20000", "2006-05-31": "20.90000", "2005-05-31": "-116.50000"}, "Total Change In Assets/Liabilities": {"2020-05-31": "312.70000", "2019-05-31": "102.40000", "2018-05-31": "50.90000", "2017-05-31": "199.00000", "2016-05-31": "-339.90000", "2015-05-31": "13.70000", "2014-05-31": "4.60000", "2013-05-31": "172.80000", "2012-05-31": "131.20000", "2011-05-31": "144.00000", "2010-05-31": "319.90000", "2009-05-31": "105.50000", "2008-05-31": "-553.50000", "2007-05-31": "112.60000", "2006-05-31": "264.40000", "2005-05-31": "-73.90000"}, "Cash Flow From Operating Activities": {"2020-05-31": "1842.60000", "2019-05-31": "1125.50000", "2018-05-31": "954.20000", "2017-05-31": "1170.20000", "2016-05-31": "1259.20000", "2015-05-31": "1504.60000", "2014-05-31": "1568.60000", "2013-05-31": "1412.20000", "2012-05-31": "1052.00000", "2011-05-31": "1352.30000", "2010-05-31": "1472.70000", "2009-05-31": "124.00000", "2008-05-31": "92.70000", "2007-05-31": "938.70000", "2006-05-31": "1067.30000", "2005-05-31": "1113.40000"}, "Net Change In Property, Plant, And Equipment": {"2020-05-31": "-355.50000", "2019-05-31": "-330.60000", "2018-05-31": "-243.60000", "2017-05-31": "-228.90000", "2016-05-31": "-241.80000", "2015-05-31": "-236.50000", "2014-05-31": "-421.10000", "2013-05-31": "-404.60000", "2012-05-31": "-326.00000", "2011-05-31": "-447.30000", "2010-05-31": "-393.90000", "2009-05-31": "-411.20000", "2008-05-31": "-399.50000", "2007-05-31": "-311.80000", "2006-05-31": "-228.30000", "2005-05-31": "-290.10000"}, "Net Change In Intangible Assets": {"2020-05-31": "", "2019-05-31": "", "2018-05-31": "", "2017-05-31": "", "2016-05-31": "", "2015-05-31": "", "2014-05-31": "", "2013-05-31": "-4.80000", "2012-05-31": "-62.50000", "2011-05-31": "-18.00000", "2010-05-31": "-3.00000", "2009-05-31": "", "2008-05-31": "", "2007-05-31": "", "2006-05-31": "", "2005-05-31": ""}, "Net Acquisitions/Divestitures": {"2020-05-31": "194.60000", "2019-05-31": "-4837.70000", "2018-05-31": "-337.10000", "2017-05-31": "163.30000", "2016-05-31": "-10.40000", "2015-05-31": "-20.70000", "2014-05-31": "-39.90000", "2013-05-31": "-5018.80000", "2012-05-31": "-635.20000", "2011-05-31": "-131.10000", "2010-05-31": "-81.80000", "2009-05-31": "-50.60000", "2008-05-31": "-255.20000", "2007-05-31": "", "2006-05-31": "", "2005-05-31": ""}, "Net Change In Short-term Investments": {"2020-05-31": "7.00000", "2019-05-31": "-8.80000", "2018-05-31": "", "2017-05-31": "", "2016-05-31": "", "2015-05-31": "", "2014-05-31": "", "2013-05-31": "", "2012-05-31": "", "2011-05-31": "", "2010-05-31": "", "2009-05-31": "", "2008-05-31": "1.00000", "2007-05-31": "2.89990", "2006-05-31": "", "2005-05-31": ""}, "Net Change In Long-Term Investments": {"2020-05-31": "", "2019-05-31": "", "2018-05-31": "", "2017-05-31": "", "2016-05-31": "", "2015-05-31": "391.40000", "2014-05-31": "", "2013-05-31": "-1.50000", "2012-05-31": "-39.60000", "2011-05-31": "", "2010-05-31": "", "2009-05-31": "", "2008-05-31": "", "2007-05-31": "73.60000", "2006-05-31": "494.60000", "2005-05-31": "512.00000"}, "Net Change In Investments - Total": {"2020-05-31": "7.00000", "2019-05-31": "-8.80000", "2018-05-31": "", "2017-05-31": "", "2016-05-31": "", "2015-05-31": "391.40000", "2014-05-31": "", "2013-05-31": "-1.50000", "2012-05-31": "-39.60000", "2011-05-31": "", "2010-05-31": "", "2009-05-31": "", "2008-05-31": "1.00000", "2007-05-31": "76.49990", "2006-05-31": "494.60000", "2005-05-31": "512.00000"}, "Investing Activities - Other": {"2020-05-31": "0.10000", "2019-05-31": "11.10000", "2018-05-31": "4.50000", "2017-05-31": "-118.40000", "2016-05-31": "2379.60000", "2015-05-31": "-175.80000", "2014-05-31": "-70.50000", "2013-05-31": "-36.10000", "2012-05-31": "-1.00000", "2011-05-31": "685.30000", "2010-05-31": "123.40000", "2009-05-31": "2253.00000", "2008-05-31": "9.90000", "2007-05-31": "758.20000", "2006-05-31": "430.50000", "2005-05-31": "74.40000"}, "Cash Flow From Investing Activities": {"2020-05-31": "-153.80000", "2019-05-31": "-5166.00000", "2018-05-31": "-576.20000", "2017-05-31": "-184.00000", "2016-05-31": "2127.40000", "2015-05-31": "-41.60000", "2014-05-31": "-531.50000", "2013-05-31": "-5465.80000", "2012-05-31": "-1064.30000", "2011-05-31": "88.90000", "2010-05-31": "-355.30000", "2009-05-31": "1791.20000", "2008-05-31": "-643.80000", "2007-05-31": "522.90000", "2006-05-31": "696.80000", "2005-05-31": "296.30000"}, "Net Long-Term Debt": {"2020-05-31": "-947.50000", "2019-05-31": "4337.80000", "2018-05-31": "557.70000", "2017-05-31": "-1064.50000", "2016-05-31": "-2523.20000", "2015-05-31": "-941.40000", "2014-05-31": "-569.10000", "2013-05-31": "4143.70000", "2012-05-31": "-363.60000", "2011-05-31": "-294.30000", "2010-05-31": "-15.80000", "2009-05-31": "14.40000", "2008-05-31": "-85.00000", "2007-05-31": "-47.10000", "2006-05-31": "-899.00000", "2005-05-31": "-1160.00000"}, "Net Current Debt": {"2020-05-31": "0.10000", "2019-05-31": "-277.30000", "2018-05-31": "249.10000", "2017-05-31": "14.30000", "2016-05-31": "9.50000", "2015-05-31": "-137.40000", "2014-05-31": "-43.20000", "2013-05-31": "145.00000", "2012-05-31": "40.00000", "2011-05-31": "", "2010-05-31": "", "2009-05-31": "-578.30000", "2008-05-31": "576.60000", "2007-05-31": "-7.30000", "2006-05-31": "1.80000", "2005-05-31": "-22.10000"}, "Debt Issuance/Retirement Net - Total": {"2020-05-31": "-947.40000", "2019-05-31": "4060.50000", "2018-05-31": "806.80000", "2017-05-31": "-1050.20000", "2016-05-31": "-2513.70000", "2015-05-31": "-1078.80000", "2014-05-31": "-612.30000", "2013-05-31": "4288.70000", "2012-05-31": "-323.60000", "2011-05-31": "-294.30000", "2010-05-31": "-15.80000", "2009-05-31": "-563.90000", "2008-05-31": "491.60000", "2007-05-31": "-54.40000", "2006-05-31": "-897.20000", "2005-05-31": "-1182.10000"}, "Net Common Equity Issued/Repurchased": {"2020-05-31": "4.80000", "2019-05-31": "554.10000", "2018-05-31": "-952.40000", "2017-05-31": "-926.20000", "2016-05-31": "217.00000", "2015-05-31": "79.80000", "2014-05-31": "3.70000", "2013-05-31": "298.60000", "2012-05-31": "-139.20000", "2011-05-31": "-765.30000", "2010-05-31": "-45.30000", "2009-05-31": "-893.90000", "2008-05-31": "-150.50000", "2007-05-31": "-551.00000", "2006-05-31": "-178.20000", "2005-05-31": "-77.60000"}, "Net Total Equity Issued/Repurchased": {"2020-05-31": "4.80000", "2019-05-31": "554.10000", "2018-05-31": "-952.40000", "2017-05-31": "-926.20000", "2016-05-31": "217.00000", "2015-05-31": "79.80000", "2014-05-31": "3.70000", "2013-05-31": "298.60000", "2012-05-31": "-139.20000", "2011-05-31": "-765.30000", "2010-05-31": "-45.30000", "2009-05-31": "-893.90000", "2008-05-31": "-150.50000", "2007-05-31": "-551.00000", "2006-05-31": "-178.20000", "2005-05-31": "-77.60000"}, "Total Common And Preferred Stock Dividends Paid": {"2020-05-31": "-413.60000", "2019-05-31": "-356.20000", "2018-05-31": "-342.30000", "2017-05-31": "-415.00000", "2016-05-31": "-432.50000", "2015-05-31": "-425.20000", "2014-05-31": "-420.90000", "2013-05-31": "-400.70000", "2012-05-31": "-388.60000", "2011-05-31": "-374.50000", "2010-05-31": "-346.70000", "2009-05-31": "-348.20000", "2008-05-31": "-362.30000", "2007-05-31": "-366.70000", "2006-05-31": "-565.30000", "2005-05-31": "-550.30000"}, "Financial Activities - Other": {"2020-05-31": "-14.20000", "2019-05-31": "-108.60000", "2018-05-31": "-19.00000", "2017-05-31": "822.30000", "2016-05-31": "-4.00000", "2015-05-31": "-30.00000", "2014-05-31": "-4.60000", "2013-05-31": "-53.60000", "2012-05-31": "1.80000", "2011-05-31": "2.00000", "2010-05-31": "3.30000", "2009-05-31": "-21.00000", "2008-05-31": "-0.60000", "2007-05-31": "-90.60000", "2006-05-31": "0.60000", "2005-05-31": "-0.70000"}, "Cash Flow From Financial Activities": {"2020-05-31": "-1370.40000", "2019-05-31": "4149.80000", "2018-05-31": "-506.90000", "2017-05-31": "-1569.10000", "2016-05-31": "-2733.20000", "2015-05-31": "-1454.20000", "2014-05-31": "-1034.10000", "2013-05-31": "4133.00000", "2012-05-31": "-849.60000", "2011-05-31": "-1432.10000", "2010-05-31": "-404.50000", "2009-05-31": "-1827.00000", "2008-05-31": "-21.80000", "2007-05-31": "-1062.70000", "2006-05-31": "-1640.10000", "2005-05-31": "-1810.70000"}, "Net Cash Flow": {"2020-05-31": "316.70000", "2019-05-31": "108.60000", "2018-05-31": "-123.40000", "2017-05-31": "-546.70000", "2016-05-31": "664.00000", "2015-05-31": "41.60000", "2014-05-31": "-7.30000", "2013-05-31": "65.00000", "2012-05-31": "-869.40000", "2011-05-31": "19.20000", "2010-05-31": "710.00000", "2009-05-31": "102.30000", "2008-05-31": "-589.90000", "2007-05-31": "433.30000", "2006-05-31": "107.70000", "2005-05-31": "-401.00000"}, "Stock-Based Compensation": {"2020-05-31": "59.20000", "2019-05-31": "33.70000", "2018-05-31": "37.90000", "2017-05-31": "", "2016-05-31": "41.80000", "2015-05-31": "33.30000", "2014-05-31": "", "2013-05-31": "67.00000", "2012-05-31": "41.80000", "2011-05-31": "44.80000", "2010-05-31": "55.80000", "2009-05-31": "45.90000", "2008-05-31": "60.80000", "2007-05-31": "58.60000", "2006-05-31": "21.60000", "2005-05-31": ""}, "Common Stock Dividends Paid": {"2020-05-31": "-413.60000", "2019-05-31": "-356.20000", "2018-05-31": "-342.30000", "2017-05-31": "-415.00000", "2016-05-31": "-432.50000", "2015-05-31": "-425.20000", "2014-05-31": "-420.90000", "2013-05-31": "-400.70000", "2012-05-31": "-388.60000", "2011-05-31": "-374.50000", "2010-05-31": "-346.70000", "2009-05-31": "-348.20000", "2008-05-31": "-362.30000", "2007-05-31": "-366.70000", "2006-05-31": "-565.30000", "2005-05-31": "-550.30000"}}, "cash flow statement, quarterly": {"Net Income/Loss": {"2020-11-30": 379.5, "2020-08-31": "329.80000", "2020-05-31": 201.3, "2020-02-29": 204.7, "2019-11-30": 261.5, "2019-08-31": "174.30000", "2019-05-31": 125.2, "2019-02-28": 242.6, "2018-11-30": 132.4, "2018-08-31": "178.20000", "2018-05-31": 70.3, "2018-02-28": 363.7, "2017-11-30": 224.5, "2017-08-31": "153.30000", "2017-05-31": 151.9, "2017-02-28": 180.2, "2016-11-30": 125.9, "2016-08-31": "190.00000", "2016-05-31": 120.9, "2016-02-29": 206.3, "2015-11-30": 159.3, "2015-08-31": "-1152.40000", "2015-05-31": 211.5, "2015-02-28": -952.7, "2014-11-30": 15.9, "2014-08-31": "484.50000", "2014-05-31": -321.4, "2014-02-28": 236.9, "2013-11-30": 252.4, "2013-08-31": "147.20000", "2013-05-31": 194, "2013-02-28": 123.4, "2012-11-30": 216.5, "2012-08-31": "252.20000", "2012-05-31": -83.5, "2012-02-29": 280.7, "2011-11-30": 183.1, "2011-08-31": "94.10000", "2011-05-31": 256.2, "2011-02-28": 215.1, "2010-11-30": 201.8, "2010-08-31": "146.30000", "2010-05-31": -22.1, "2010-02-28": 228.7, "2009-11-30": 239.2, "2009-08-31": "165.20000", "2009-05-31": 174.9, "2009-02-28": 193.2, "2008-11-30": 168.5, "2008-08-31": "442.40000", "2008-05-31": 201.3, "2008-02-29": 309.1, "2007-11-30": 244.8, "2007-08-31": "175.40000", "2007-05-31": 268.3, "2007-02-28": 116.3, "2006-11-30": 213.3, "2006-08-31": "166.70000", "2006-05-31": 59.2, "2006-02-28": -25.2, "2005-11-30": 152.5, "2005-08-31": "347.30000", "2005-05-31": 101.8, "2005-02-28": 539.7}, "Total Depreciation And Amortization - Cash Flow": {"2020-11-30": 97.8, "2020-08-31": "95.20000", "2020-05-31": 96.4, "2020-02-29": 99.1, "2019-11-30": 96.7, "2019-08-31": "96.70000", "2019-05-31": 100.4, "2019-02-28": 92.3, "2018-11-30": 76.6, "2018-08-31": "63.70000", "2018-05-31": 63.6, "2018-02-28": 64.4, "2017-11-30": 64.3, "2017-08-31": "64.70000", "2017-05-31": 68.2, "2017-02-28": 66.3, "2016-11-30": 66.3, "2016-08-31": "67.20000", "2016-05-31": 67.9, "2016-02-29": 69.4, "2015-11-30": 49.5, "2015-08-31": "91.70000", "2015-05-31": 0.8, "2015-02-28": 92.4, "2014-11-30": 95.4, "2014-08-31": "96.00000", "2014-05-31": -72.9, "2014-02-28": 149.7, "2013-11-30": 138, "2013-08-31": "139.80000", "2013-05-31": 120.5, "2013-02-28": 112.8, "2012-11-30": 94.1, "2012-08-31": "91.20000", "2012-05-31": 93.8, "2012-02-29": 90.6, "2011-11-30": 95, "2011-08-31": "91.50000", "2011-05-31": 96.6, "2011-02-28": 90.1, "2010-11-30": 88.4, "2010-08-31": "85.80000", "2010-05-31": 83.1, "2010-02-28": 81.5, "2009-11-30": 80.7, "2009-08-31": "78.80000", "2009-05-31": 68.2, "2009-02-28": 81.8, "2008-11-30": 78.7, "2008-08-31": "76.20000", "2008-05-31": 66.6, "2008-02-29": 74.3, "2007-11-30": 73.9, "2007-08-31": "72.40000", "2007-05-31": 67.3, "2007-02-28": 90.8, "2006-11-30": 87.4, "2006-08-31": "89.40000", "2006-05-31": 73.5, "2006-02-28": 78, "2005-11-30": 74.1, "2005-08-31": "74.70000", "2005-05-31": 76.3, "2005-02-28": 210.6}, "Other Non-Cash Items": {"2020-11-30": 36.3, "2020-08-31": "32.70000", "2020-05-31": 195, "2020-02-29": -0.4, "2019-11-30": 37.2, "2019-08-31": "67.40000", "2019-05-31": -3.4, "2019-02-28": -28, "2018-11-30": 51.2, "2018-08-31": "-8.10000", "2018-05-31": -136.9, "2018-02-28": 3.4, "2017-11-30": -0.1, "2017-08-31": "-31.90000", "2017-05-31": -7.9, "2017-02-28": 17.2, "2016-11-30": 54.9, "2016-08-31": "-9.00000", "2016-05-31": 353.4, "2016-02-29": 133.1, "2015-11-30": 179.9, "2015-08-31": "1320.10000", "2015-05-31": 271.9, "2015-02-28": 1237.7, "2014-11-30": 242.3, "2014-08-31": "-304.80000", "2014-05-31": 766.7, "2014-02-28": 114.1, "2013-11-30": 0, "2013-08-31": "13.50000", "2013-05-31": 8, "2013-02-28": 10, "2012-11-30": 4.6, "2012-08-31": "12.10000", "2012-05-31": 159.4, "2012-02-29": -28.6, "2011-11-30": -63, "2011-08-31": "7.70000", "2011-05-31": -288.9, "2011-02-28": 345.1, "2010-11-30": 67.1, "2010-08-31": "-95.30000", "2010-05-31": 235.4, "2010-02-28": -6.9, "2009-11-30": 9.2, "2009-08-31": "-20.00000", "2009-05-31": -99.3, "2009-02-28": -51.2, "2008-11-30": -111, "2008-08-31": "-1003.90000", "2008-05-31": -55.7, "2008-02-29": -173.1, "2007-11-30": -165.7, "2007-08-31": "-177.10000", "2007-05-31": -238.2, "2007-02-28": 18.8, "2006-11-30": 3.1, "2006-08-31": "-57.10000", "2006-05-31": -60, "2006-02-28": 255.3, "2005-11-30": 94.6, "2005-08-31": "-321.10000", "2005-05-31": 326.9, "2005-02-28": -68}, "Total Non-Cash Items": {"2020-11-30": 134.1, "2020-08-31": "127.90000", "2020-05-31": 291.4, "2020-02-29": 98.7, "2019-11-30": 133.9, "2019-08-31": "164.10000", "2019-05-31": 97, "2019-02-28": 64.3, "2018-11-30": 127.8, "2018-08-31": "55.60000", "2018-05-31": -73.3, "2018-02-28": 67.8, "2017-11-30": 64.2, "2017-08-31": "32.80000", "2017-05-31": 60.3, "2017-02-28": 83.5, "2016-11-30": 121.2, "2016-08-31": "58.20000", "2016-05-31": 421.3, "2016-02-29": 202.5, "2015-11-30": 229.4, "2015-08-31": "1411.80000", "2015-05-31": 272.7, "2015-02-28": 1330.1, "2014-11-30": 337.7, "2014-08-31": "-208.80000", "2014-05-31": 693.8, "2014-02-28": 263.8, "2013-11-30": 138, "2013-08-31": "153.30000", "2013-05-31": 128.5, "2013-02-28": 122.8, "2012-11-30": 98.7, "2012-08-31": "103.30000", "2012-05-31": 253.2, "2012-02-29": 62, "2011-11-30": 32, "2011-08-31": "99.20000", "2011-05-31": -192.3, "2011-02-28": 435.2, "2010-11-30": 155.5, "2010-08-31": "-9.50000", "2010-05-31": 318.5, "2010-02-28": 74.6, "2009-11-30": 89.9, "2009-08-31": "58.80000", "2009-05-31": -31.1, "2009-02-28": 30.6, "2008-11-30": -32.3, "2008-08-31": "-927.70000", "2008-05-31": 10.9, "2008-02-29": -98.8, "2007-11-30": -91.8, "2007-08-31": "-104.70000", "2007-05-31": -170.9, "2007-02-28": 109.6, "2006-11-30": 90.5, "2006-08-31": "32.30000", "2006-05-31": 13.5, "2006-02-28": 333.3, "2005-11-30": 168.7, "2005-08-31": "-246.40000", "2005-05-31": 403.2, "2005-02-28": 142.6}, "Change In Accounts Receivable": {"2020-11-30": -140.7, "2020-08-31": "52.40000", "2020-05-31": -6.6, "2020-02-29": 91.1, "2019-11-30": -170, "2019-08-31": "41.70000", "2019-05-31": 39.3, "2019-02-28": 78.1, "2018-11-30": -167.6, "2018-08-31": "-18.90000", "2018-05-31": 21.1, "2018-02-28": 84, "2017-11-30": -96.1, "2017-08-31": "-13.70000", "2017-05-31": 55.2, "2017-02-28": 98.7, "2016-11-30": -64, "2016-08-31": "14.80000", "2016-05-31": -57.5, "2016-02-29": -0.7, "2015-11-30": -34.7, "2015-08-31": "-63.90000", "2015-05-31": 49.4, "2015-02-28": 127.7, "2014-11-30": -92.2, "2014-08-31": "-16.60000", "2014-05-31": 58.4, "2014-02-28": 131.7, "2013-11-30": -170.1, "2013-08-31": "30.40000", "2013-05-31": -39.4, "2013-02-28": 97.1, "2012-11-30": -74.1, "2012-08-31": "-35.80000", "2012-05-31": 50.4, "2012-02-29": 60.5, "2011-11-30": -52, "2011-08-31": "-63.10000", "2011-05-31": 25.6, "2011-02-28": 25.2, "2010-11-30": -45.8, "2010-08-31": "-2.20000", "2010-05-31": 1.6, "2010-02-28": -20, "2009-11-30": 2.4, "2009-08-31": "-74.10000", "2009-05-31": 103.6, "2009-02-28": 70.8, "2008-11-30": 1.2, "2008-08-31": "-100.80000", "2008-05-31": 32, "2008-02-29": 44.8, "2007-11-30": -74.4, "2007-08-31": "-69.90000", "2007-05-31": 56.4, "2007-02-28": -82.1, "2006-11-30": -91.9, "2006-08-31": "42.80000", "2006-05-31": -49.3, "2006-02-28": 100.3, "2005-11-30": -49.4, "2005-08-31": "12.80000", "2005-05-31": 79.7, "2005-02-28": -103.7}, "Change In Inventories": {"2020-11-30": -44.4, "2020-08-31": "-202.80000", "2020-05-31": 268.1, "2020-02-29": 125.4, "2019-11-30": -32, "2019-08-31": "-198.00000", "2019-05-31": 65, "2019-02-28": 88.2, "2018-11-30": 39.9, "2018-08-31": "-115.10000", "2018-05-31": 27, "2018-02-28": 40.7, "2017-11-30": 7.9, "2017-08-31": "-138.40000", "2017-05-31": 88.3, "2017-02-28": 67.2, "2016-11-30": 51.1, "2016-08-31": "-83.30000", "2016-05-31": 131.2, "2016-02-29": 99.9, "2015-11-30": -51.9, "2015-08-31": "-113.10000", "2015-05-31": 181.7, "2015-02-28": 146.1, "2014-11-30": -299, "2014-08-31": "-92.10000", "2014-05-31": 175.5, "2014-02-28": 196.4, "2013-11-30": -192, "2013-08-31": "-172.60000", "2013-05-31": 290.9, "2013-02-28": 98.9, "2012-11-30": -185.2, "2012-08-31": "-148.50000", "2012-05-31": 187.4, "2012-02-29": 58.4, "2011-11-30": -216.8, "2011-08-31": "-12.10000", "2011-05-31": 120.9, "2011-02-28": 41.6, "2010-11-30": -204.9, "2010-08-31": "-148.30000", "2010-05-31": 167.3, "2010-02-28": 141.7, "2009-11-30": -143.9, "2009-08-31": "34.50000", "2009-05-31": 166.8, "2009-02-28": 125.4, "2008-11-30": -223.2, "2008-08-31": "-116.00000", "2008-05-31": 225.4, "2008-02-29": -78.3, "2007-11-30": -226.1, "2007-08-31": "-179.60000", "2007-05-31": 587.2, "2007-02-28": -232, "2006-11-30": -472.3, "2006-08-31": "9.60000", "2006-05-31": 386.4, "2006-02-28": -15.3, "2005-11-30": -170.3, "2005-08-31": "-145.30000", "2005-05-31": 258.3, "2005-02-28": -308.5}, "Change In Accounts Payable": {"2020-11-30": 90.4, "2020-08-31": "20.80000", "2020-05-31": 118, "2020-02-29": -90.9, "2019-11-30": 113, "2019-08-31": "94.30000", "2019-05-31": 53.8, "2019-02-28": -54.6, "2018-11-30": -11.4, "2018-08-31": "50.40000", "2018-05-31": 43.7, "2018-02-28": -31.1, "2017-11-30": 64.5, "2017-08-31": "67.80000", "2017-05-31": 57.7, "2017-02-28": -58.4, "2016-11-30": 15.2, "2016-08-31": "56.50000", "2016-05-31": -13.7, "2016-02-29": -94.4, "2015-11-30": -62, "2015-08-31": "51.80000", "2015-05-31": 9.7, "2015-02-28": -245, "2014-11-30": 148.4, "2014-08-31": "71.40000", "2014-05-31": -51.6, "2014-02-28": -238.4, "2013-11-30": 222.9, "2013-08-31": "63.90000", "2013-05-31": -25.5, "2013-02-28": -182.3, "2012-11-30": 172.8, "2012-08-31": "53.30000", "2012-05-31": -15.7, "2012-02-29": -249.4, "2011-11-30": 238.5, "2011-08-31": "108.90000", "2011-05-31": 33.7, "2011-02-28": -56.2, "2010-11-30": 126.4, "2010-08-31": "81.10000", "2010-05-31": -7.6, "2010-02-28": -49.4, "2009-11-30": 173.5, "2009-08-31": "-42.60000", "2009-05-31": -19, "2009-02-28": -211.6, "2008-11-30": 77.1, "2008-08-31": "171.00000", "2008-05-31": -37.8, "2008-02-29": -123.6, "2007-11-30": 115.6, "2007-08-31": "68.80000", "2007-05-31": 40.9, "2007-02-28": -55.9, "2006-11-30": 141.6, "2006-08-31": "42.20000", "2006-05-31": 24.1, "2006-02-28": -197.2, "2005-11-30": 181.3, "2005-08-31": "107.10000", "2005-05-31": -151, "2005-02-28": 96}, "Change In Assets/Liabilities": {"2020-11-30": -23.1, "2020-08-31": "-16.70000", "2020-05-31": 1, "2020-02-29": -7.6, "2019-11-30": 9.1, "2019-08-31": "-16.10000", "2019-05-31": 0.9, "2019-02-28": 1.2, "2018-11-30": 2.9, "2018-08-31": "-24.10000", "2018-05-31": 8.7, "2018-02-28": -5.6, "2017-11-30": 6.6, "2017-08-31": "-6.50000", "2017-05-31": 6.8, "2017-02-28": 8, "2016-11-30": 5, "2016-08-31": "-4.80000", "2016-05-31": 2.6, "2016-02-29": 10.5, "2015-11-30": -13.3, "2015-08-31": "11.00000", "2015-05-31": 34.5, "2015-02-28": -83.5, "2014-11-30": 16.5, "2014-08-31": "13.50000", "2014-05-31": 28, "2014-02-28": -80.7, "2013-11-30": 53.8, "2013-08-31": "-0.60000", "2013-05-31": 19.4, "2013-02-28": -52.4, "2012-11-30": 53.6, "2012-08-31": "-33.90000", "2012-05-31": 13.4, "2012-02-29": 26.3, "2011-11-30": -31.2, "2011-08-31": "-3.00000", "2011-05-31": 24.9, "2011-02-28": -76.1, "2010-11-30": 21.3, "2010-08-31": "37.80000", "2010-05-31": -72.1, "2010-02-28": 23.5, "2009-11-30": 44.5, "2009-08-31": "-15.90000", "2009-05-31": 46, "2009-02-28": 128.7, "2008-11-30": -101.6, "2008-08-31": "97.70000", "2008-05-31": 60.8, "2008-02-29": -171.8, "2007-11-30": -58, "2007-08-31": "32.20000", "2007-05-31": 431.6, "2007-02-28": 156, "2006-11-30": -597.3, "2006-08-31": "129.90000", "2006-05-31": -198, "2006-02-28": 105.9, "2005-11-30": 185.3, "2005-08-31": "-72.30000", "2005-05-31": -100.3, "2005-02-28": -16.2}, "Total Change In Assets/Liabilities": {"2020-11-30": -256.7, "2020-08-31": "-173.20000", "2020-05-31": 443.4, "2020-02-29": 175.6, "2019-11-30": -174.9, "2019-08-31": "-131.40000", "2019-05-31": 147, "2019-02-28": 187.5, "2018-11-30": -93, "2018-08-31": "-139.10000", "2018-05-31": 114.9, "2018-02-28": -9.9, "2017-11-30": -4, "2017-08-31": "-50.10000", "2017-05-31": 111.5, "2017-02-28": 40.6, "2016-11-30": -30.8, "2016-08-31": "77.70000", "2016-05-31": -21.6, "2016-02-29": -22.3, "2015-11-30": -129.7, "2015-08-31": "-166.30000", "2015-05-31": 279.9, "2015-02-28": -54.6, "2014-11-30": -169.5, "2014-08-31": "-42.10000", "2014-05-31": 228.2, "2014-02-28": -115.4, "2013-11-30": 26.2, "2013-08-31": "-134.40000", "2013-05-31": 308, "2013-02-28": 56.9, "2012-11-30": -160.5, "2012-08-31": "-31.60000", "2012-05-31": 102.9, "2012-02-29": -53.2, "2011-11-30": -40.3, "2011-08-31": "121.80000", "2011-05-31": 348.5, "2011-02-28": -29.5, "2010-11-30": -147, "2010-08-31": "-28.00000", "2010-05-31": 69.8, "2010-02-28": 146, "2009-11-30": 65.5, "2009-08-31": "38.60000", "2009-05-31": 356.5, "2009-02-28": 15.6, "2008-11-30": -314.4, "2008-08-31": "47.80000", "2008-05-31": 94, "2008-02-29": -160, "2007-11-30": -246.8, "2007-08-31": "-240.70000", "2007-05-31": 619.3, "2007-02-28": -24.8, "2006-11-30": -663.9, "2006-08-31": "182.00000", "2006-05-31": 271.7, "2006-02-28": -50.8, "2005-11-30": 141.8, "2005-08-31": "-98.30000", "2005-05-31": 0.4, "2005-02-28": -74.3}, "Cash Flow From Operating Activities": {"2020-11-30": 256.9, "2020-08-31": "284.50000", "2020-05-31": 936.1, "2020-02-29": 479, "2019-11-30": 220.5, "2019-08-31": "207.00000", "2019-05-31": 369.2, "2019-02-28": 494.4, "2018-11-30": 167.2, "2018-08-31": "94.70000", "2018-05-31": 111.9, "2018-02-28": 421.6, "2017-11-30": 284.7, "2017-08-31": "136.00000", "2017-05-31": 323.7, "2017-02-28": 304.3, "2016-11-30": 216.3, "2016-08-31": "325.90000", "2016-05-31": 520.6, "2016-02-29": 386.5, "2015-11-30": 259, "2015-08-31": "93.10000", "2015-05-31": 764.1, "2015-02-28": 322.8, "2014-11-30": 184.1, "2014-08-31": "233.60000", "2014-05-31": 600.6, "2014-02-28": 385.3, "2013-11-30": 416.6, "2013-08-31": "166.10000", "2013-05-31": 630.5, "2013-02-28": 303.1, "2012-11-30": 154.7, "2012-08-31": "323.90000", "2012-05-31": 272.6, "2012-02-29": 289.5, "2011-11-30": 174.8, "2011-08-31": "315.10000", "2011-05-31": 412.4, "2011-02-28": 620.8, "2010-11-30": 210.3, "2010-08-31": "108.80000", "2010-05-31": 366.2, "2010-02-28": 449.3, "2009-11-30": 394.6, "2009-08-31": "262.60000", "2009-05-31": 500.3, "2009-02-28": 239.4, "2008-11-30": -178.2, "2008-08-31": "-437.50000", "2008-05-31": 306.2, "2008-02-29": 50.3, "2007-11-30": -93.8, "2007-08-31": "-170.00000", "2007-05-31": 716.7, "2007-02-28": 201.1, "2006-11-30": -360.1, "2006-08-31": "381.00000", "2006-05-31": 344.4, "2006-02-28": 257.3, "2005-11-30": 463, "2005-08-31": "2.60000", "2005-05-31": 505.4, "2005-02-28": 608}, "Net Change In Property, Plant, And Equipment": {"2020-11-30": -136.1, "2020-08-31": "-144.90000", "2020-05-31": -98.9, "2020-02-29": -78.7, "2019-11-30": -72.3, "2019-08-31": "-105.60000", "2019-05-31": -113.2, "2019-02-28": -101.8, "2018-11-30": -46.7, "2018-08-31": "-68.90000", "2018-05-31": -75.2, "2018-02-28": -51.9, "2017-11-30": -77.9, "2017-08-31": "-38.60000", "2017-05-31": -82.9, "2017-02-28": -39, "2016-11-30": -50.9, "2016-08-31": "-56.10000", "2016-05-31": -90.1, "2016-02-29": -57.5, "2015-11-30": -5.5, "2015-08-31": "-88.70000", "2015-05-31": -11.3, "2015-02-28": -69.9, "2014-11-30": -66.7, "2014-08-31": "-88.60000", "2014-05-31": 39.1, "2014-02-28": -129.8, "2013-11-30": -160.1, "2013-08-31": "-170.30000", "2013-05-31": -126.2, "2013-02-28": -103.2, "2012-11-30": -78.7, "2012-08-31": "-96.50000", "2012-05-31": -94.4, "2012-02-29": -76.8, "2011-11-30": -63, "2011-08-31": "-91.80000", "2011-05-31": -101.3, "2011-02-28": -148.1, "2010-11-30": -69.8, "2010-08-31": "-128.10000", "2010-05-31": -38.7, "2010-02-28": -117.7, "2009-11-30": -121.5, "2009-08-31": "-116.00000", "2009-05-31": -109.2, "2009-02-28": -95.7, "2008-11-30": -112.8, "2008-08-31": "-93.50000", "2008-05-31": -98, "2008-02-29": -61.8, "2007-11-30": -101.7, "2007-08-31": "-138.00000", "2007-05-31": -142.4, "2007-02-28": -134.3, "2006-11-30": -33.7, "2006-08-31": "-1.40000", "2006-05-31": -77.6, "2006-02-28": -34.2, "2005-11-30": -64.6, "2005-08-31": "-51.90000", "2005-05-31": -49.5, "2005-02-28": -240.6}, "Net Change In Intangible Assets": {"2020-11-30": 0, "2020-08-31": "", "2020-05-31": 0, "2020-02-29": 0, "2019-11-30": 0, "2019-08-31": "", "2019-05-31": 0, "2019-02-28": 0, "2018-11-30": 0, "2018-08-31": "", "2018-05-31": 0, "2018-02-28": 0, "2017-11-30": 0, "2017-08-31": "", "2017-05-31": 0, "2017-02-28": 0, "2016-11-30": 0, "2016-08-31": "", "2016-05-31": 0, "2016-02-29": 10.1, "2015-11-30": 0.3, "2015-08-31": "-10.40000", "2015-05-31": 0, "2015-02-28": 0, "2014-11-30": 0, "2014-08-31": "0.00000", "2014-05-31": 0, "2014-02-28": 0, "2013-11-30": 0, "2013-08-31": "", "2013-05-31": -4.8, "2013-02-28": 0, "2012-11-30": 0, "2012-08-31": "", "2012-05-31": 0, "2012-02-29": -62.5, "2011-11-30": 57.5, "2011-08-31": "-57.50000", "2011-05-31": 0, "2011-02-28": -18, "2010-11-30": 0, "2010-08-31": "", "2010-05-31": -3, "2010-02-28": 0, "2009-11-30": 0, "2009-08-31": "", "2009-05-31": 0, "2009-02-28": 0, "2008-11-30": 0, "2008-08-31": "", "2008-05-31": 0, "2008-02-29": 0, "2007-11-30": 0, "2007-08-31": "", "2007-05-31": 0, "2007-02-28": 0, "2006-11-30": 0, "2006-08-31": "", "2006-05-31": 0, "2006-02-28": 0, "2005-11-30": 0, "2005-08-31": "", "2005-05-31": 0, "2005-02-28": 0}, "Net Acquisitions/Divestitures": {"2020-11-30": 8.6, "2020-08-31": "", "2020-05-31": 3.2, "2020-02-29": 52.4, "2019-11-30": 139, "2019-08-31": "", "2019-05-31": 249.3, "2019-02-28": 0, "2018-11-30": -5117.3, "2018-08-31": "30.30000", "2018-05-31": 0, "2018-02-28": -87.5, "2017-11-30": -249.6, "2017-08-31": "", "2017-05-31": -217.6, "2017-02-28": 0, "2016-11-30": -105.4, "2016-08-31": "486.30000", "2016-05-31": 0, "2016-02-29": -10.4, "2015-11-30": 0, "2015-08-31": "", "2015-05-31": 54, "2015-02-28": 0.7, "2014-11-30": 0, "2014-08-31": "-75.40000", "2014-05-31": 0, "2014-02-28": -0.3, "2013-11-30": -39.6, "2013-08-31": "", "2013-05-31": -1.1, "2013-02-28": -4749.1, "2012-11-30": 0, "2012-08-31": "-268.60000", "2012-05-31": -328.6, "2012-02-29": -249.1, "2011-11-30": -57.5, "2011-08-31": "", "2011-05-31": -0.1, "2011-02-28": 5, "2010-11-30": -6.3, "2010-08-31": "-129.70000", "2010-05-31": -100.5, "2010-02-28": 21.7, "2009-11-30": 0, "2009-08-31": "-3.00000", "2009-05-31": 0, "2009-02-28": -4.1, "2008-11-30": -45.5, "2008-08-31": "-1.00000", "2008-05-31": -131.2, "2008-02-29": -2, "2007-11-30": -71.8, "2007-08-31": "-50.20000", "2007-05-31": -73.6, "2007-02-28": 73.6, "2006-11-30": 0, "2006-08-31": "", "2006-05-31": -30.5, "2006-02-28": 0, "2005-11-30": 30.5, "2005-08-31": "", "2005-05-31": 0, "2005-02-28": 0}, "Net Change In Short-term Investments": {"2020-11-30": 0, "2020-08-31": "1.90000", "2020-05-31": 1.8, "2020-02-29": 3.1, "2019-11-30": 0.8, "2019-08-31": "1.30000", "2019-05-31": -8.8, "2019-02-28": 0, "2018-11-30": 0, "2018-08-31": "", "2018-05-31": 0, "2018-02-28": 0, "2017-11-30": 0, "2017-08-31": "", "2017-05-31": 0, "2017-02-28": 0, "2016-11-30": 0, "2016-08-31": "", "2016-05-31": 0, "2016-02-29": 0, "2015-11-30": 0, "2015-08-31": "", "2015-05-31": -391.4, "2015-02-28": 0, "2014-11-30": -11.5, "2014-08-31": "402.90000", "2014-05-31": 0, "2014-02-28": 0, "2013-11-30": 0, "2013-08-31": "", "2013-05-31": 1.8, "2013-02-28": -1.8, "2012-11-30": 0, "2012-08-31": "", "2012-05-31": 0, "2012-02-29": 0, "2011-11-30": 0, "2011-08-31": "", "2011-05-31": 0, "2011-02-28": 0, "2010-11-30": 0, "2010-08-31": "", "2010-05-31": 0, "2010-02-28": 0, "2009-11-30": 0, "2009-08-31": "", "2009-05-31": 0, "2009-02-28": 0, "2008-11-30": 0, "2008-08-31": "", "2008-05-31": 0, "2008-02-29": 0, "2007-11-30": 0, "2007-08-31": "1.00000", "2007-05-31": 1.1998, "2007-02-28": 0.9001, "2006-11-30": 0.8, "2006-08-31": "", "2006-05-31": 0, "2006-02-28": 0, "2005-11-30": 0, "2005-08-31": "", "2005-05-31": 0, "2005-02-28": 0}, "Net Change In Long-Term Investments": {"2020-11-30": 0, "2020-08-31": "", "2020-05-31": 0, "2020-02-29": 0, "2019-11-30": 0, "2019-08-31": "", "2019-05-31": 0, "2019-02-28": 0, "2018-11-30": 0, "2018-08-31": "", "2018-05-31": 0, "2018-02-28": 0, "2017-11-30": 0, "2017-08-31": "", "2017-05-31": 0, "2017-02-28": 0, "2016-11-30": 0, "2016-08-31": "", "2016-05-31": 0, "2016-02-29": 0, "2015-11-30": 0, "2015-08-31": "", "2015-05-31": 391.4, "2015-02-28": 0, "2014-11-30": 0, "2014-08-31": "", "2014-05-31": 0, "2014-02-28": 0, "2013-11-30": 0, "2013-08-31": "", "2013-05-31": -1.5, "2013-02-28": 0, "2012-11-30": 0, "2012-08-31": "", "2012-05-31": -39.6, "2012-02-29": 0, "2011-11-30": 0, "2011-08-31": "", "2011-05-31": 0, "2011-02-28": 0, "2010-11-30": 0, "2010-08-31": "", "2010-05-31": 0, "2010-02-28": 0, "2009-11-30": 0, "2009-08-31": "", "2009-05-31": 0, "2009-02-28": 0, "2008-11-30": 0, "2008-08-31": "", "2008-05-31": 0, "2008-02-29": 0.7, "2007-11-30": -0.7, "2007-08-31": "", "2007-05-31": 73.6, "2007-02-28": -72.3, "2006-11-30": 70.2, "2006-08-31": "2.10000", "2006-05-31": 12.2, "2006-02-28": 0, "2005-11-30": 0, "2005-08-31": "482.40000", "2005-05-31": 0, "2005-02-28": 512}, "Net Change In Investments - Total": {"2020-11-30": 0, "2020-08-31": "1.90000", "2020-05-31": 1.8, "2020-02-29": 3.1, "2019-11-30": 0.8, "2019-08-31": "1.30000", "2019-05-31": -8.8, "2019-02-28": 0, "2018-11-30": 0, "2018-08-31": "", "2018-05-31": 0, "2018-02-28": 0, "2017-11-30": 0, "2017-08-31": "", "2017-05-31": 0, "2017-02-28": 0, "2016-11-30": 0, "2016-08-31": "", "2016-05-31": 0, "2016-02-29": 0, "2015-11-30": 0, "2015-08-31": "", "2015-05-31": 0, "2015-02-28": 0, "2014-11-30": -11.5, "2014-08-31": "402.90000", "2014-05-31": 0, "2014-02-28": 0, "2013-11-30": 0, "2013-08-31": "", "2013-05-31": 0.3, "2013-02-28": -1.8, "2012-11-30": 0, "2012-08-31": "", "2012-05-31": -39.6, "2012-02-29": 0, "2011-11-30": 0, "2011-08-31": "", "2011-05-31": 0, "2011-02-28": 0, "2010-11-30": 0, "2010-08-31": "", "2010-05-31": 0, "2010-02-28": 0, "2009-11-30": 0, "2009-08-31": "", "2009-05-31": 0, "2009-02-28": 0, "2008-11-30": 0, "2008-08-31": "", "2008-05-31": 0, "2008-02-29": 0.7, "2007-11-30": -0.7, "2007-08-31": "1.00000", "2007-05-31": 74.7998, "2007-02-28": -71.3999, "2006-11-30": 71, "2006-08-31": "2.10000", "2006-05-31": 12.2, "2006-02-28": 0, "2005-11-30": 0, "2005-08-31": "482.40000", "2005-05-31": 0, "2005-02-28": 512}, "Investing Activities - Other": {"2020-11-30": -0.1, "2020-08-31": "0.10000", "2020-05-31": 0, "2020-02-29": 3.5, "2019-11-30": -0.2, "2019-08-31": "-3.20000", "2019-05-31": 11, "2019-02-28": 0, "2018-11-30": 0, "2018-08-31": "0.10000", "2018-05-31": 0.2, "2018-02-28": 4.3, "2017-11-30": 0, "2017-08-31": "", "2017-05-31": 5.3, "2017-02-28": 0, "2016-11-30": -65.4, "2016-08-31": "-58.30000", "2016-05-31": -38.9, "2016-02-29": 2551.2, "2015-11-30": -106.3, "2015-08-31": "-26.40000", "2015-05-31": -216.5, "2015-02-28": -31.2, "2014-11-30": -20.8, "2014-08-31": "92.70000", "2014-05-31": -101.1, "2014-02-28": -7.4, "2013-11-30": 45.3, "2013-08-31": "-7.30000", "2013-05-31": -33, "2013-02-28": -0.3, "2012-11-30": -2.6, "2012-08-31": "-0.20000", "2012-05-31": -1, "2012-02-29": 0, "2011-11-30": 0, "2011-08-31": "", "2011-05-31": 9.2, "2011-02-28": 429.1, "2010-11-30": -4.4, "2010-08-31": "251.40000", "2010-05-31": 103.4, "2010-02-28": 5.1, "2009-11-30": 10, "2009-08-31": "4.90000", "2009-05-31": -6.8, "2009-02-28": 6, "2008-11-30": -0.3, "2008-08-31": "2254.10000", "2008-05-31": 23.7, "2008-02-29": -3.3, "2007-11-30": -7, "2007-08-31": "-3.50000", "2007-05-31": -23.2, "2007-02-28": -1.1, "2006-11-30": 667.1, "2006-08-31": "115.40000", "2006-05-31": 437.6, "2006-02-28": -4.4, "2005-11-30": -4, "2005-08-31": "1.30000", "2005-05-31": -77, "2005-02-28": 151.4}, "Cash Flow From Investing Activities": {"2020-11-30": -127.6, "2020-08-31": "-142.90000", "2020-05-31": -93.9, "2020-02-29": -19.7, "2019-11-30": 67.3, "2019-08-31": "-107.50000", "2019-05-31": 138.3, "2019-02-28": -101.8, "2018-11-30": -5164, "2018-08-31": "-38.50000", "2018-05-31": -75, "2018-02-28": -135.1, "2017-11-30": -327.5, "2017-08-31": "-38.60000", "2017-05-31": -295.2, "2017-02-28": -39, "2016-11-30": -221.7, "2016-08-31": "371.90000", "2016-05-31": -129, "2016-02-29": 2493.4, "2015-11-30": -111.5, "2015-08-31": "-125.50000", "2015-05-31": -173.8, "2015-02-28": -100.4, "2014-11-30": -99, "2014-08-31": "331.60000", "2014-05-31": -62, "2014-02-28": -137.5, "2013-11-30": -154.4, "2013-08-31": "-177.60000", "2013-05-31": -164.8, "2013-02-28": -4854.4, "2012-11-30": -81.3, "2012-08-31": "-365.30000", "2012-05-31": -463.6, "2012-02-29": -388.4, "2011-11-30": -63, "2011-08-31": "-149.30000", "2011-05-31": -92.2, "2011-02-28": 268, "2010-11-30": -80.5, "2010-08-31": "-6.40000", "2010-05-31": -38.8, "2010-02-28": -90.9, "2009-11-30": -111.5, "2009-08-31": "-114.10000", "2009-05-31": -116, "2009-02-28": -93.8, "2008-11-30": -158.6, "2008-08-31": "2159.60000", "2008-05-31": -205.5, "2008-02-29": -66.4, "2007-11-30": -181.2, "2007-08-31": "-190.70000", "2007-05-31": -164.4, "2007-02-28": -133.2, "2006-11-30": 704.4, "2006-08-31": "116.10000", "2006-05-31": 341.7, "2006-02-28": -38.6, "2005-11-30": -38.1, "2005-08-31": "431.80000", "2005-05-31": -126.5, "2005-02-28": 422.8}, "Net Long-Term Debt": {"2020-11-30": -760.0999, "2020-08-31": "-133.40000", "2020-05-31": -281.6, "2020-02-29": -455, "2019-11-30": -5.1, "2019-08-31": "-205.80000", "2019-05-31": -455.6, "2019-02-28": -455.8, "2018-11-30": 5249.2, "2018-08-31": "", "2018-05-31": 227.8, "2018-02-28": -165.3, "2017-11-30": 495.2, "2017-08-31": "", "2017-05-31": -2.2, "2017-02-28": -506.5, "2016-11-30": -1.9, "2016-08-31": "-553.90000", "2016-05-31": -3.3, "2016-02-29": -2265.4, "2015-11-30": -252, "2015-08-31": "-2.50000", "2015-05-31": -0.2, "2015-02-28": -2, "2014-11-30": -2.5, "2014-08-31": "-936.70000", "2014-05-31": -497.9, "2014-02-28": -20.5, "2013-11-30": -48.4, "2013-08-31": "-2.30000", "2013-05-31": -1162.2, "2013-02-28": 4597.1, "2012-11-30": 725.7, "2012-08-31": "-16.90000", "2012-05-31": -8, "2012-02-29": -7.5, "2011-11-30": -345.6, "2011-08-31": "-2.50000", "2011-05-31": -2.6, "2011-02-28": -2.4, "2010-11-30": -250.9, "2010-08-31": "-38.40000", "2010-05-31": -3.4, "2010-02-28": -3.4, "2009-11-30": -6.3, "2009-08-31": "-2.70000", "2009-05-31": 35.5, "2009-02-28": 16.4, "2008-11-30": 4.3, "2008-08-31": "-41.80000", "2008-05-31": -73.8, "2008-02-29": -2.2, "2007-11-30": -5.4, "2007-08-31": "-3.60000", "2007-05-31": -18.5, "2007-02-28": -3.6, "2006-11-30": -21.3, "2006-08-31": "-3.70000", "2006-05-31": -256.7, "2006-02-28": -529, "2005-11-30": -104.4, "2005-08-31": "-8.90000", "2005-05-31": -6.1, "2005-02-28": -1153.9}, "Net Current Debt": {"2020-11-30": 368, "2020-08-31": "-0.50000", "2020-05-31": 0.2, "2020-02-29": 0.4, "2019-11-30": -55.5, "2019-08-31": "55.00000", "2019-05-31": 1, "2019-02-28": -0.9, "2018-11-30": -304.2, "2018-08-31": "26.80000", "2018-05-31": -75, "2018-02-28": 285.2, "2017-11-30": -256.4, "2017-08-31": "295.30000", "2017-05-31": 24.4, "2017-02-28": -2.9, "2016-11-30": -3.9, "2016-08-31": "-3.30000", "2016-05-31": -1, "2016-02-29": -166.8, "2015-11-30": 172.1, "2015-08-31": "5.20000", "2015-05-31": -421.5, "2015-02-28": -108.7, "2014-11-30": -14.5, "2014-08-31": "407.30000", "2014-05-31": -3.9, "2014-02-28": -88, "2013-11-30": -48.5, "2013-08-31": "97.20000", "2013-05-31": 183.9, "2013-02-28": 1.1, "2012-11-30": -272, "2012-08-31": "232.00000", "2012-05-31": 37, "2012-02-29": 3, "2011-11-30": 0, "2011-08-31": "", "2011-05-31": 0, "2011-02-28": 0, "2010-11-30": 0, "2010-08-31": "", "2010-05-31": 0, "2010-02-28": 0, "2009-11-30": 0, "2009-08-31": "", "2009-05-31": -181.5, "2009-02-28": -111.2, "2008-11-30": 279.7, "2008-08-31": "-565.30000", "2008-05-31": 201.6, "2008-02-29": 77.6, "2007-11-30": 248.7, "2007-08-31": "48.70000", "2007-05-31": 1.9, "2007-02-28": -4.8, "2006-11-30": -2.6, "2006-08-31": "-1.80000", "2006-05-31": -0.8, "2006-02-28": 0.4, "2005-11-30": -0.1, "2005-08-31": "2.30000", "2005-05-31": -49.2, "2005-02-28": 27.1}, "Debt Issuance/Retirement Net - Total": {"2020-11-30": -392.0999, "2020-08-31": "-133.90000", "2020-05-31": -281.4, "2020-02-29": -454.6, "2019-11-30": -60.6, "2019-08-31": "-150.80000", "2019-05-31": -454.6, "2019-02-28": -456.7, "2018-11-30": 4945, "2018-08-31": "26.80000", "2018-05-31": 152.8, "2018-02-28": 119.9, "2017-11-30": 238.8, "2017-08-31": "295.30000", "2017-05-31": 22.2, "2017-02-28": -509.4, "2016-11-30": -5.8, "2016-08-31": "-557.20000", "2016-05-31": -4.3, "2016-02-29": -2432.2, "2015-11-30": -79.9, "2015-08-31": "2.70000", "2015-05-31": -421.7, "2015-02-28": -110.7, "2014-11-30": -17, "2014-08-31": "-529.40000", "2014-05-31": -501.8, "2014-02-28": -108.5, "2013-11-30": -96.9, "2013-08-31": "94.90000", "2013-05-31": -978.3, "2013-02-28": 4598.2, "2012-11-30": 453.7, "2012-08-31": "215.10000", "2012-05-31": 29, "2012-02-29": -4.5, "2011-11-30": -345.6, "2011-08-31": "-2.50000", "2011-05-31": -2.6, "2011-02-28": -2.4, "2010-11-30": -250.9, "2010-08-31": "-38.40000", "2010-05-31": -3.4, "2010-02-28": -3.4, "2009-11-30": -6.3, "2009-08-31": "-2.70000", "2009-05-31": -146, "2009-02-28": -94.8, "2008-11-30": 284, "2008-08-31": "-607.10000", "2008-05-31": 127.8, "2008-02-29": 75.4, "2007-11-30": 243.3, "2007-08-31": "45.10000", "2007-05-31": -16.6, "2007-02-28": -8.4, "2006-11-30": -23.9, "2006-08-31": "-5.50000", "2006-05-31": -257.5, "2006-02-28": -528.6, "2005-11-30": -104.5, "2005-08-31": "-6.60000", "2005-05-31": -55.3, "2005-02-28": -1126.8}, "Net Common Equity Issued/Repurchased": {"2020-11-30": 0.9, "2020-08-31": "-9.30000", "2020-05-31": 0.5, "2020-02-29": 5, "2019-11-30": 2.4, "2019-08-31": "-3.10000", "2019-05-31": 2.5, "2019-02-28": -0.6, "2018-11-30": 554.6, "2018-08-31": "-2.40000", "2018-05-31": -105.4, "2018-02-28": -271, "2017-11-30": -273.6, "2017-08-31": "-302.40000", "2017-05-31": -398.2, "2017-02-28": -405.3, "2016-11-30": -69.7, "2016-08-31": "-53.00000", "2016-05-31": 52.4, "2016-02-29": 45.4, "2015-11-30": 25.6, "2015-08-31": "93.60000", "2015-05-31": 1.1, "2015-02-28": 23.5, "2014-11-30": 28.1, "2014-08-31": "27.10000", "2014-05-31": 16.3, "2014-02-28": 17.1, "2013-11-30": -61.7, "2013-08-31": "32.00000", "2013-05-31": 77.1, "2013-02-28": 357.2, "2012-11-30": -71.5, "2012-08-31": "-64.20000", "2012-05-31": -238.3, "2012-02-29": 94.3, "2011-11-30": -50.9, "2011-08-31": "55.70000", "2011-05-31": -132.9, "2011-02-28": -454, "2010-11-30": -89.3, "2010-08-31": "-89.10000", "2010-05-31": -64, "2010-02-28": 30.4, "2009-11-30": 2.4, "2009-08-31": "-14.10000", "2009-05-31": 0, "2009-02-28": 0, "2008-11-30": 0.3, "2008-08-31": "-894.20000", "2008-05-31": -81.6, "2008-02-29": 4.3, "2007-11-30": 6.5, "2007-08-31": "-79.70000", "2007-05-31": -211.5, "2007-02-28": -181.9, "2006-11-30": -122.3, "2006-08-31": "-35.30000", "2006-05-31": -192.6, "2006-02-28": 0.2, "2005-11-30": 6.9, "2005-08-31": "7.30000", "2005-05-31": 14.5, "2005-02-28": -92.1}, "Net Total Equity Issued/Repurchased": {"2020-11-30": 0.9, "2020-08-31": "-9.30000", "2020-05-31": 0.5, "2020-02-29": 5, "2019-11-30": 2.4, "2019-08-31": "-3.10000", "2019-05-31": 2.5, "2019-02-28": -0.6, "2018-11-30": 554.6, "2018-08-31": "-2.40000", "2018-05-31": -105.4, "2018-02-28": -271, "2017-11-30": -273.6, "2017-08-31": "-302.40000", "2017-05-31": -398.2, "2017-02-28": -405.3, "2016-11-30": -69.7, "2016-08-31": "-53.00000", "2016-05-31": 52.4, "2016-02-29": 45.4, "2015-11-30": 25.6, "2015-08-31": "93.60000", "2015-05-31": 1.1, "2015-02-28": 23.5, "2014-11-30": 28.1, "2014-08-31": "27.10000", "2014-05-31": 16.3, "2014-02-28": 17.1, "2013-11-30": -61.7, "2013-08-31": "32.00000", "2013-05-31": 77.1, "2013-02-28": 357.2, "2012-11-30": -71.5, "2012-08-31": "-64.20000", "2012-05-31": -238.3, "2012-02-29": 94.3, "2011-11-30": -50.9, "2011-08-31": "55.70000", "2011-05-31": -132.9, "2011-02-28": -454, "2010-11-30": -89.3, "2010-08-31": "-89.10000", "2010-05-31": -64, "2010-02-28": 30.4, "2009-11-30": 2.4, "2009-08-31": "-14.10000", "2009-05-31": 0, "2009-02-28": 0, "2008-11-30": 0.3, "2008-08-31": "-894.20000", "2008-05-31": -81.6, "2008-02-29": 4.3, "2007-11-30": 6.5, "2007-08-31": "-79.70000", "2007-05-31": -211.5, "2007-02-28": -181.9, "2006-11-30": -122.3, "2006-08-31": "-35.30000", "2006-05-31": -192.6, "2006-02-28": 0.2, "2005-11-30": 6.9, "2005-08-31": "7.30000", "2005-05-31": 14.5, "2005-02-28": -92.1}, "Total Common And Preferred Stock Dividends Paid": {"2020-11-30": -103.8, "2020-08-31": "-103.50000", "2020-05-31": -103.5, "2020-02-29": -103.4, "2019-11-30": -103.4, "2019-08-31": "-103.30000", "2019-05-31": -103.2, "2019-02-28": -86.7, "2018-11-30": -83.3, "2018-08-31": "-83.00000", "2018-05-31": -84.6, "2018-02-28": -86.1, "2017-11-30": -88.3, "2017-08-31": "-83.30000", "2017-05-31": -86.1, "2017-02-28": -109.5, "2016-11-30": -109.9, "2016-08-31": "-109.50000", "2016-05-31": -109, "2016-02-29": -108.5, "2015-11-30": -107.9, "2015-08-31": "-107.10000", "2015-05-31": -107, "2015-02-28": -106.5, "2014-11-30": -106.2, "2014-08-31": "-105.50000", "2014-05-31": -105.4, "2014-02-28": -105.1, "2013-11-30": -105.6, "2013-08-31": "-104.80000", "2013-05-31": -104.1, "2013-02-28": -101.3, "2012-11-30": -97.4, "2012-08-31": "-97.90000", "2012-05-31": -99.8, "2012-02-29": -99.1, "2011-11-30": -95.4, "2011-08-31": "-94.30000", "2011-05-31": -97.8, "2011-02-28": -100.3, "2010-11-30": -87.9, "2010-08-31": "-88.50000", "2010-05-31": -88.8, "2010-02-28": -88.7, "2009-11-30": -84.2, "2009-08-31": "-85.00000", "2009-05-31": -85, "2009-02-28": -85, "2008-11-30": -86.1, "2008-08-31": "-92.10000", "2008-05-31": -92.7, "2008-02-29": -92.7, "2007-11-30": -88.3, "2007-08-31": "-88.60000", "2007-05-31": -90.1, "2007-02-28": -91.4, "2006-11-30": -91.9, "2006-08-31": "-93.30000", "2006-05-31": -141.5, "2006-02-28": -141.5, "2005-11-30": -141.3, "2005-08-31": "-141.00000", "2005-05-31": -140.9, "2005-02-28": -409.4}, "Financial Activities - Other": {"2020-11-30": -5.4, "2020-08-31": "-12.90000", "2020-05-31": -1.4, "2020-02-29": -0.1, "2019-11-30": 0.9, "2019-08-31": "-13.60000", "2019-05-31": -0.3, "2019-02-28": -7.3, "2018-11-30": -50, "2018-08-31": "-51.00000", "2018-05-31": -1.7, "2018-02-28": -0.3, "2017-11-30": -0.3, "2017-08-31": "-16.70000", "2017-05-31": 0, "2017-02-28": -1.9, "2016-11-30": 842.2, "2016-08-31": "-18.00000", "2016-05-31": 0.7, "2016-02-29": -10.9, "2015-11-30": 7.6, "2015-08-31": "-1.40000", "2015-05-31": -15.8, "2015-02-28": -7.1, "2014-11-30": -1.2, "2014-08-31": "-5.90000", "2014-05-31": -4.6, "2014-02-28": -0.8, "2013-11-30": 0.3, "2013-08-31": "0.50000", "2013-05-31": 0.8, "2013-02-28": -55.9, "2012-11-30": 1.3, "2012-08-31": "0.20000", "2012-05-31": 0.8, "2012-02-29": 1, "2011-11-30": 0, "2011-08-31": "", "2011-05-31": 0.1, "2011-02-28": 2.2, "2010-11-30": 0.1, "2010-08-31": "-0.40000", "2010-05-31": 1.6, "2010-02-28": 0.7, "2009-11-30": 2, "2009-08-31": "-1.00000", "2009-05-31": -2.6, "2009-02-28": -9.8, "2008-11-30": -8.5, "2008-08-31": "-0.10000", "2008-05-31": -23.5, "2008-02-29": 19.9, "2007-11-30": -53.2, "2007-08-31": "56.20000", "2007-05-31": -0.6, "2007-02-28": -92.7, "2006-11-30": 2, "2006-08-31": "0.70000", "2006-05-31": -0.1, "2006-02-28": 1, "2005-11-30": 0, "2005-08-31": "-0.30000", "2005-05-31": 1.8, "2005-02-28": -2.5}, "Cash Flow From Financial Activities": {"2020-11-30": -500.4, "2020-08-31": "-259.60000", "2020-05-31": -385.8, "2020-02-29": -553.1, "2019-11-30": -160.7, "2019-08-31": "-270.80000", "2019-05-31": -555.6, "2019-02-28": -551.3, "2018-11-30": 5366.3, "2018-08-31": "-109.60000", "2018-05-31": -38.9, "2018-02-28": -237.5, "2017-11-30": -123.4, "2017-08-31": "-107.10000", "2017-05-31": -462.1, "2017-02-28": -1026.1, "2016-11-30": 656.8, "2016-08-31": "-737.70000", "2016-05-31": -60.2, "2016-02-29": -2506.2, "2015-11-30": -154.6, "2015-08-31": "-12.20000", "2015-05-31": -543.4, "2015-02-28": -200.8, "2014-11-30": -96.3, "2014-08-31": "-613.70000", "2014-05-31": -595.5, "2014-02-28": -197.3, "2013-11-30": -263.9, "2013-08-31": "22.60000", "2013-05-31": -1004.5, "2013-02-28": 4798.2, "2012-11-30": 286.1, "2012-08-31": "53.20000", "2012-05-31": -308.3, "2012-02-29": -8.3, "2011-11-30": -491.9, "2011-08-31": "-41.10000", "2011-05-31": -233.2, "2011-02-28": -554.5, "2010-11-30": -428, "2010-08-31": "-216.40000", "2010-05-31": -154.6, "2010-02-28": -61, "2009-11-30": -86.1, "2009-08-31": "-102.80000", "2009-05-31": -233.6, "2009-02-28": -189.6, "2008-11-30": 189.7, "2008-08-31": "-1593.50000", "2008-05-31": -70, "2008-02-29": 6.9, "2007-11-30": 108.3, "2007-08-31": "-67.00000", "2007-05-31": -318.8, "2007-02-28": -374.4, "2006-11-30": -236.1, "2006-08-31": "-133.40000", "2006-05-31": -591.7, "2006-02-28": -668.9, "2005-11-30": -238.9, "2005-08-31": "-140.60000", "2005-05-31": -179.9, "2005-02-28": -1630.8}, "Net Cash Flow": {"2020-11-30": -370.2, "2020-08-31": "-115.10000", "2020-05-31": 454.3, "2020-02-29": -93, "2019-11-30": 127.3, "2019-08-31": "-171.90000", "2019-05-31": -45.6, "2019-02-28": -160.1, "2018-11-30": 367.5, "2018-08-31": "-53.20000", "2018-05-31": -4.9, "2018-02-28": 48.9, "2017-11-30": -167.4, "2017-08-31": "0.00000", "2017-05-31": -432.2, "2017-02-28": -758.9, "2016-11-30": 720.3, "2016-08-31": "-75.90000", "2016-05-31": 332.1, "2016-02-29": 394, "2015-11-30": -11.7, "2015-08-31": "-50.40000", "2015-05-31": 50, "2015-02-28": 9.9, "2014-11-30": -11.9, "2014-08-31": "-6.40000", "2014-05-31": -61.9, "2014-02-28": 37.4, "2013-11-30": -13.3, "2013-08-31": "30.50000", "2013-05-31": -555.8, "2013-02-28": 247, "2012-11-30": 360.3, "2012-08-31": "13.50000", "2012-05-31": -501.2, "2012-02-29": -102.3, "2011-11-30": -388.7, "2011-08-31": "122.80000", "2011-05-31": 89.5, "2011-02-28": 337.7, "2010-11-30": -295.7, "2010-08-31": "-112.30000", "2010-05-31": 167.6, "2010-02-28": 295.4, "2009-11-30": 200.5, "2009-08-31": "46.50000", "2009-05-31": 155, "2009-02-28": -43.9, "2008-11-30": -164.3, "2008-08-31": "155.50000", "2008-05-31": 3.5, "2008-02-29": -3.4, "2007-11-30": -166.7, "2007-08-31": "-423.30000", "2007-05-31": 267.9, "2007-02-28": -306.5, "2006-11-30": 108.2, "2006-08-31": "363.70000", "2006-05-31": 78.1, "2006-02-28": -450.2, "2005-11-30": 186, "2005-08-31": "293.80000", "2005-05-31": 199, "2005-02-28": -600}, "Stock-Based Compensation": {"2020-11-30": 14.4, "2020-08-31": "16.50000", "2020-05-31": 30.2, "2020-02-29": 8, "2019-11-30": 10.8, "2019-08-31": "10.20000", "2019-05-31": 11.2, "2019-02-28": 22.5, "2018-11-30": -11.4, "2018-08-31": "11.40000", "2018-05-31": 11.2, "2018-02-28": 26.7, "2017-11-30": -8.2, "2017-08-31": "8.20000", "2017-05-31": -28.1, "2017-02-28": 9.8, "2016-11-30": 10.8, "2016-08-31": "7.50000", "2016-05-31": 12.3, "2016-02-29": 29.5, "2015-11-30": -9.2, "2015-08-31": "9.20000", "2015-05-31": -9.6, "2015-02-28": 42.9, "2014-11-30": -14.5, "2014-08-31": "14.50000", "2014-05-31": -45.5, "2014-02-28": 13.7, "2013-11-30": 14.8, "2013-08-31": "17.00000", "2013-05-31": 14.2, "2013-02-28": 25, "2012-11-30": 14.7, "2012-08-31": "13.10000", "2012-05-31": 6.6, "2012-02-29": 10.8, "2011-11-30": 12.1, "2011-08-31": "12.30000", "2011-05-31": 10.3, "2011-02-28": 11.8, "2010-11-30": 14.3, "2010-08-31": "8.40000", "2010-05-31": 14.3, "2010-02-28": 14.8, "2009-11-30": 14.7, "2009-08-31": "12.00000", "2009-05-31": 12.6, "2009-02-28": 10.5, "2008-11-30": 10.2, "2008-08-31": "12.60000", "2008-05-31": 17.7, "2008-02-29": 15.6, "2007-11-30": 14, "2007-08-31": "13.50000", "2007-05-31": 8.2, "2007-02-28": 17.1, "2006-11-30": 33.3, "2006-08-31": "", "2006-05-31": 21.6, "2006-02-28": 0, "2005-11-30": 0, "2005-08-31": "", "2005-05-31": 0, "2005-02-28": 0}, "Common Stock Dividends Paid": {"2020-11-30": -103.8, "2020-08-31": "-103.50000", "2020-05-31": -103.5, "2020-02-29": -103.4, "2019-11-30": -103.4, "2019-08-31": "-103.30000", "2019-05-31": -103.2, "2019-02-28": -86.7, "2018-11-30": -83.3, "2018-08-31": "-83.00000", "2018-05-31": -84.6, "2018-02-28": -86.1, "2017-11-30": -88.3, "2017-08-31": "-83.30000", "2017-05-31": -86.1, "2017-02-28": -109.5, "2016-11-30": -109.9, "2016-08-31": "-109.50000", "2016-05-31": -109, "2016-02-29": -108.5, "2015-11-30": -107.9, "2015-08-31": "-107.10000", "2015-05-31": -107, "2015-02-28": -106.5, "2014-11-30": -106.2, "2014-08-31": "-105.50000", "2014-05-31": -105.4, "2014-02-28": -105.1, "2013-11-30": -105.6, "2013-08-31": "-104.80000", "2013-05-31": -104.1, "2013-02-28": -101.3, "2012-11-30": -97.4, "2012-08-31": "-97.90000", "2012-05-31": -99.8, "2012-02-29": -99.1, "2011-11-30": -95.4, "2011-08-31": "-94.30000", "2011-05-31": -97.8, "2011-02-28": -100.3, "2010-11-30": -87.9, "2010-08-31": "-88.50000", "2010-05-31": -88.8, "2010-02-28": -88.7, "2009-11-30": -84.2, "2009-08-31": "-85.00000", "2009-05-31": -85, "2009-02-28": -85, "2008-11-30": -86.1, "2008-08-31": "-92.10000", "2008-05-31": -92.7, "2008-02-29": -92.7, "2007-11-30": -88.3, "2007-08-31": "-88.60000", "2007-05-31": -90.1, "2007-02-28": -91.4, "2006-11-30": -91.9, "2006-08-31": "-93.30000", "2006-05-31": -141.5, "2006-02-28": -141.5, "2005-11-30": -141.3, "2005-08-31": "-141.00000", "2005-05-31": -140.9, "2005-02-28": -409.4}}, "financial ratios": {"Current Ratio": {"2020-05-31": "0.87790", "2019-05-31": "1.27590", "2018-05-31": "0.82990", "2017-05-31": "1.17010", "2016-05-31": "1.41240", "2015-05-31": "1.07650", "2014-05-31": "1.60110", "2013-05-31": "1.28770", "2012-05-31": "1.44650", "2011-05-31": "1.83440", "2010-05-31": "1.94480", "2009-05-31": "2.11970", "2008-05-31": "1.66570", "2007-05-31": "1.86730", "2006-05-31": "1.61570", "2005-05-31": "1.80880"}, "Long-term Debt / Capital": {"2020-05-31": "0.52820", "2019-05-31": "0.58810", "2018-05-31": "0.46240", "2017-05-31": "0.40440", "2016-05-31": "0.56260", "2015-05-31": "0.59910", "2014-05-31": "0.61950", "2013-05-31": "0.62360", "2012-05-31": "0.38660", "2011-05-31": "0.38030", "2010-05-31": "0.39560", "2009-05-31": "0.42260", "2008-05-31": "0.38820", "2007-05-31": "0.42720", "2006-05-31": "0.40420", "2005-05-31": "0.47230"}, "Debt/Equity Ratio": {"2020-05-31": "1.22600", "2019-05-31": "1.43060", "2018-05-31": "1.01580", "2017-05-31": "0.73480", "2016-05-31": "1.43740", "2015-05-31": "1.71460", "2014-05-31": "1.67060", "2013-05-31": "1.78810", "2012-05-31": "0.64740", "2011-05-31": "0.69150", "2010-05-31": "0.70750", "2009-05-31": "0.73780", "2008-05-31": "0.74970", "2007-05-31": "0.75450", "2006-05-31": "0.77120", "2005-05-31": "0.92090"}, "Gross Margin": {"2020-05-31": "27.76810", "2019-05-31": "27.81390", "2018-05-31": "29.62220", "2017-05-31": "29.94540", "2016-05-31": "28.03750", "2015-05-31": "25.41730", "2014-05-31": "24.72840", "2013-05-31": "24.98200", "2012-05-31": "20.99600", "2011-05-31": "23.43430", "2010-05-31": "25.37350", "2009-05-31": "22.49240", "2008-05-31": "23.57980", "2007-05-31": "25.64090", "2006-05-31": "24.78980", "2005-05-31": "24.89060"}, "Operating Margin": {"2020-05-31": "13.18030", "2019-05-31": "12.73480", "2018-05-31": "13.01920", "2017-05-31": "11.81820", "2016-05-31": "4.66980", "2015-05-31": "10.10410", "2014-05-31": "9.70160", "2013-05-31": "9.64410", "2012-05-31": "6.14130", "2011-05-31": "11.33210", "2010-05-31": "8.82990", "2009-05-31": "8.86170", "2008-05-31": "8.04310", "2007-05-31": "8.74880", "2006-05-31": "6.81760", "2005-05-31": "9.79990"}, "EBIT Margin": {"2020-05-31": "13.18030", "2019-05-31": "12.73480", "2018-05-31": "13.01920", "2017-05-31": "11.81820", "2016-05-31": "4.66980", "2015-05-31": "10.10410", "2014-05-31": "9.70160", "2013-05-31": "9.64410", "2012-05-31": "6.14130", "2011-05-31": "11.33210", "2010-05-31": "8.82990", "2009-05-31": "8.86170", "2008-05-31": "8.04310", "2007-05-31": "8.74880", "2006-05-31": "6.81760", "2005-05-31": "9.79990"}, "EBITDA Margin": {"2020-05-31": "16.69830", "2019-05-31": "16.22600", "2018-05-31": "16.25660", "2017-05-31": "15.24230", "2016-05-31": "7.88430", "2015-05-31": "13.25440", "2014-05-31": "12.69700", "2013-05-31": "12.75200", "2012-05-31": "8.92350", "2011-05-31": "14.24580", "2010-05-31": "11.52740", "2009-05-31": "11.33080", "2008-05-31": "10.59640", "2007-05-31": "11.94150", "2006-05-31": "9.74700", "2005-05-31": "12.32010"}, "Pre-Tax Profit Margin": {"2020-05-31": "8.77390", "2019-05-31": "8.63140", "2018-05-31": "11.02000", "2017-05-31": "9.32040", "2016-05-31": "1.25580", "2015-05-31": "6.47110", "2014-05-31": "6.51280", "2013-05-31": "7.59360", "2012-05-31": "4.61100", "2011-05-31": "9.89900", "2010-05-31": "7.49490", "2009-05-31": "7.35550", "2008-05-31": "5.79470", "2007-05-31": "6.65620", "2006-05-31": "7.38240", "2005-05-31": "8.67290"}, "Net Profit Margin": {"2020-05-31": "7.59970", "2019-05-31": "7.11130", "2018-05-31": "10.18350", "2017-05-31": "8.16800", "2016-05-31": "-7.81390", "2015-05-31": "-2.79610", "2014-05-31": "2.56040", "2013-05-31": "5.73380", "2012-05-31": "3.49860", "2011-05-31": "6.58560", "2010-05-31": "5.09370", "2009-05-31": "7.92320", "2008-05-31": "8.27330", "2007-05-31": "7.28920", "2006-05-31": "5.20710", "2005-05-31": "5.63520"}, "Asset Turnover": {"2020-05-31": "0.49560", "2019-05-31": "0.42940", "2018-05-31": "0.76410", "2017-05-31": "0.77520", "2016-05-31": "0.64700", "2015-05-31": "0.51810", "2014-05-31": "0.61280", "2013-05-31": "0.66010", "2012-05-31": "1.16510", "2011-05-31": "1.08570", "2010-05-31": "1.02360", "2009-05-31": "1.11520", "2008-05-31": "0.82210", "2007-05-31": "0.88630", "2006-05-31": "0.85640", "2005-05-31": "0.87280"}, "Inventory Turnover Ratio": {"2020-05-31": "5.79490", "2019-05-31": "4.44530", "2018-05-31": "5.65070", "2017-05-31": "5.90920", "2016-05-31": "5.97160", "2015-05-31": "4.10190", "2014-05-31": "4.29020", "2013-05-31": "4.31650", "2012-05-31": "5.63330", "2011-05-31": "5.25870", "2010-05-31": "5.61130", "2009-05-31": "5.25390", "2008-05-31": "4.46240", "2007-05-31": "4.79960", "2006-05-31": "3.61870", "2005-05-31": "3.97020"}, "Receiveable Turnover": {"2020-05-31": "12.84200", "2019-05-31": "11.65780", "2018-05-31": "13.94150", "2017-05-31": "13.89230", "2016-05-31": "13.32730", "2015-05-31": "12.22460", "2014-05-31": "11.18500", "2013-05-31": "10.52780", "2012-05-31": "14.41510", "2011-05-31": "14.58220", "2010-05-31": "14.14180", "2009-05-31": "16.34930", "2008-05-31": "12.62990", "2007-05-31": "12.80770", "2006-05-31": "8.70160", "2005-05-31": "9.02900"}, "Days Sales In Receivables": {"2020-05-31": "28.42240", "2019-05-31": "31.30960", "2018-05-31": "26.18080", "2017-05-31": "26.27360", "2016-05-31": "27.38730", "2015-05-31": "29.85780", "2014-05-31": "32.63300", "2013-05-31": "34.67000", "2012-05-31": "25.32060", "2011-05-31": "25.03060", "2010-05-31": "25.81000", "2009-05-31": "22.32520", "2008-05-31": "28.89960", "2007-05-31": "28.49850", "2006-05-31": "41.94610", "2005-05-31": "40.42520"}, "ROE - Return On Equity": {"2020-05-31": "10.58780", "2019-05-31": "9.11480", "2018-05-31": "21.22930", "2017-05-31": "13.38960", "2016-05-31": "3.38620", "2015-05-31": "9.78960", "2014-05-31": "11.67460", "2013-05-31": "13.02260", "2012-05-31": "10.31530", "2011-05-31": "17.76680", "2010-05-31": "12.78780", "2009-05-31": "13.03140", "2008-05-31": "9.20110", "2007-05-31": "10.50860", "2006-05-31": "9.96990", "2005-05-31": "11.49730"}, "Return On Tangible Equity": {"2020-05-31": "-10.79050", "2019-05-31": "-7.99320", "2018-05-31": "-39.60570", "2017-05-31": "-37.88510", "2016-05-31": "-7.35380", "2015-05-31": "-37.38720", "2014-05-31": "-11.01050", "2013-05-31": "-10.79890", "2012-05-31": "-69.74220", "2011-05-31": "634.27250", "2010-05-31": "125.00990", "2009-05-31": "152.88270", "2008-05-31": "47.19390", "2007-05-31": "119.41490", "2006-05-31": "114.49730", "2005-05-31": "92.05800"}, "ROA - Return On Assets": {"2020-05-31": "3.77420", "2019-05-31": "3.06250", "2018-05-31": "7.67600", "2017-05-31": "5.40790", "2016-05-31": "0.95960", "2015-05-31": "2.58810", "2014-05-31": "3.23610", "2013-05-31": "3.42260", "2012-05-31": "4.08940", "2011-05-31": "7.28300", "2010-05-31": "5.36970", "2009-05-31": "5.55570", "2008-05-31": "3.58930", "2007-05-31": "4.06910", "2006-05-31": "3.87290", "2005-05-31": "4.28360"}, "ROI - Return On Investment": {"2020-05-31": "4.99540", "2019-05-31": "3.75450", "2018-05-31": "11.41230", "2017-05-31": "7.97430", "2016-05-31": "1.48110", "2015-05-31": "3.92480", "2014-05-31": "4.44170", "2013-05-31": "4.90110", "2012-05-31": "6.32760", "2011-05-31": "11.00970", "2010-05-31": "7.72870", "2009-05-31": "7.52420", "2008-05-31": "5.62910", "2007-05-31": "6.01890", "2006-05-31": "5.93990", "2005-05-31": "6.06720"}, "Book Value Per Share": {"2020-05-31": "16.32040", "2019-05-31": "15.35470", "2018-05-31": "9.22680", "2017-05-31": "9.79020", "2016-05-31": "8.66260", "2015-05-31": "10.76590", "2014-05-31": "12.69260", "2013-05-31": "12.78530", "2012-05-31": "11.12820", "2011-05-31": "11.39290", "2010-05-31": "11.14460", "2009-05-31": "10.68910", "2008-05-31": "11.01920", "2007-05-31": "9.35710", "2006-05-31": "9.10230", "2005-05-31": "9.38110"}, "Operating Cash Flow Per Share": {"2020-05-31": 1.2454, "2019-05-31": 0.1836, "2018-05-31": -0.3417, "2017-05-31": -0.1877, "2016-05-31": -0.6169, "2015-05-31": -0.1807, "2014-05-31": 0.2875, "2013-05-31": 0.8668, "2012-05-31": -0.5988, "2011-05-31": -0.1802, "2010-05-31": 3.0216, "2009-05-31": 0.0835, "2008-05-31": -1.6623, "2007-05-31": -0.2006, "2006-05-31": -0.0886, "2005-05-31": 2.1403}, "Free Cash Flow Per Share": {"2020-05-31": 1.2597, "2019-05-31": 0.0397, "2018-05-31": -0.4147, "2017-05-31": -0.1613, "2016-05-31": -0.62, "2015-05-31": 0.256, "2014-05-31": 0.2714, "2013-05-31": 0.6772, "2012-05-31": -0.3482, "2011-05-31": -0.3291, "2010-05-31": 3.0436, "2009-05-31": -0.0057, "2008-05-31": -1.8612, "2007-05-31": -0.3766, "2006-05-31": 0.0301, "2005-05-31": 1.5827}}, "financial ratios, quarterly": {"Current Ratio": {"2020-11-30": "0.83480", "2020-08-31": "0.94620", "2020-05-31": "0.87790", "2020-02-29": "0.86640", "2019-11-30": "0.88430", "2019-08-31": "1.11350", "2019-05-31": "1.27590", "2019-02-28": "1.31420", "2018-11-30": "1.46580", "2018-08-31": "0.84100", "2018-05-31": "0.82990", "2018-02-28": "1.03390", "2017-11-30": "1.11130", "2017-08-31": "1.03480", "2017-05-31": "1.17010", "2017-02-28": "1.62250", "2016-11-30": "1.91650", "2016-08-31": "1.44080", "2016-05-31": "1.41240", "2016-02-29": "1.34860", "2015-11-30": "0.98960", "2015-08-31": "0.96230", "2015-05-31": "1.07650", "2015-02-28": "1.05550", "2014-11-30": "1.20870", "2014-08-31": "1.27290", "2014-05-31": "1.60110", "2014-02-28": "1.39500", "2013-11-30": "1.27510", "2013-08-31": "1.28700", "2013-05-31": "1.28770", "2013-02-28": "1.50360", "2012-11-30": "1.70200", "2012-08-31": "1.33980", "2012-05-31": "1.44650", "2012-02-29": "1.75850", "2011-11-30": "1.71050", "2011-08-31": "1.75370", "2011-05-31": "1.83440", "2011-02-28": "1.75200", "2010-11-30": "1.83940", "2010-08-31": "1.91770", "2010-05-31": "1.94480", "2010-02-28": "2.00100", "2009-11-30": "1.91880", "2009-08-31": "2.15790", "2009-05-31": "2.11970", "2009-02-28": "1.60570", "2008-11-30": "1.43740", "2008-08-31": "1.49090", "2008-05-31": "1.66570", "2008-02-29": "1.68650", "2007-11-30": "1.70620", "2007-08-31": "1.83730", "2007-05-31": "1.86730", "2007-02-28": "1.79880", "2006-11-30": "1.93430", "2006-08-31": "1.67950", "2006-05-31": "1.61570", "2006-02-28": "1.61700", "2005-11-30": "1.47130", "2005-08-31": "1.93730", "2005-05-31": "1.80880", "2005-02-28": "1.66820"}, "Long-term Debt / Capital": {"2020-11-30": "0.49430", "2020-08-31": "0.52040", "2020-05-31": "0.52820", "2020-02-29": "0.53630", "2019-11-30": "0.54730", "2019-08-31": "0.57870", "2019-05-31": "0.58810", "2019-02-28": "0.59850", "2018-11-30": "0.61250", "2018-08-31": "0.45880", "2018-05-31": "0.46240", "2018-02-28": "0.45910", "2017-11-30": "0.46280", "2017-08-31": "0.41610", "2017-05-31": "0.40440", "2017-02-28": "0.39770", "2016-11-30": "0.41520", "2016-08-31": "0.53950", "2016-05-31": "0.56260", "2016-02-29": "0.56780", "2015-11-30": "0.64550", "2015-08-31": "0.64650", "2015-05-31": "0.59910", "2015-02-28": "0.60390", "2014-11-30": "0.57560", "2014-08-31": "0.57930", "2014-05-31": "0.61950", "2014-02-28": "0.60510", "2013-11-30": "0.61200", "2013-08-31": "0.61800", "2013-05-31": "0.62360", "2013-02-28": "0.65770", "2012-11-30": "0.43440", "2012-08-31": "0.38080", "2012-05-31": "0.38660", "2012-02-29": "0.35770", "2011-11-30": "0.37780", "2011-08-31": "0.37640", "2011-05-31": "0.38030", "2011-02-28": "0.38340", "2010-11-30": "0.36770", "2010-08-31": "0.39550", "2010-05-31": "0.39560", "2010-02-28": "0.38450", "2009-11-30": "0.39270", "2009-08-31": "0.41960", "2009-05-31": "0.42260", "2009-02-28": "0.38590", "2008-11-30": "0.39000", "2008-08-31": "0.38970", "2008-05-31": "0.38820", "2008-02-29": "0.40110", "2007-11-30": "0.41250", "2007-08-31": "0.42660", "2007-05-31": "0.42720", "2007-02-28": "0.42410", "2006-11-30": "0.42710", "2006-08-31": "0.40110", "2006-05-31": "0.40420", "2006-02-28": "0.41160", "2005-11-30": "0.40610", "2005-08-31": "0.46550", "2005-05-31": "0.47230", "2005-02-28": "0.47090"}, "Debt/Equity Ratio": {"2020-11-30": "1.09410", "2020-08-31": "1.17290", "2020-05-31": "1.22600", "2020-02-29": "1.27400", "2019-11-30": "1.36140", "2019-08-31": "1.40080", "2019-05-31": "1.43060", "2019-02-28": "1.49330", "2018-11-30": "1.58330", "2018-08-31": "1.00790", "2018-05-31": "1.01580", "2018-02-28": "0.96140", "2017-11-30": "0.93170", "2017-08-31": "0.84720", "2017-05-31": "0.73480", "2017-02-28": "0.69100", "2016-11-30": "0.76260", "2016-08-31": "1.30910", "2016-05-31": "1.43740", "2016-02-29": "1.47350", "2015-11-30": "2.24920", "2015-08-31": "2.28490", "2015-05-31": "1.71460", "2015-02-28": "1.84420", "2014-11-30": "1.49930", "2014-08-31": "1.47720", "2014-05-31": "1.67060", "2014-02-28": "1.66000", "2013-11-30": "1.72420", "2013-08-31": "1.77660", "2013-05-31": "1.78810", "2013-02-28": "2.06220", "2012-11-30": "0.76980", "2012-08-31": "0.67840", "2012-05-31": "0.64740", "2012-02-29": "0.56590", "2011-11-30": "0.61740", "2011-08-31": "0.68340", "2011-05-31": "0.69150", "2011-02-28": "0.69950", "2010-11-30": "0.65360", "2010-08-31": "0.70690", "2010-05-31": "0.70750", "2010-02-28": "0.67530", "2009-11-30": "0.69910", "2009-08-31": "0.72690", "2009-05-31": "0.73780", "2009-02-28": "0.73160", "2008-11-30": "0.76850", "2008-08-31": "0.70980", "2008-05-31": "0.74970", "2008-02-29": "0.75160", "2007-11-30": "0.77240", "2007-08-31": "0.76290", "2007-05-31": "0.75450", "2007-02-28": "0.74570", "2006-11-30": "0.75100", "2006-08-31": "0.76110", "2006-05-31": "0.77120", "2006-02-28": "0.78790", "2005-11-30": "0.86900", "2005-08-31": "0.89710", "2005-05-31": "0.92090", "2005-02-28": "0.92540"}, "Gross Margin": {"2020-11-30": "29.67750", "2020-08-31": "30.24380", "2020-05-31": "28.06660", "2020-02-29": "26.78670", "2019-11-30": "28.28630", "2019-08-31": "27.79520", "2019-05-31": "27.09320", "2019-02-28": "27.78990", "2018-11-30": "28.40960", "2018-08-31": "28.10180", "2018-05-31": "29.26460", "2018-02-28": "30.02260", "2017-11-30": "30.28900", "2017-08-31": "28.76620", "2017-05-31": "28.50620", "2017-02-28": "31.34460", "2016-11-30": "31.00460", "2016-08-31": "28.72970", "2016-05-31": "33.58250", "2016-02-29": "28.18170", "2015-11-30": "28.31950", "2015-08-31": "25.08500", "2015-05-31": "100.35200", "2015-02-28": "24.76530", "2014-11-30": "24.14550", "2014-08-31": "21.38260", "2014-05-31": "21.30370", "2014-02-28": "23.38560", "2013-11-30": "22.73820", "2013-08-31": "21.31710", "2013-05-31": "29.30930", "2013-02-28": "22.71640", "2012-11-30": "23.11650", "2012-08-31": "26.30290", "2012-05-31": "19.49330", "2012-02-29": "23.16260", "2011-11-30": "21.97160", "2011-08-31": "19.19300", "2011-05-31": "21.07500", "2011-02-28": "25.38120", "2010-11-30": "24.14620", "2010-08-31": "23.22510", "2010-05-31": "24.05610", "2010-02-28": "25.69210", "2009-11-30": "27.17980", "2009-08-31": "24.46730", "2009-05-31": "26.07190", "2009-02-28": "23.66080", "2008-11-30": "21.11200", "2008-08-31": "19.35220", "2008-05-31": "21.48050", "2008-02-29": "23.91970", "2007-11-30": "25.14910", "2007-08-31": "23.60840", "2007-05-31": "24.60140", "2007-02-28": "26.55570", "2006-11-30": "26.23430", "2006-08-31": "24.65970", "2006-05-31": "24.49530", "2006-02-28": "25.13800", "2005-11-30": "24.36380", "2005-08-31": "25.08420", "2005-05-31": "43.67710", "2005-02-28": "25.76640"}, "Operating Margin": {"2020-11-30": "18.19240", "2020-08-31": "19.54910", "2020-05-31": "11.05570", "2020-02-29": "14.90800", "2019-11-30": "15.57720", "2019-08-31": "11.42760", "2019-05-31": "12.19580", "2019-02-28": "15.81030", "2018-11-30": "8.37350", "2018-08-31": "14.63150", "2018-05-31": "6.81010", "2018-02-28": "13.46700", "2017-11-30": "16.14980", "2017-08-31": "15.51930", "2017-05-31": "5.97310", "2017-02-28": "13.69370", "2016-11-30": "10.99410", "2016-08-31": "16.50670", "2016-05-31": "-18.96880", "2016-02-29": "7.85700", "2015-11-30": "7.83450", "2015-08-31": "10.58000", "2015-05-31": "-4.04720", "2015-02-28": "12.37230", "2014-11-30": "11.64710", "2014-08-31": "7.12990", "2014-05-31": "-7.78400", "2014-02-28": "9.83460", "2013-11-30": "9.63490", "2013-08-31": "6.83570", "2013-05-31": "9.74290", "2013-02-28": "6.76090", "2012-11-30": "9.86800", "2012-08-31": "12.66090", "2012-05-31": "-3.40490", "2012-02-29": "12.65900", "2011-11-30": "9.18200", "2011-08-31": "6.09920", "2011-05-31": "13.28270", "2011-02-28": "12.51710", "2010-11-30": "10.53850", "2010-08-31": "8.60460", "2010-05-31": "0.99070", "2010-02-28": "11.89240", "2009-11-30": "12.46730", "2009-08-31": "9.85000", "2009-05-31": "8.89410", "2009-02-28": "10.07040", "2008-11-30": "9.14910", "2008-08-31": "7.28940", "2008-05-31": "4.91440", "2008-02-29": "9.50160", "2007-11-30": "8.56940", "2007-08-31": "9.05350", "2007-05-31": "0.40140", "2007-02-28": "11.12940", "2006-11-30": "11.65220", "2006-08-31": "8.39840", "2006-05-31": "-2.36320", "2006-02-28": "7.15280", "2005-11-30": "9.36040", "2005-08-31": "9.48840", "2005-05-31": "10.09550", "2005-02-28": "9.09190"}, "EBIT Margin": {"2020-11-30": "18.19240", "2020-08-31": "19.54910", "2020-05-31": "11.05570", "2020-02-29": "14.90800", "2019-11-30": "15.57720", "2019-08-31": "11.42760", "2019-05-31": "12.19580", "2019-02-28": "15.81030", "2018-11-30": "8.37350", "2018-08-31": "14.63150", "2018-05-31": "6.81010", "2018-02-28": "13.46700", "2017-11-30": "16.14980", "2017-08-31": "15.51930", "2017-05-31": "5.97300", "2017-02-28": "13.69370", "2016-11-30": "10.99410", "2016-08-31": "16.50670", "2016-05-31": "-18.96880", "2016-02-29": "7.85700", "2015-11-30": "7.83450", "2015-08-31": "10.58000", "2015-05-31": "-4.04730", "2015-02-28": "12.37230", "2014-11-30": "11.64710", "2014-08-31": "7.12990", "2014-05-31": "-7.78400", "2014-02-28": "9.83460", "2013-11-30": "9.63490", "2013-08-31": "6.83570", "2013-05-31": "9.74290", "2013-02-28": "6.76090", "2012-11-30": "9.86800", "2012-08-31": "12.66090", "2012-05-31": "-3.40480", "2012-02-29": "12.65900", "2011-11-30": "9.18200", "2011-08-31": "6.09920", "2011-05-31": "13.28270", "2011-02-28": "12.51710", "2010-11-30": "10.53850", "2010-08-31": "8.60460", "2010-05-31": "0.99070", "2010-02-28": "11.89240", "2009-11-30": "12.46730", "2009-08-31": "9.85000", "2009-05-31": "8.89410", "2009-02-28": "10.07040", "2008-11-30": "9.14910", "2008-08-31": "7.28940", "2008-05-31": "4.91440", "2008-02-29": "9.50160", "2007-11-30": "8.56940", "2007-08-31": "9.05350", "2007-05-31": "0.40140", "2007-02-28": "11.12940", "2006-11-30": "11.65220", "2006-08-31": "8.39840", "2006-05-31": "-2.36320", "2006-02-28": "7.15280", "2005-11-30": "9.36040", "2005-08-31": "9.48840", "2005-05-31": "10.09550", "2005-02-28": "9.09190"}, "EBITDA Margin": {"2020-11-30": "", "2020-08-31": "", "2020-05-31": "", "2020-02-29": "", "2019-11-30": "", "2019-08-31": "", "2019-05-31": "", "2019-02-28": "", "2018-11-30": "", "2018-08-31": "", "2018-05-31": "", "2018-02-28": "", "2017-11-30": "", "2017-08-31": "", "2017-05-31": "", "2017-02-28": "", "2016-11-30": "", "2016-08-31": "", "2016-05-31": "", "2016-02-29": "", "2015-11-30": "", "2015-08-31": "", "2015-05-31": "", "2015-02-28": "", "2014-11-30": "", "2014-08-31": "", "2014-05-31": "", "2014-02-28": "", "2013-11-30": "", "2013-08-31": "", "2013-05-31": "", "2013-02-28": "", "2012-11-30": "", "2012-08-31": "", "2012-05-31": "", "2012-02-29": "", "2011-11-30": "", "2011-08-31": "", "2011-05-31": "", "2011-02-28": "", "2010-11-30": "", "2010-08-31": "", "2010-05-31": "", "2010-02-28": "", "2009-11-30": "", "2009-08-31": "", "2009-05-31": "", "2009-02-28": "", "2008-11-30": "", "2008-08-31": "", "2008-05-31": "", "2008-02-29": "", "2007-11-30": "", "2007-08-31": "", "2007-05-31": "", "2007-02-28": "", "2006-11-30": "", "2006-08-31": "", "2006-05-31": "", "2006-02-28": "", "2005-11-30": "", "2005-08-31": "", "2005-05-31": "", "2005-02-28": ""}, "Pre-Tax Profit Margin": {"2020-11-30": "14.59670", "2020-08-31": "15.30480", "2020-05-31": "7.24470", "2020-02-29": "10.30140", "2019-11-30": "11.27340", "2019-08-31": "6.29520", "2019-05-31": "7.18660", "2019-02-28": "10.97480", "2018-11-30": "4.99220", "2018-08-31": "11.96030", "2018-05-31": "4.54680", "2018-02-28": "11.47160", "2017-11-30": "14.40140", "2017-08-31": "13.50180", "2017-05-31": "3.95870", "2017-02-28": "11.38700", "2016-11-30": "8.40360", "2016-08-31": "13.43640", "2016-05-31": "-23.53750", "2016-02-29": "4.38320", "2015-11-30": "4.47690", "2015-08-31": "7.70690", "2015-05-31": "-42.05890", "2015-02-28": "9.62750", "2014-11-30": "9.13790", "2014-08-31": "4.11510", "2014-05-31": "-10.13540", "2014-02-28": "7.42790", "2013-11-30": "7.37250", "2013-08-31": "4.25750", "2013-05-31": "5.79430", "2013-02-28": "4.91940", "2012-11-30": "8.43530", "2012-08-31": "11.16800", "2012-05-31": "-4.89980", "2012-02-29": "11.19550", "2011-11-30": "7.70760", "2011-08-31": "4.39570", "2011-05-31": "11.61560", "2011-02-28": "10.87450", "2010-11-30": "9.46780", "2010-08-31": "7.27450", "2010-05-31": "-0.30350", "2010-02-28": "10.58240", "2009-11-30": "11.16090", "2009-08-31": "8.41560", "2009-05-31": "7.13800", "2009-02-28": "8.72640", "2008-11-30": "7.83590", "2008-08-31": "5.65030", "2008-05-31": "2.37080", "2008-02-29": "7.24460", "2007-11-30": "6.46180", "2007-08-31": "6.96270", "2007-05-31": "-2.57000", "2007-02-28": "9.20710", "2006-11-30": "9.96540", "2006-08-31": "6.24120", "2006-05-31": "-5.96340", "2006-02-28": "4.74880", "2005-11-30": "7.07530", "2005-08-31": "19.10020", "2005-05-31": "3.07640", "2005-02-28": "13.35850"}, "Net Profit Margin": {"2020-11-30": "12.65020", "2020-08-31": "12.28120", "2020-05-31": "6.12550", "2020-02-29": "8.00000", "2019-11-30": "9.23500", "2019-08-31": "7.26980", "2019-05-31": "4.84080", "2019-02-28": "8.93950", "2018-11-30": "5.52080", "2018-08-31": "9.71430", "2018-05-31": "3.53980", "2018-02-28": "18.19000", "2017-11-30": "10.28340", "2017-08-31": "8.45250", "2017-05-31": "8.12700", "2017-02-28": "9.07030", "2016-11-30": "5.84660", "2016-08-31": "9.82270", "2016-05-31": "9.23650", "2016-02-29": "9.14380", "2015-11-30": "6.56690", "2015-08-31": "-41.29310", "2015-05-31": "92.60880", "2015-02-28": "-32.83120", "2014-11-30": "0.30290", "2014-08-31": "17.44120", "2014-05-31": "-8.18810", "2014-02-28": "5.92300", "2013-11-30": "5.88240", "2013-08-31": "3.87270", "2013-05-31": "7.34460", "2013-02-28": "3.13010", "2012-11-30": "5.66650", "2012-08-31": "7.56140", "2012-05-31": "-2.54850", "2012-02-29": "8.24500", "2011-11-30": "5.23060", "2011-08-31": "3.01100", "2011-05-31": "7.70120", "2011-02-28": "6.83790", "2010-11-30": "6.38280", "2010-08-31": "5.22060", "2010-05-31": "-0.77380", "2010-02-28": "7.57630", "2009-11-30": "7.73200", "2009-08-31": "5.74780", "2009-05-31": "5.99230", "2009-02-28": "6.18240", "2008-11-30": "5.16960", "2008-08-31": "14.47410", "2008-05-31": "7.39910", "2008-02-29": "10.45920", "2007-11-30": "8.29490", "2007-08-31": "6.69180", "2007-05-31": "10.70350", "2007-02-28": "6.59950", "2006-11-30": "6.90580", "2006-08-31": "6.20030", "2006-05-31": "3.45430", "2006-02-28": "-0.88060", "2005-11-30": "5.07990", "2005-08-31": "12.98900", "2005-05-31": "8.24970", "2005-02-28": "5.99720"}, "Asset Turnover": {"2020-11-30": "0.13450", "2020-08-31": "0.11970", "2020-05-31": "0.14740", "2020-02-29": "0.11510", "2019-11-30": "0.12540", "2019-08-31": "0.10690", "2019-05-31": "0.11760", "2019-02-28": "0.11910", "2018-11-30": "0.10360", "2018-08-31": "0.17500", "2018-05-31": "0.18920", "2018-02-28": "0.19060", "2017-11-30": "0.20900", "2017-08-31": "0.17640", "2017-05-31": "0.18440", "2017-02-28": "0.18870", "2016-11-30": "0.18280", "2016-08-31": "0.14770", "2016-05-31": "0.09790", "2016-02-29": "0.16680", "2015-11-30": "0.14750", "2015-08-31": "0.17650", "2015-05-31": "0.01300", "2015-02-28": "0.16270", "2014-11-30": "0.16080", "2014-08-31": "0.14260", "2014-05-31": "0.20490", "2014-02-28": "0.19320", "2013-11-30": "0.20310", "2013-08-31": "0.18150", "2013-05-31": "0.12770", "2013-02-28": "0.18160", "2012-11-30": "0.29760", "2012-08-31": "0.27680", "2012-05-31": "0.29700", "2012-02-29": "0.28910", "2011-11-30": "0.29900", "2011-08-31": "0.26750", "2011-05-31": "0.28860", "2011-02-28": "0.27380", "2010-11-30": "0.27130", "2010-08-31": "0.24080", "2010-05-31": "0.25540", "2010-02-28": "0.25800", "2009-11-30": "0.26800", "2009-08-31": "0.25700", "2009-05-31": "0.26330", "2009-02-28": "0.27420", "2008-11-30": "0.27630", "2008-08-31": "0.26520", "2008-05-31": "0.19880", "2008-02-29": "0.22060", "2007-11-30": "0.23030", "2007-08-31": "0.21910", "2007-05-31": "0.15160", "2007-02-28": "0.23760", "2006-11-30": "0.25000", "2006-08-31": "0.22420", "2006-05-31": "0.14320", "2006-02-28": "0.23160", "2005-11-30": "0.22560", "2005-08-31": "0.20280", "2005-05-31": "0.09470", "2005-02-28": "0.20540"}, "Inventory Turnover Ratio": {"2020-11-30": "1.29790", "2020-08-31": "1.18300", "2020-05-31": "1.72910", "2020-02-29": "1.13610", "2019-11-30": "1.14260", "2019-08-31": "0.98320", "2019-05-31": "1.23000", "2019-02-28": "1.19300", "2018-11-30": "0.98660", "2018-08-31": "1.18980", "2018-05-31": "1.40670", "2018-02-28": "1.37280", "2017-11-30": "1.43040", "2017-08-31": "1.20250", "2017-05-31": "1.43440", "2017-02-28": "1.29990", "2016-11-30": "1.29380", "2016-08-31": "0.82480", "2016-05-31": "0.83400", "2016-02-29": "0.86050", "2015-11-30": "0.85580", "2015-08-31": "1.14580", "2015-05-31": "-0.00050", "2015-02-28": "0.91910", "2014-11-30": "0.93930", "2014-08-31": "0.98280", "2014-05-31": "1.50020", "2014-02-28": "1.21030", "2013-11-30": "1.17480", "2013-08-31": "1.14660", "2013-05-31": "0.78700", "2013-02-28": "1.11880", "2012-11-30": "1.27410", "2012-08-31": "1.17810", "2012-05-31": "1.46330", "2012-02-29": "1.30280", "2011-11-30": "1.31780", "2011-08-31": "1.38230", "2011-05-31": "1.44120", "2011-02-28": "1.21280", "2010-11-30": "1.20930", "2010-08-31": "1.21690", "2010-05-31": "1.42490", "2010-02-28": "1.11410", "2009-11-30": "1.02980", "2009-08-31": "1.08280", "2009-05-31": "1.18310", "2009-02-28": "1.10990", "2008-11-30": "1.12740", "2008-08-31": "1.20830", "2008-05-31": "1.10900", "2008-02-29": "1.05730", "2007-11-30": "1.07820", "2007-08-31": "1.10480", "2007-05-31": "0.83230", "2007-02-28": "0.76010", "2006-11-30": "0.88050", "2006-08-31": "0.95410", "2006-05-31": "0.60730", "2006-02-28": "0.87020", "2005-11-30": "0.92700", "2005-08-31": "0.87230", "2005-05-31": "0.32300", "2005-02-28": "0.84970"}, "Receiveable Turnover": {"2020-11-30": "3.15780", "2020-08-31": "3.31630", "2020-05-31": "3.81960", "2020-02-29": "2.99110", "2019-11-30": "2.97680", "2019-08-31": "3.07960", "2019-05-31": "3.19380", "2019-02-28": "3.11090", "2018-11-30": "2.48790", "2018-08-31": "3.06140", "2018-05-31": "3.45310", "2018-02-28": "3.30540", "2017-11-30": "3.17840", "2017-08-31": "3.12630", "2017-05-31": "3.30440", "2017-02-28": "3.29430", "2016-11-30": "2.98560", "2016-08-31": "2.23800", "2016-05-31": "2.01680", "2016-02-29": "2.58860", "2015-11-30": "2.63730", "2015-08-31": "3.33800", "2015-05-31": "0.30760", "2015-02-28": "2.76700", "2014-11-30": "2.61130", "2014-08-31": "2.55740", "2014-05-31": "3.74090", "2014-02-28": "3.09450", "2013-11-30": "2.98290", "2013-08-31": "2.98190", "2013-05-31": "2.03690", "2013-02-28": "3.14430", "2012-11-30": "3.59140", "2012-08-31": "3.42600", "2012-05-31": "3.67440", "2012-02-29": "3.59480", "2011-11-30": "3.53060", "2011-08-31": "3.36800", "2011-05-31": "3.87690", "2011-02-28": "3.58310", "2010-11-30": "3.48750", "2010-08-31": "3.28640", "2010-05-31": "3.52870", "2010-02-28": "3.45430", "2009-11-30": "3.59810", "2009-08-31": "3.25730", "2009-05-31": "3.85990", "2009-02-28": "3.51520", "2008-11-30": "3.34500", "2008-08-31": "3.17950", "2008-05-31": "3.05480", "2008-02-29": "3.26590", "2007-11-30": "3.08350", "2007-08-31": "2.97480", "2007-05-31": "2.19020", "2007-02-28": "2.44340", "2006-11-30": "2.76890", "2006-08-31": "2.32560", "2006-05-31": "1.45470", "2006-02-28": "2.47540", "2005-11-30": "2.30670", "2005-08-31": "2.13510", "2005-05-31": "0.97970", "2005-02-28": "2.03730"}, "Days Sales In Receivables": {"2020-11-30": "28.50060", "2020-08-31": "27.13880", "2020-05-31": "23.56280", "2020-02-29": "30.08920", "2019-11-30": "30.23400", "2019-08-31": "29.22450", "2019-05-31": "28.17920", "2019-02-28": "28.93060", "2018-11-30": "36.17440", "2018-08-31": "29.39820", "2018-05-31": "26.06350", "2018-02-28": "27.22790", "2017-11-30": "28.31600", "2017-08-31": "28.78780", "2017-05-31": "27.23640", "2017-02-28": "27.31980", "2016-11-30": "30.14510", "2016-08-31": "40.21420", "2016-05-31": "44.62590", "2016-02-29": "34.76740", "2015-11-30": "34.12580", "2015-08-31": "26.96230", "2015-05-31": "292.60850", "2015-02-28": "32.52610", "2014-11-30": "34.46600", "2014-08-31": "35.19220", "2014-05-31": "24.05820", "2014-02-28": "29.08420", "2013-11-30": "30.17200", "2013-08-31": "30.18170", "2013-05-31": "44.18500", "2013-02-28": "28.62360", "2012-11-30": "25.05960", "2012-08-31": "26.26990", "2012-05-31": "24.49370", "2012-02-29": "25.03620", "2011-11-30": "25.49170", "2011-08-31": "26.72210", "2011-05-31": "23.21470", "2011-02-28": "25.11790", "2010-11-30": "25.80620", "2010-08-31": "27.38540", "2010-05-31": "25.50500", "2010-02-28": "26.05410", "2009-11-30": "25.01340", "2009-08-31": "27.63020", "2009-05-31": "23.31650", "2009-02-28": "25.60320", "2008-11-30": "26.90560", "2008-08-31": "28.30590", "2008-05-31": "29.46190", "2008-02-29": "27.55760", "2007-11-30": "29.18780", "2007-08-31": "30.25410", "2007-05-31": "41.09150", "2007-02-28": "36.83390", "2006-11-30": "32.50400", "2006-08-31": "38.70010", "2006-05-31": "61.86780", "2006-02-28": "36.35790", "2005-11-30": "39.01600", "2005-08-31": "42.15240", "2005-05-31": "91.86530", "2005-02-28": "44.17550"}, "ROE - Return On Equity": {"2020-11-30": "4.48080", "2020-08-31": "4.02240", "2020-05-31": "2.53190", "2020-02-29": "2.60300", "2019-11-30": "3.40030", "2019-08-31": "2.31880", "2019-05-31": "1.67750", "2019-02-28": "3.25570", "2018-11-30": "1.83890", "2018-08-31": "4.67100", "2018-05-31": "1.87940", "2018-02-28": "9.16660", "2017-11-30": "5.91840", "2017-08-31": "3.95610", "2017-05-31": "3.76670", "2017-02-28": "4.17030", "2016-11-30": "2.52500", "2016-08-31": "2.59500", "2016-05-31": "-5.01740", "2016-02-29": "1.91290", "2015-11-30": "2.27900", "2015-08-31": "4.86010", "2015-05-31": "-1.64640", "2015-02-28": "4.67770", "2014-11-30": "3.86730", "2014-08-31": "1.67350", "2014-05-31": "-7.39840", "2014-02-28": "3.95430", "2013-11-30": "3.78300", "2013-08-31": "2.44690", "2013-05-31": "1.96530", "2013-02-28": "2.39860", "2012-11-30": "4.62740", "2012-08-31": "5.43200", "2012-05-31": "-1.98190", "2012-02-29": "5.47930", "2011-11-30": "3.90600", "2011-08-31": "1.98720", "2011-05-31": "5.57440", "2011-02-28": "4.88080", "2010-11-30": "4.06330", "2010-08-31": "2.91730", "2010-05-31": "0.17250", "2010-02-28": "4.28020", "2009-11-30": "4.77070", "2009-08-31": "3.39600", "2009-05-31": "3.04390", "2009-02-28": "3.92370", "2008-11-30": "3.60450", "2008-08-31": "2.25390", "2008-05-31": "1.08670", "2008-02-29": "3.32440", "2007-11-30": "2.80160", "2007-08-31": "2.85060", "2007-05-31": "-0.32080", "2007-02-28": "3.99710", "2006-11-30": "4.24900", "2006-08-31": "2.30530", "2006-05-31": "-1.49460", "2006-02-28": "2.00350", "2005-11-30": "2.31190", "2005-08-31": "6.40120", "2005-05-31": "0.43830", "2005-02-28": "3.25870"}, "Return On Tangible Equity": {"2020-11-30": "-5.26890", "2020-08-31": "-4.37200", "2020-05-31": "-2.59960", "2020-02-29": "-2.54010", "2019-11-30": "-3.17110", "2019-08-31": "-2.05780", "2019-05-31": "-1.47100", "2019-02-28": "-2.73810", "2018-11-30": "-1.49290", "2018-08-31": "-9.09370", "2018-05-31": "-3.50620", "2018-02-28": "-17.48100", "2017-11-30": "-11.38310", "2017-08-31": "-9.35050", "2017-05-31": "-10.65780", "2017-02-28": "-14.95090", "2016-11-30": "-11.63000", "2016-08-31": "-5.37480", "2016-05-31": "10.89620", "2016-02-29": "-3.07560", "2015-11-30": "-3.13540", "2015-08-31": "-6.34620", "2015-05-31": "6.28780", "2015-02-28": "-4.39620", "2014-11-30": "-4.30800", "2014-08-31": "-1.82710", "2014-05-31": "6.97760", "2014-02-28": "-3.75730", "2013-11-30": "-3.36630", "2013-08-31": "-2.10140", "2013-05-31": "-1.62970", "2013-02-28": "-1.82870", "2012-11-30": "-30.68570", "2012-08-31": "-34.24620", "2012-05-31": "13.39990", "2012-02-29": "277.91950", "2011-11-30": "182.18910", "2011-08-31": "71.21190", "2011-05-31": "199.00690", "2011-02-28": "313.47430", "2010-11-30": "48.82310", "2010-08-31": "38.11170", "2010-05-31": "1.68580", "2010-02-28": "26.30330", "2009-11-30": "36.25550", "2009-08-31": "34.53390", "2009-05-31": "35.71080", "2009-02-28": "33.35650", "2008-11-30": "36.16300", "2008-08-31": "22.60500", "2008-05-31": "5.57370", "2008-02-29": "21.73910", "2007-11-30": "25.02790", "2007-08-31": "35.50130", "2007-05-31": "-3.64490", "2007-02-28": "43.42260", "2006-11-30": "40.36490", "2006-08-31": "23.35850", "2006-05-31": "-17.16470", "2006-02-28": "15.52770", "2005-11-30": "14.89930", "2005-08-31": "43.21110", "2005-05-31": "3.50960", "2005-02-28": "24.82870"}, "ROA - Return On Assets": {"2020-11-30": "1.70360", "2020-08-31": "1.47380", "2020-05-31": "0.90250", "2020-02-29": "0.92200", "2019-11-30": "1.16260", "2019-08-31": "0.77970", "2019-05-31": "0.56360", "2019-02-28": "1.06750", "2018-11-30": "0.58370", "2018-08-31": "1.69960", "2018-05-31": "0.67950", "2018-02-28": "3.33740", "2017-11-30": "2.15480", "2017-08-31": "1.50210", "2017-05-31": "1.52140", "2017-02-28": "1.70970", "2016-11-30": "1.00040", "2016-08-31": "0.76820", "2016-05-31": "-1.42190", "2016-02-29": "0.54140", "2015-11-30": "0.50080", "2015-08-31": "1.05720", "2015-05-31": "-0.43530", "2015-02-28": "1.18810", "2014-11-30": "1.12140", "2014-08-31": "0.49660", "2014-05-31": "-2.05080", "2014-02-28": "1.10650", "2013-11-30": "1.01220", "2013-08-31": "0.65170", "2013-05-31": "0.51650", "2013-02-28": "0.58230", "2012-11-30": "1.73660", "2012-08-31": "2.11760", "2012-05-31": "-0.78570", "2012-02-29": "2.38940", "2011-11-30": "1.59520", "2011-08-31": "0.80960", "2011-05-31": "2.28510", "2011-02-28": "1.96730", "2010-11-30": "1.73400", "2010-08-31": "1.23030", "2010-05-31": "0.07240", "2010-02-28": "1.88140", "2009-11-30": "2.05590", "2009-08-31": "1.45140", "2009-05-31": "1.29770", "2009-02-28": "1.68300", "2008-11-30": "1.46210", "2008-08-31": "0.93350", "2008-05-31": "0.42390", "2008-02-29": "1.25040", "2007-11-30": "1.05060", "2007-08-31": "1.09500", "2007-05-31": "-0.12420", "2007-02-28": "1.51870", "2006-11-30": "1.62910", "2006-08-31": "0.90470", "2006-05-31": "-0.58060", "2006-02-28": "0.79060", "2005-11-30": "0.87340", "2005-08-31": "2.42140", "2005-05-31": "0.16330", "2005-02-28": "1.18770"}, "ROI - Return On Investment": {"2020-11-30": "2.26580", "2020-08-31": "1.92900", "2020-05-31": "1.19460", "2020-02-29": "1.20710", "2019-11-30": "1.53950", "2019-08-31": "0.97700", "2019-05-31": "0.69100", "2019-02-28": "1.30720", "2018-11-30": "0.71250", "2018-08-31": "2.52810", "2018-05-31": "1.01030", "2018-02-28": "4.95850", "2017-11-30": "3.17950", "2017-08-31": "2.30990", "2017-05-31": "2.24330", "2017-02-28": "2.51190", "2016-11-30": "1.47650", "2016-08-31": "1.19500", "2016-05-31": "-2.19450", "2016-02-29": "0.82680", "2015-11-30": "0.80790", "2015-08-31": "1.71800", "2015-05-31": "-0.66010", "2015-02-28": "1.85290", "2014-11-30": "1.64140", "2014-08-31": "0.70400", "2014-05-31": "-2.81480", "2014-02-28": "1.56160", "2013-11-30": "1.46800", "2013-08-31": "0.93480", "2013-05-31": "0.73970", "2013-02-28": "0.82100", "2012-11-30": "2.61750", "2012-08-31": "3.36360", "2012-05-31": "-1.21580", "2012-02-29": "3.51950", "2011-11-30": "2.43040", "2011-08-31": "1.23910", "2011-05-31": "3.45440", "2011-02-28": "3.00960", "2010-11-30": "2.56910", "2010-08-31": "1.76340", "2010-05-31": "0.10420", "2010-02-28": "2.63460", "2009-11-30": "2.89730", "2009-08-31": "1.97090", "2009-05-31": "1.75750", "2009-02-28": "2.40930", "2008-11-30": "2.19880", "2008-08-31": "1.37550", "2008-05-31": "0.66480", "2008-02-29": "1.99090", "2007-11-30": "1.64590", "2007-08-31": "1.63460", "2007-05-31": "-0.18370", "2007-02-28": "2.30200", "2006-11-30": "2.43430", "2006-08-31": "1.38070", "2006-05-31": "-0.89050", "2006-02-28": "1.17890", "2005-11-30": "1.37310", "2005-08-31": "3.42120", "2005-05-31": "0.23130", "2005-02-28": "1.72420"}, "Book Value Per Share": {"2020-11-30": "17.33500", "2020-08-31": "16.78340", "2020-05-31": "16.32040", "2020-02-29": "16.14510", "2019-11-30": "15.79780", "2019-08-31": "15.44590", "2019-05-31": "15.35470", "2019-02-28": "15.33500", "2018-11-30": "15.03840", "2018-08-31": "9.73860", "2018-05-31": "9.22680", "2018-02-28": "9.68060", "2017-11-30": "9.45060", "2017-08-31": "9.50460", "2017-05-31": "9.79020", "2017-02-28": "10.11560", "2016-11-30": "10.40140", "2016-08-31": "8.67940", "2016-05-31": "8.66260", "2016-02-29": "8.55260", "2015-11-30": "8.09600", "2015-08-31": "7.95640", "2015-05-31": "10.76590", "2015-02-28": "10.62780", "2014-11-30": "13.27750", "2014-08-31": "13.53090", "2014-05-31": "12.69260", "2014-02-28": "13.57650", "2013-11-30": "13.22930", "2013-08-31": "12.92260", "2013-05-31": "12.78530", "2013-02-28": "12.29860", "2012-11-30": "11.64450", "2012-08-31": "11.45850", "2012-05-31": "11.12820", "2012-02-29": "12.29990", "2011-11-30": "11.38040", "2011-08-31": "11.41700", "2011-05-31": "11.39290", "2011-02-28": "11.15240", "2010-11-30": "11.37000", "2010-08-31": "11.17620", "2010-05-31": "11.14460", "2010-02-28": "11.61450", "2009-11-30": "11.25090", "2009-08-31": "10.83800", "2009-05-31": "10.68910", "2009-02-28": "10.93070", "2008-11-30": "10.67930", "2008-08-31": "10.67940", "2008-05-31": "11.01920", "2008-02-29": "10.33310", "2007-11-30": "9.85730", "2007-08-31": "9.43350", "2007-05-31": "9.35710", "2007-02-28": "9.36800", "2006-11-30": "9.38720", "2006-08-31": "9.24270", "2006-05-31": "9.10230", "2006-02-28": "9.39020", "2005-11-30": "9.67970", "2005-08-31": "9.61400", "2005-05-31": "9.38110", "2005-02-28": "9.44760"}, "Operating Cash Flow Per Share": {"2020-11-30": 0.5222, "2020-08-31": "0.58070", "2020-05-31": 1.9167, "2020-02-29": 0.979, "2019-11-30": 0.4512, "2019-08-31": "0.42430", "2019-05-31": 0.9741, "2019-02-28": 0.9308, "2018-11-30": 0.3806, "2018-08-31": "0.24030", "2018-05-31": 0.2495, "2018-02-28": 1.0676, "2017-11-30": 0.7007, "2017-08-31": "0.32440", "2017-05-31": 0.7442, "2017-02-28": 0.7111, "2016-11-30": 0.4924, "2016-08-31": "0.73620", "2016-05-31": 1.1914, "2016-02-29": 0.8761, "2015-11-30": 0.5904, "2015-08-31": "0.21370", "2015-05-31": 1.7756, "2015-02-28": 0.7433, "2014-11-30": 0.4255, "2014-08-31": "0.54410", "2014-05-31": 1.4517, "2014-02-28": 0.9008, "2013-11-30": 0.9767, "2013-08-31": "0.38790", "2013-05-31": 1.5107, "2013-02-28": 0.7085, "2012-11-30": 0.3763, "2012-08-31": "0.78620", "2012-05-31": 0.6592, "2012-02-29": 0.6854, "2011-11-30": 0.4167, "2011-08-31": "0.75360", "2011-05-31": 0.942, "2011-02-28": 1.4491, "2010-11-30": 0.4787, "2010-08-31": "0.24390", "2010-05-31": 0.8257, "2010-02-28": 0.9953, "2009-11-30": 0.8836, "2009-08-31": "0.58930", "2009-05-31": 1.1091, "2009-02-28": 0.5329, "2008-11-30": -0.4381, "2008-08-31": "-0.93160", "2008-05-31": 0.624, "2008-02-29": 0.1024, "2007-11-30": -0.1926, "2007-08-31": "-0.34500", "2007-05-31": 1.413, "2007-02-28": 0.3972, "2006-11-30": -0.7027, "2006-08-31": "0.74360", "2006-05-31": 0.6639, "2006-02-28": 0.4941, "2005-11-30": 0.8887, "2005-08-31": "0.00500", "2005-05-31": 0.9717, "2005-02-28": 1.1686}, "Free Cash Flow Per Share": {"2020-11-30": 0.2455, "2020-08-31": "0.28500", "2020-05-31": 1.714, "2020-02-29": 0.8184, "2019-11-30": 0.3034, "2019-08-31": "0.20780", "2019-05-31": 0.6782, "2019-02-28": 0.7589, "2018-11-30": 0.2813, "2018-08-31": "0.06550", "2018-05-31": 0.0699, "2018-02-28": 0.9331, "2017-11-30": 0.5089, "2017-08-31": "0.23230", "2017-05-31": 0.5537, "2017-02-28": 0.619, "2016-11-30": 0.3768, "2016-08-31": "0.60940", "2016-05-31": 0.9851, "2016-02-29": 0.7462, "2015-11-30": 0.5788, "2015-08-31": "0.01010", "2015-05-31": 1.7482, "2015-02-28": 0.5829, "2014-11-30": 0.2713, "2014-08-31": "0.33780", "2014-05-31": 1.5308, "2014-02-28": 0.5975, "2013-11-30": 0.6007, "2013-08-31": "-0.00980", "2013-05-31": 1.2082, "2013-02-28": 0.4677, "2012-11-30": 0.185, "2012-08-31": "0.55190", "2012-05-31": 0.4313, "2012-02-29": 0.5038, "2011-11-30": 0.2664, "2011-08-31": "0.53410", "2011-05-31": 0.7116, "2011-02-28": 1.0977, "2010-11-30": 0.3178, "2010-08-31": "-0.04330", "2010-05-31": 0.737, "2010-02-28": 0.7353, "2009-11-30": 0.6116, "2009-08-31": "0.32900", "2009-05-31": 0.8776, "2009-02-28": 0.3204, "2008-11-30": -0.6979, "2008-08-31": "-1.13080", "2008-05-31": 0.4247, "2008-02-29": -0.0236, "2007-11-30": -0.4011, "2007-08-31": "-0.62500", "2007-05-31": 1.1324, "2007-02-28": 0.1316, "2006-11-30": -0.7686, "2006-08-31": "0.74080", "2006-05-31": 0.5143, "2006-02-28": 0.4284, "2005-11-30": 0.7648, "2005-08-31": "-0.09470", "2005-05-31": 0.8766, "2005-02-28": 0.7061}}, "revenue": {"CONAGRA BRANDS Annual Revenue (Millions of US $)": {"2020": "$11,054", "2019": "$9,538", "2018": "$7,938", "2017": "$7,827", "2016": "$8,664", "2015": "$9,034", "2014": "$11,838", "2013": "$13,469", "2012": "$13,331", "2011": "$12,386", "2010": "$12,015", "2009": "$12,349", "2008": "$11,248", "2007": "$10,490", "2006": "$10,251", "2005": "$11,384"}, "CONAGRA BRANDS Quarterly Revenue (Millions of US $)": {"2020-11-30": "$2,995", "2020-08-31": "$2,679", "2020-05-31": "$3,288", "2020-02-29": "$2,555", "2019-11-30": "$2,821", "2019-08-31": "$2,391", "2019-05-31": "$2,613", "2019-02-28": "$2,707", "2018-11-30": "$2,384", "2018-08-31": "$1,834", "2018-05-31": "$1,966", "2018-02-28": "$1,995", "2017-11-30": "$2,173", "2017-08-31": "$1,804", "2017-05-31": "$1,862", "2017-02-28": "$1,981", "2016-11-30": "$2,088", "2016-08-31": "$1,896", "2016-05-31": "$1,311", "2016-02-29": "$2,199", "2015-11-30": "$2,359", "2015-08-31": "$2,795", "2015-05-31": "$227", "2015-02-28": "$2,907", "2014-11-30": "$3,136", "2014-08-31": "$2,763", "2014-05-31": "$3,959", "2014-02-28": "$3,947", "2013-11-30": "$4,221", "2013-08-31": "$3,716", "2013-05-31": "$2,606", "2013-02-28": "$3,834", "2012-11-30": "$3,727", "2012-08-31": "$3,302", "2012-05-31": "$3,398", "2012-02-29": "$3,396", "2011-11-30": "$3,432", "2011-08-31": "$3,105", "2011-05-31": "$3,293", "2011-02-28": "$3,141", "2010-11-30": "$3,148", "2010-08-31": "$2,804", "2010-05-31": "$2,998", "2010-02-28": "$3,031", "2009-11-30": "$3,100", "2009-08-31": "$2,886", "2009-05-31": "$2,915", "2009-02-28": "$3,125", "2008-11-30": "$3,252", "2008-08-31": "$3,057", "2008-05-31": "$2,721", "2008-02-29": "$2,955", "2007-11-30": "$2,951", "2007-08-31": "$2,621", "2007-05-31": "$1,794", "2007-02-28": "$2,918", "2006-11-30": "$3,089", "2006-08-31": "$2,689", "2006-05-31": "$1,714", "2006-02-28": "$2,862", "2005-11-30": "$3,002", "2005-08-31": "$2,674", "2005-05-31": "$1,235", "2005-02-28": "$2,756"}}, "gross-profit": {"CONAGRA BRANDS Annual Gross Profit (Millions of US $)": {"2020": "$3,070", "2019": "$2,653", "2018": "$2,352", "2017": "$2,344", "2016": "$2,429", "2015": "$2,296", "2014": "$2,927", "2013": "$3,365", "2012": "$2,799", "2011": "$2,903", "2010": "$3,049", "2009": "$2,778", "2008": "$2,652", "2007": "$2,690", "2006": "$2,541", "2005": "$2,834"}, "CONAGRA BRANDS Quarterly Gross Profit (Millions of US $)": {"2020-11-30": "$889", "2020-08-31": "$810", "2020-05-31": "$923", "2020-02-29": "$684", "2019-11-30": "$798", "2019-08-31": "$665", "2019-05-31": "$708", "2019-02-28": "$752", "2018-11-30": "$677", "2018-08-31": "$516", "2018-05-31": "$575", "2018-02-28": "$599", "2017-11-30": "$658", "2017-08-31": "$519", "2017-05-31": "$531", "2017-02-28": "$621", "2016-11-30": "$648", "2016-08-31": "$545", "2016-05-31": "$440", "2016-02-29": "$620", "2015-11-30": "$668", "2015-08-31": "$701", "2015-05-31": "$228", "2015-02-28": "$720", "2014-11-30": "$757", "2014-08-31": "$591", "2014-05-31": "$844", "2014-02-28": "$923", "2013-11-30": "$960", "2013-08-31": "$792", "2013-05-31": "$764", "2013-02-28": "$871", "2012-11-30": "$862", "2012-08-31": "$869", "2012-05-31": "$662", "2012-02-29": "$787", "2011-11-30": "$754", "2011-08-31": "$596", "2011-05-31": "$694", "2011-02-28": "$797", "2010-11-30": "$760", "2010-08-31": "$651", "2010-05-31": "$721", "2010-02-28": "$779", "2009-11-30": "$843", "2009-08-31": "$706", "2009-05-31": "$760", "2009-02-28": "$739", "2008-11-30": "$687", "2008-08-31": "$592", "2008-05-31": "$584", "2008-02-29": "$707", "2007-11-30": "$742", "2007-08-31": "$619", "2007-05-31": "$441", "2007-02-28": "$775", "2006-11-30": "$810", "2006-08-31": "$663", "2006-05-31": "$420", "2006-02-28": "$719", "2005-11-30": "$731", "2005-08-31": "$671", "2005-05-31": "$540", "2005-02-28": "$710"}}, "operating-income": {"CONAGRA BRANDS Annual Operating Income (Millions of US $)": {"2020": "$1,457", "2019": "$1,215", "2018": "$1,034", "2017": "$925", "2016": "$405", "2015": "$913", "2014": "$1,149", "2013": "$1,299", "2012": "$819", "2011": "$1,404", "2010": "$1,061", "2009": "$1,094", "2008": "$905", "2007": "$918", "2006": "$699", "2005": "$1,116"}, "CONAGRA BRANDS Quarterly Operating Income (Millions of US $)": {"2020-11-30": "$545", "2020-08-31": "$524", "2020-05-31": "$364", "2020-02-29": "$381", "2019-11-30": "$439", "2019-08-31": "$273", "2019-05-31": "$319", "2019-02-28": "$428", "2018-11-30": "$200", "2018-08-31": "$268", "2018-05-31": "$134", "2018-02-28": "$269", "2017-11-30": "$351", "2017-08-31": "$280", "2017-05-31": "$111", "2017-02-28": "$271", "2016-11-30": "$230", "2016-08-31": "$313", "2016-05-31": "$-249", "2016-02-29": "$173", "2015-11-30": "$185", "2015-08-31": "$296", "2015-05-31": "$-9", "2015-02-28": "$360", "2014-11-30": "$365", "2014-08-31": "$197", "2014-05-31": "$-308", "2014-02-28": "$388", "2013-11-30": "$407", "2013-08-31": "$254", "2013-05-31": "$254", "2013-02-28": "$259", "2012-11-30": "$368", "2012-08-31": "$418", "2012-05-31": "$-116", "2012-02-29": "$430", "2011-11-30": "$315", "2011-08-31": "$189", "2011-05-31": "$437", "2011-02-28": "$393", "2010-11-30": "$332", "2010-08-31": "$241", "2010-05-31": "$30", "2010-02-28": "$360", "2009-11-30": "$387", "2009-08-31": "$284", "2009-05-31": "$259", "2009-02-28": "$315", "2008-11-30": "$298", "2008-08-31": "$223", "2008-05-31": "$134", "2008-02-29": "$281", "2007-11-30": "$253", "2007-08-31": "$237", "2007-05-31": "$7", "2007-02-28": "$325", "2006-11-30": "$360", "2006-08-31": "$226", "2006-05-31": "$-41", "2006-02-28": "$205", "2005-11-30": "$281", "2005-08-31": "$254", "2005-05-31": "$125", "2005-02-28": "$251"}}, "ebitda": {"CONAGRA BRANDS Annual EBITDA (Millions of US $)": {"2020": "$1,846", "2019": "$1,548", "2018": "$1,291", "2017": "$1,193", "2016": "$683", "2015": "$1,197", "2014": "$1,503", "2013": "$1,718", "2012": "$1,190", "2011": "$1,765", "2010": "$1,385", "2009": "$1,399", "2008": "$1,192", "2007": "$1,253", "2006": "$999", "2005": "$1,403"}, "CONAGRA BRANDS Quarterly EBITDA (Millions of US $)": {"2020-11-30": "$643", "2020-08-31": "$619", "2020-05-31": "$460", "2020-02-29": "$480", "2019-11-30": "$536", "2019-08-31": "$370", "2019-05-31": "$419", "2019-02-28": "$520", "2018-11-30": "$276", "2018-08-31": "$332", "2018-05-31": "$198", "2018-02-28": "$333", "2017-11-30": "$415", "2017-08-31": "$345", "2017-05-31": "$179", "2017-02-28": "$338", "2016-11-30": "$296", "2016-08-31": "$380", "2016-05-31": "$-181", "2016-02-29": "$242", "2015-11-30": "$234", "2015-08-31": "$387", "2015-05-31": "$-8", "2015-02-28": "$452", "2014-11-30": "$461", "2014-08-31": "$293", "2014-05-31": "$-381", "2014-02-28": "$538", "2013-11-30": "$545", "2013-08-31": "$394", "2013-05-31": "$374", "2013-02-28": "$372", "2012-11-30": "$462", "2012-08-31": "$509", "2012-05-31": "$-22", "2012-02-29": "$521", "2011-11-30": "$410", "2011-08-31": "$281", "2011-05-31": "$534", "2011-02-28": "$483", "2010-11-30": "$420", "2010-08-31": "$327", "2010-05-31": "$113", "2010-02-28": "$442", "2009-11-30": "$467", "2009-08-31": "$363", "2009-05-31": "$328", "2009-02-28": "$397", "2008-11-30": "$376", "2008-08-31": "$299", "2008-05-31": "$200", "2008-02-29": "$355", "2007-11-30": "$327", "2007-08-31": "$310", "2007-05-31": "$75", "2007-02-28": "$416", "2006-11-30": "$447", "2006-08-31": "$315", "2006-05-31": "$33", "2006-02-28": "$283", "2005-11-30": "$355", "2005-08-31": "$328", "2005-05-31": "$201", "2005-02-28": "$290"}}, "net-income": {"CONAGRA BRANDS Annual Net Income (Millions of US $)": {"2020": "$840", "2019": "$678", "2018": "$808", "2017": "$639", "2016": "$-677", "2015": "$-253", "2014": "$303", "2013": "$772", "2012": "$466", "2011": "$816", "2010": "$612", "2009": "$978", "2008": "$931", "2007": "$765", "2006": "$534", "2005": "$642"}, "CONAGRA BRANDS Quarterly Net Income (Millions of US $)": {"2020-11-30": "$379", "2020-08-31": "$329", "2020-05-31": "$201", "2020-02-29": "$204", "2019-11-30": "$261", "2019-08-31": "$174", "2019-05-31": "$127", "2019-02-28": "$242", "2018-11-30": "$132", "2018-08-31": "$178", "2018-05-31": "$70", "2018-02-28": "$363", "2017-11-30": "$224", "2017-08-31": "$153", "2017-05-31": "$151", "2017-02-28": "$180", "2016-11-30": "$122", "2016-08-31": "$186", "2016-05-31": "$121", "2016-02-29": "$201", "2015-11-30": "$155", "2015-08-31": "$-1,154", "2015-05-31": "$211", "2015-02-28": "$-955", "2014-11-30": "$10", "2014-08-31": "$482", "2014-05-31": "$-324", "2014-02-28": "$234", "2013-11-30": "$248", "2013-08-31": "$144", "2013-05-31": "$191", "2013-02-28": "$120", "2012-11-30": "$211", "2012-08-31": "$250", "2012-05-31": "$-87", "2012-02-29": "$280", "2011-11-30": "$180", "2011-08-31": "$94", "2011-05-31": "$254", "2011-02-28": "$215", "2010-11-30": "$201", "2010-08-31": "$146", "2010-05-31": "$-23", "2010-02-28": "$230", "2009-11-30": "$240", "2009-08-31": "$166", "2009-05-31": "$175", "2009-02-28": "$193", "2008-11-30": "$168", "2008-08-31": "$442", "2008-05-31": "$201", "2008-02-29": "$309", "2007-11-30": "$245", "2007-08-31": "$175", "2007-05-31": "$192", "2007-02-28": "$193", "2006-11-30": "$213", "2006-08-31": "$167", "2006-05-31": "$59", "2006-02-28": "$-25", "2005-11-30": "$153", "2005-08-31": "$347", "2005-05-31": "$102", "2005-02-28": "$165"}}, "eps-earnings-per-share-diluted": {"CONAGRA BRANDS Annual EPS": {"2020": "$1.72", "2019": "$1.52", "2018": "$1.98", "2017": "$1.46", "2016": "$-1.56", "2015": "$-0.59", "2014": "$0.70", "2013": "$1.85", "2012": "$1.12", "2011": "$1.88", "2010": "$1.37", "2009": "$2.15", "2008": "$1.90", "2007": "$1.51", "2006": "$1.03", "2005": "$1.23"}, "CONAGRA BRANDS Quarterly EPS": {"2020-11-30": "$0.77", "2020-08-31": "$0.67", "2020-05-31": "$0.41", "2020-02-29": "$0.42", "2019-11-30": "$0.53", "2019-08-31": "$0.36", "2019-05-31": "$0.26", "2019-02-28": "$0.50", "2018-11-30": "$0.31", "2018-08-31": "$0.45", "2018-05-31": "$0.18", "2018-02-28": "$0.90", "2017-11-30": "$0.54", "2017-08-31": "$0.36", "2017-05-31": "$0.35", "2017-02-28": "$0.41", "2016-11-30": "$0.28", "2016-08-31": "$0.42", "2016-05-31": "$0.28", "2016-02-29": "$0.46", "2015-11-30": "$0.35", "2015-08-31": "$-2.65", "2015-05-31": "$0.48", "2015-02-28": "$-2.21", "2014-11-30": "$0.02", "2014-08-31": "$1.12", "2014-05-31": "$-0.77", "2014-02-28": "$0.55", "2013-11-30": "$0.58", "2013-08-31": "$0.34", "2013-05-31": "$0.44", "2013-02-28": "$0.29", "2012-11-30": "$0.51", "2012-08-31": "$0.61", "2012-05-31": "$-0.20", "2012-02-29": "$0.67", "2011-11-30": "$0.43", "2011-08-31": "$0.22", "2011-05-31": "$0.60", "2011-02-28": "$0.50", "2010-11-30": "$0.45", "2010-08-31": "$0.33", "2010-05-31": "$-0.05", "2010-02-28": "$0.51", "2009-11-30": "$0.54", "2009-08-31": "$0.37", "2009-05-31": "$0.41", "2009-02-28": "$0.43", "2008-11-30": "$0.37", "2008-08-31": "$0.94", "2008-05-31": "$0.41", "2008-02-29": "$0.63", "2007-11-30": "$0.50", "2007-08-31": "$0.36", "2007-05-31": "$0.38", "2007-02-28": "$0.38", "2006-11-30": "$0.42", "2006-08-31": "$0.33", "2006-05-31": "$0.12", "2006-02-28": "$-0.05", "2005-11-30": "$0.29", "2005-08-31": "$0.67", "2005-05-31": "$0.19", "2005-02-28": "$0.32"}}, "shares-outstanding": {"CONAGRA BRANDS Annual Shares Outstanding (Millions of Shares)": {"2020": "489", "2019": "446", "2018": "407", "2017": "436", "2016": "439", "2015": "431", "2014": "428", "2013": "418", "2012": "418", "2011": "434", "2010": "447", "2009": "455", "2008": "491", "2007": "507", "2006": "520", "2005": "520"}, "CONAGRA BRANDS Quarterly Shares Outstanding (Millions of Shares)": {"2020-11-30": "491", "2020-08-31": "490", "2020-05-31": "489", "2020-02-29": "489", "2019-11-30": "488", "2019-08-31": "488", "2019-05-31": "446", "2019-02-28": "487", "2018-11-30": "422", "2018-08-31": "394", "2018-05-31": "407", "2018-02-28": "403", "2017-11-30": "410", "2017-08-31": "419", "2017-05-31": "436", "2017-02-28": "436", "2016-11-30": "441", "2016-08-31": "443", "2016-05-31": "439", "2016-02-29": "440", "2015-11-30": "438", "2015-08-31": "436", "2015-05-31": "431", "2015-02-28": "432", "2014-11-30": "431", "2014-08-31": "429", "2014-05-31": "422", "2014-02-28": "427", "2013-11-30": "427", "2013-08-31": "428", "2013-05-31": "418", "2013-02-28": "418", "2012-11-30": "412", "2012-08-31": "412", "2012-05-31": "418", "2012-02-29": "420", "2011-11-30": "419", "2011-08-31": "418", "2011-05-31": "434", "2011-02-28": "433", "2010-11-30": "442", "2010-08-31": "446", "2010-05-31": "447", "2010-02-28": "448", "2009-11-30": "446", "2009-08-31": "446", "2009-05-31": "455", "2009-02-28": "450", "2008-11-30": "450", "2008-08-31": "470", "2008-05-31": "491", "2008-02-29": "491", "2007-11-30": "491", "2007-08-31": "493", "2007-05-31": "507", "2007-02-28": "507", "2006-11-30": "511", "2006-08-31": "512", "2006-05-31": "520", "2006-02-28": "521", "2005-11-30": "521", "2005-08-31": "521", "2005-05-31": "520", "2005-02-28": "520"}}, "total-assets": {"CONAGRA BRANDS Annual Total Assets (Millions of US $)": {"2020": "$22,304", "2019": "$22,214", "2018": "$10,390", "2017": "$10,096", "2016": "$13,391", "2015": "$17,438", "2014": "$19,320", "2013": "$20,405", "2012": "$11,442", "2011": "$11,409", "2010": "$11,738", "2009": "$11,073", "2008": "$13,683", "2007": "$11,836", "2006": "$11,970", "2005": "$13,043"}, "CONAGRA BRANDS Quarterly Total Assets (Millions of US $)": {"2020-11-30": "$22,277", "2020-08-31": "$22,377", "2020-05-31": "$22,304", "2020-02-29": "$22,202", "2019-11-30": "$22,493", "2019-08-31": "$22,355", "2019-05-31": "$22,214", "2019-02-28": "$22,727", "2018-11-30": "$23,007", "2018-08-31": "$10,485", "2018-05-31": "$10,390", "2018-02-28": "$10,463", "2017-11-30": "$10,400", "2017-08-31": "$10,226", "2017-05-31": "$10,096", "2017-02-28": "$10,499", "2016-11-30": "$11,425", "2016-08-31": "$12,836", "2016-05-31": "$13,391", "2016-02-29": "$13,187", "2015-11-30": "$15,995", "2015-08-31": "$15,834", "2015-05-31": "$17,438", "2015-02-28": "$17,869", "2014-11-30": "$19,502", "2014-08-31": "$19,373", "2014-05-31": "$19,320", "2014-02-28": "$20,433", "2013-11-30": "$20,786", "2013-08-31": "$20,469", "2013-05-31": "$20,405", "2013-02-28": "$21,108", "2012-11-30": "$12,525", "2012-08-31": "$11,929", "2012-05-31": "$11,442", "2012-02-29": "$11,748", "2011-11-30": "$11,478", "2011-08-31": "$11,611", "2011-05-31": "$11,409", "2011-02-28": "$11,473", "2010-11-30": "$11,604", "2010-08-31": "$11,648", "2010-05-31": "$11,738", "2010-02-28": "$11,747", "2009-11-30": "$11,567", "2009-08-31": "$11,230", "2009-05-31": "$11,073", "2009-02-28": "$11,396", "2008-11-30": "$11,771", "2008-08-31": "$11,526", "2008-05-31": "$13,683", "2008-02-29": "$13,396", "2007-11-30": "$12,812", "2007-08-31": "$11,964", "2007-05-31": "$11,836", "2007-02-28": "$12,281", "2006-11-30": "$12,357", "2006-08-31": "$11,993", "2006-05-31": "$11,970", "2006-02-28": "$12,358", "2005-11-30": "$13,305", "2005-08-31": "$13,183", "2005-05-31": "$13,043", "2005-02-28": "$13,421"}}, "cash-on-hand": {"CONAGRA BRANDS Annual Cash on Hand (Millions of US $)": {"2020": "$553", "2019": "$237", "2018": "$128", "2017": "$251", "2016": "$798", "2015": "$165", "2014": "$141", "2013": "$184", "2012": "$103", "2011": "$972", "2010": "$953", "2009": "$243", "2008": "$141", "2007": "$731", "2006": "$332", "2005": "$208"}, "CONAGRA BRANDS Quarterly Cash on Hand (Millions of US $)": {"2020-11-30": "$68", "2020-08-31": "$438", "2020-05-31": "$553", "2020-02-29": "$99", "2019-11-30": "$192", "2019-08-31": "$65", "2019-05-31": "$237", "2019-02-28": "$282", "2018-11-30": "$442", "2018-08-31": "$75", "2018-05-31": "$128", "2018-02-28": "$133", "2017-11-30": "$84", "2017-08-31": "$251", "2017-05-31": "$251", "2017-02-28": "$684", "2016-11-30": "$1,443", "2016-08-31": "$795", "2016-05-31": "$798", "2016-02-29": "$503", "2015-11-30": "$96", "2015-08-31": "$114", "2015-05-31": "$165", "2015-02-28": "$137", "2014-11-30": "$122", "2014-08-31": "$134", "2014-05-31": "$141", "2014-02-28": "$239", "2013-11-30": "$193", "2013-08-31": "$194", "2013-05-31": "$184", "2013-02-28": "$724", "2012-11-30": "$477", "2012-08-31": "$117", "2012-05-31": "$103", "2012-02-29": "$604", "2011-11-30": "$707", "2011-08-31": "$1,095", "2011-05-31": "$972", "2011-02-28": "$883", "2010-11-30": "$545", "2010-08-31": "$841", "2010-05-31": "$953", "2010-02-28": "$786", "2009-11-30": "$490", "2009-08-31": "$290", "2009-05-31": "$243", "2009-02-28": "$88", "2008-11-30": "$132", "2008-08-31": "$296", "2008-05-31": "$141", "2008-02-29": "$137", "2007-11-30": "$141", "2007-08-31": "$308", "2007-05-31": "$731", "2007-02-28": "$497", "2006-11-30": "$804", "2006-08-31": "$695", "2006-05-31": "$332", "2006-02-28": "$237", "2005-11-30": "$687", "2005-08-31": "$501", "2005-05-31": "$208", "2005-02-28": "$9"}}, "long-term-debt": {"CONAGRA BRANDS Annual Long Term Debt (Millions of US $)": {"2020": "$8,901", "2019": "$10,656", "2018": "$3,232", "2017": "$2,769", "2016": "$4,881", "2015": "$6,889", "2014": "$8,721", "2013": "$8,887", "2012": "$2,859", "2011": "$2,870", "2010": "$3,226", "2009": "$3,455", "2008": "$3,387", "2007": "$3,419", "2006": "$3,155", "2005": "$4,349"}, "CONAGRA BRANDS Quarterly Long Term Debt (Millions of US $)": {"2020-11-30": "$8,280", "2020-08-31": "$8,898", "2020-05-31": "$8,901", "2020-02-29": "$9,094", "2019-11-30": "$9,296", "2019-08-31": "$10,323", "2019-05-31": "$10,656", "2019-02-28": "$11,108", "2018-11-30": "$11,545", "2018-08-31": "$3,234", "2018-05-31": "$3,232", "2018-02-28": "$3,233", "2017-11-30": "$3,262", "2017-08-31": "$2,767", "2017-05-31": "$2,769", "2017-02-28": "$2,842", "2016-11-30": "$3,214", "2016-08-31": "$4,451", "2016-05-31": "$4,881", "2016-02-29": "$4,903", "2015-11-30": "$6,400", "2015-08-31": "$6,300", "2015-05-31": "$6,889", "2015-02-28": "$6,919", "2014-11-30": "$7,669", "2014-08-31": "$7,917", "2014-05-31": "$8,721", "2014-02-28": "$8,761", "2013-11-30": "$8,771", "2013-08-31": "$8,818", "2013-05-31": "$8,887", "2013-02-28": "$9,845", "2012-11-30": "$3,609", "2012-08-31": "$2,860", "2012-05-31": "$2,859", "2012-02-29": "$2,853", "2011-11-30": "$2,846", "2011-08-31": "$2,856", "2011-05-31": "$2,870", "2011-02-28": "$2,875", "2010-11-30": "$2,880", "2010-08-31": "$3,214", "2010-05-31": "$3,226", "2010-02-28": "$3,225", "2009-11-30": "$3,223", "2009-08-31": "$3,471", "2009-05-31": "$3,455", "2009-02-28": "$3,072", "2008-11-30": "$3,053", "2008-08-31": "$3,049", "2008-05-31": "$3,387", "2008-02-29": "$3,375", "2007-11-30": "$3,374", "2007-08-31": "$3,419", "2007-05-31": "$3,419", "2007-02-28": "$3,436", "2006-11-30": "$3,532", "2006-08-31": "$3,152", "2006-05-31": "$3,155", "2006-02-28": "$3,411", "2005-11-30": "$3,437", "2005-08-31": "$4,344", "2005-05-31": "$4,349", "2005-02-28": "$4,353"}}, "total-liabilities": {"CONAGRA BRANDS Annual Total Liabilities (Millions of US $)": {"2020": "$14,353", "2019": "$14,750", "2018": "$6,633", "2017": "$6,019", "2016": "$9,596", "2015": "$12,828", "2014": "$13,964", "2013": "$15,042", "2012": "$6,906", "2011": "$6,732", "2010": "$6,809", "2009": "$6,352", "2008": "$8,345", "2007": "$7,253", "2006": "$7,320", "2005": "$8,183"}, "CONAGRA BRANDS Quarterly Total Liabilities (Millions of US $)": {"2020-11-30": "$13,807", "2020-08-31": "$14,178", "2020-05-31": "$14,353", "2020-02-29": "$14,338", "2019-11-30": "$14,802", "2019-08-31": "$14,838", "2019-05-31": "$14,750", "2019-02-28": "$15,275", "2018-11-30": "$15,704", "2018-08-31": "$6,670", "2018-05-31": "$6,633", "2018-02-28": "$6,654", "2017-11-30": "$6,614", "2017-08-31": "$6,343", "2017-05-31": "$6,019", "2017-02-28": "$6,195", "2016-11-30": "$6,898", "2016-08-31": "$9,036", "2016-05-31": "$9,596", "2016-02-29": "$9,455", "2015-11-30": "$12,480", "2015-08-31": "$12,390", "2015-05-31": "$12,828", "2015-02-28": "$13,330", "2014-11-30": "$13,847", "2014-08-31": "$13,625", "2014-05-31": "$13,964", "2014-02-28": "$14,716", "2013-11-30": "$15,225", "2013-08-31": "$15,017", "2013-05-31": "$15,042", "2013-02-28": "$15,984", "2012-11-30": "$7,824", "2012-08-31": "$7,278", "2012-05-31": "$6,906", "2012-02-29": "$6,625", "2011-11-30": "$6,791", "2011-08-31": "$6,880", "2011-05-31": "$6,732", "2011-02-28": "$6,849", "2010-11-30": "$6,652", "2010-08-31": "$6,736", "2010-05-31": "$6,809", "2010-02-28": "$6,583", "2009-11-30": "$6,582", "2009-08-31": "$6,431", "2009-05-31": "$6,352", "2009-02-28": "$6,508", "2008-11-30": "$6,996", "2008-08-31": "$6,752", "2008-05-31": "$8,345", "2008-02-29": "$8,357", "2007-11-30": "$8,008", "2007-08-31": "$7,368", "2007-05-31": "$7,253", "2007-02-28": "$7,615", "2006-11-30": "$7,619", "2006-08-31": "$7,287", "2006-05-31": "$7,320", "2006-02-28": "$7,481", "2005-11-30": "$8,279", "2005-08-31": "$8,196", "2005-05-31": "$8,183", "2005-02-28": "$8,530"}}, "total-share-holder-equity": {"CONAGRA BRANDS Annual Share Holder Equity (Millions of US $)": {"2020": "$7,951", "2019": "$7,464", "2018": "$3,757", "2017": "$4,078", "2016": "$3,795", "2015": "$4,610", "2014": "$5,355", "2013": "$5,363", "2012": "$4,536", "2011": "$4,677", "2010": "$4,929", "2009": "$4,721", "2008": "$5,337", "2007": "$4,583", "2006": "$4,650", "2005": "$4,859"}, "CONAGRA BRANDS Quarterly Share Holder Equity (Millions of US $)": {"2020-11-30": "$8,470", "2020-08-31": "$8,199", "2020-05-31": "$7,951", "2020-02-29": "$7,864", "2019-11-30": "$7,691", "2019-08-31": "$7,517", "2019-05-31": "$7,464", "2019-02-28": "$7,452", "2018-11-30": "$7,303", "2018-08-31": "$3,815", "2018-05-31": "$3,757", "2018-02-28": "$3,810", "2017-11-30": "$3,787", "2017-08-31": "$3,883", "2017-05-31": "$4,078", "2017-02-28": "$4,304", "2016-11-30": "$4,527", "2016-08-31": "$3,800", "2016-05-31": "$3,795", "2016-02-29": "$3,733", "2015-11-30": "$3,515", "2015-08-31": "$3,444", "2015-05-31": "$4,610", "2015-02-28": "$4,539", "2014-11-30": "$5,655", "2014-08-31": "$5,748", "2014-05-31": "$5,355", "2014-02-28": "$5,718", "2013-11-30": "$5,562", "2013-08-31": "$5,452", "2013-05-31": "$5,363", "2013-02-28": "$5,124", "2012-11-30": "$4,700", "2012-08-31": "$4,650", "2012-05-31": "$4,536", "2012-02-29": "$5,123", "2011-11-30": "$4,688", "2011-08-31": "$4,730", "2011-05-31": "$4,677", "2011-02-28": "$4,624", "2010-11-30": "$4,952", "2010-08-31": "$4,912", "2010-05-31": "$4,929", "2010-02-28": "$5,163", "2009-11-30": "$4,985", "2009-08-31": "$4,800", "2009-05-31": "$4,721", "2009-02-28": "$4,888", "2008-11-30": "$4,775", "2008-08-31": "$4,774", "2008-05-31": "$5,337", "2008-02-29": "$5,039", "2007-11-30": "$4,804", "2007-08-31": "$4,596", "2007-05-31": "$4,583", "2007-02-28": "$4,666", "2006-11-30": "$4,738", "2006-08-31": "$4,707", "2006-05-31": "$4,650", "2006-02-28": "$4,877", "2005-11-30": "$5,026", "2005-08-31": "$4,987", "2005-05-31": "$4,859", "2005-02-28": "$4,892"}}, "profit-margins": {"current": "9.67%"}, "gross margin": {"2020-11-30": "28.71%", "2020-08-31": "28.34%", "2020-05-31": "27.77%", "2020-02-29": "27.50%", "2019-11-30": "27.75%", "2019-08-31": "27.76%", "2019-05-31": "27.82%", "2019-02-28": "28.34%", "2018-11-30": "28.94%", "2018-08-31": "29.47%", "2018-05-31": "29.62%", "2018-02-28": "29.45%", "2017-11-30": "29.78%", "2017-08-31": "29.97%", "2017-05-31": "29.95%", "2017-02-28": "30.96%", "2016-11-30": "30.05%", "2016-08-31": "29.27%", "2016-05-31": "28.04%", "2016-02-29": "29.25%", "2015-11-30": "27.96%", "2015-08-31": "26.54%", "2015-05-31": "25.42%", "2015-02-28": "22.81%", "2014-11-30": "22.56%", "2014-08-31": "22.28%", "2014-05-31": "22.21%", "2014-02-28": "23.73%", "2013-11-30": "23.56%", "2013-08-31": "23.69%", "2013-05-31": "24.99%", "2013-02-28": "22.89%", "2012-11-30": "23.01%", "2012-08-31": "22.71%", "2012-05-31": "21.00%", "2012-02-29": "21.40%", "2011-11-30": "21.90%", "2011-08-31": "22.44%", "2011-05-31": "23.43%", "2011-02-28": "24.22%", "2010-11-30": "24.30%", "2010-08-31": "25.09%", "2010-05-31": "25.38%", "2010-02-28": "25.88%", "2009-11-30": "25.35%", "2009-08-31": "23.75%", "2009-05-31": "22.50%", "2009-02-28": "21.41%", "2008-11-30": "21.44%", "2008-08-31": "22.47%", "2008-05-31": "23.58%", "2008-02-29": "24.31%", "2007-11-30": "25.06%", "2007-08-31": "25.38%", "2007-05-31": "25.63%", "2007-02-28": "25.63%", "2006-11-30": "25.23%", "2006-08-31": "24.67%", "2006-05-31": "24.79%", "2006-02-28": "27.23%", "2005-11-30": "27.43%"}, "operating margin": {"2020-11-30": "15.75%", "2020-08-31": "15.06%", "2020-05-31": "13.18%", "2020-02-29": "13.60%", "2019-11-30": "13.85%", "2019-08-31": "12.09%", "2019-05-31": "12.74%", "2019-02-28": "11.58%", "2018-11-30": "10.65%", "2018-08-31": "12.83%", "2018-05-31": "13.03%", "2018-02-28": "12.91%", "2017-11-30": "12.95%", "2017-08-31": "11.53%", "2017-05-31": "11.82%", "2017-02-28": "7.77%", "2016-11-30": "6.23%", "2016-08-31": "5.43%", "2016-05-31": "4.67%", "2016-02-29": "8.51%", "2015-11-30": "10.04%", "2015-08-31": "11.16%", "2015-05-31": "10.11%", "2015-02-28": "4.81%", "2014-11-30": "4.65%", "2014-08-31": "4.59%", "2014-05-31": "4.68%", "2014-02-28": "8.99%", "2013-11-30": "8.17%", "2013-08-31": "8.18%", "2013-05-31": "9.64%", "2013-02-28": "6.51%", "2012-11-30": "7.96%", "2012-08-31": "7.74%", "2012-05-31": "6.14%", "2012-02-29": "10.37%", "2011-11-30": "10.28%", "2011-08-31": "10.65%", "2011-05-31": "11.33%", "2011-02-28": "8.24%", "2010-11-30": "8.04%", "2010-08-31": "8.53%", "2010-05-31": "8.83%", "2010-02-28": "10.81%", "2009-11-30": "10.35%", "2009-08-31": "9.49%", "2009-05-31": "8.87%", "2009-02-28": "7.98%", "2008-11-30": "7.81%", "2008-08-31": "7.63%", "2008-05-31": "8.05%", "2008-02-29": "7.54%", "2007-11-30": "7.99%", "2007-08-31": "8.91%", "2007-05-31": "8.75%", "2007-02-28": "8.37%", "2006-11-30": "7.25%", "2006-08-31": "6.55%", "2006-05-31": "6.83%", "2006-02-28": "8.85%", "2005-11-30": "9.42%"}, "ebitda margin": {"2020-11-30": "19.12%", "2020-08-31": "18.47%", "2020-05-31": "16.70%", "2020-02-29": "17.39%", "2019-11-30": "17.52%", "2019-08-31": "15.70%", "2019-05-31": "16.22%", "2019-02-28": "14.90%", "2018-11-30": "13.91%", "2018-08-31": "16.03%", "2018-05-31": "16.25%", "2018-02-28": "16.24%", "2017-11-30": "16.33%", "2017-08-31": "14.97%", "2017-05-31": "15.24%", "2017-02-28": "11.45%", "2016-11-30": "9.83%", "2016-08-31": "8.69%", "2016-05-31": "7.87%", "2016-02-29": "11.28%", "2015-11-30": "12.85%", "2015-08-31": "14.25%", "2015-05-31": "13.26%", "2015-02-28": "6.46%", "2014-11-30": "6.60%", "2014-08-31": "6.68%", "2014-05-31": "6.92%", "2014-02-28": "12.77%", "2013-11-30": "11.72%", "2013-08-31": "11.54%", "2013-05-31": "12.75%", "2013-02-28": "9.26%", "2012-11-30": "10.63%", "2012-08-31": "10.48%", "2012-05-31": "8.93%", "2012-02-29": "13.20%", "2011-11-30": "13.17%", "2011-08-31": "13.54%", "2011-05-31": "14.24%", "2011-02-28": "11.11%", "2010-11-30": "10.87%", "2010-08-31": "11.30%", "2010-05-31": "11.53%", "2010-02-28": "13.40%", "2009-11-30": "12.91%", "2009-08-31": "12.01%", "2009-05-31": "11.32%", "2009-02-28": "10.46%", "2008-11-30": "10.26%", "2008-08-31": "10.11%", "2008-05-31": "10.60%", "2008-02-29": "10.33%", "2007-11-30": "10.96%", "2007-08-31": "11.97%", "2007-05-31": "11.94%", "2007-02-28": "11.63%", "2006-11-30": "10.41%", "2006-08-31": "9.60%", "2006-05-31": "9.74%", "2006-02-28": "11.94%", "2005-11-30": "12.14%"}, "pre tax profit margin": {"2020-11-30": "11.70%", "2020-08-31": "10.83%", "2020-05-31": "8.77%", "2020-02-29": "8.86%", "2019-11-30": "9.06%", "2019-08-31": "7.48%", "2019-05-31": "8.63%", "2019-02-28": "8.14%", "2018-11-30": "8.02%", "2018-08-31": "10.67%", "2018-05-31": "11.02%", "2018-02-28": "10.98%", "2017-11-30": "10.96%", "2017-08-31": "9.31%", "2017-05-31": "9.34%", "2017-02-28": "4.78%", "2016-11-30": "2.91%", "2016-08-31": "1.91%", "2016-05-31": "1.25%", "2016-02-29": "4.23%", "2015-11-30": "6.09%", "2015-08-31": "7.57%", "2015-05-31": "6.48%", "2015-02-28": "2.19%", "2014-11-30": "2.12%", "2014-08-31": "2.13%", "2014-05-31": "2.28%", "2014-02-28": "6.30%", "2013-11-30": "5.63%", "2013-08-31": "5.85%", "2013-05-31": "7.60%", "2013-02-28": "4.94%", "2012-11-30": "6.48%", "2012-08-31": "6.26%", "2012-05-31": "4.61%", "2012-02-29": "8.81%", "2011-11-30": "8.69%", "2011-08-31": "9.14%", "2011-05-31": "9.91%", "2011-02-28": "6.91%", "2010-11-30": "6.79%", "2010-08-31": "7.22%", "2010-05-31": "7.50%", "2010-02-28": "9.37%", "2009-11-30": "8.90%", "2009-08-31": "8.04%", "2009-05-31": "7.36%", "2009-02-28": "6.30%", "2008-11-30": "5.90%", "2008-08-31": "5.50%", "2008-05-31": "5.81%", "2008-02-29": "5.25%", "2007-11-30": "5.81%", "2007-08-31": "6.85%", "2007-05-31": "6.66%", "2007-02-28": "6.18%", "2006-11-30": "4.93%", "2006-08-31": "4.03%", "2006-05-31": "7.38%", "2006-02-28": "9.18%", "2005-11-30": "11.68%"}, "net profit margin": {"2020-11-30": "9.66%", "2020-08-31": "8.77%", "2020-05-31": "7.60%", "2020-02-29": "7.38%", "2019-11-30": "7.63%", "2019-08-31": "6.69%", "2019-05-31": "7.12%", "2019-02-28": "7.00%", "2018-11-30": "9.08%", "2018-08-31": "10.48%", "2018-05-31": "10.20%", "2018-02-28": "11.37%", "2017-11-30": "9.05%", "2017-08-31": "7.83%", "2017-05-31": "8.16%", "2017-02-28": "8.37%", "2016-11-30": "8.41%", "2016-08-31": "8.54%", "2016-05-31": "-7.81%", "2016-02-29": "-7.74%", "2015-11-30": "-21.03%", "2015-08-31": "-20.83%", "2015-05-31": "-2.79%", "2015-02-28": "-6.17%", "2014-11-30": "2.91%", "2014-08-31": "4.30%", "2014-05-31": "1.91%", "2014-02-28": "5.64%", "2013-11-30": "4.89%", "2013-08-31": "4.80%", "2013-05-31": "5.73%", "2013-02-28": "3.46%", "2012-11-30": "4.73%", "2012-08-31": "4.61%", "2012-05-31": "3.50%", "2012-02-29": "6.11%", "2011-11-30": "5.73%", "2011-08-31": "6.02%", "2011-05-31": "6.59%", "2011-02-28": "4.46%", "2010-11-30": "4.62%", "2010-08-31": "4.97%", "2010-05-31": "5.10%", "2010-02-28": "6.80%", "2009-11-30": "6.44%", "2009-08-31": "5.76%", "2009-05-31": "7.92%", "2009-02-28": "8.26%", "2008-11-30": "9.35%", "2008-08-31": "10.24%", "2008-05-31": "8.27%", "2008-02-29": "8.92%", "2007-11-30": "7.83%", "2007-08-31": "7.42%", "2007-05-31": "7.29%", "2007-02-28": "6.07%", "2006-11-30": "4.00%", "2006-08-31": "3.45%", "2006-05-31": "5.21%", "2006-02-28": "5.90%", "2005-11-30": "7.93%"}, "pe ratio": {"current": "12.68", "2021-02-05": "15.25", "2020-11-30": "15.98", "2020-08-31": "18.60", "2020-05-31": "19.80", "2020-02-29": "16.54", "2019-11-30": "16.91", "2019-08-31": "19.02", "2019-05-31": "16.77", "2019-02-28": "15.35", "2018-11-30": "16.62", "2018-08-31": "16.69", "2018-05-31": "17.49", "2018-02-28": "15.54", "2017-11-30": "20.66", "2017-08-31": "21.27", "2017-05-31": "24.08", "2017-02-28": "27.29", "2016-11-30": "23.32", "2016-08-31": "21.80", "2016-05-31": "0.00", "2016-02-29": "0.00", "2015-11-30": "0.00", "2015-08-31": "0.00", "2015-05-31": "0.00", "2015-02-28": "0.00", "2014-11-30": "26.68", "2014-08-31": "14.51", "2014-05-31": "30.54", "2014-02-28": "9.71", "2013-11-30": "12.94", "2013-08-31": "13.75", "2013-05-31": "11.63", "2013-02-28": "18.12", "2012-11-30": "12.11", "2012-08-31": "10.78", "2012-05-31": "14.87", "2012-02-29": "8.63", "2011-11-30": "8.95", "2011-08-31": "8.38", "2011-05-31": "8.05", "2011-02-28": "9.28", "2010-11-30": "8.46", "2010-08-31": "7.94", "2010-05-31": "8.60", "2010-02-28": "7.72", "2009-11-30": "7.27", "2009-08-31": "7.39", "2009-05-31": "4.85", "2009-02-28": "3.86", "2008-11-30": "3.42", "2008-08-31": "4.62", "2008-05-31": "6.62", "2008-02-29": "6.22", "2007-11-30": "8.05", "2007-08-31": "8.58", "2007-05-31": "9.35", "2007-02-28": "10.52", "2006-11-30": "16.58"}, "price sales": {"2021-02-05": "1.47", "2020-11-30": "1.54", "2020-08-31": "1.63", "2020-05-31": "1.50", "2020-02-29": "1.19", "2019-11-30": "1.26", "2019-08-31": "1.24", "2019-05-31": "1.17", "2019-02-28": "1.07", "2018-11-30": "1.52", "2018-08-31": "1.75", "2018-05-31": "1.79", "2018-02-28": "1.78", "2017-11-30": "1.87", "2017-08-31": "1.68", "2017-05-31": "1.99", "2017-02-28": "2.28", "2016-11-30": "1.96", "2016-08-31": "1.85", "2016-05-31": "1.61", "2016-02-29": "1.68", "2015-11-30": "1.48", "2015-08-31": "1.36", "2015-05-31": "1.25", "2015-02-28": "0.79", "2014-11-30": "0.76", "2014-08-31": "0.61", "2014-05-31": "0.57", "2014-02-28": "0.55", "2013-11-30": "0.63", "2013-08-31": "0.66", "2013-05-31": "0.67", "2013-02-28": "0.63", "2012-11-30": "0.57", "2012-08-31": "0.49", "2012-05-31": "0.49", "2012-02-29": "0.52", "2011-11-30": "0.51", "2011-08-31": "0.50", "2011-05-31": "0.54", "2011-02-28": "0.50", "2010-11-30": "0.47", "2010-08-31": "0.47", "2010-05-31": "0.52", "2010-02-28": "0.53", "2009-11-30": "0.47", "2009-08-31": "0.43", "2009-05-31": "0.38", "2009-02-28": "0.32", "2008-11-30": "0.32", "2008-08-31": "0.48", "2008-05-31": "0.55", "2008-02-29": "0.56", "2007-11-30": "0.64", "2007-08-31": "0.65", "2007-05-31": "0.64", "2007-02-28": "0.64", "2006-11-30": "0.65"}, "price book": {"current": "2.00", "2021-02-05": "2.00", "2020-11-30": "2.09", "2020-08-31": "2.25", "2020-05-31": "2.09", "2020-02-29": "1.61", "2019-11-30": "1.77", "2019-08-31": "1.76", "2019-05-31": "1.66", "2019-02-28": "1.44", "2018-11-30": "2.03", "2018-08-31": "3.55", "2018-05-31": "3.75", "2018-02-28": "3.47", "2017-11-30": "3.65", "2017-08-31": "3.16", "2017-05-31": "3.62", "2017-02-28": "3.72", "2016-11-30": "3.21", "2016-08-31": "3.77", "2016-05-31": "3.68", "2016-02-29": "3.41", "2015-11-30": "3.49", "2015-08-31": "3.59", "2015-05-31": "2.44", "2015-02-28": "2.23", "2014-11-30": "1.85", "2014-08-31": "1.59", "2014-05-31": "1.68", "2014-02-28": "1.37", "2013-11-30": "1.62", "2013-08-31": "1.69", "2013-05-31": "1.69", "2013-02-28": "1.77", "2012-11-30": "1.62", "2012-08-31": "1.37", "2012-05-31": "1.40", "2012-02-29": "1.31", "2011-11-30": "1.35", "2011-08-31": "1.29", "2011-05-31": "1.34", "2011-02-28": "1.23", "2010-11-30": "1.11", "2010-08-31": "1.12", "2010-05-31": "1.25", "2010-02-28": "1.20", "2009-11-30": "1.12", "2009-08-31": "1.06", "2009-05-31": "0.97", "2009-02-28": "0.76", "2008-11-30": "0.75", "2008-08-31": "1.07", "2008-05-31": "1.14", "2008-02-29": "1.13", "2007-11-30": "1.33", "2007-08-31": "1.42", "2007-05-31": "1.41", "2007-02-28": "1.38", "2006-11-30": "1.40", "2006-08-31": "1.30", "2006-05-31": "1.25", "2006-02-28": "1.11"}, "price fcf": {"2021-02-05": "", "2020-11-30": "$3.06", "2020-08-31": "$3.12", "2020-05-31": "$3.04", "2020-02-29": "$2.01", "2019-11-30": "$1.95", "2019-08-31": "$1.93", "2019-05-31": "$1.78", "2019-02-28": "$1.18", "2018-11-30": "$1.35", "2018-08-31": "$1.58", "2018-05-31": "$1.74", "2018-02-28": "$2.23", "2017-11-30": "$1.91", "2017-08-31": "$1.78", "2017-05-31": "$2.16", "2017-02-28": "$2.59", "2016-11-30": "$2.72", "2016-08-31": "$2.92", "2016-05-31": "$2.32", "2016-02-29": "$3.08", "2015-11-30": "$2.92", "2015-08-31": "$2.61", "2015-05-31": "$2.94", "2015-02-28": "$2.72", "2014-11-30": "$2.74", "2014-08-31": "$3.07", "2014-05-31": "$2.72", "2014-02-28": "$2.40", "2013-11-30": "$2.27", "2013-08-31": "$1.85", "2013-05-31": "$2.41", "2013-02-28": "$1.64", "2012-11-30": "$1.67", "2012-08-31": "$1.75", "2012-05-31": "$1.74", "2012-02-29": "$2.02", "2011-11-30": "$2.61", "2011-08-31": "$2.66", "2011-05-31": "$2.08", "2011-02-28": "$2.11", "2010-11-30": "$1.75", "2010-08-31": "$2.04", "2010-05-31": "$2.41", "2010-02-28": "$2.55", "2009-11-30": "$2.14", "2009-08-31": "$0.83", "2009-05-31": "$-0.63", "2009-02-28": "$-1.08", "2008-11-30": "$-1.43", "2008-08-31": "$-1.13", "2008-05-31": "$-0.63", "2008-02-29": "$0.08", "2007-11-30": "$0.24", "2007-08-31": "$-0.13", "2007-05-31": "$1.24", "2007-02-28": "$0.62", "2006-11-30": "$1.59"}, "net worth": {"value": "$16.91B"}, "current ratio": {"current": "0.84", "2020-11-30": "0.84", "2020-08-31": "0.95", "2020-05-31": "0.88", "2020-02-29": "0.87", "2019-11-30": "0.88", "2019-08-31": "1.11", "2019-05-31": "1.28", "2019-02-28": "1.31", "2018-11-30": "1.47", "2018-08-31": "0.84", "2018-05-31": "0.83", "2018-02-28": "1.03", "2017-11-30": "1.11", "2017-08-31": "1.04", "2017-05-31": "1.17", "2017-02-28": "1.62", "2016-11-30": "1.92", "2016-08-31": "1.44", "2016-05-31": "1.41", "2016-02-29": "1.35", "2015-11-30": "0.99", "2015-08-31": "0.96", "2015-05-31": "1.08", "2015-02-28": "1.06", "2014-11-30": "1.21", "2014-08-31": "1.27", "2014-05-31": "1.60", "2014-02-28": "1.40", "2013-11-30": "1.28", "2013-08-31": "1.29", "2013-05-31": "1.29", "2013-02-28": "1.50", "2012-11-30": "1.70", "2012-08-31": "1.34", "2012-05-31": "1.45", "2012-02-29": "1.76", "2011-11-30": "1.71", "2011-08-31": "1.75", "2011-05-31": "1.83", "2011-02-28": "1.75", "2010-11-30": "1.84", "2010-08-31": "1.92", "2010-05-31": "1.95", "2010-02-28": "2.00", "2009-11-30": "1.92", "2009-08-31": "2.16", "2009-05-31": "2.12", "2009-02-28": "1.61", "2008-11-30": "1.44", "2008-08-31": "1.49", "2008-05-31": "1.67", "2008-02-29": "1.69", "2007-11-30": "1.71", "2007-08-31": "1.84", "2007-05-31": "1.87", "2007-02-28": "1.80", "2006-11-30": "1.93", "2006-08-31": "1.68", "2006-05-31": "1.62", "2006-02-28": "1.62", "2005-11-30": "1.47", "2005-08-31": "1.94", "2005-05-31": "1.81", "2005-02-28": "1.67"}, "quick ratio": {"2020-11-30": "0.35", "2020-08-31": "0.44", "2020-05-31": "0.46", "2020-02-29": "0.34", "2019-11-30": "0.37", "2019-08-31": "0.40", "2019-05-31": "0.55", "2019-02-28": "0.58", "2018-11-30": "0.69", "2018-08-31": "0.39", "2018-05-31": "0.41", "2018-02-28": "0.52", "2017-11-30": "0.54", "2017-08-31": "0.51", "2017-05-31": "0.63", "2017-02-28": "0.95", "2016-11-30": "1.28", "2016-08-31": "0.75", "2016-05-31": "1.00", "2016-02-29": "0.65", "2015-11-30": "0.49", "2015-08-31": "0.49", "2015-05-31": "0.58", "2015-02-28": "0.42", "2014-11-30": "0.47", "2014-08-31": "0.51", "2014-05-31": "0.82", "2014-02-28": "0.62", "2013-11-30": "0.53", "2013-08-31": "0.55", "2013-05-31": "0.60", "2013-02-28": "0.73", "2012-11-30": "0.76", "2012-08-31": "0.54", "2012-05-31": "0.61", "2012-02-29": "0.84", "2011-11-30": "0.84", "2011-08-31": "0.98", "2011-05-31": "0.99", "2011-02-28": "0.91", "2010-11-30": "0.97", "2010-08-31": "1.07", "2010-05-31": "1.16", "2010-02-28": "0.99", "2009-11-30": "0.83", "2009-08-31": "0.94", "2009-05-31": "0.96", "2009-02-28": "0.61", "2008-11-30": "0.59", "2008-08-31": "0.66", "2008-05-31": "1.14", "2008-02-29": "1.12", "2007-11-30": "1.10", "2007-08-31": "1.18", "2007-05-31": "1.26", "2007-02-28": "0.89", "2006-11-30": "1.06", "2006-08-31": "0.96", "2006-05-31": "0.90", "2006-02-28": "0.78", "2005-11-30": "0.81", "2005-08-31": "1.10", "2005-05-31": "0.99", "2005-02-28": "0.87"}, "debt equity ratio": {"current": "0.98", "2020-11-30": "1.63", "2020-08-31": "1.73", "2020-05-31": "1.81", "2020-02-29": "1.82", "2019-11-30": "1.93", "2019-08-31": "1.97", "2019-05-31": "1.98", "2019-02-28": "2.05", "2018-11-30": "2.15", "2018-08-31": "1.75", "2018-05-31": "1.77", "2018-02-28": "1.75", "2017-11-30": "1.75", "2017-08-31": "1.63", "2017-05-31": "1.48", "2017-02-28": "1.44", "2016-11-30": "1.52", "2016-08-31": "2.38", "2016-05-31": "2.53", "2016-02-29": "2.53", "2015-11-30": "3.55", "2015-08-31": "3.60", "2015-05-31": "2.78", "2015-02-28": "2.94", "2014-11-30": "2.45", "2014-08-31": "2.37", "2014-05-31": "2.61", "2014-02-28": "2.57", "2013-11-30": "2.74", "2013-08-31": "2.76", "2013-05-31": "2.81", "2013-02-28": "3.12", "2012-11-30": "1.67", "2012-08-31": "1.57", "2012-05-31": "1.52", "2012-02-29": "1.29", "2011-11-30": "1.45", "2011-08-31": "1.46", "2011-05-31": "1.44", "2011-02-28": "1.48", "2010-11-30": "1.34", "2010-08-31": "1.37", "2010-05-31": "1.38", "2010-02-28": "1.28", "2009-11-30": "1.32", "2009-08-31": "1.34", "2009-05-31": "1.35", "2009-02-28": "1.33", "2008-11-30": "1.47", "2008-08-31": "1.41", "2008-05-31": "1.56", "2008-02-29": "1.66", "2007-11-30": "1.67", "2007-08-31": "1.60", "2007-05-31": "1.58", "2007-02-28": "1.63", "2006-11-30": "1.61", "2006-08-31": "1.55", "2006-05-31": "1.57", "2006-02-28": "1.53", "2005-11-30": "1.65", "2005-08-31": "1.64", "2005-05-31": "1.68", "2005-02-28": "1.74"}, "return on equity": {"2020-11-30": "13.71%", "2020-08-31": "12.55%", "2020-05-31": "10.83%", "2020-02-29": "10.03%", "2019-11-30": "10.68%", "2019-08-31": "9.08%", "2019-05-31": "10.43%", "2019-02-28": "11.14%", "2018-11-30": "15.91%", "2018-08-31": "22.02%", "2018-05-31": "21.26%", "2018-02-28": "22.91%", "2017-11-30": "17.64%", "2017-08-31": "14.44%", "2017-05-31": "15.30%", "2017-02-28": "14.83%", "2016-11-30": "15.89%", "2016-08-31": "17.87%", "2016-05-31": "-18.69%", "2016-02-29": "-15.34%", "2015-11-30": "-43.28%", "2015-08-31": "-41.39%", "2015-05-31": "-4.90%", "2015-02-28": "-14.78%", "2014-11-30": "7.15%", "2014-08-31": "11.44%", "2014-05-31": "5.47%", "2014-02-28": "14.79%", "2013-11-30": "13.08%", "2013-08-31": "12.91%", "2013-05-31": "15.57%", "2013-02-28": "10.39%", "2012-11-30": "13.76%", "2012-08-31": "13.12%", "2012-05-31": "9.79%", "2012-02-29": "16.82%", "2011-11-30": "15.88%", "2011-08-31": "16.10%", "2011-05-31": "17.03%", "2011-02-28": "11.10%", "2010-11-30": "11.10%", "2010-08-31": "11.87%", "2010-05-31": "12.34%", "2010-02-28": "16.49%", "2009-11-30": "15.96%", "2009-08-31": "14.64%", "2009-05-31": "20.42%", "2009-02-28": "20.31%", "2008-11-30": "22.48%", "2008-08-31": "24.00%", "2008-05-31": "18.81%", "2008-02-29": "19.37%", "2007-11-30": "17.27%", "2007-08-31": "16.64%", "2007-05-31": "16.37%", "2007-02-28": "13.47%", "2006-11-30": "8.73%", "2006-08-31": "7.35%", "2006-05-31": "10.93%", "2006-02-28": "11.69%", "2005-11-30": "15.52%"}, "return on assets": {"2020-11-30": "4.99%", "2020-08-31": "4.45%", "2020-05-31": "3.76%", "2020-02-29": "3.43%", "2019-11-30": "3.58%", "2019-08-31": "2.99%", "2019-05-31": "3.46%", "2019-02-28": "3.74%", "2018-11-30": "5.47%", "2018-08-31": "8.00%", "2018-05-31": "7.81%", "2018-02-28": "8.65%", "2017-11-30": "6.87%", "2017-08-31": "5.74%", "2017-05-31": "5.70%", "2017-02-28": "5.06%", "2016-11-30": "4.96%", "2016-08-31": "4.79%", "2016-05-31": "-4.64%", "2016-02-29": "-3.76%", "2015-11-30": "-10.38%", "2015-08-31": "-10.69%", "2015-05-31": "-1.36%", "2015-02-28": "-4.14%", "2014-11-30": "2.05%", "2014-08-31": "3.20%", "2014-05-31": "1.49%", "2014-02-28": "3.98%", "2013-11-30": "3.40%", "2013-08-31": "3.58%", "2013-05-31": "4.68%", "2013-02-28": "3.47%", "2012-11-30": "5.49%", "2012-08-31": "5.35%", "2012-05-31": "4.04%", "2012-02-29": "6.99%", "2011-11-30": "6.46%", "2011-08-31": "6.63%", "2011-05-31": "7.08%", "2011-02-28": "4.64%", "2010-11-30": "4.74%", "2010-08-31": "5.08%", "2010-05-31": "5.30%", "2010-02-28": "7.11%", "2009-11-30": "6.84%", "2009-08-31": "6.18%", "2009-05-31": "8.55%", "2009-02-28": "8.30%", "2008-11-30": "8.89%", "2008-08-31": "9.31%", "2008-05-31": "7.17%", "2008-02-29": "7.37%", "2007-11-30": "6.59%", "2007-08-31": "6.38%", "2007-05-31": "6.31%", "2007-02-28": "5.20%", "2006-11-30": "3.40%", "2006-08-31": "2.85%", "2006-05-31": "4.20%", "2006-02-28": "4.45%", "2005-11-30": "5.79%"}, "return on investments": {"2020-11-30": "10.72%", "2020-08-31": "10.06%", "2020-05-31": "8.49%", "2020-02-29": "8.08%", "2019-11-30": "8.16%", "2019-08-31": "6.65%", "2019-05-31": "7.77%", "2019-02-28": "8.01%", "2018-11-30": "8.73%", "2018-08-31": "14.53%", "2018-05-31": "14.92%", "2018-02-28": "14.66%", "2017-11-30": "14.63%", "2017-08-31": "12.57%", "2017-05-31": "12.34%", "2017-02-28": "7.10%", "2016-11-30": "5.61%", "2016-08-31": "4.76%", "2016-05-31": "4.38%", "2016-02-29": "6.48%", "2015-11-30": "7.81%", "2015-08-31": "8.80%", "2015-05-31": "7.31%", "2015-02-28": "4.68%", "2014-11-30": "4.62%", "2014-08-31": "4.84%", "2014-05-31": "5.19%", "2014-02-28": "9.09%", "2013-11-30": "8.12%", "2013-08-31": "8.76%", "2013-05-31": "11.54%", "2013-02-28": "9.73%", "2012-11-30": "14.11%", "2012-08-31": "13.77%", "2012-05-31": "10.73%", "2012-02-29": "17.90%", "2011-11-30": "17.69%", "2011-08-31": "17.74%", "2011-05-31": "18.10%", "2011-02-28": "12.60%", "2010-11-30": "11.85%", "2010-08-31": "12.39%", "2010-05-31": "12.85%", "2010-02-28": "15.62%", "2009-11-30": "15.27%", "2009-08-31": "14.35%", "2009-05-31": "13.78%", "2009-02-28": "12.00%", "2008-11-30": "11.42%", "2008-08-31": "10.76%", "2008-05-31": "10.86%", "2008-02-29": "9.54%", "2007-11-30": "10.18%", "2007-08-31": "11.47%", "2007-05-31": "11.39%", "2007-02-28": "10.88%", "2006-11-30": "9.32%", "2006-08-31": "8.29%", "2006-05-31": "8.26%", "2006-02-28": "9.80%", "2005-11-30": "10.05%"}, "return on tangible equity": {"2020-11-30": "-14.57%", "2020-08-31": "-12.60%", "2020-05-31": "-10.33%", "2020-02-29": "-9.21%", "2019-11-30": "-9.43%", "2019-08-31": "-7.75%", "2019-05-31": "-9.59%", "2019-02-28": "-11.40%", "2018-11-30": "-19.86%", "2018-08-31": "-42.06%", "2018-05-31": "-42.50%", "2018-02-28": "-50.55%", "2017-11-30": "-45.28%", "2017-08-31": "-46.01%", "2017-05-31": "-46.81%", "2017-02-28": "-42.25%", "2016-11-30": "-36.59%", "2016-08-31": "-31.35%", "2016-05-31": "29.24%", "2016-02-29": "26.92%", "2015-11-30": "62.09%", "2015-08-31": "54.92%", "2015-05-31": "6.15%", "2015-02-28": "15.10%", "2014-11-30": "-7.30%", "2014-08-31": "-11.03%", "2014-05-31": "-4.97%", "2014-02-28": "-13.03%", "2013-11-30": "-10.91%", "2013-08-31": "-13.16%", "2013-05-31": "-21.10%", "2013-02-28": "-22.36%", "2012-11-30": "-129.70%", "2012-08-31": "-206.46%", "2012-05-31": "-554.30%", "2012-02-29": "695.05%", "2011-11-30": "681.65%", "2011-08-31": "409.10%", "2011-05-31": "329.36%", "2011-02-28": "158.06%", "2010-11-30": "103.94%", "2010-08-31": "99.83%", "2010-05-31": "99.19%", "2010-02-28": "136.88%", "2009-11-30": "147.08%", "2009-08-31": "145.87%", "2009-05-31": "202.80%", "2009-02-28": "156.39%", "2008-11-30": "162.08%", "2008-08-31": "169.43%", "2008-05-31": "136.82%", "2008-02-29": "177.03%", "2007-11-30": "185.16%", "2007-08-31": "181.88%", "2007-05-31": "170.47%", "2007-02-28": "140.68%", "2006-11-30": "82.92%", "2006-08-31": "62.16%", "2006-05-31": "83.67%", "2006-02-28": "83.77%", "2005-11-30": "110.84%"}, "dividend yield history": {"last payout": "$1.10", "last yield": "3.18%"}}