{"ticker": "CNDT", "price": {"title": "Conduent Historical Annual Stock Price Data", "value": 5.16, "historical": {"2020": {"Average Stock Price": "3.3554", "Year Open": "6.0500", "Year High": "6.0500", "Year Low": "1.5400", "Year Close": "4.8000", "Annual % Change": "-22.58%"}, "2019": {"Average Stock Price": "9.4787", "Year Open": "10.7500", "Year High": "15.3500", "Year Low": "5.3300", "Year Close": "6.2000", "Annual % Change": "-41.67%"}, "2018": {"Average Stock Price": "18.2617", "Year Open": "16.5400", "Year High": "23.2700", "Year Low": "9.8300", "Year Close": "10.6300", "Annual % Change": "-34.22%"}, "2017": {"Average Stock Price": "15.8979", "Year Open": "13.7200", "Year High": "17.7000", "Year Low": "13.3100", "Year Close": "16.1600", "Annual % Change": "0.00%"}}}, "market cap": {"value": "$1.08B"}, "income statement": {"Revenue": {"2019-12-31": "4467.00000", "2018-12-31": "5393.00000", "2017-12-31": "6022.00000", "2016-12-31": "6408.00000", "2015-12-31": "6662.00000", "2014-12-31": "6938.00000", "2013-12-31": "6879.00000"}, "Cost Of Goods Sold": {"2019-12-31": "3494.00000", "2018-12-31": "4182.00000", "2017-12-31": "4730.00000", "2016-12-31": "5174.00000", "2015-12-31": "5977.00000", "2014-12-31": "5800.00000", "2013-12-31": "5640.00000"}, "Gross Profit": {"2019-12-31": "973.00000", "2018-12-31": "1211.00000", "2017-12-31": "1292.00000", "2016-12-31": "1234.00000", "2015-12-31": "685.00000", "2014-12-31": "1138.00000", "2013-12-31": "1239.00000"}, "Research And Development Expenses": {"2019-12-31": "8.00000", "2018-12-31": "11.00000", "2017-12-31": "12.00000", "2016-12-31": "31.00000", "2015-12-31": "52.00000", "2014-12-31": "46.00000", "2013-12-31": "40.00000"}, "SG&A Expenses": {"2019-12-31": "479.00000", "2018-12-31": "560.00000", "2017-12-31": "611.00000", "2016-12-31": "679.00000", "2015-12-31": "699.00000", "2014-12-31": "659.00000", "2013-12-31": "661.00000"}, "Other Operating Income Or Expenses": {"2019-12-31": "", "2018-12-31": "", "2017-12-31": "-12.00000", "2016-12-31": "-44.00000", "2015-12-31": "-341.00000", "2014-12-31": "-402.00000", "2013-12-31": "-313.00000"}, "Operating Expenses": {"2019-12-31": "6463.00000", "2018-12-31": "5294.00000", "2017-12-31": "5961.00000", "2016-12-31": "7575.00000", "2015-12-31": "7228.00000", "2014-12-31": "6928.00000", "2013-12-31": "6672.00000"}, "Operating Income": {"2019-12-31": "-1996.00000", "2018-12-31": "99.00000", "2017-12-31": "61.00000", "2016-12-31": "-1167.00000", "2015-12-31": "-566.00000", "2014-12-31": "10.00000", "2013-12-31": "207.00000"}, "Total Non-Operating Income/Expense": {"2019-12-31": "-110.00000", "2018-12-31": "-494.00000", "2017-12-31": "-77.00000", "2016-12-31": "-60.00000", "2015-12-31": "-8.00000", "2014-12-31": "", "2013-12-31": ""}, "Pre-Tax Income": {"2019-12-31": "-2106.00000", "2018-12-31": "-395.00000", "2017-12-31": "-16.00000", "2016-12-31": "-1227.00000", "2015-12-31": "-574.00000", "2014-12-31": "10.00000", "2013-12-31": "207.00000"}, "Income Taxes": {"2019-12-31": "-172.00000", "2018-12-31": "21.00000", "2017-12-31": "-193.00000", "2016-12-31": "-244.00000", "2015-12-31": "-238.00000", "2014-12-31": "-24.00000", "2013-12-31": "72.00000"}, "Income After Taxes": {"2019-12-31": "-1934.00000", "2018-12-31": "-416.00000", "2017-12-31": "177.00000", "2016-12-31": "-983.00000", "2015-12-31": "-336.00000", "2014-12-31": "34.00000", "2013-12-31": "135.00000"}, "Other Income": {"2019-12-31": "", "2018-12-31": "", "2017-12-31": "", "2016-12-31": "", "2015-12-31": "", "2014-12-31": "", "2013-12-31": ""}, "Income From Continuous Operations": {"2019-12-31": "-1934.00000", "2018-12-31": "-416.00000", "2017-12-31": "177.00000", "2016-12-31": "-983.00000", "2015-12-31": "-336.00000", "2014-12-31": "34.00000", "2013-12-31": "135.00000"}, "Income From Discontinued Operations": {"2019-12-31": "", "2018-12-31": "", "2017-12-31": "4.00000", "2016-12-31": "", "2015-12-31": "-78.00000", "2014-12-31": "-115.00000", "2013-12-31": "47.00000"}, "Net Income": {"2019-12-31": "-1934.00000", "2018-12-31": "-416.00000", "2017-12-31": "181.00000", "2016-12-31": "-983.00000", "2015-12-31": "-414.00000", "2014-12-31": "-81.00000", "2013-12-31": "182.00000"}, "EBITDA": {"2019-12-31": "425.00000", "2018-12-31": "573.00000", "2017-12-31": "567.00000", "2016-12-31": "381.00000", "2015-12-31": "34.00000", "2014-12-31": "797.00000", "2013-12-31": "941.00000"}, "EBIT": {"2019-12-31": "-1996.00000", "2018-12-31": "99.00000", "2017-12-31": "61.00000", "2016-12-31": "-1167.00000", "2015-12-31": "-566.00000", "2014-12-31": "10.00000", "2013-12-31": "207.00000"}, "Basic Shares Outstanding": {"2019-12-31": "209.31800", "2018-12-31": "206.05600", "2017-12-31": "204.00700", "2016-12-31": "202.87500", "2015-12-31": "202.87500", "2014-12-31": "202.87500", "2013-12-31": ""}, "Shares Outstanding": {"2019-12-31": "209.31800", "2018-12-31": "206.05600", "2017-12-31": "204.00700", "2016-12-31": "202.87500", "2015-12-31": "202.87500", "2014-12-31": "202.87500", "2013-12-31": ""}, "Basic EPS": {"2019-12-31": "-9.29000", "2018-12-31": "-2.06000", "2017-12-31": "0.84000", "2016-12-31": "-4.85000", "2015-12-31": "-2.04000", "2014-12-31": "-0.40000", "2013-12-31": ""}, "EPS - Earnings Per Share": {"2019-12-31": "-9.29000", "2018-12-31": "-2.06000", "2017-12-31": "0.83000", "2016-12-31": "-4.85000", "2015-12-31": "-2.04000", "2014-12-31": "-0.40000", "2013-12-31": "0.00000"}}, "income statement, quarterly": {"Revenue": {"2020-09-30": "1041.00000", "2020-06-30": "1016.00000", "2020-03-31": "1051.00000", "2019-12-31": "1099.00000", "2019-09-30": "1098.00000", "2019-06-30": "1112.00000", "2019-03-31": "1158.00000", "2018-12-31": "1282.00000", "2018-09-30": "1304.00000", "2018-06-30": "1387.00000", "2018-03-31": "1420.00000", "2017-12-31": "1493.00000", "2017-09-30": "1480.00000", "2017-06-30": "1496.00000", "2017-03-31": "1553.00000", "2016-12-31": "1514.00000", "2016-09-30": "1596.00000", "2016-06-30": "1613.00000", "2016-03-31": "1685.00000", "2015-12-31": "", "2015-09-30": "1571.00000", "2015-03-31": "1678.00000", "2014-12-31": "", "2013-12-31": ""}, "Cost Of Goods Sold": {"2020-09-30": "779.00000", "2020-06-30": "795.00000", "2020-03-31": "832.00000", "2019-12-31": "850.00000", "2019-09-30": "859.00000", "2019-06-30": "879.00000", "2019-03-31": "906.00000", "2018-12-31": "989.00000", "2018-09-30": "1005.00000", "2018-06-30": "1073.00000", "2018-03-31": "1115.00000", "2017-12-31": "964.00000", "2017-09-30": "1219.00000", "2017-06-30": "1253.00000", "2017-03-31": "1294.00000", "2016-12-31": "1067.00000", "2016-09-30": "1328.00000", "2016-06-30": "1358.00000", "2016-03-31": "1421.00000", "2015-12-31": "", "2015-09-30": "1682.00000", "2015-03-31": "1420.00000", "2014-12-31": "", "2013-12-31": ""}, "Gross Profit": {"2020-09-30": "262.00000", "2020-06-30": "221.00000", "2020-03-31": "219.00000", "2019-12-31": "249.00000", "2019-09-30": "239.00000", "2019-06-30": "233.00000", "2019-03-31": "252.00000", "2018-12-31": "293.00000", "2018-09-30": "299.00000", "2018-06-30": "314.00000", "2018-03-31": "305.00000", "2017-12-31": "529.00000", "2017-09-30": "261.00000", "2017-06-30": "243.00000", "2017-03-31": "259.00000", "2016-12-31": "447.00000", "2016-09-30": "268.00000", "2016-06-30": "255.00000", "2016-03-31": "264.00000", "2015-12-31": "", "2015-09-30": "-111.00000", "2015-03-31": "258.00000", "2014-12-31": "", "2013-12-31": ""}, "Research And Development Expenses": {"2020-09-30": "", "2020-06-30": "", "2020-03-31": "1.00000", "2019-12-31": "2.00000", "2019-09-30": "1.00000", "2019-06-30": "2.00000", "2019-03-31": "3.00000", "2018-12-31": "4.00000", "2018-09-30": "2.00000", "2018-06-30": "3.00000", "2018-03-31": "2.00000", "2017-12-31": "1.00000", "2017-09-30": "4.00000", "2017-06-30": "3.00000", "2017-03-31": "4.00000", "2016-12-31": "6.00000", "2016-09-30": "7.00000", "2016-06-30": "8.00000", "2016-03-31": "10.00000", "2015-12-31": "", "2015-09-30": "12.00000", "2015-03-31": "12.00000", "2014-12-31": "", "2013-12-31": ""}, "SG&A Expenses": {"2020-09-30": "122.00000", "2020-06-30": "111.00000", "2020-03-31": "116.00000", "2019-12-31": "119.00000", "2019-09-30": "112.00000", "2019-06-30": "121.00000", "2019-03-31": "127.00000", "2018-12-31": "133.00000", "2018-09-30": "139.00000", "2018-06-30": "145.00000", "2018-03-31": "143.00000", "2017-12-31": "145.00000", "2017-09-30": "144.00000", "2017-06-30": "153.00000", "2017-03-31": "169.00000", "2016-12-31": "162.00000", "2016-09-30": "164.00000", "2016-06-30": "170.00000", "2016-03-31": "183.00000", "2015-12-31": "", "2015-09-30": "170.00000", "2015-03-31": "179.00000", "2014-12-31": "", "2013-12-31": ""}, "Other Operating Income Or Expenses": {"2020-09-30": "", "2020-06-30": "", "2020-03-31": "", "2019-12-31": "", "2019-09-30": "", "2019-06-30": "", "2019-03-31": "", "2018-12-31": "", "2018-09-30": "", "2018-06-30": "60.00000", "2018-03-31": "1.00000", "2017-12-31": "177.00000", "2017-09-30": "-62.00000", "2017-06-30": "-62.00000", "2017-03-31": "-65.00000", "2016-12-31": "227.00000", "2016-09-30": "-86.00000", "2016-06-30": "-87.00000", "2016-03-31": "-98.00000", "2015-12-31": "", "2015-09-30": "-88.00000", "2015-03-31": "-84.00000", "2014-12-31": "", "2013-12-31": ""}, "Operating Expenses": {"2020-09-30": "1033.00000", "2020-06-30": "1050.00000", "2020-03-31": "1073.00000", "2019-12-31": "1710.00000", "2019-09-30": "1095.00000", "2019-06-30": "2207.00000", "2019-03-31": "1451.00000", "2018-12-31": "1315.00000", "2018-09-30": "1290.00000", "2018-06-30": "1294.00000", "2018-03-31": "1395.00000", "2017-12-31": "1453.00000", "2017-09-30": "1451.00000", "2017-06-30": "1507.00000", "2017-03-31": "1550.00000", "2016-12-31": "2598.00000", "2016-09-30": "1593.00000", "2016-06-30": "1646.00000", "2016-03-31": "1738.00000", "2015-12-31": "", "2015-09-30": "1961.00000", "2015-03-31": "1698.00000", "2014-12-31": "", "2013-12-31": ""}, "Operating Income": {"2020-09-30": "8.00000", "2020-06-30": "-34.00000", "2020-03-31": "-22.00000", "2019-12-31": "-611.00000", "2019-09-30": "3.00000", "2019-06-30": "-1095.00000", "2019-03-31": "-293.00000", "2018-12-31": "-33.00000", "2018-09-30": "14.00000", "2018-06-30": "93.00000", "2018-03-31": "25.00000", "2017-12-31": "40.00000", "2017-09-30": "29.00000", "2017-06-30": "-11.00000", "2017-03-31": "3.00000", "2016-12-31": "-1084.00000", "2016-09-30": "3.00000", "2016-06-30": "-33.00000", "2016-03-31": "-53.00000", "2015-12-31": "", "2015-09-30": "-390.00000", "2015-03-31": "-20.00000", "2014-12-31": "", "2013-12-31": ""}, "Total Non-Operating Income/Expense": {"2020-09-30": "-21.00000", "2020-06-30": "-30.00000", "2020-03-31": "-29.00000", "2019-12-31": "-24.00000", "2019-09-30": "-17.00000", "2019-06-30": "-24.00000", "2019-03-31": "-45.00000", "2018-12-31": "-110.00000", "2018-09-30": "-266.00000", "2018-06-30": "-39.00000", "2018-03-31": "-79.00000", "2017-12-31": "-36.00000", "2017-09-30": "-16.00000", "2017-06-30": "", "2017-03-31": "-25.00000", "2016-12-31": "-57.00000", "2016-09-30": "-1.00000", "2016-06-30": "-1.00000", "2016-03-31": "-1.00000", "2015-12-31": "", "2015-09-30": "", "2015-03-31": "", "2014-12-31": "", "2013-12-31": ""}, "Pre-Tax Income": {"2020-09-30": "-13.00000", "2020-06-30": "-64.00000", "2020-03-31": "-51.00000", "2019-12-31": "-635.00000", "2019-09-30": "-14.00000", "2019-06-30": "-1119.00000", "2019-03-31": "-338.00000", "2018-12-31": "-143.00000", "2018-09-30": "-252.00000", "2018-06-30": "54.00000", "2018-03-31": "-54.00000", "2017-12-31": "4.00000", "2017-09-30": "13.00000", "2017-06-30": "-11.00000", "2017-03-31": "-22.00000", "2016-12-31": "-1141.00000", "2016-09-30": "2.00000", "2016-06-30": "-34.00000", "2016-03-31": "-54.00000", "2015-12-31": "", "2015-09-30": "-390.00000", "2015-03-31": "-20.00000", "2014-12-31": "", "2013-12-31": ""}, "Income Taxes": {"2020-09-30": "-6.00000", "2020-06-30": "-13.00000", "2020-03-31": "-2.00000", "2019-12-31": "-54.00000", "2019-09-30": "2.00000", "2019-06-30": "-90.00000", "2019-03-31": "-30.00000", "2018-12-31": "-3.00000", "2018-09-30": "-15.00000", "2018-06-30": "43.00000", "2018-03-31": "-4.00000", "2017-12-31": "-204.00000", "2017-09-30": "30.00000", "2017-06-30": "-7.00000", "2017-03-31": "-12.00000", "2016-12-31": "-190.00000", "2016-09-30": "1.00000", "2016-06-30": "-24.00000", "2016-03-31": "-31.00000", "2015-12-31": "", "2015-09-30": "-154.00000", "2015-03-31": "-14.00000", "2014-12-31": "", "2013-12-31": ""}, "Income After Taxes": {"2020-09-30": "-7.00000", "2020-06-30": "-51.00000", "2020-03-31": "-49.00000", "2019-12-31": "-581.00000", "2019-09-30": "-16.00000", "2019-06-30": "-1029.00000", "2019-03-31": "-308.00000", "2018-12-31": "-140.00000", "2018-09-30": "-237.00000", "2018-06-30": "11.00000", "2018-03-31": "-50.00000", "2017-12-31": "208.00000", "2017-09-30": "-17.00000", "2017-06-30": "-4.00000", "2017-03-31": "-10.00000", "2016-12-31": "-951.00000", "2016-09-30": "1.00000", "2016-06-30": "-10.00000", "2016-03-31": "-23.00000", "2015-12-31": "", "2015-09-30": "-236.00000", "2015-03-31": "-6.00000", "2014-12-31": "", "2013-12-31": ""}, "Other Income": {"2020-09-30": "", "2020-06-30": "", "2020-03-31": "", "2019-12-31": "", "2019-09-30": "", "2019-06-30": "", "2019-03-31": "", "2018-12-31": "", "2018-09-30": "", "2018-06-30": "", "2018-03-31": "", "2017-12-31": "", "2017-09-30": "", "2017-06-30": "", "2017-03-31": "", "2016-12-31": "", "2016-09-30": "", "2016-06-30": "", "2016-03-31": "", "2015-12-31": "", "2015-09-30": "", "2015-03-31": "", "2014-12-31": "", "2013-12-31": ""}, "Income From Continuous Operations": {"2020-09-30": "-7.00000", "2020-06-30": "-51.00000", "2020-03-31": "-49.00000", "2019-12-31": "-581.00000", "2019-09-30": "-16.00000", "2019-06-30": "-1029.00000", "2019-03-31": "-308.00000", "2018-12-31": "-140.00000", "2018-09-30": "-237.00000", "2018-06-30": "11.00000", "2018-03-31": "-50.00000", "2017-12-31": "208.00000", "2017-09-30": "-17.00000", "2017-06-30": "-4.00000", "2017-03-31": "-10.00000", "2016-12-31": "-951.00000", "2016-09-30": "1.00000", "2016-06-30": "-10.00000", "2016-03-31": "-23.00000", "2015-12-31": "", "2015-09-30": "-236.00000", "2015-03-31": "-6.00000", "2014-12-31": "", "2013-12-31": ""}, "Income From Discontinued Operations": {"2020-09-30": "", "2020-06-30": "", "2020-03-31": "", "2019-12-31": "", "2019-09-30": "", "2019-06-30": "", "2019-03-31": "", "2018-12-31": "", "2018-09-30": "", "2018-06-30": "", "2018-03-31": "", "2017-12-31": "", "2017-09-30": "", "2017-06-30": "", "2017-03-31": "4.00000", "2016-12-31": "", "2016-09-30": "", "2016-06-30": "", "2016-03-31": "", "2015-12-31": "", "2015-09-30": "-3.00000", "2015-03-31": "34.00000", "2014-12-31": "", "2013-12-31": ""}, "Net Income": {"2020-09-30": "-7.00000", "2020-06-30": "-54.00000", "2020-03-31": "-49.00000", "2019-12-31": "-578.00000", "2019-09-30": "-16.00000", "2019-06-30": "-1032.00000", "2019-03-31": "-308.00000", "2018-12-31": "-137.00000", "2018-09-30": "-237.00000", "2018-06-30": "8.00000", "2018-03-31": "-50.00000", "2017-12-31": "210.00000", "2017-09-30": "-17.00000", "2017-06-30": "-4.00000", "2017-03-31": "-8.00000", "2016-12-31": "-951.00000", "2016-09-30": "1.00000", "2016-06-30": "-10.00000", "2016-03-31": "-23.00000", "2015-12-31": "", "2015-09-30": "-239.00000", "2015-03-31": "28.00000", "2014-12-31": "", "2013-12-31": ""}, "EBITDA": {"2020-09-30": "123.00000", "2020-06-30": "82.00000", "2020-03-31": "98.00000", "2019-12-31": "110.00000", "2019-09-30": "121.00000", "2019-06-30": "85.00000", "2019-03-31": "109.00000", "2018-12-31": "85.00000", "2018-09-30": "128.00000", "2018-06-30": "216.00000", "2018-03-31": "144.00000", "2017-12-31": "161.00000", "2017-09-30": "155.00000", "2017-06-30": "121.00000", "2017-03-31": "130.00000", "2016-12-31": "47.00000", "2016-09-30": "138.00000", "2016-06-30": "101.00000", "2016-03-31": "95.00000", "2015-12-31": "", "2015-09-30": "-390.00000", "2015-03-31": "126.00000", "2014-12-31": "", "2013-12-31": ""}, "EBIT": {"2020-09-30": "8.00000", "2020-06-30": "-34.00000", "2020-03-31": "-22.00000", "2019-12-31": "-611.00000", "2019-09-30": "3.00000", "2019-06-30": "-1095.00000", "2019-03-31": "-293.00000", "2018-12-31": "-33.00000", "2018-09-30": "14.00000", "2018-06-30": "93.00000", "2018-03-31": "25.00000", "2017-12-31": "40.00000", "2017-09-30": "29.00000", "2017-06-30": "-11.00000", "2017-03-31": "3.00000", "2016-12-31": "-1084.00000", "2016-09-30": "3.00000", "2016-06-30": "-33.00000", "2016-03-31": "-53.00000", "2015-12-31": "", "2015-09-30": "-390.00000", "2015-03-31": "-20.00000", "2014-12-31": "", "2013-12-31": ""}, "Basic Shares Outstanding": {"2020-09-30": "209.24400", "2020-06-30": "209.12900", "2020-03-31": "211.09300", "2019-12-31": "209.31800", "2019-09-30": "209.62600", "2019-06-30": "208.49600", "2019-03-31": "207.94400", "2018-12-31": "206.05600", "2018-09-30": "206.60500", "2018-06-30": "205.29600", "2018-03-31": "205.09300", "2017-12-31": "204.00700", "2017-09-30": "204.35600", "2017-06-30": "203.67300", "2017-03-31": "203.40000", "2016-12-31": "202.87500", "2016-09-30": "202.87500", "2016-06-30": "202.87500", "2016-03-31": "202.87500", "2015-12-31": "", "2015-09-30": "", "2015-03-31": "", "2014-12-31": "", "2013-12-31": ""}, "Shares Outstanding": {"2020-09-30": "209.24400", "2020-06-30": "209.12900", "2020-03-31": "211.09300", "2019-12-31": "209.31800", "2019-09-30": "209.62600", "2019-06-30": "208.49600", "2019-03-31": "207.94400", "2018-12-31": "206.05600", "2018-09-30": "206.60500", "2018-06-30": "205.29600", "2018-03-31": "205.09300", "2017-12-31": "204.00700", "2017-09-30": "204.35600", "2017-06-30": "203.67300", "2017-03-31": "203.40000", "2016-12-31": "202.87500", "2016-09-30": "202.87500", "2016-06-30": "202.87500", "2016-03-31": "202.87500", "2015-12-31": "", "2015-09-30": "", "2015-03-31": "", "2014-12-31": "", "2013-12-31": ""}, "Basic EPS": {"2020-09-30": "-0.04000", "2020-06-30": "-0.25000", "2020-03-31": "-0.24000", "2019-12-31": "-2.77000", "2019-09-30": "-0.09000", "2019-06-30": "-4.94000", "2019-03-31": "-1.49000", "2018-12-31": "-0.69000", "2018-09-30": "-1.16000", "2018-06-30": "0.05000", "2018-03-31": "-0.26000", "2017-12-31": "1.00000", "2017-09-30": "-0.09000", "2017-06-30": "-0.03000", "2017-03-31": "-0.04000", "2016-12-31": "-4.69000", "2016-09-30": "0.01000", "2016-06-30": "-0.05000", "2016-03-31": "-0.12000", "2015-12-31": "", "2015-09-30": "", "2015-03-31": "", "2014-12-31": "", "2013-12-31": ""}, "EPS - Earnings Per Share": {"2020-09-30": "-0.04000", "2020-06-30": "-0.25000", "2020-03-31": "-0.24000", "2019-12-31": "-2.77000", "2019-09-30": "-0.09000", "2019-06-30": "-4.94000", "2019-03-31": "-1.49000", "2018-12-31": "-0.68000", "2018-09-30": "-1.16000", "2018-06-30": "0.04000", "2018-03-31": "-0.26000", "2017-12-31": "0.99000", "2017-09-30": "-0.09000", "2017-06-30": "-0.03000", "2017-03-31": "-0.04000", "2016-12-31": "-4.69000", "2016-09-30": "0.01000", "2016-06-30": "-0.05000", "2016-03-31": "-0.12000", "2015-12-31": "0.00000", "2015-09-30": "0.00000", "2015-03-31": "0.00000", "2014-12-31": "0.00000", "2013-12-31": "0.00000"}}, "balance sheet": {"Cash On Hand": {"2019-12-31": "496.00000", "2018-12-31": "756.00000", "2017-12-31": "658.00000", "2016-12-31": "390.00000", "2015-12-31": "140.00000", "2014-12-31": "159.00000", "2013-12-31": ""}, "Receivables": {"2019-12-31": "652.00000", "2018-12-31": "782.00000", "2017-12-31": "1114.00000", "2016-12-31": "1286.00000", "2015-12-31": "1494.00000", "2014-12-31": "1586.00000", "2013-12-31": ""}, "Inventory": {"2019-12-31": "", "2018-12-31": "", "2017-12-31": "", "2016-12-31": "", "2015-12-31": "", "2014-12-31": "", "2013-12-31": ""}, "Pre-Paid Expenses": {"2019-12-31": "", "2018-12-31": "", "2017-12-31": "", "2016-12-31": "", "2015-12-31": "", "2014-12-31": "", "2013-12-31": ""}, "Other Current Assets": {"2019-12-31": "283.00000", "2018-12-31": "249.00000", "2017-12-31": "938.00000", "2016-12-31": "241.00000", "2015-12-31": "240.00000", "2014-12-31": "247.00000", "2013-12-31": ""}, "Total Current Assets": {"2019-12-31": "1586.00000", "2018-12-31": "1964.00000", "2017-12-31": "2710.00000", "2016-12-31": "1917.00000", "2015-12-31": "1874.00000", "2014-12-31": "3252.00000", "2013-12-31": ""}, "Property, Plant, And Equipment": {"2019-12-31": "342.00000", "2018-12-31": "328.00000", "2017-12-31": "257.00000", "2016-12-31": "283.00000", "2015-12-31": "280.00000", "2014-12-31": "291.00000", "2013-12-31": ""}, "Long-Term Investments": {"2019-12-31": "", "2018-12-31": "", "2017-12-31": "", "2016-12-31": "", "2015-12-31": "", "2014-12-31": "", "2013-12-31": ""}, "Goodwill And Intangible Assets": {"2019-12-31": "1928.00000", "2018-12-31": "4059.00000", "2017-12-31": "4257.00000", "2016-12-31": "5033.00000", "2015-12-31": "6297.00000", "2014-12-31": "6416.00000", "2013-12-31": "0.00000"}, "Other Long-Term Assets": {"2019-12-31": "387.00000", "2018-12-31": "329.00000", "2017-12-31": "324.00000", "2016-12-31": "476.00000", "2015-12-31": "607.00000", "2014-12-31": "995.00000", "2013-12-31": ""}, "Total Long-Term Assets": {"2019-12-31": "2928.00000", "2018-12-31": "4716.00000", "2017-12-31": "4838.00000", "2016-12-31": "5792.00000", "2015-12-31": "7184.00000", "2014-12-31": "7702.00000", "2013-12-31": ""}, "Total Assets": {"2019-12-31": "4514.00000", "2018-12-31": "6680.00000", "2017-12-31": "7548.00000", "2016-12-31": "7709.00000", "2015-12-31": "9058.00000", "2014-12-31": "10954.00000", "2013-12-31": "0.00000"}, "Total Current Liabilities": {"2019-12-31": "1177.00000", "2018-12-31": "1197.00000", "2017-12-31": "1368.00000", "2016-12-31": "1402.00000", "2015-12-31": "2741.00000", "2014-12-31": "4139.00000", "2013-12-31": ""}, "Long Term Debt": {"2019-12-31": "1464.00000", "2018-12-31": "1512.00000", "2017-12-31": "1979.00000", "2016-12-31": "1913.00000", "2015-12-31": "37.00000", "2014-12-31": "43.00000", "2013-12-31": ""}, "Other Non-Current Liabilities": {"2019-12-31": "91.00000", "2018-12-31": "280.00000", "2017-12-31": "146.00000", "2016-12-31": "173.00000", "2015-12-31": "201.00000", "2014-12-31": "231.00000", "2013-12-31": ""}, "Total Long Term Liabilities": {"2019-12-31": "1895.00000", "2018-12-31": "2119.00000", "2017-12-31": "2509.00000", "2016-12-31": "2877.00000", "2015-12-31": "1155.00000", "2014-12-31": "1404.00000", "2013-12-31": ""}, "Total Liabilities": {"2019-12-31": "3072.00000", "2018-12-31": "3316.00000", "2017-12-31": "3877.00000", "2016-12-31": "4279.00000", "2015-12-31": "3896.00000", "2014-12-31": "5543.00000", "2013-12-31": "0.00000"}, "Common Stock Net": {"2019-12-31": "2.00000", "2018-12-31": "2.00000", "2017-12-31": "2.00000", "2016-12-31": "2.00000", "2015-12-31": "0.00000", "2014-12-31": "", "2013-12-31": "0.00000"}, "Retained Earnings (Accumulated Deficit)": {"2019-12-31": "-2185.00000", "2018-12-31": "-233.00000", "2017-12-31": "171.00000", "2016-12-31": "", "2015-12-31": "", "2014-12-31": "", "2013-12-31": ""}, "Comprehensive Income": {"2019-12-31": "-407.00000", "2018-12-31": "-425.00000", "2017-12-31": "-494.00000", "2016-12-31": "-526.00000", "2015-12-31": "-181.00000", "2014-12-31": "-129.00000", "2013-12-31": ""}, "Other Share Holders Equity": {"2019-12-31": "", "2018-12-31": "", "2017-12-31": "", "2016-12-31": "", "2015-12-31": "5343.00000", "2014-12-31": "5540.00000", "2013-12-31": "0.00000"}, "Share Holder Equity": {"2019-12-31": "1442.00000", "2018-12-31": "3364.00000", "2017-12-31": "3671.00000", "2016-12-31": "3430.00000", "2015-12-31": "5162.00000", "2014-12-31": "5411.00000", "2013-12-31": "0.00000"}, "Total Liabilities And Share Holders Equity": {"2019-12-31": "4514.00000", "2018-12-31": "6680.00000", "2017-12-31": "7548.00000", "2016-12-31": "7709.00000", "2015-12-31": "9058.00000", "2014-12-31": "10954.00000", "2013-12-31": "0.00000"}}, "balance sheet, quarterly": {"Cash On Hand": {"2020-09-30": "488.00000", "2020-06-30": "428.00000", "2020-03-31": "395.00000", "2019-12-31": "496.00000", "2019-09-30": "228.00000", "2019-06-30": "276.00000", "2019-03-31": "520.00000", "2018-12-31": "756.00000", "2018-09-30": "586.00000", "2018-06-30": "993.00000", "2018-03-31": "553.00000", "2017-12-31": "658.00000", "2017-09-30": "468.00000", "2017-06-30": "309.00000", "2017-03-31": "255.00000", "2016-12-31": "390.00000", "2016-09-30": "148.00000", "2016-06-30": "", "2016-03-31": "143.00000", "2015-12-31": "", "2015-09-30": "", "2015-03-31": "", "2014-12-31": "159.00000", "2013-12-31": ""}, "Receivables": {"2020-09-30": "687.00000", "2020-06-30": "693.00000", "2020-03-31": "690.00000", "2019-12-31": "652.00000", "2019-09-30": "840.00000", "2019-06-30": "824.00000", "2019-03-31": "820.00000", "2018-12-31": "782.00000", "2018-09-30": "951.00000", "2018-06-30": "930.00000", "2018-03-31": "1026.00000", "2017-12-31": "1114.00000", "2017-09-30": "1411.00000", "2017-06-30": "1413.00000", "2017-03-31": "1449.00000", "2016-12-31": "1286.00000", "2016-09-30": "1625.00000", "2016-06-30": "", "2016-03-31": "1651.00000", "2015-12-31": "", "2015-09-30": "", "2015-03-31": "", "2014-12-31": "1586.00000", "2013-12-31": ""}, "Inventory": {"2020-09-30": "", "2020-06-30": "", "2020-03-31": "", "2019-12-31": "", "2019-09-30": "", "2019-06-30": "", "2019-03-31": "", "2018-12-31": "", "2018-09-30": "", "2018-06-30": "", "2018-03-31": "", "2017-12-31": "", "2017-09-30": "", "2017-06-30": "", "2017-03-31": "", "2016-12-31": "", "2016-09-30": "", "2016-06-30": "", "2016-03-31": "", "2015-12-31": "", "2015-09-30": "", "2015-03-31": "", "2014-12-31": "", "2013-12-31": ""}, "Pre-Paid Expenses": {"2020-09-30": "", "2020-06-30": "", "2020-03-31": "", "2019-12-31": "", "2019-09-30": "", "2019-06-30": "", "2019-03-31": "", "2018-12-31": "", "2018-09-30": "", "2018-06-30": "", "2018-03-31": "", "2017-12-31": "", "2017-09-30": "", "2017-06-30": "", "2017-03-31": "", "2016-12-31": "", "2016-09-30": "", "2016-06-30": "", "2016-03-31": "", "2015-12-31": "", "2015-09-30": "", "2015-03-31": "", "2014-12-31": "", "2013-12-31": ""}, "Other Current Assets": {"2020-09-30": "312.00000", "2020-06-30": "287.00000", "2020-03-31": "318.00000", "2019-12-31": "283.00000", "2019-09-30": "313.00000", "2019-06-30": "315.00000", "2019-03-31": "294.00000", "2018-12-31": "249.00000", "2018-09-30": "265.00000", "2018-06-30": "545.00000", "2018-03-31": "878.00000", "2017-12-31": "938.00000", "2017-09-30": "233.00000", "2017-06-30": "264.00000", "2017-03-31": "270.00000", "2016-12-31": "241.00000", "2016-09-30": "247.00000", "2016-06-30": "", "2016-03-31": "247.00000", "2015-12-31": "", "2015-09-30": "", "2015-03-31": "", "2014-12-31": "1507.00000", "2013-12-31": ""}, "Total Current Assets": {"2020-09-30": "1653.00000", "2020-06-30": "1568.00000", "2020-03-31": "1572.00000", "2019-12-31": "1586.00000", "2019-09-30": "1546.00000", "2019-06-30": "1607.00000", "2019-03-31": "1831.00000", "2018-12-31": "1964.00000", "2018-09-30": "1993.00000", "2018-06-30": "2661.00000", "2018-03-31": "2620.00000", "2017-12-31": "2710.00000", "2017-09-30": "2112.00000", "2017-06-30": "1986.00000", "2017-03-31": "1974.00000", "2016-12-31": "1917.00000", "2016-09-30": "2020.00000", "2016-06-30": "", "2016-03-31": "2041.00000", "2015-12-31": "", "2015-09-30": "", "2015-03-31": "", "2014-12-31": "3252.00000", "2013-12-31": ""}, "Property, Plant, And Equipment": {"2020-09-30": "306.00000", "2020-06-30": "309.00000", "2020-03-31": "321.00000", "2019-12-31": "342.00000", "2019-09-30": "331.00000", "2019-06-30": "333.00000", "2019-03-31": "336.00000", "2018-12-31": "328.00000", "2018-09-30": "297.00000", "2018-06-30": "276.00000", "2018-03-31": "260.00000", "2017-12-31": "257.00000", "2017-09-30": "249.00000", "2017-06-30": "262.00000", "2017-03-31": "282.00000", "2016-12-31": "283.00000", "2016-09-30": "264.00000", "2016-06-30": "", "2016-03-31": "281.00000", "2015-12-31": "", "2015-09-30": "", "2015-03-31": "", "2014-12-31": "", "2013-12-31": ""}, "Long-Term Investments": {"2020-09-30": "", "2020-06-30": "", "2020-03-31": "", "2019-12-31": "", "2019-09-30": "", "2019-06-30": "", "2019-03-31": "", "2018-12-31": "", "2018-09-30": "", "2018-06-30": "", "2018-03-31": "", "2017-12-31": "", "2017-09-30": "", "2017-06-30": "", "2017-03-31": "", "2016-12-31": "", "2016-09-30": "", "2016-06-30": "", "2016-03-31": "", "2015-12-31": "", "2015-09-30": "", "2015-03-31": "", "2014-12-31": "", "2013-12-31": ""}, "Goodwill And Intangible Assets": {"2020-09-30": "1753.00000", "2020-06-30": "1797.00000", "2020-03-31": "1852.00000", "2019-12-31": "1928.00000", "2019-09-30": "2577.00000", "2019-06-30": "2671.00000", "2019-03-31": "3798.00000", "2018-12-31": "4059.00000", "2018-09-30": "4128.00000", "2018-06-30": "4195.00000", "2018-03-31": "4288.00000", "2017-12-31": "4257.00000", "2017-09-30": "4858.00000", "2017-06-30": "4944.00000", "2017-03-31": "4982.00000", "2016-12-31": "5033.00000", "2016-09-30": "6075.00000", "2016-06-30": "", "2016-03-31": "6226.00000", "2015-12-31": "", "2015-09-30": "0.00000", "2015-03-31": "0.00000", "2014-12-31": "6416.00000", "2013-12-31": "0.00000"}, "Other Long-Term Assets": {"2020-09-30": "402.00000", "2020-06-30": "397.00000", "2020-03-31": "384.00000", "2019-12-31": "387.00000", "2019-09-30": "370.00000", "2019-06-30": "375.00000", "2019-03-31": "360.00000", "2018-12-31": "329.00000", "2018-09-30": "312.00000", "2018-06-30": "304.00000", "2018-03-31": "343.00000", "2017-12-31": "324.00000", "2017-09-30": "328.00000", "2017-06-30": "456.00000", "2017-03-31": "462.00000", "2016-12-31": "476.00000", "2016-09-30": "564.00000", "2016-06-30": "", "2016-03-31": "580.00000", "2015-12-31": "", "2015-09-30": "", "2015-03-31": "", "2014-12-31": "995.00000", "2013-12-31": ""}, "Total Long-Term Assets": {"2020-09-30": "2707.00000", "2020-06-30": "2758.00000", "2020-03-31": "2822.00000", "2019-12-31": "2928.00000", "2019-09-30": "3568.00000", "2019-06-30": "3696.00000", "2019-03-31": "4832.00000", "2018-12-31": "4716.00000", "2018-09-30": "4737.00000", "2018-06-30": "4775.00000", "2018-03-31": "4891.00000", "2017-12-31": "4838.00000", "2017-09-30": "5435.00000", "2017-06-30": "5662.00000", "2017-03-31": "5726.00000", "2016-12-31": "5792.00000", "2016-09-30": "6903.00000", "2016-06-30": "", "2016-03-31": "7087.00000", "2015-12-31": "", "2015-09-30": "", "2015-03-31": "", "2014-12-31": "7411.00000", "2013-12-31": ""}, "Total Assets": {"2020-09-30": "4360.00000", "2020-06-30": "4326.00000", "2020-03-31": "4394.00000", "2019-12-31": "4514.00000", "2019-09-30": "5114.00000", "2019-06-30": "5303.00000", "2019-03-31": "6663.00000", "2018-12-31": "6680.00000", "2018-09-30": "6730.00000", "2018-06-30": "7436.00000", "2018-03-31": "7511.00000", "2017-12-31": "7548.00000", "2017-09-30": "7547.00000", "2017-06-30": "7648.00000", "2017-03-31": "7700.00000", "2016-12-31": "7709.00000", "2016-09-30": "8923.00000", "2016-06-30": "0.00000", "2016-03-31": "9128.00000", "2015-12-31": "0.00000", "2015-09-30": "0.00000", "2015-03-31": "0.00000", "2014-12-31": "10954.00000", "2013-12-31": "0.00000"}, "Total Current Liabilities": {"2020-09-30": "1041.00000", "2020-06-30": "1022.00000", "2020-03-31": "1023.00000", "2019-12-31": "1177.00000", "2019-09-30": "1123.00000", "2019-06-30": "1217.00000", "2019-03-31": "1434.00000", "2018-12-31": "1197.00000", "2018-09-30": "1251.00000", "2018-06-30": "1313.00000", "2018-03-31": "1374.00000", "2017-12-31": "1368.00000", "2017-09-30": "1214.00000", "2017-06-30": "1212.00000", "2017-03-31": "1248.00000", "2016-12-31": "1402.00000", "2016-09-30": "2306.00000", "2016-06-30": "", "2016-03-31": "2595.00000", "2015-12-31": "", "2015-09-30": "", "2015-03-31": "", "2014-12-31": "4139.00000", "2013-12-31": ""}, "Long Term Debt": {"2020-09-30": "1574.00000", "2020-06-30": "1581.00000", "2020-03-31": "1596.00000", "2019-12-31": "1464.00000", "2019-09-30": "1468.00000", "2019-06-30": "1488.00000", "2019-03-31": "1496.00000", "2018-12-31": "1512.00000", "2018-09-30": "1528.00000", "2018-06-30": "2001.00000", "2018-03-31": "1972.00000", "2017-12-31": "1979.00000", "2017-09-30": "1991.00000", "2017-06-30": "2071.00000", "2017-03-31": "2075.00000", "2016-12-31": "1913.00000", "2016-09-30": "26.00000", "2016-06-30": "", "2016-03-31": "33.00000", "2015-12-31": "", "2015-09-30": "", "2015-03-31": "", "2014-12-31": "43.00000", "2013-12-31": ""}, "Other Non-Current Liabilities": {"2020-09-30": "105.00000", "2020-06-30": "95.00000", "2020-03-31": "81.00000", "2019-12-31": "91.00000", "2019-09-30": "87.00000", "2019-06-30": "105.00000", "2019-03-31": "99.00000", "2018-12-31": "280.00000", "2018-09-30": "130.00000", "2018-06-30": "135.00000", "2018-03-31": "131.00000", "2017-12-31": "146.00000", "2017-09-30": "132.00000", "2017-06-30": "143.00000", "2017-03-31": "148.00000", "2016-12-31": "173.00000", "2016-09-30": "169.00000", "2016-06-30": "", "2016-03-31": "200.00000", "2015-12-31": "", "2015-09-30": "", "2015-03-31": "", "2014-12-31": "403.00000", "2013-12-31": ""}, "Total Long Term Liabilities": {"2020-09-30": "1994.00000", "2020-06-30": "1987.00000", "2020-03-31": "2009.00000", "2019-12-31": "1895.00000", "2019-09-30": "1981.00000", "2019-06-30": "2043.00000", "2019-03-31": "2160.00000", "2018-12-31": "2119.00000", "2018-09-30": "1978.00000", "2018-06-30": "2482.00000", "2018-03-31": "2485.00000", "2017-12-31": "2509.00000", "2017-09-30": "2879.00000", "2017-06-30": "2977.00000", "2017-03-31": "3011.00000", "2016-12-31": "2877.00000", "2016-09-30": "1127.00000", "2016-06-30": "", "2016-03-31": "1150.00000", "2015-12-31": "", "2015-09-30": "", "2015-03-31": "", "2014-12-31": "1404.00000", "2013-12-31": ""}, "Total Liabilities": {"2020-09-30": "3035.00000", "2020-06-30": "3009.00000", "2020-03-31": "3032.00000", "2019-12-31": "3072.00000", "2019-09-30": "3104.00000", "2019-06-30": "3260.00000", "2019-03-31": "3594.00000", "2018-12-31": "3316.00000", "2018-09-30": "3229.00000", "2018-06-30": "3795.00000", "2018-03-31": "3859.00000", "2017-12-31": "3877.00000", "2017-09-30": "4093.00000", "2017-06-30": "4189.00000", "2017-03-31": "4259.00000", "2016-12-31": "4279.00000", "2016-09-30": "3433.00000", "2016-06-30": "", "2016-03-31": "3745.00000", "2015-12-31": "", "2015-09-30": "0.00000", "2015-03-31": "0.00000", "2014-12-31": "5543.00000", "2013-12-31": "0.00000"}, "Common Stock Net": {"2020-09-30": "2.00000", "2020-06-30": "2.00000", "2020-03-31": "2.00000", "2019-12-31": "2.00000", "2019-09-30": "2.00000", "2019-06-30": "2.00000", "2019-03-31": "2.00000", "2018-12-31": "2.00000", "2018-09-30": "2.00000", "2018-06-30": "2.00000", "2018-03-31": "2.00000", "2017-12-31": "2.00000", "2017-09-30": "2.00000", "2017-06-30": "2.00000", "2017-03-31": "2.00000", "2016-12-31": "2.00000", "2016-09-30": "", "2016-06-30": "", "2016-03-31": "", "2015-12-31": "", "2015-09-30": "0.00000", "2015-03-31": "0.00000", "2014-12-31": "0.00000", "2013-12-31": "0.00000"}, "Retained Earnings (Accumulated Deficit)": {"2020-09-30": "-2299.00000", "2020-06-30": "-2290.00000", "2020-03-31": "-2236.00000", "2019-12-31": "-2185.00000", "2019-09-30": "-1601.00000", "2019-06-30": "-1583.00000", "2019-03-31": "-551.00000", "2018-12-31": "-233.00000", "2018-09-30": "-90.00000", "2018-06-30": "144.00000", "2018-03-31": "136.00000", "2017-12-31": "171.00000", "2017-09-30": "-34.00000", "2017-06-30": "-15.00000", "2017-03-31": "-8.00000", "2016-12-31": "", "2016-09-30": "", "2016-06-30": "", "2016-03-31": "", "2015-12-31": "", "2015-09-30": "", "2015-03-31": "", "2014-12-31": "", "2013-12-31": ""}, "Comprehensive Income": {"2020-09-30": "-421.00000", "2020-06-30": "-433.00000", "2020-03-31": "-437.00000", "2019-12-31": "-407.00000", "2019-09-30": "-419.00000", "2019-06-30": "-404.00000", "2019-03-31": "-403.00000", "2018-12-31": "-425.00000", "2018-09-30": "-424.00000", "2018-06-30": "-512.00000", "2018-03-31": "-481.00000", "2017-12-31": "-494.00000", "2017-09-30": "-490.00000", "2017-06-30": "-498.00000", "2017-03-31": "-511.00000", "2016-12-31": "-526.00000", "2016-09-30": "-203.00000", "2016-06-30": "", "2016-03-31": "-172.00000", "2015-12-31": "", "2015-09-30": "", "2015-03-31": "", "2014-12-31": "", "2013-12-31": ""}, "Other Share Holders Equity": {"2020-09-30": "", "2020-06-30": "", "2020-03-31": "", "2019-12-31": "", "2019-09-30": "", "2019-06-30": "", "2019-03-31": "", "2018-12-31": "", "2018-09-30": "", "2018-06-30": "", "2018-03-31": "", "2017-12-31": "", "2017-09-30": "", "2017-06-30": "", "2017-03-31": "", "2016-12-31": "", "2016-09-30": "5693.00000", "2016-06-30": "", "2016-03-31": "5555.00000", "2015-12-31": "", "2015-09-30": "0.00000", "2015-03-31": "0.00000", "2014-12-31": "5411.00000", "2013-12-31": "0.00000"}, "Share Holder Equity": {"2020-09-30": "1325.00000", "2020-06-30": "1317.00000", "2020-03-31": "1362.00000", "2019-12-31": "1442.00000", "2019-09-30": "2010.00000", "2019-06-30": "2043.00000", "2019-03-31": "3069.00000", "2018-12-31": "3364.00000", "2018-09-30": "3501.00000", "2018-06-30": "3641.00000", "2018-03-31": "3652.00000", "2017-12-31": "3671.00000", "2017-09-30": "3454.00000", "2017-06-30": "3459.00000", "2017-03-31": "3441.00000", "2016-12-31": "3430.00000", "2016-09-30": "5490.00000", "2016-06-30": "", "2016-03-31": "5383.00000", "2015-12-31": "", "2015-09-30": "0.00000", "2015-03-31": "0.00000", "2014-12-31": "5411.00000", "2013-12-31": "0.00000"}, "Total Liabilities And Share Holders Equity": {"2020-09-30": "4360.00000", "2020-06-30": "4326.00000", "2020-03-31": "4394.00000", "2019-12-31": "4514.00000", "2019-09-30": "5114.00000", "2019-06-30": "5303.00000", "2019-03-31": "6663.00000", "2018-12-31": "6680.00000", "2018-09-30": "6730.00000", "2018-06-30": "7436.00000", "2018-03-31": "7511.00000", "2017-12-31": "7548.00000", "2017-09-30": "7547.00000", "2017-06-30": "7648.00000", "2017-03-31": "7700.00000", "2016-12-31": "7709.00000", "2016-09-30": "8923.00000", "2016-06-30": "", "2016-03-31": "9128.00000", "2015-12-31": "", "2015-09-30": "0.00000", "2015-03-31": "0.00000", "2014-12-31": "10954.00000", "2013-12-31": "0.00000"}}, "cash flow statement": {"Net Income/Loss": {"2019-12-31": "-1934.00000", "2018-12-31": "-416.00000", "2017-12-31": "181.00000", "2016-12-31": "-983.00000", "2015-12-31": "-414.00000", "2014-12-31": "-81.00000", "2013-12-31": "182.00000"}, "Total Depreciation And Amortization - Cash Flow": {"2019-12-31": "2421.00000", "2018-12-31": "474.00000", "2017-12-31": "506.00000", "2016-12-31": "1548.00000", "2015-12-31": "600.00000", "2014-12-31": "787.00000", "2013-12-31": "734.00000"}, "Other Non-Cash Items": {"2019-12-31": "-172.00000", "2018-12-31": "111.00000", "2017-12-31": "-243.00000", "2016-12-31": "-142.00000", "2015-12-31": "4.00000", "2014-12-31": "76.00000", "2013-12-31": "-1.00000"}, "Total Non-Cash Items": {"2019-12-31": "2249.00000", "2018-12-31": "585.00000", "2017-12-31": "263.00000", "2016-12-31": "1406.00000", "2015-12-31": "604.00000", "2014-12-31": "863.00000", "2013-12-31": "733.00000"}, "Change In Accounts Receivable": {"2019-12-31": "107.00000", "2018-12-31": "133.00000", "2017-12-31": "32.00000", "2016-12-31": "-23.00000", "2015-12-31": "243.00000", "2014-12-31": "-44.00000", "2013-12-31": "-203.00000"}, "Change In Inventories": {"2019-12-31": "", "2018-12-31": "", "2017-12-31": "", "2016-12-31": "", "2015-12-31": "", "2014-12-31": "", "2013-12-31": ""}, "Change In Accounts Payable": {"2019-12-31": "", "2018-12-31": "", "2017-12-31": "", "2016-12-31": "", "2015-12-31": "", "2014-12-31": "", "2013-12-31": ""}, "Change In Assets/Liabilities": {"2019-12-31": "-261.00000", "2018-12-31": "58.00000", "2017-12-31": "-123.00000", "2016-12-31": "-279.00000", "2015-12-31": "282.00000", "2014-12-31": "-111.00000", "2013-12-31": "-143.00000"}, "Total Change In Assets/Liabilities": {"2019-12-31": "-183.00000", "2018-12-31": "118.00000", "2017-12-31": "-129.00000", "2016-12-31": "-323.00000", "2015-12-31": "311.00000", "2014-12-31": "-117.00000", "2013-12-31": "-536.00000"}, "Cash Flow From Operating Activities": {"2019-12-31": "132.00000", "2018-12-31": "283.00000", "2017-12-31": "300.00000", "2016-12-31": "95.00000", "2015-12-31": "493.00000", "2014-12-31": "665.00000", "2013-12-31": "379.00000"}, "Net Change In Property, Plant, And Equipment": {"2019-12-31": "-213.00000", "2018-12-31": "-211.00000", "2017-12-31": "-99.00000", "2016-12-31": "-188.00000", "2015-12-31": "-185.00000", "2014-12-31": "-216.00000", "2013-12-31": "-248.00000"}, "Net Change In Intangible Assets": {"2019-12-31": "", "2018-12-31": "", "2017-12-31": "", "2016-12-31": "", "2015-12-31": "", "2014-12-31": "", "2013-12-31": ""}, "Net Acquisitions/Divestitures": {"2019-12-31": "-97.00000", "2018-12-31": "675.00000", "2017-12-31": "56.00000", "2016-12-31": "-54.00000", "2015-12-31": "742.00000", "2014-12-31": "-290.00000", "2013-12-31": "-30.00000"}, "Net Change In Short-term Investments": {"2019-12-31": "", "2018-12-31": "", "2017-12-31": "", "2016-12-31": "248.00000", "2015-12-31": "-37.00000", "2014-12-31": "22.00000", "2013-12-31": "-20.00000"}, "Net Change In Long-Term Investments": {"2019-12-31": "", "2018-12-31": "1.00000", "2017-12-31": "117.00000", "2016-12-31": "11.00000", "2015-12-31": "", "2014-12-31": "", "2013-12-31": ""}, "Net Change In Investments - Total": {"2019-12-31": "", "2018-12-31": "1.00000", "2017-12-31": "117.00000", "2016-12-31": "259.00000", "2015-12-31": "-37.00000", "2014-12-31": "22.00000", "2013-12-31": "-20.00000"}, "Investing Activities - Other": {"2019-12-31": "", "2018-12-31": "-5.00000", "2017-12-31": "", "2016-12-31": "-1.00000", "2015-12-31": "2.00000", "2014-12-31": "-4.00000", "2013-12-31": "-2.00000"}, "Cash Flow From Investing Activities": {"2019-12-31": "-310.00000", "2018-12-31": "460.00000", "2017-12-31": "74.00000", "2016-12-31": "16.00000", "2015-12-31": "522.00000", "2014-12-31": "-488.00000", "2013-12-31": "-300.00000"}, "Net Long-Term Debt": {"2019-12-31": "-54.00000", "2018-12-31": "-519.00000", "2017-12-31": "-96.00000", "2016-12-31": "217.00000", "2015-12-31": "-1028.00000", "2014-12-31": "-23.00000", "2013-12-31": "26.00000"}, "Net Current Debt": {"2019-12-31": "", "2018-12-31": "", "2017-12-31": "", "2016-12-31": "", "2015-12-31": "", "2014-12-31": "-90.00000", "2013-12-31": "-82.00000"}, "Debt Issuance/Retirement Net - Total": {"2019-12-31": "-54.00000", "2018-12-31": "-519.00000", "2017-12-31": "-96.00000", "2016-12-31": "217.00000", "2015-12-31": "-1028.00000", "2014-12-31": "-113.00000", "2013-12-31": "-56.00000"}, "Net Common Equity Issued/Repurchased": {"2019-12-31": "", "2018-12-31": "", "2017-12-31": "", "2016-12-31": "", "2015-12-31": "", "2014-12-31": "", "2013-12-31": ""}, "Net Total Equity Issued/Repurchased": {"2019-12-31": "", "2018-12-31": "", "2017-12-31": "", "2016-12-31": "", "2015-12-31": "", "2014-12-31": "", "2013-12-31": ""}, "Total Common And Preferred Stock Dividends Paid": {"2019-12-31": "-10.00000", "2018-12-31": "-10.00000", "2017-12-31": "-10.00000", "2016-12-31": "", "2015-12-31": "", "2014-12-31": "", "2013-12-31": ""}, "Financial Activities - Other": {"2019-12-31": "-21.00000", "2018-12-31": "-108.00000", "2017-12-31": "-18.00000", "2016-12-31": "-67.00000", "2015-12-31": "5.00000", "2014-12-31": "-36.00000", "2013-12-31": "-10.00000"}, "Cash Flow From Financial Activities": {"2019-12-31": "-85.00000", "2018-12-31": "-637.00000", "2017-12-31": "-124.00000", "2016-12-31": "150.00000", "2015-12-31": "-1023.00000", "2014-12-31": "-149.00000", "2013-12-31": "-66.00000"}, "Net Cash Flow": {"2019-12-31": "-260.00000", "2018-12-31": "98.00000", "2017-12-31": "251.00000", "2016-12-31": "255.00000", "2015-12-31": "-19.00000", "2014-12-31": "20.00000", "2013-12-31": "12.00000"}, "Stock-Based Compensation": {"2019-12-31": "24.00000", "2018-12-31": "38.00000", "2017-12-31": "40.00000", "2016-12-31": "23.00000", "2015-12-31": "19.00000", "2014-12-31": "28.00000", "2013-12-31": "24.00000"}, "Common Stock Dividends Paid": {"2019-12-31": "", "2018-12-31": "", "2017-12-31": "", "2016-12-31": "", "2015-12-31": "", "2014-12-31": "", "2013-12-31": ""}}, "cash flow statement, quarterly": {"Net Income/Loss": {"2020-09-30": -7, "2020-06-30": -51, "2020-03-31": "-49.00000", "2019-12-31": -581, "2019-09-30": -16, "2019-06-30": -1029, "2019-03-31": "-308.00000", "2018-12-31": -140, "2018-09-30": -237, "2018-06-30": 11, "2018-03-31": "-50.00000", "2017-12-31": 208, "2017-09-30": -17, "2017-06-30": -4, "2017-03-31": "-6.00000", "2016-12-31": -951, "2016-09-30": 1, "2016-06-30": -10, "2016-03-31": "-23.00000", "2015-12-31": -5, "2015-09-30": -437, "2015-03-31": "28.00000", "2014-12-31": -263, "2013-12-31": 182}, "Total Depreciation And Amortization - Cash Flow": {"2020-09-30": 115, "2020-06-30": 116, "2020-03-31": "120.00000", "2019-12-31": 721, "2019-09-30": 118, "2019-06-30": 1180, "2019-03-31": "402.00000", "2018-12-31": 118, "2018-09-30": 114, "2018-06-30": 123, "2018-03-31": "119.00000", "2017-12-31": 121, "2017-09-30": 126, "2017-06-30": 132, "2017-03-31": "127.00000", "2016-12-31": 1131, "2016-09-30": 135, "2016-06-30": 134, "2016-03-31": "148.00000", "2015-12-31": 134, "2015-09-30": 320, "2015-03-31": "146.00000", "2014-12-31": 53, "2013-12-31": 734}, "Other Non-Cash Items": {"2020-09-30": 4, "2020-06-30": -14, "2020-03-31": "-2.00000", "2019-12-31": -59, "2019-09-30": -2, "2019-06-30": -86, "2019-03-31": "-25.00000", "2018-12-31": 55, "2018-09-30": 130, "2018-06-30": -87, "2018-03-31": "13.00000", "2017-12-31": -204, "2017-09-30": 13, "2017-06-30": -42, "2017-03-31": "-10.00000", "2016-12-31": -152, "2016-09-30": -47, "2016-06-30": 30, "2016-03-31": "27.00000", "2015-12-31": -251, "2015-09-30": 247, "2015-03-31": "4.00000", "2014-12-31": 0, "2013-12-31": 0}, "Total Non-Cash Items": {"2020-09-30": 119, "2020-06-30": 102, "2020-03-31": "118.00000", "2019-12-31": 662, "2019-09-30": 116, "2019-06-30": 1094, "2019-03-31": "377.00000", "2018-12-31": 173, "2018-09-30": 244, "2018-06-30": 36, "2018-03-31": "132.00000", "2017-12-31": -83, "2017-09-30": 139, "2017-06-30": 90, "2017-03-31": "117.00000", "2016-12-31": 979, "2016-09-30": 88, "2016-06-30": 164, "2016-03-31": "175.00000", "2015-12-31": -117, "2015-09-30": 567, "2015-03-31": "150.00000", "2014-12-31": 53, "2013-12-31": 734}, "Change In Accounts Receivable": {"2020-09-30": 8, "2020-06-30": -2, "2020-03-31": "-42.00000", "2019-12-31": 191, "2019-09-30": -20, "2019-06-30": -4, "2019-03-31": "-60.00000", "2018-12-31": 173, "2018-09-30": -54, "2018-06-30": 89, "2018-03-31": "-75.00000", "2017-12-31": 108, "2017-09-30": -6, "2017-06-30": 40, "2017-03-31": "-110.00000", "2016-12-31": 114, "2016-09-30": -24, "2016-06-30": 28, "2016-03-31": "-141.00000", "2015-12-31": -31, "2015-09-30": 182, "2015-03-31": "-151.00000", "2014-12-31": 0, "2013-12-31": 0}, "Change In Inventories": {"2020-09-30": 0, "2020-06-30": 0, "2020-03-31": "", "2019-12-31": 0, "2019-09-30": 0, "2019-06-30": 0, "2019-03-31": "", "2018-12-31": 0, "2018-09-30": 0, "2018-06-30": 0, "2018-03-31": "", "2017-12-31": 0, "2017-09-30": 0, "2017-06-30": 0, "2017-03-31": "", "2016-12-31": 0, "2016-09-30": 0, "2016-06-30": 0, "2016-03-31": "", "2015-12-31": 0, "2015-09-30": 0, "2015-03-31": "", "2014-12-31": 0, "2013-12-31": 0}, "Change In Accounts Payable": {"2020-09-30": 0, "2020-06-30": 0, "2020-03-31": "", "2019-12-31": 0, "2019-09-30": 0, "2019-06-30": 0, "2019-03-31": "", "2018-12-31": 0, "2018-09-30": 0, "2018-06-30": 0, "2018-03-31": "", "2017-12-31": 0, "2017-09-30": 0, "2017-06-30": 0, "2017-03-31": "", "2016-12-31": 0, "2016-09-30": 0, "2016-06-30": 0, "2016-03-31": "", "2015-12-31": 0, "2015-09-30": 0, "2015-03-31": "", "2014-12-31": 0, "2013-12-31": 0}, "Change In Assets/Liabilities": {"2020-09-30": -13, "2020-06-30": -7, "2020-03-31": "-180.00000", "2019-12-31": -32, "2019-09-30": -16, "2019-06-30": -93, "2019-03-31": "-120.00000", "2018-12-31": 120, "2018-09-30": 40, "2018-06-30": -103, "2018-03-31": "1.00000", "2017-12-31": -33, "2017-09-30": -13, "2017-06-30": -29, "2017-03-31": "-48.00000", "2016-12-31": -51, "2016-09-30": -72, "2016-06-30": -119, "2016-03-31": "-37.00000", "2015-12-31": -118, "2015-09-30": 203, "2015-03-31": "-85.00000", "2014-12-31": 0, "2013-12-31": 0}, "Total Change In Assets/Liabilities": {"2020-09-30": -5, "2020-06-30": 23, "2020-03-31": "-261.00000", "2019-12-31": 267, "2019-09-30": -82, "2019-06-30": -251, "2019-03-31": "-117.00000", "2018-12-31": 220, "2018-09-30": -37, "2018-06-30": 54, "2018-03-31": "-119.00000", "2017-12-31": 120, "2017-09-30": -15, "2017-06-30": -18, "2017-03-31": "-216.00000", "2016-12-31": 105, "2016-09-30": 56, "2016-06-30": -215, "2016-03-31": "-269.00000", "2015-12-31": 471, "2015-09-30": 15, "2015-03-31": "-319.00000", "2014-12-31": 419, "2013-12-31": -536}, "Cash Flow From Operating Activities": {"2020-09-30": 107, "2020-06-30": 74, "2020-03-31": "-192.00000", "2019-12-31": 348, "2019-09-30": 18, "2019-06-30": -185, "2019-03-31": "-49.00000", "2018-12-31": 253, "2018-09-30": -30, "2018-06-30": 98, "2018-03-31": "-38.00000", "2017-12-31": 236, "2017-09-30": 104, "2017-06-30": 67, "2017-03-31": "-107.00000", "2016-12-31": 133, "2016-09-30": 140, "2016-06-30": -61, "2016-03-31": "-117.00000", "2015-12-31": 488, "2015-09-30": 146, "2015-03-31": "-141.00000", "2014-12-31": 286, "2013-12-31": 379}, "Net Change In Property, Plant, And Equipment": {"2020-09-30": -35, "2020-06-30": -36, "2020-03-31": "-24.00000", "2019-12-31": -57, "2019-09-30": -45, "2019-06-30": -42, "2019-03-31": "-69.00000", "2018-12-31": -73, "2018-09-30": -60, "2018-06-30": -39, "2018-03-31": "-39.00000", "2017-12-31": -49, "2017-09-30": -31, "2017-06-30": 6, "2017-03-31": "-25.00000", "2016-12-31": -71, "2016-09-30": -42, "2016-06-30": -36, "2016-03-31": "-39.00000", "2015-12-31": -43, "2015-09-30": -91, "2015-03-31": "-59.00000", "2014-12-31": -27, "2013-12-31": -248}, "Net Change In Intangible Assets": {"2020-09-30": 0, "2020-06-30": 0, "2020-03-31": "", "2019-12-31": 0, "2019-09-30": 0, "2019-06-30": 0, "2019-03-31": "", "2018-12-31": 0, "2018-09-30": 0, "2018-06-30": 0, "2018-03-31": "", "2017-12-31": 0, "2017-09-30": 0, "2017-06-30": 0, "2017-03-31": "", "2016-12-31": 0, "2016-09-30": 0, "2016-06-30": 0, "2016-03-31": "", "2015-12-31": 0, "2015-09-30": 0, "2015-03-31": "", "2014-12-31": 0, "2013-12-31": 0}, "Net Acquisitions/Divestitures": {"2020-09-30": 1, "2020-06-30": 1, "2020-03-31": "1.00000", "2019-12-31": 0, "2019-09-30": 1, "2019-06-30": 1, "2019-03-31": "-99.00000", "2018-12-31": 3, "2018-09-30": 272, "2018-06-30": 400, "2018-03-31": "", "2017-12-31": 0, "2017-09-30": 56, "2017-06-30": 0, "2017-03-31": "", "2016-12-31": 0, "2016-09-30": -1, "2016-06-30": 3, "2016-03-31": "-56.00000", "2015-12-31": -2, "2015-09-30": 769, "2015-03-31": "-25.00000", "2014-12-31": -260, "2013-12-31": -30}, "Net Change In Short-term Investments": {"2020-09-30": 0, "2020-06-30": 0, "2020-03-31": "", "2019-12-31": 0, "2019-09-30": 0, "2019-06-30": 0, "2019-03-31": "", "2018-12-31": 0, "2018-09-30": 0, "2018-06-30": 0, "2018-03-31": "", "2017-12-31": 0, "2017-09-30": 0, "2017-06-30": 0, "2017-03-31": "", "2016-12-31": 205, "2016-09-30": 43, "2016-06-30": 3, "2016-03-31": "-3.00000", "2015-12-31": 24, "2015-09-30": -44, "2015-03-31": "20.00000", "2014-12-31": 0, "2013-12-31": 0}, "Net Change In Long-Term Investments": {"2020-09-30": 0, "2020-06-30": 0, "2020-03-31": "", "2019-12-31": 0, "2019-09-30": 0, "2019-06-30": 0, "2019-03-31": "", "2018-12-31": 1, "2018-09-30": 0, "2018-06-30": 0, "2018-03-31": "", "2017-12-31": 0, "2017-09-30": 117, "2017-06-30": 0, "2017-03-31": "", "2016-12-31": 11, "2016-09-30": 0, "2016-06-30": 0, "2016-03-31": "", "2015-12-31": 0, "2015-09-30": 0, "2015-03-31": "", "2014-12-31": 0, "2013-12-31": 0}, "Net Change In Investments - Total": {"2020-09-30": 0, "2020-06-30": 0, "2020-03-31": "", "2019-12-31": 0, "2019-09-30": 0, "2019-06-30": 0, "2019-03-31": "", "2018-12-31": 1, "2018-09-30": 0, "2018-06-30": 0, "2018-03-31": "", "2017-12-31": 0, "2017-09-30": 117, "2017-06-30": 0, "2017-03-31": "", "2016-12-31": 216, "2016-09-30": 43, "2016-06-30": 3, "2016-03-31": "-3.00000", "2015-12-31": -13, "2015-09-30": -44, "2015-03-31": "20.00000", "2014-12-31": 42, "2013-12-31": -20}, "Investing Activities - Other": {"2020-09-30": 0, "2020-06-30": 0, "2020-03-31": "", "2019-12-31": 0, "2019-09-30": 0, "2019-06-30": 0, "2019-03-31": "", "2018-12-31": -5, "2018-09-30": 0, "2018-06-30": 0, "2018-03-31": "", "2017-12-31": 1, "2017-09-30": -1, "2017-06-30": 0, "2017-03-31": "", "2016-12-31": 0, "2016-09-30": -1, "2016-06-30": -1, "2016-03-31": "1.00000", "2015-12-31": 2, "2015-09-30": -2, "2015-03-31": "2.00000", "2014-12-31": -2, "2013-12-31": -2}, "Cash Flow From Investing Activities": {"2020-09-30": -34, "2020-06-30": -35, "2020-03-31": "-23.00000", "2019-12-31": -57, "2019-09-30": -44, "2019-06-30": -41, "2019-03-31": "-168.00000", "2018-12-31": -74, "2018-09-30": 212, "2018-06-30": 361, "2018-03-31": "-39.00000", "2017-12-31": -48, "2017-09-30": 141, "2017-06-30": 6, "2017-03-31": "-25.00000", "2016-12-31": 145, "2016-09-30": -1, "2016-06-30": -31, "2016-03-31": "-97.00000", "2015-12-31": -56, "2015-09-30": 632, "2015-03-31": "-62.00000", "2014-12-31": -247, "2013-12-31": -300}, "Net Long-Term Debt": {"2020-09-30": -13, "2020-06-30": -13, "2020-03-31": "-15.00000", "2019-12-31": -12, "2019-09-30": -14, "2019-06-30": -14, "2019-03-31": "-14.00000", "2018-12-31": -6, "2018-09-30": -484, "2018-06-30": -8, "2018-03-31": "-21.00000", "2017-12-31": -170, "2017-09-30": -79, "2017-06-30": -9, "2017-03-31": "162.00000", "2016-12-31": 229, "2016-09-30": -4, "2016-06-30": -4, "2016-03-31": "-4.00000", "2015-12-31": 257, "2015-09-30": -260, "2015-03-31": "3.00000", "2014-12-31": 0, "2013-12-31": 0}, "Net Current Debt": {"2020-09-30": 2, "2020-06-30": 0, "2020-03-31": "150.00000", "2019-12-31": 0, "2019-09-30": 0, "2019-06-30": 0, "2019-03-31": "", "2018-12-31": 0, "2018-09-30": 0, "2018-06-30": 0, "2018-03-31": "", "2017-12-31": 0, "2017-09-30": 0, "2017-06-30": 0, "2017-03-31": "", "2016-12-31": 0, "2016-09-30": 27, "2016-06-30": -36, "2016-03-31": "9.00000", "2015-12-31": -107, "2015-09-30": 18, "2015-03-31": "-2.00000", "2014-12-31": -8, "2013-12-31": -82}, "Debt Issuance/Retirement Net - Total": {"2020-09-30": -11, "2020-06-30": -13, "2020-03-31": "135.00000", "2019-12-31": -12, "2019-09-30": -14, "2019-06-30": -14, "2019-03-31": "-14.00000", "2018-12-31": -6, "2018-09-30": -484, "2018-06-30": -8, "2018-03-31": "-21.00000", "2017-12-31": -170, "2017-09-30": -79, "2017-06-30": -9, "2017-03-31": "162.00000", "2016-12-31": 229, "2016-09-30": 23, "2016-06-30": -40, "2016-03-31": "5.00000", "2015-12-31": -16, "2015-09-30": -242, "2015-03-31": "1.00000", "2014-12-31": 10, "2013-12-31": 26}, "Net Common Equity Issued/Repurchased": {"2020-09-30": 0, "2020-06-30": 0, "2020-03-31": "", "2019-12-31": 0, "2019-09-30": 0, "2019-06-30": 0, "2019-03-31": "", "2018-12-31": 0, "2018-09-30": 0, "2018-06-30": 0, "2018-03-31": "", "2017-12-31": 0, "2017-09-30": 2, "2017-06-30": 0, "2017-03-31": "-2.00000", "2016-12-31": 0, "2016-09-30": 0, "2016-06-30": 0, "2016-03-31": "", "2015-12-31": 0, "2015-09-30": 0, "2015-03-31": "", "2014-12-31": 0, "2013-12-31": 0}, "Net Total Equity Issued/Repurchased": {"2020-09-30": 0, "2020-06-30": 0, "2020-03-31": "", "2019-12-31": 0, "2019-09-30": 0, "2019-06-30": 0, "2019-03-31": "", "2018-12-31": 0, "2018-09-30": 0, "2018-06-30": 0, "2018-03-31": "", "2017-12-31": 0, "2017-09-30": 2, "2017-06-30": 0, "2017-03-31": "-2.00000", "2016-12-31": 0, "2016-09-30": 0, "2016-06-30": 0, "2016-03-31": "", "2015-12-31": 0, "2015-09-30": 0, "2015-03-31": "", "2014-12-31": 0, "2013-12-31": 0}, "Total Common And Preferred Stock Dividends Paid": {"2020-09-30": 0, "2020-06-30": -3, "2020-03-31": "-2.00000", "2019-12-31": -3, "2019-09-30": -2, "2019-06-30": -3, "2019-03-31": "-2.00000", "2018-12-31": -3, "2018-09-30": -2, "2018-06-30": -3, "2018-03-31": "-2.00000", "2017-12-31": -3, "2017-09-30": -2, "2017-06-30": -3, "2017-03-31": "-2.00000", "2016-12-31": 0, "2016-09-30": 0, "2016-06-30": 0, "2016-03-31": "", "2015-12-31": 0, "2015-09-30": 0, "2015-03-31": "", "2014-12-31": 0, "2013-12-31": 0}, "Financial Activities - Other": {"2020-09-30": -4, "2020-06-30": 0, "2020-03-31": "-3.00000", "2019-12-31": -10, "2019-09-30": -5, "2019-06-30": 0, "2019-03-31": "-6.00000", "2018-12-31": -1, "2018-09-30": -101, "2018-06-30": -2, "2018-03-31": "-4.00000", "2017-12-31": 160, "2017-09-30": -7, "2017-06-30": -7, "2017-03-31": "-164.00000", "2016-12-31": -256, "2016-09-30": -172, "2016-06-30": 150, "2016-03-31": "211.00000", "2015-12-31": -345, "2015-09-30": -513, "2015-03-31": "191.00000", "2014-12-31": -26, "2013-12-31": -10}, "Cash Flow From Financial Activities": {"2020-09-30": -15, "2020-06-30": -16, "2020-03-31": "130.00000", "2019-12-31": -25, "2019-09-30": -21, "2019-06-30": -17, "2019-03-31": "-22.00000", "2018-12-31": -10, "2018-09-30": -587, "2018-06-30": -13, "2018-03-31": "-27.00000", "2017-12-31": -13, "2017-09-30": -86, "2017-06-30": -19, "2017-03-31": "-6.00000", "2016-12-31": -27, "2016-09-30": -149, "2016-06-30": 110, "2016-03-31": "216.00000", "2015-12-31": -452, "2015-09-30": -755, "2015-03-31": "192.00000", "2014-12-31": -24, "2013-12-31": -66}, "Net Cash Flow": {"2020-09-30": 59, "2020-06-30": 24, "2020-03-31": "-92.00000", "2019-12-31": 269, "2019-09-30": -49, "2019-06-30": -243, "2019-03-31": "-237.00000", "2018-12-31": 170, "2018-09-30": -408, "2018-06-30": 440, "2018-03-31": "-104.00000", "2017-12-31": 174, "2017-09-30": 159, "2017-06-30": 54, "2017-03-31": "-136.00000", "2016-12-31": 247, "2016-09-30": -12, "2016-06-30": 17, "2016-03-31": "3.00000", "2015-12-31": -23, "2015-09-30": 20, "2015-03-31": "-16.00000", "2014-12-31": 8, "2013-12-31": 12}, "Stock-Based Compensation": {"2020-09-30": 5, "2020-06-30": 5, "2020-03-31": "4.00000", "2019-12-31": 5, "2019-09-30": 5, "2019-06-30": 7, "2019-03-31": "7.00000", "2018-12-31": 8, "2018-09-30": 11, "2018-06-30": 12, "2018-03-31": "7.00000", "2017-12-31": 14, "2017-09-30": 8, "2017-06-30": 12, "2017-03-31": "6.00000", "2016-12-31": 5, "2016-09-30": 8, "2016-06-30": 6, "2016-03-31": "4.00000", "2015-12-31": -33, "2015-09-30": 28, "2015-03-31": "5.00000", "2014-12-31": 0, "2013-12-31": 0}, "Common Stock Dividends Paid": {"2020-09-30": 0, "2020-06-30": 0, "2020-03-31": "", "2019-12-31": 0, "2019-09-30": 0, "2019-06-30": 0, "2019-03-31": "", "2018-12-31": 0, "2018-09-30": 0, "2018-06-30": 0, "2018-03-31": "", "2017-12-31": 0, "2017-09-30": 0, "2017-06-30": 0, "2017-03-31": "", "2016-12-31": 0, "2016-09-30": 0, "2016-06-30": 0, "2016-03-31": "", "2015-12-31": 0, "2015-09-30": 0, "2015-03-31": "", "2014-12-31": 0, "2013-12-31": 0}}, "financial ratios": {"Current Ratio": {"2019-12-31": "1.34750", "2018-12-31": "1.64080", "2017-12-31": "1.98100", "2016-12-31": "1.36730", "2015-12-31": "0.68370", "2014-12-31": "0.78570", "2013-12-31": ""}, "Long-term Debt / Capital": {"2019-12-31": "0.50380", "2018-12-31": "0.31010", "2017-12-31": "0.35030", "2016-12-31": "0.35800", "2015-12-31": "0.00710", "2014-12-31": "0.00790", "2013-12-31": ""}, "Debt/Equity Ratio": {"2019-12-31": "1.04990", "2018-12-31": "0.46580", "2017-12-31": "0.56140", "2016-12-31": "0.56590", "2015-12-31": "0.23110", "2014-12-31": "0.47140", "2013-12-31": ""}, "Gross Margin": {"2019-12-31": "21.78200", "2018-12-31": "22.45500", "2017-12-31": "21.45470", "2016-12-31": "19.25720", "2015-12-31": "10.28220", "2014-12-31": "16.40240", "2013-12-31": "18.01130"}, "Operating Margin": {"2019-12-31": "-44.68320", "2018-12-31": "1.83570", "2017-12-31": "1.01300", "2016-12-31": "-18.21160", "2015-12-31": "-8.49590", "2014-12-31": "0.14410", "2013-12-31": "3.00920"}, "EBIT Margin": {"2019-12-31": "-44.68320", "2018-12-31": "1.83570", "2017-12-31": "1.01300", "2016-12-31": "-18.21160", "2015-12-31": "-8.49590", "2014-12-31": "0.14410", "2013-12-31": "3.00920"}, "EBITDA Margin": {"2019-12-31": "9.51420", "2018-12-31": "10.62490", "2017-12-31": "9.41550", "2016-12-31": "5.94570", "2015-12-31": "0.51040", "2014-12-31": "11.48750", "2013-12-31": "13.67930"}, "Pre-Tax Profit Margin": {"2019-12-31": "-47.14570", "2018-12-31": "-7.32430", "2017-12-31": "-0.26570", "2016-12-31": "-19.14790", "2015-12-31": "-8.61600", "2014-12-31": "0.14410", "2013-12-31": "3.00920"}, "Net Profit Margin": {"2019-12-31": "-43.29530", "2018-12-31": "-7.71370", "2017-12-31": "3.00560", "2016-12-31": "-15.34020", "2015-12-31": "-6.21440", "2014-12-31": "-1.16750", "2013-12-31": "2.64570"}, "Asset Turnover": {"2019-12-31": "0.98960", "2018-12-31": "0.80730", "2017-12-31": "0.79780", "2016-12-31": "0.83120", "2015-12-31": "0.73550", "2014-12-31": "0.63340", "2013-12-31": ""}, "Inventory Turnover Ratio": {"2019-12-31": "", "2018-12-31": "", "2017-12-31": "", "2016-12-31": "", "2015-12-31": "", "2014-12-31": "", "2013-12-31": ""}, "Receiveable Turnover": {"2019-12-31": "6.85120", "2018-12-31": "6.89640", "2017-12-31": "5.40570", "2016-12-31": "4.98290", "2015-12-31": "4.45920", "2014-12-31": "4.37450", "2013-12-31": ""}, "Days Sales In Receivables": {"2019-12-31": "53.27510", "2018-12-31": "52.92600", "2017-12-31": "67.52080", "2016-12-31": "73.25060", "2015-12-31": "81.85380", "2014-12-31": "83.43760", "2013-12-31": ""}, "ROE - Return On Equity": {"2019-12-31": "-148.76920", "2018-12-31": "-12.91120", "2017-12-31": "5.01560", "2016-12-31": "-29.89660", "2015-12-31": "-6.50910", "2014-12-31": "0.62830", "2013-12-31": ""}, "Return On Tangible Equity": {"2019-12-31": "397.94240", "2018-12-31": "59.85610", "2017-12-31": "-30.20480", "2016-12-31": "61.32250", "2015-12-31": "29.60350", "2014-12-31": "-3.38310", "2013-12-31": ""}, "ROA - Return On Assets": {"2019-12-31": "-42.84450", "2018-12-31": "-6.22750", "2017-12-31": "2.34500", "2016-12-31": "-12.75130", "2015-12-31": "-3.70940", "2014-12-31": "0.31040", "2013-12-31": ""}, "ROI - Return On Investment": {"2019-12-31": "-66.55200", "2018-12-31": "-8.53160", "2017-12-31": "3.13270", "2016-12-31": "-18.39790", "2015-12-31": "-6.46280", "2014-12-31": "0.62340", "2013-12-31": ""}, "Book Value Per Share": {"2019-12-31": "6.81760", "2018-12-31": "15.92000", "2017-12-31": "17.44440", "2016-12-31": "16.90700", "2015-12-31": "", "2014-12-31": "", "2013-12-31": ""}, "Operating Cash Flow Per Share": {"2019-12-31": -0.7428, "2018-12-31": -0.0971, "2017-12-31": 1.0022, "2016-12-31": -1.9618, "2015-12-31": -0.8478, "2014-12-31": 3.2779, "2013-12-31": 0}, "Free Cash Flow Per Share": {"2019-12-31": -0.7364, "2018-12-31": -0.6359, "2017-12-31": 1.4437, "2016-12-31": -1.9766, "2015-12-31": -0.695, "2014-12-31": 2.2132, "2013-12-31": 0}}, "financial ratios, quarterly": {"Current Ratio": {"2020-09-30": "1.58790", "2020-06-30": "1.53420", "2020-03-31": "1.53670", "2019-12-31": "1.34750", "2019-09-30": "1.37670", "2019-06-30": "1.32050", "2019-03-31": "1.27680", "2018-12-31": "1.64080", "2018-09-30": "1.59310", "2018-06-30": "2.02670", "2018-03-31": "1.90680", "2017-12-31": "1.98100", "2017-09-30": "1.73970", "2017-06-30": "1.63860", "2017-03-31": "1.58170", "2016-12-31": "1.36730", "2016-09-30": "0.87600", "2016-06-30": "", "2016-03-31": "0.78650", "2015-12-31": "", "2015-09-30": "", "2015-03-31": "", "2014-12-31": "", "2013-12-31": ""}, "Long-term Debt / Capital": {"2020-09-30": "0.54290", "2020-06-30": "0.54550", "2020-03-31": "0.53960", "2019-12-31": "0.50380", "2019-09-30": "0.42210", "2019-06-30": "0.42140", "2019-03-31": "0.32770", "2018-12-31": "0.31010", "2018-09-30": "0.30380", "2018-06-30": "0.35470", "2018-03-31": "0.35060", "2017-12-31": "0.35030", "2017-09-30": "0.36570", "2017-06-30": "0.37450", "2017-03-31": "0.37620", "2016-12-31": "0.35800", "2016-09-30": "0.00470", "2016-06-30": "", "2016-03-31": "0.00610", "2015-12-31": "", "2015-09-30": "", "2015-03-31": "", "2014-12-31": "", "2013-12-31": ""}, "Debt/Equity Ratio": {"2020-09-30": "1.24680", "2020-06-30": "1.25210", "2020-03-31": "1.21590", "2019-12-31": "1.04990", "2019-09-30": "0.75520", "2019-06-30": "0.75380", "2019-03-31": "0.50470", "2018-12-31": "0.46580", "2018-09-30": "0.45040", "2018-06-30": "0.56140", "2018-03-31": "0.56220", "2017-12-31": "0.56140", "2017-09-30": "0.59700", "2017-06-30": "0.61580", "2017-03-31": "0.61640", "2016-12-31": "0.56590", "2016-09-30": "0.21020", "2016-06-30": "", "2016-03-31": "0.22220", "2015-12-31": "", "2015-09-30": "", "2015-03-31": "", "2014-12-31": "", "2013-12-31": ""}, "Gross Margin": {"2020-09-30": "25.16810", "2020-06-30": "21.75200", "2020-03-31": "20.83730", "2019-12-31": "22.65700", "2019-09-30": "21.76690", "2019-06-30": "20.95320", "2019-03-31": "21.76170", "2018-12-31": "22.85490", "2018-09-30": "22.92950", "2018-06-30": "22.63880", "2018-03-31": "21.47890", "2017-12-31": "35.43200", "2017-09-30": "17.63510", "2017-06-30": "16.24330", "2017-03-31": "16.67740", "2016-12-31": "29.52440", "2016-09-30": "16.79200", "2016-06-30": "15.80910", "2016-03-31": "15.66770", "2015-12-31": "", "2015-09-30": "-7.06560", "2015-03-31": "15.37550", "2014-12-31": "", "2013-12-31": ""}, "Operating Margin": {"2020-09-30": "0.76850", "2020-06-30": "-3.34650", "2020-03-31": "-2.09320", "2019-12-31": "-55.59600", "2019-09-30": "0.27320", "2019-06-30": "-98.47120", "2019-03-31": "-25.30230", "2018-12-31": "-2.57410", "2018-09-30": "1.07360", "2018-06-30": "6.70510", "2018-03-31": "1.76060", "2017-12-31": "2.67920", "2017-09-30": "1.95950", "2017-06-30": "-0.73530", "2017-03-31": "0.19320", "2016-12-31": "-71.59840", "2016-09-30": "0.18800", "2016-06-30": "-2.04590", "2016-03-31": "-3.14540", "2015-12-31": "", "2015-09-30": "-24.82500", "2015-03-31": "-1.19190", "2014-12-31": "", "2013-12-31": ""}, "EBIT Margin": {"2020-09-30": "0.76850", "2020-06-30": "-3.34650", "2020-03-31": "-2.09320", "2019-12-31": "-55.59600", "2019-09-30": "0.27320", "2019-06-30": "-98.47120", "2019-03-31": "-25.30230", "2018-12-31": "-2.57410", "2018-09-30": "1.07360", "2018-06-30": "6.70510", "2018-03-31": "1.76060", "2017-12-31": "2.67920", "2017-09-30": "1.95950", "2017-06-30": "-0.73530", "2017-03-31": "0.19320", "2016-12-31": "-71.59840", "2016-09-30": "0.18800", "2016-06-30": "-2.04590", "2016-03-31": "-3.14540", "2015-12-31": "", "2015-09-30": "-24.82500", "2015-03-31": "-1.19190", "2014-12-31": "", "2013-12-31": ""}, "EBITDA Margin": {"2020-09-30": "", "2020-06-30": "", "2020-03-31": "", "2019-12-31": "", "2019-09-30": "", "2019-06-30": "", "2019-03-31": "", "2018-12-31": "", "2018-09-30": "", "2018-06-30": "", "2018-03-31": "", "2017-12-31": "", "2017-09-30": "", "2017-06-30": "", "2017-03-31": "", "2016-12-31": "", "2016-09-30": "", "2016-06-30": "", "2016-03-31": "", "2015-12-31": "", "2015-09-30": "", "2015-03-31": "", "2014-12-31": "", "2013-12-31": ""}, "Pre-Tax Profit Margin": {"2020-09-30": "-1.24880", "2020-06-30": "-6.29920", "2020-03-31": "-4.85250", "2019-12-31": "-57.77980", "2019-09-30": "-1.27500", "2019-06-30": "-100.62950", "2019-03-31": "-29.18830", "2018-12-31": "-11.15450", "2018-09-30": "-19.32520", "2018-06-30": "3.89330", "2018-03-31": "-3.80280", "2017-12-31": "0.26790", "2017-09-30": "0.87840", "2017-06-30": "-0.73530", "2017-03-31": "-1.41660", "2016-12-31": "-75.36330", "2016-09-30": "0.12530", "2016-06-30": "-2.10790", "2016-03-31": "-3.20470", "2015-12-31": "", "2015-09-30": "-24.82500", "2015-03-31": "-1.19190", "2014-12-31": "", "2013-12-31": ""}, "Net Profit Margin": {"2020-09-30": "-0.67240", "2020-06-30": "-5.31500", "2020-03-31": "-4.66220", "2019-12-31": "-52.59330", "2019-09-30": "-1.45720", "2019-06-30": "-92.80580", "2019-03-31": "-26.59760", "2018-12-31": "-10.68640", "2018-09-30": "-18.17490", "2018-06-30": "0.57680", "2018-03-31": "-3.52110", "2017-12-31": "14.06560", "2017-09-30": "-1.14860", "2017-06-30": "-0.26740", "2017-03-31": "-0.51510", "2016-12-31": "-62.81370", "2016-09-30": "0.06270", "2016-06-30": "-0.62000", "2016-03-31": "-1.36500", "2015-12-31": "", "2015-09-30": "-15.21320", "2015-03-31": "1.66870", "2014-12-31": "", "2013-12-31": ""}, "Asset Turnover": {"2020-09-30": "0.23880", "2020-06-30": "0.23490", "2020-03-31": "0.23920", "2019-12-31": "0.24350", "2019-09-30": "0.21470", "2019-06-30": "0.20970", "2019-03-31": "0.17380", "2018-12-31": "0.19190", "2018-09-30": "0.19380", "2018-06-30": "0.18650", "2018-03-31": "0.18910", "2017-12-31": "0.19780", "2017-09-30": "0.19610", "2017-06-30": "0.19560", "2017-03-31": "0.20170", "2016-12-31": "0.19640", "2016-09-30": "0.17890", "2016-06-30": "", "2016-03-31": "0.18460", "2015-12-31": "", "2015-09-30": "", "2015-03-31": "", "2014-12-31": "", "2013-12-31": ""}, "Inventory Turnover Ratio": {"2020-09-30": "", "2020-06-30": "", "2020-03-31": "", "2019-12-31": "", "2019-09-30": "", "2019-06-30": "", "2019-03-31": "", "2018-12-31": "", "2018-09-30": "", "2018-06-30": "", "2018-03-31": "", "2017-12-31": "", "2017-09-30": "", "2017-06-30": "", "2017-03-31": "", "2016-12-31": "", "2016-09-30": "", "2016-06-30": "", "2016-03-31": "", "2015-12-31": "", "2015-09-30": "", "2015-03-31": "", "2014-12-31": "", "2013-12-31": ""}, "Receiveable Turnover": {"2020-09-30": "1.51530", "2020-06-30": "1.46610", "2020-03-31": "1.52320", "2019-12-31": "1.68560", "2019-09-30": "1.30710", "2019-06-30": "1.34950", "2019-03-31": "1.41220", "2018-12-31": "1.63940", "2018-09-30": "1.37120", "2018-06-30": "1.49140", "2018-03-31": "1.38400", "2017-12-31": "1.34020", "2017-09-30": "1.04890", "2017-06-30": "1.05870", "2017-03-31": "1.07180", "2016-12-31": "1.17730", "2016-09-30": "0.98220", "2016-06-30": "", "2016-03-31": "1.02060", "2015-12-31": "", "2015-09-30": "", "2015-03-31": "", "2014-12-31": "", "2013-12-31": ""}, "Days Sales In Receivables": {"2020-09-30": "59.39480", "2020-06-30": "61.38780", "2020-03-31": "59.08660", "2019-12-31": "53.39400", "2019-09-30": "68.85250", "2019-06-30": "66.69060", "2019-03-31": "63.73060", "2018-12-31": "54.89860", "2018-09-30": "65.63650", "2018-06-30": "60.34610", "2018-03-31": "65.02820", "2017-12-31": "67.15340", "2017-09-30": "85.80410", "2017-06-30": "85.00670", "2017-03-31": "83.97300", "2016-12-31": "76.44650", "2016-09-30": "91.63530", "2016-06-30": "", "2016-03-31": "88.18400", "2015-12-31": "", "2015-09-30": "", "2015-03-31": "", "2014-12-31": "", "2013-12-31": ""}, "ROE - Return On Equity": {"2020-09-30": "-0.59170", "2020-06-30": "-4.34040", "2020-03-31": "-4.01640", "2019-12-31": "-44.69230", "2019-09-30": "-0.85650", "2019-06-30": "-54.12940", "2019-03-31": "-10.52270", "2018-12-31": "-4.34510", "2018-09-30": "-7.05570", "2018-06-30": "0.31440", "2018-03-31": "-1.42450", "2017-12-31": "5.89400", "2017-09-30": "-0.51330", "2017-06-30": "-0.12060", "2017-03-31": "-0.30310", "2016-12-31": "-28.92340", "2016-09-30": "0.01820", "2016-06-30": "", "2016-03-31": "-0.42730", "2015-12-31": "", "2015-09-30": "", "2015-03-31": "", "2014-12-31": "", "2013-12-31": ""}, "Return On Tangible Equity": {"2020-09-30": "1.63550", "2020-06-30": "10.62500", "2020-03-31": "10.00000", "2019-12-31": "119.54730", "2019-09-30": "2.82190", "2019-06-30": "163.85350", "2019-03-31": "42.24970", "2018-12-31": "20.14390", "2018-09-30": "37.79900", "2018-06-30": "-1.98560", "2018-03-31": "7.86160", "2017-12-31": "-35.49490", "2017-09-30": "1.21080", "2017-06-30": "0.26940", "2017-03-31": "0.64890", "2016-12-31": "59.32630", "2016-09-30": "-0.17090", "2016-06-30": "", "2016-03-31": "2.72840", "2015-12-31": "", "2015-09-30": "", "2015-03-31": "", "2014-12-31": "", "2013-12-31": ""}, "ROA - Return On Assets": {"2020-09-30": "-0.16060", "2020-06-30": "-1.17890", "2020-03-31": "-1.11520", "2019-12-31": "-12.87110", "2019-09-30": "-0.31290", "2019-06-30": "-19.40410", "2019-03-31": "-4.62250", "2018-12-31": "-2.09580", "2018-09-30": "-3.52150", "2018-06-30": "0.14790", "2018-03-31": "-0.66570", "2017-12-31": "2.75570", "2017-09-30": "-0.22530", "2017-06-30": "-0.05230", "2017-03-31": "-0.12990", "2016-12-31": "-12.33620", "2016-09-30": "0.01120", "2016-06-30": "", "2016-03-31": "-0.25200", "2015-12-31": "", "2015-09-30": "", "2015-03-31": "", "2014-12-31": "", "2013-12-31": ""}, "ROI - Return On Investment": {"2020-09-30": "-0.24150", "2020-06-30": "-1.75980", "2020-03-31": "-1.65650", "2019-12-31": "-19.99310", "2019-09-30": "-0.46000", "2019-06-30": "-29.14190", "2019-03-31": "-6.74700", "2018-12-31": "-2.87120", "2018-09-30": "-4.71270", "2018-06-30": "0.19500", "2018-03-31": "-0.88900", "2017-12-31": "3.68140", "2017-09-30": "-0.31220", "2017-06-30": "-0.07230", "2017-03-31": "-0.18130", "2016-12-31": "-17.79900", "2016-09-30": "0.01810", "2016-06-30": "", "2016-03-31": "-0.42470", "2015-12-31": "", "2015-09-30": "", "2015-03-31": "", "2014-12-31": "", "2013-12-31": ""}, "Book Value Per Share": {"2020-09-30": "6.33140", "2020-06-30": "6.29470", "2020-03-31": "6.51490", "2019-12-31": "6.81760", "2019-09-30": "9.50970", "2019-06-30": "9.70930", "2019-03-31": "14.50220", "2018-12-31": "15.92000", "2018-09-30": "16.57070", "2018-06-30": "17.29460", "2018-03-31": "17.34970", "2017-12-31": "17.44440", "2017-09-30": "16.41850", "2017-06-30": "16.52220", "2017-03-31": "16.89750", "2016-12-31": "16.90700", "2016-09-30": "", "2016-06-30": "", "2016-03-31": "", "2015-12-31": "", "2015-09-30": "", "2015-03-31": "", "2014-12-31": "", "2013-12-31": ""}, "Operating Cash Flow Per Share": {"2020-09-30": 0.5116, "2020-06-30": 0.3454, "2020-03-31": "-0.90960", "2019-12-31": 1.661, "2019-09-30": 0.0919, "2019-06-30": -0.8867, "2019-03-31": "-0.23560", "2018-12-31": 1.2282, "2018-09-30": -0.1471, "2018-06-30": 0.4776, "2018-03-31": "-0.18530", "2017-12-31": 1.1573, "2017-09-30": 0.5096, "2017-06-30": 0.3297, "2017-03-31": "-0.52610", "2016-12-31": 0.6556, "2016-09-30": 0.6901, "2016-06-30": -0.3007, "2016-03-31": "-0.57670", "2015-12-31": 0, "2015-09-30": 0, "2015-03-31": "", "2014-12-31": 0, "2013-12-31": 0}, "Free Cash Flow Per Share": {"2020-09-30": 0.3445, "2020-06-30": 0.1721, "2020-03-31": "-1.02320", "2019-12-31": 1.3876, "2019-09-30": -0.1199, "2019-06-30": -1.0872, "2019-03-31": "-0.56750", "2018-12-31": 0.8721, "2018-09-30": -0.435, "2018-06-30": 0.2877, "2018-03-31": "-0.37540", "2017-12-31": 0.9168, "2017-09-30": 0.3582, "2017-06-30": 0.3593, "2017-03-31": "-0.64900", "2016-12-31": 0.3056, "2016-09-30": 0.4831, "2016-06-30": -0.4782, "2016-03-31": "-0.76890", "2015-12-31": 0, "2015-09-30": 0, "2015-03-31": "", "2014-12-31": 0, "2013-12-31": 0}}, "revenue": {"Conduent Annual Revenue (Millions of US $)": {"2019": "$4,467", "2018": "$5,393", "2017": "$6,022", "2016": "$6,408", "2015": "$6,662", "2014": "$6,938", "2013": "$6,879"}, "Conduent Quarterly Revenue (Millions of US $)": {"2020-09-30": "$1,041", "2020-06-30": "$1,016", "2020-03-31": "$1,051", "2019-12-31": "$1,099", "2019-09-30": "$1,098", "2019-06-30": "$1,112", "2019-03-31": "$1,158", "2018-12-31": "$1,282", "2018-09-30": "$1,304", "2018-06-30": "$1,387", "2018-03-31": "$1,420", "2017-12-31": "$1,493", "2017-09-30": "$1,480", "2017-06-30": "$1,496", "2017-03-31": "$1,553", "2016-12-31": "$1,514", "2016-09-30": "$1,596", "2016-06-30": "$1,613", "2016-03-31": "$1,685", "2015-12-31": "", "2015-09-30": "$1,571", "2015-03-31": "$1,678", "2014-12-31": "", "2013-12-31": ""}}, "gross-profit": {"Conduent Annual Gross Profit (Millions of US $)": {"2019": "$973", "2018": "$1,211", "2017": "$1,292", "2016": "$1,234", "2015": "$685", "2014": "$1,138", "2013": "$1,239"}, "Conduent Quarterly Gross Profit (Millions of US $)": {"2020-09-30": "$262", "2020-06-30": "$221", "2020-03-31": "$219", "2019-12-31": "$249", "2019-09-30": "$239", "2019-06-30": "$233", "2019-03-31": "$252", "2018-12-31": "$293", "2018-09-30": "$299", "2018-06-30": "$314", "2018-03-31": "$305", "2017-12-31": "$529", "2017-09-30": "$261", "2017-06-30": "$243", "2017-03-31": "$259", "2016-12-31": "$447", "2016-09-30": "$268", "2016-06-30": "$255", "2016-03-31": "$264", "2015-12-31": "", "2015-09-30": "$-111", "2015-03-31": "$258", "2014-12-31": "", "2013-12-31": ""}}, "operating-income": {"Conduent Annual Operating Income (Millions of US $)": {"2019": "$-1,996", "2018": "$99", "2017": "$61", "2016": "$-1,167", "2015": "$-566", "2014": "$10", "2013": "$207"}, "Conduent Quarterly Operating Income (Millions of US $)": {"2020-09-30": "$8", "2020-06-30": "$-34", "2020-03-31": "$-22", "2019-12-31": "$-611", "2019-09-30": "$3", "2019-06-30": "$-1,095", "2019-03-31": "$-293", "2018-12-31": "$-33", "2018-09-30": "$14", "2018-06-30": "$93", "2018-03-31": "$25", "2017-12-31": "$40", "2017-09-30": "$29", "2017-06-30": "$-11", "2017-03-31": "$3", "2016-12-31": "$-1,084", "2016-09-30": "$3", "2016-06-30": "$-33", "2016-03-31": "$-53", "2015-12-31": "", "2015-09-30": "$-390", "2015-03-31": "$-20", "2014-12-31": "", "2013-12-31": ""}}, "ebitda": {"Conduent Annual EBITDA (Millions of US $)": {"2019": "$425", "2018": "$573", "2017": "$567", "2016": "$381", "2015": "$34", "2014": "$797", "2013": "$941"}, "Conduent Quarterly EBITDA (Millions of US $)": {"2020-09-30": "$123", "2020-06-30": "$82", "2020-03-31": "$98", "2019-12-31": "$110", "2019-09-30": "$121", "2019-06-30": "$85", "2019-03-31": "$109", "2018-12-31": "$85", "2018-09-30": "$128", "2018-06-30": "$216", "2018-03-31": "$144", "2017-12-31": "$161", "2017-09-30": "$155", "2017-06-30": "$121", "2017-03-31": "$130", "2016-12-31": "$47", "2016-09-30": "$138", "2016-06-30": "$101", "2016-03-31": "$95", "2015-12-31": "", "2015-09-30": "$-390", "2015-03-31": "$126", "2014-12-31": "", "2013-12-31": ""}}, "net-income": {"Conduent Annual Net Income (Millions of US $)": {"2019": "$-1,934", "2018": "$-416", "2017": "$181", "2016": "$-983", "2015": "$-414", "2014": "$-81", "2013": "$182"}, "Conduent Quarterly Net Income (Millions of US $)": {"2020-09-30": "$-7", "2020-06-30": "$-54", "2020-03-31": "$-49", "2019-12-31": "$-578", "2019-09-30": "$-16", "2019-06-30": "$-1,032", "2019-03-31": "$-308", "2018-12-31": "$-137", "2018-09-30": "$-237", "2018-06-30": "$8", "2018-03-31": "$-50", "2017-12-31": "$210", "2017-09-30": "$-17", "2017-06-30": "$-4", "2017-03-31": "$-8", "2016-12-31": "$-951", "2016-09-30": "$1", "2016-06-30": "$-10", "2016-03-31": "$-23", "2015-12-31": "", "2015-09-30": "$-239", "2015-03-31": "$28", "2014-12-31": "", "2013-12-31": ""}}, "eps-earnings-per-share-diluted": {"Conduent Annual EPS": {"2019": "$-9.29", "2018": "$-2.06", "2017": "$0.83", "2016": "$-4.85", "2015": "$-2.04", "2014": "$-0.40", "2013": "$0.00"}, "Conduent Quarterly EPS": {"2020-09-30": "$-0.04", "2020-06-30": "$-0.25", "2020-03-31": "$-0.24", "2019-12-31": "$-2.77", "2019-09-30": "$-0.09", "2019-06-30": "$-4.94", "2019-03-31": "$-1.49", "2018-12-31": "$-0.68", "2018-09-30": "$-1.16", "2018-06-30": "$0.04", "2018-03-31": "$-0.26", "2017-12-31": "$0.99", "2017-09-30": "$-0.09", "2017-06-30": "$-0.03", "2017-03-31": "$-0.04", "2016-12-31": "$-4.69", "2016-09-30": "$0.01", "2016-06-30": "$-0.05", "2016-03-31": "$-0.12", "2015-12-31": "$0.00", "2015-09-30": "$0.00", "2015-03-31": "$0.00", "2014-12-31": "$0.00", "2013-12-31": "$0.00"}}, "shares-outstanding": {"Conduent Annual Shares Outstanding (Millions of Shares)": {"2019": "209", "2018": "206", "2017": "204", "2016": "203", "2015": "203", "2014": "203", "2013": ""}, "Conduent Quarterly Shares Outstanding (Millions of Shares)": {"2020-09-30": "209", "2020-06-30": "209", "2020-03-31": "211", "2019-12-31": "209", "2019-09-30": "210", "2019-06-30": "208", "2019-03-31": "208", "2018-12-31": "206", "2018-09-30": "207", "2018-06-30": "205", "2018-03-31": "205", "2017-12-31": "204", "2017-09-30": "204", "2017-06-30": "204", "2017-03-31": "203", "2016-12-31": "203", "2016-09-30": "203", "2016-06-30": "203", "2016-03-31": "203", "2015-12-31": "", "2015-09-30": "", "2015-03-31": "", "2014-12-31": "", "2013-12-31": ""}}, "total-assets": {"Conduent Annual Total Assets (Millions of US $)": {"2019": "$4,514", "2018": "$6,680", "2017": "$7,548", "2016": "$7,709", "2015": "$9,058", "2014": "$10,954", "2013": "$0"}, "Conduent Quarterly Total Assets (Millions of US $)": {"2020-09-30": "$4,360", "2020-06-30": "$4,326", "2020-03-31": "$4,394", "2019-12-31": "$4,514", "2019-09-30": "$5,114", "2019-06-30": "$5,303", "2019-03-31": "$6,663", "2018-12-31": "$6,680", "2018-09-30": "$6,730", "2018-06-30": "$7,436", "2018-03-31": "$7,511", "2017-12-31": "$7,548", "2017-09-30": "$7,547", "2017-06-30": "$7,648", "2017-03-31": "$7,700", "2016-12-31": "$7,709", "2016-09-30": "$8,923", "2016-06-30": "$0", "2016-03-31": "$9,128", "2015-12-31": "$0", "2015-09-30": "$0", "2015-03-31": "$0", "2014-12-31": "$10,954", "2013-12-31": "$0"}}, "cash-on-hand": {"Conduent Annual Cash on Hand (Millions of US $)": {"2019": "$496", "2018": "$756", "2017": "$658", "2016": "$390", "2015": "$140", "2014": "$159", "2013": "$"}, "Conduent Quarterly Cash on Hand (Millions of US $)": {"2020-09-30": "$488", "2020-06-30": "$428", "2020-03-31": "$395", "2019-12-31": "$496", "2019-09-30": "$228", "2019-06-30": "$276", "2019-03-31": "$520", "2018-12-31": "$756", "2018-09-30": "$586", "2018-06-30": "$993", "2018-03-31": "$553", "2017-12-31": "$658", "2017-09-30": "$468", "2017-06-30": "$309", "2017-03-31": "$255", "2016-12-31": "$390", "2016-09-30": "$148", "2016-06-30": "", "2016-03-31": "$143", "2015-12-31": "", "2015-09-30": "", "2015-03-31": "", "2014-12-31": "$159", "2013-12-31": ""}}, "long-term-debt": {"Conduent Annual Long Term Debt (Millions of US $)": {"2019": "$1,464", "2018": "$1,512", "2017": "$1,979", "2016": "$1,913", "2015": "$37", "2014": "$43", "2013": "$"}, "Conduent Quarterly Long Term Debt (Millions of US $)": {"2020-09-30": "$1,574", "2020-06-30": "$1,581", "2020-03-31": "$1,596", "2019-12-31": "$1,464", "2019-09-30": "$1,468", "2019-06-30": "$1,488", "2019-03-31": "$1,496", "2018-12-31": "$1,512", "2018-09-30": "$1,528", "2018-06-30": "$2,001", "2018-03-31": "$1,972", "2017-12-31": "$1,979", "2017-09-30": "$1,991", "2017-06-30": "$2,071", "2017-03-31": "$2,075", "2016-12-31": "$1,913", "2016-09-30": "$26", "2016-06-30": "", "2016-03-31": "$33", "2015-12-31": "", "2015-09-30": "", "2015-03-31": "", "2014-12-31": "$43", "2013-12-31": ""}}, "total-liabilities": {"Conduent Annual Total Liabilities (Millions of US $)": {"2019": "$3,072", "2018": "$3,316", "2017": "$3,877", "2016": "$4,279", "2015": "$3,896", "2014": "$5,543", "2013": "$0"}, "Conduent Quarterly Total Liabilities (Millions of US $)": {"2020-09-30": "$3,035", "2020-06-30": "$3,009", "2020-03-31": "$3,032", "2019-12-31": "$3,072", "2019-09-30": "$3,104", "2019-06-30": "$3,260", "2019-03-31": "$3,594", "2018-12-31": "$3,316", "2018-09-30": "$3,229", "2018-06-30": "$3,795", "2018-03-31": "$3,859", "2017-12-31": "$3,877", "2017-09-30": "$4,093", "2017-06-30": "$4,189", "2017-03-31": "$4,259", "2016-12-31": "$4,279", "2016-09-30": "$3,433", "2016-06-30": "", "2016-03-31": "$3,745", "2015-12-31": "", "2015-09-30": "$0", "2015-03-31": "$0", "2014-12-31": "$5,543", "2013-12-31": "$0"}}, "total-share-holder-equity": {"Conduent Annual Share Holder Equity (Millions of US $)": {"2019": "$1,442", "2018": "$3,364", "2017": "$3,671", "2016": "$3,430", "2015": "$5,162", "2014": "$5,411", "2013": "$0"}, "Conduent Quarterly Share Holder Equity (Millions of US $)": {"2020-09-30": "$1,325", "2020-06-30": "$1,317", "2020-03-31": "$1,362", "2019-12-31": "$1,442", "2019-09-30": "$2,010", "2019-06-30": "$2,043", "2019-03-31": "$3,069", "2018-12-31": "$3,364", "2018-09-30": "$3,501", "2018-06-30": "$3,641", "2018-03-31": "$3,652", "2017-12-31": "$3,671", "2017-09-30": "$3,454", "2017-06-30": "$3,459", "2017-03-31": "$3,441", "2016-12-31": "$3,430", "2016-09-30": "$5,490", "2016-06-30": "", "2016-03-31": "$5,383", "2015-12-31": "", "2015-09-30": "$0", "2015-03-31": "$0", "2014-12-31": "$5,411", "2013-12-31": "$0"}}, "profit-margins": {"current": "-16.35%"}, "gross margin": {"2020-09-30": "22.61%", "2020-06-30": "21.76%", "2020-03-31": "21.56%", "2019-12-31": "21.78%", "2019-09-30": "21.87%", "2019-06-30": "22.18%", "2019-03-31": "22.57%", "2018-12-31": "22.46%", "2018-09-30": "25.82%", "2018-06-30": "24.38%", "2018-03-31": "22.72%", "2017-12-31": "21.45%", "2017-09-30": "20.02%", "2017-06-30": "19.76%", "2017-03-31": "19.58%", "2016-12-31": "19.26%", "2016-06-30": "8.38%", "2016-03-31": "8.33%"}, "operating margin": {"2020-09-30": "-15.66%", "2020-06-30": "-15.57%", "2020-03-31": "-39.56%", "2019-12-31": "-44.68%", "2019-09-30": "-30.49%", "2019-06-30": "-28.97%", "2019-03-31": "-4.27%", "2018-12-31": "1.84%", "2018-09-30": "3.07%", "2018-06-30": "3.24%", "2018-03-31": "1.41%", "2017-12-31": "1.01%", "2017-09-30": "-17.59%", "2017-06-30": "-17.68%", "2017-03-31": "-17.70%", "2016-12-31": "-18.21%", "2016-06-30": "-9.78%", "2016-03-31": "-9.38%"}, "ebitda margin": {"2020-09-30": "9.82%", "2020-06-30": "9.64%", "2020-03-31": "9.50%", "2019-12-31": "9.51%", "2019-09-30": "8.60%", "2019-06-30": "8.38%", "2019-03-31": "10.49%", "2018-12-31": "10.62%", "2018-09-30": "11.58%", "2018-06-30": "11.70%", "2018-03-31": "9.87%", "2017-12-31": "9.42%", "2017-09-30": "7.50%", "2017-06-30": "7.08%", "2017-03-31": "6.63%", "2016-12-31": "5.95%", "2016-06-30": "-3.98%", "2016-03-31": "-3.43%"}, "pre tax profit margin": {"2020-09-30": "-18.14%", "2020-06-30": "-17.92%", "2020-03-31": "-41.72%", "2019-12-31": "-47.15%", "2019-09-30": "-34.71%", "2019-06-30": "-38.14%", "2019-03-31": "-13.23%", "2018-12-31": "-7.32%", "2018-09-30": "-4.43%", "2018-06-30": "0.29%", "2018-03-31": "-0.82%", "2017-12-31": "-0.27%", "2017-09-30": "-19.21%", "2017-06-30": "-19.03%", "2017-03-31": "-19.04%", "2016-12-31": "-19.15%", "2016-06-30": "-9.82%", "2016-03-31": "-9.40%"}, "net profit margin": {"2020-09-30": "-16.35%", "2020-06-30": "-16.35%", "2020-03-31": "-38.42%", "2019-12-31": "-43.30%", "2019-09-30": "-32.11%", "2019-06-30": "-35.30%", "2019-03-31": "-13.14%", "2018-12-31": "-7.71%", "2018-09-30": "-1.23%", "2018-06-30": "2.61%", "2018-03-31": "2.36%", "2017-12-31": "3.01%", "2017-09-30": "-16.22%", "2017-06-30": "-15.62%", "2017-03-31": "-15.42%", "2016-12-31": "-15.34%", "2016-06-30": "-5.59%", "2016-03-31": "-4.74%"}, "pe ratio": {"current": "8.46", "2021-02-05": "0.00", "2020-09-30": "0.00", "2020-06-30": "0.00", "2020-03-31": "0.00", "2019-12-31": "0.00", "2019-09-30": "0.00", "2019-06-30": "0.00", "2019-03-31": "0.00", "2018-12-31": "0.00", "2018-09-30": "0.00", "2018-06-30": "27.12", "2018-03-31": "31.07", "2017-12-31": "19.71"}, "price sales": {"2021-02-05": "0.26", "2020-09-30": "0.16", "2020-06-30": "0.12", "2020-03-31": "0.12", "2019-12-31": "0.29", "2019-09-30": "0.28", "2019-06-30": "0.41", "2019-03-31": "0.56", "2018-12-31": "0.41", "2018-09-30": "0.82", "2018-06-30": "0.64", "2018-03-31": "0.65", "2017-12-31": "0.55"}, "price book": {"current": "0.91", "2021-02-05": "0.81", "2020-09-30": "0.50", "2020-06-30": "0.38", "2020-03-31": "0.38", "2019-12-31": "0.91", "2019-09-30": "0.65", "2019-06-30": "0.99", "2019-03-31": "0.95", "2018-12-31": "0.67", "2018-09-30": "1.36", "2018-06-30": "1.05", "2018-03-31": "1.07", "2017-12-31": "0.93", "2017-09-30": "0.95", "2017-06-30": "0.96", "2017-03-31": "0.99"}, "price fcf": {"2021-02-05": "", "2020-09-30": "$0.88", "2020-06-30": "$0.42", "2020-03-31": "$-0.84", "2019-12-31": "$-0.39", "2019-09-30": "$-0.90", "2019-06-30": "$-1.22", "2019-03-31": "$0.16", "2018-12-31": "$0.35", "2018-09-30": "$0.39", "2018-06-30": "$1.19", "2018-03-31": "$1.26", "2017-12-31": "$0.99"}, "net worth": {"value": "$1.08B"}, "current ratio": {"2020-09-30": "1.59", "2020-06-30": "1.53", "2020-03-31": "1.54", "2019-12-31": "1.35", "2019-09-30": "1.38", "2019-06-30": "1.32", "2019-03-31": "1.28", "2018-12-31": "1.64", "2018-09-30": "1.59", "2018-06-30": "2.03", "2018-03-31": "1.91", "2017-12-31": "1.98", "2017-09-30": "1.74", "2017-06-30": "1.64", "2017-03-31": "1.58", "2016-12-31": "1.37", "2016-09-30": "0.88", "2016-06-30": "0.00", "2016-03-31": "0.79", "2015-12-31": "0.00", "2015-09-30": "0.00", "2015-03-31": "0.00", "2014-12-31": "0.79", "2013-12-31": "0.00"}, "quick ratio": {"2020-09-30": "0.00", "2020-06-30": "0.00", "2020-03-31": "0.00", "2019-12-31": "0.00", "2019-09-30": "0.00", "2019-06-30": "0.00", "2019-03-31": "0.00", "2018-12-31": "0.00", "2018-09-30": "0.00", "2018-06-30": "0.00", "2018-03-31": "0.00", "2017-12-31": "0.00", "2017-09-30": "0.00", "2017-06-30": "0.00", "2017-03-31": "0.00", "2016-12-31": "0.00", "2016-09-30": "0.00", "2016-06-30": "0.00", "2016-03-31": "0.00", "2015-12-31": "0.00", "2015-09-30": "0.00", "2015-03-31": "0.00", "2014-12-31": "0.00", "2013-12-31": "0.00"}, "debt equity ratio": {"current": "1.33", "2020-09-30": "2.29", "2020-06-30": "2.29", "2020-03-31": "2.23", "2019-12-31": "2.13", "2019-09-30": "1.54", "2019-06-30": "1.60", "2019-03-31": "1.17", "2018-12-31": "0.99", "2018-09-30": "0.92", "2018-06-30": "1.04", "2018-03-31": "1.06", "2017-12-31": "1.06", "2017-09-30": "1.19", "2017-06-30": "1.21", "2017-03-31": "1.24", "2016-12-31": "1.25", "2016-09-30": "0.63", "2016-06-30": "0.00", "2016-03-31": "0.70", "2015-12-31": "0.00", "2015-09-30": "0.00", "2015-03-31": "0.00", "2014-12-31": "1.02", "2013-12-31": "0.00"}, "return on equity": {"2020-09-30": "-50.53%", "2020-06-30": "-45.47%", "2020-03-31": "-97.71%", "2019-12-31": "-90.33%", "2019-09-30": "-56.95%", "2019-06-30": "-57.24%", "2019-03-31": "-19.86%", "2018-12-31": "-11.75%", "2018-09-30": "-1.91%", "2018-06-30": "4.19%", "2018-03-31": "3.91%", "2017-12-31": "5.16%", "2017-09-30": "-28.44%", "2017-06-30": "-24.32%", "2017-03-31": "-31.32%", "2016-12-31": "-27.49%", "2016-06-30": "-20.21%", "2016-03-31": "-17.39%"}, "return on assets": {"2020-09-30": "-15.64%", "2020-06-30": "-15.20%", "2020-03-31": "-34.67%", "2019-12-31": "-35.82%", "2019-09-30": "-25.13%", "2019-06-30": "-27.02%", "2019-03-31": "-9.80%", "2018-12-31": "-5.87%", "2018-09-30": "-0.94%", "2018-06-30": "2.01%", "2018-03-31": "1.84%", "2017-12-31": "2.38%", "2017-09-30": "-12.81%", "2017-06-30": "-12.03%", "2017-03-31": "-15.91%", "2016-12-31": "-15.26%", "2016-06-30": "-11.92%", "2016-03-31": "-10.25%"}, "return on investments": {"2020-09-30": "-22.61%", "2020-06-30": "-21.70%", "2020-03-31": "-53.60%", "2019-12-31": "-55.14%", "2019-09-30": "-34.48%", "2019-06-30": "-31.26%", "2019-03-31": "-4.36%", "2018-12-31": "1.87%", "2018-09-30": "3.14%", "2018-06-30": "3.35%", "2018-03-31": "1.49%", "2017-12-31": "1.10%", "2017-09-30": "-19.47%", "2017-06-30": "-19.89%", "2017-03-31": "-27.14%", "2016-12-31": "-28.68%", "2016-06-30": "-35.16%", "2016-03-31": "-34.19%"}, "return on tangible equity": {"2020-09-30": "146.07%", "2020-06-30": "137.82%", "2020-03-31": "308.61%", "2019-12-31": "321.00%", "2019-09-30": "228.03%", "2019-06-30": "255.92%", "2019-03-31": "103.49%", "2018-12-31": "66.24%", "2018-09-30": "11.49%", "2018-06-30": "-18.99%", "2018-03-31": "-13.52%", "2017-12-31": "-14.43%", "2017-09-30": "64.98%", "2017-06-30": "73.80%", "2017-03-31": "103.83%", "2016-12-31": "129.73%", "2016-06-30": "129.06%", "2016-03-31": "111.03%"}, "dividend yield history": {"last payout": "$0.00", "last yield": "0.00%"}}