{"ticker": "COP", "price": {"title": "ConocoPhillips Historical Annual Stock Price Data", "value": 44.42, "historical": {"2021": {"Average Stock Price": "43.4888", "Year Open": "39.5700", "Year High": "47.8700", "Year Low": "39.5700", "Year Close": "44.4200", "Annual % Change": "11.08%"}, "2020": {"Average Stock Price": "41.4293", "Year Open": "65.4600", "Year High": "66.4800", "Year Low": "22.6700", "Year Close": "39.9900", "Annual % Change": "-38.51%"}, "2019": {"Average Stock Price": "61.2304", "Year Open": "63.3800", "Year High": "70.6500", "Year Low": "50.4200", "Year Close": "65.0300", "Annual % Change": "4.30%"}, "2018": {"Average Stock Price": "65.9056", "Year Open": "55.3200", "Year High": "79.8900", "Year Low": "52.0200", "Year Close": "62.3500", "Annual % Change": "13.59%"}, "2017": {"Average Stock Price": "47.8282", "Year Open": "50.6100", "Year High": "56.2300", "Year Low": "42.5000", "Year Close": "54.8900", "Annual % Change": "9.47%"}, "2016": {"Average Stock Price": "42.4842", "Year Open": "46.8800", "Year High": "52.6400", "Year Low": "31.8800", "Year Close": "50.1400", "Annual % Change": "7.39%"}, "2015": {"Average Stock Price": "58.1364", "Year Open": "68.9200", "Year High": "69.8800", "Year Low": "42.1900", "Year Close": "46.6900", "Annual % Change": "-32.39%"}, "2014": {"Average Stock Price": "74.1883", "Year Open": "69.7800", "Year High": "86.7600", "Year Low": "61.6900", "Year Close": "69.0600", "Annual % Change": "-2.25%"}, "2013": {"Average Stock Price": "64.6419", "Year Open": "59.2100", "Year High": "74.3400", "Year Low": "56.8100", "Year Close": "70.6500", "Annual % Change": "21.83%"}, "2012": {"Average Stock Price": "61.7570", "Year Open": "74.1700", "Year High": "78.2200", "Year Low": "50.8200", "Year Close": "57.9900", "Annual % Change": "-20.42%"}, "2011": {"Average Stock Price": "71.6396", "Year Open": "68.2400", "Year High": "81.2100", "Year Low": "60.9900", "Year Close": "72.8700", "Annual % Change": "7.00%"}, "2010": {"Average Stock Price": "55.5080", "Year Open": "52.5800", "Year High": "68.1000", "Year Low": "47.3700", "Year Close": "68.1000", "Annual % Change": "33.35%"}, "2009": {"Average Stock Price": "45.5025", "Year Open": "54.8500", "Year High": "55.6800", "Year Low": "35.1300", "Year Close": "51.0700", "Annual % Change": "-1.41%"}, "2008": {"Average Stock Price": "74.8570", "Year Open": "87.8900", "Year High": "95.7800", "Year Low": "41.8000", "Year Close": "51.8000", "Annual % Change": "-41.34%"}, "2007": {"Average Stock Price": "76.6415", "Year Open": "68.1900", "Year High": "90.1700", "Year Low": "61.8200", "Year Close": "88.3000", "Annual % Change": "22.72%"}, "2006": {"Average Stock Price": "63.8329", "Year Open": "60.5100", "Year High": "73.0700", "Year Low": "56.0300", "Year Close": "71.9500", "Annual % Change": "23.67%"}, "2005": {"Average Stock Price": "57.7085", "Year Open": "42.0550", "Year High": "70.9100", "Year Low": "41.7800", "Year Close": "58.1800", "Annual % Change": "34.01%"}, "2004": {"Average Stock Price": "38.0938", "Year Open": "32.7400", "Year High": "45.4950", "Year Low": "32.3900", "Year Close": "43.4150", "Annual % Change": "32.42%"}, "2003": {"Average Stock Price": "26.9633", "Year Open": "24.6650", "Year High": "32.7850", "Year Low": "21.9500", "Year Close": "32.7850", "Annual % Change": "35.50%"}, "2002": {"Average Stock Price": "27.2455", "Year Open": "30.0600", "Year High": "31.8650", "Year Low": "22.3300", "Year Close": "24.1950", "Annual % Change": "-19.70%"}, "2001": {"Average Stock Price": "28.5176", "Year Open": "28.5300", "Year High": "33.7600", "Year Low": "25.2000", "Year Close": "30.1300", "Annual % Change": "5.94%"}, "2000": {"Average Stock Price": "26.1769", "Year Open": "22.6550", "Year High": "33.3100", "Year Low": "18.1250", "Year Close": "28.4400", "Annual % Change": "21.02%"}, "1999": {"Average Stock Price": "23.9228", "Year Open": "21.5300", "Year High": "28.2800", "Year Low": "18.9400", "Year Close": "23.5000", "Annual % Change": "10.25%"}, "1998": {"Average Stock Price": "23.2319", "Year Open": "24.0000", "Year High": "26.0950", "Year Low": "20.3750", "Year Close": "21.3150", "Annual % Change": "-12.34%"}, "1997": {"Average Stock Price": "22.6486", "Year Open": "21.9400", "Year High": "25.8750", "Year Low": "18.7500", "Year Close": "24.3150", "Annual % Change": "9.90%"}, "1996": {"Average Stock Price": "19.9709", "Year Open": "17.0000", "Year High": "22.8100", "Year Low": "15.7500", "Year Close": "22.1250", "Annual % Change": "29.69%"}, "1995": {"Average Stock Price": "16.8470", "Year Open": "16.3100", "Year High": "18.5000", "Year Low": "15.0600", "Year Close": "17.0600", "Annual % Change": "4.18%"}, "1994": {"Average Stock Price": "15.9247", "Year Open": "14.8750", "Year High": "18.4350", "Year Low": "13.2500", "Year Close": "16.3750", "Annual % Change": "12.93%"}, "1993": {"Average Stock Price": "14.8540", "Year Open": "12.6250", "Year High": "18.4350", "Year Low": "12.3100", "Year Close": "14.5000", "Annual % Change": "15.45%"}, "1992": {"Average Stock Price": "12.5560", "Year Open": "12.1850", "Year High": "14.3750", "Year Low": "11.0600", "Year Close": "12.5600", "Annual % Change": "4.67%"}, "1991": {"Average Stock Price": "13.0336", "Year Open": "12.8100", "Year High": "14.5000", "Year Low": "11.0000", "Year Close": "12.0000", "Annual % Change": "-8.12%"}, "1990": {"Average Stock Price": "13.1820", "Year Open": "12.8100", "Year High": "15.5000", "Year Low": "11.5600", "Year Close": "13.0600", "Annual % Change": "3.45%"}, "1989": {"Average Stock Price": "11.7197", "Year Open": "9.6850", "Year High": "14.7500", "Year Low": "9.6850", "Year Close": "12.6250", "Annual % Change": "29.49%"}, "1988": {"Average Stock Price": "8.6466", "Year Open": "7.0600", "Year High": "11.1850", "Year Low": "6.2500", "Year Close": "9.7500", "Annual % Change": "39.29%"}, "1987": {"Average Stock Price": "7.3598", "Year Open": "6.0600", "Year High": "9.1850", "Year Low": "5.1250", "Year Close": "7.0000", "Annual % Change": "19.15%"}, "1986": {"Average Stock Price": "5.1861", "Year Open": "6.0600", "Year High": "6.3100", "Year Low": "4.2500", "Year Close": "5.8750", "Annual % Change": "-3.05%"}, "1985": {"Average Stock Price": "6.6177", "Year Open": "7.2500", "Year High": "8.3750", "Year Low": "5.6250", "Year Close": "6.0600", "Annual % Change": "-18.75%"}, "1984": {"Average Stock Price": "6.6920", "Year Open": "5.5833", "Year High": "9.1667", "Year Low": "5.5833", "Year Close": "7.4583", "Annual % Change": "29.71%"}, "1983": {"Average Stock Price": "5.6687", "Year Open": "5.4800", "Year High": "6.4367", "Year Low": "4.8950", "Year Close": "5.7500", "Annual % Change": "5.73%"}, "1982": {"Average Stock Price": "5.1910", "Year Open": "6.6467", "Year High": "6.6883", "Year Low": "3.9583", "Year Close": "5.4383", "Annual % Change": "-19.43%"}}}, "market cap": {"value": "$47.65B"}, "income statement": {"Revenue": {"2020-12-31": "19256.00000", "2019-12-31": "36670.00000", "2018-12-31": "38727.00000", "2017-12-31": "32584.00000", "2016-12-31": "24360.00000", "2015-12-31": "30935.00000", "2014-12-31": "55517.00000", "2013-12-31": "58248.00000", "2012-12-31": "62004.00000", "2011-12-31": "66069.00000", "2010-12-31": "63335.00000", "2009-12-31": "152390.00000", "2008-12-31": "246931.00000", "2007-12-31": "194495.00000", "2006-12-31": "188523.00000", "2005-12-31": "183364.00000"}, "Cost Of Goods Sold": {"2020-12-31": "9535.00000", "2019-12-31": "12585.00000", "2018-12-31": "14663.00000", "2017-12-31": "13409.00000", "2016-12-31": "11906.00000", "2015-12-31": "16618.00000", "2014-12-31": "24144.00000", "2013-12-31": "23875.00000", "2012-12-31": "26732.00000", "2011-12-31": "30835.00000", "2010-12-31": "25979.00000", "2009-12-31": "103615.00000", "2008-12-31": "170000.00000", "2007-12-31": "124436.00000", "2006-12-31": "119733.00000", "2005-12-31": "125586.00000"}, "Gross Profit": {"2020-12-31": "9721.00000", "2019-12-31": "24085.00000", "2018-12-31": "24064.00000", "2017-12-31": "19175.00000", "2016-12-31": "12454.00000", "2015-12-31": "14317.00000", "2014-12-31": "31373.00000", "2013-12-31": "34373.00000", "2012-12-31": "35272.00000", "2011-12-31": "35234.00000", "2010-12-31": "37356.00000", "2009-12-31": "48775.00000", "2008-12-31": "76931.00000", "2007-12-31": "70059.00000", "2006-12-31": "68790.00000", "2005-12-31": "57778.00000"}, "Research And Development Expenses": {"2020-12-31": "", "2019-12-31": "", "2018-12-31": "", "2017-12-31": "", "2016-12-31": "", "2015-12-31": "", "2014-12-31": "", "2013-12-31": "", "2012-12-31": "", "2011-12-31": "", "2010-12-31": "", "2009-12-31": "", "2008-12-31": "", "2007-12-31": "", "2006-12-31": "", "2005-12-31": ""}, "SG&A Expenses": {"2020-12-31": "5528.00000", "2019-12-31": "6831.00000", "2018-12-31": "6662.00000", "2017-12-31": "6398.00000", "2016-12-31": "6855.00000", "2015-12-31": "8870.00000", "2014-12-31": "11732.00000", "2013-12-31": "10976.00000", "2012-12-31": "11445.00000", "2011-12-31": "11290.00000", "2010-12-31": "9824.00000", "2009-12-31": "27698.00000", "2008-12-31": "34684.00000", "2007-12-31": "31979.00000", "2006-12-31": "31076.00000", "2005-12-31": "29165.00000"}, "Other Operating Income Or Expenses": {"2020-12-31": "-826.00000", "2019-12-31": "-470.00000", "2018-12-31": "-402.00000", "2017-12-31": "-7052.00000", "2016-12-31": "-416.00000", "2015-12-31": "-2245.00000", "2014-12-31": "-856.00000", "2013-12-31": "-529.00000", "2012-12-31": "-680.00000", "2011-12-31": "-321.00000", "2010-12-31": "-81.00000", "2009-12-31": "-535.00000", "2008-12-31": "", "2007-12-31": "", "2006-12-31": "", "2005-12-31": ""}, "Operating Expenses": {"2020-12-31": "21410.00000", "2019-12-31": "25976.00000", "2018-12-31": "27683.00000", "2017-12-31": "33704.00000", "2016-12-31": "28239.00000", "2015-12-31": "36846.00000", "2014-12-31": "45061.00000", "2013-12-31": "42814.00000", "2012-12-31": "45437.00000", "2011-12-31": "49273.00000", "2010-12-31": "43888.00000", "2009-12-31": "141143.00000", "2008-12-31": "213696.00000", "2007-12-31": "164713.00000", "2006-12-31": "158093.00000", "2005-12-31": "159004.00000"}, "Operating Income": {"2020-12-31": "-2154.00000", "2019-12-31": "10694.00000", "2018-12-31": "11044.00000", "2017-12-31": "-1120.00000", "2016-12-31": "-3879.00000", "2015-12-31": "-5911.00000", "2014-12-31": "10456.00000", "2013-12-31": "15434.00000", "2012-12-31": "16567.00000", "2011-12-31": "16796.00000", "2010-12-31": "19447.00000", "2009-12-31": "11247.00000", "2008-12-31": "33235.00000", "2007-12-31": "29782.00000", "2006-12-31": "30430.00000", "2005-12-31": "24360.00000"}, "Total Non-Operating Income/Expense": {"2020-12-31": "-986.00000", "2019-12-31": "-1170.00000", "2018-12-31": "-1071.00000", "2017-12-31": "-1495.00000", "2016-12-31": "-1651.00000", "2015-12-31": "-1328.00000", "2014-12-31": "-1066.00000", "2013-12-31": "-988.00000", "2012-12-31": "-1144.00000", "2011-12-31": "-1400.00000", "2010-12-31": "-1572.00000", "2009-12-31": "-1665.00000", "2008-12-31": "-36095.00000", "2007-12-31": "-6423.00000", "2006-12-31": "-2097.00000", "2005-12-31": "-813.00000"}, "Pre-Tax Income": {"2020-12-31": "-3140.00000", "2019-12-31": "9524.00000", "2018-12-31": "9973.00000", "2017-12-31": "-2615.00000", "2016-12-31": "-5530.00000", "2015-12-31": "-7239.00000", "2014-12-31": "9390.00000", "2013-12-31": "14446.00000", "2012-12-31": "15423.00000", "2011-12-31": "15396.00000", "2010-12-31": "17875.00000", "2009-12-31": "9582.00000", "2008-12-31": "-2860.00000", "2007-12-31": "23359.00000", "2006-12-31": "28333.00000", "2005-12-31": "23547.00000"}, "Income Taxes": {"2020-12-31": "-485.00000", "2019-12-31": "2267.00000", "2018-12-31": "3668.00000", "2017-12-31": "-1822.00000", "2016-12-31": "-1971.00000", "2015-12-31": "-2868.00000", "2014-12-31": "3583.00000", "2013-12-31": "6409.00000", "2012-12-31": "7942.00000", "2011-12-31": "8208.00000", "2010-12-31": "7570.00000", "2009-12-31": "5090.00000", "2008-12-31": "13419.00000", "2007-12-31": "11381.00000", "2006-12-31": "12783.00000", "2005-12-31": "9907.00000"}, "Income After Taxes": {"2020-12-31": "-2655.00000", "2019-12-31": "7257.00000", "2018-12-31": "6305.00000", "2017-12-31": "-793.00000", "2016-12-31": "-3559.00000", "2015-12-31": "-4371.00000", "2014-12-31": "5807.00000", "2013-12-31": "8037.00000", "2012-12-31": "7481.00000", "2011-12-31": "7188.00000", "2010-12-31": "10305.00000", "2009-12-31": "4492.00000", "2008-12-31": "-16279.00000", "2007-12-31": "11978.00000", "2006-12-31": "15550.00000", "2005-12-31": "13640.00000"}, "Other Income": {"2020-12-31": "", "2019-12-31": "", "2018-12-31": "", "2017-12-31": "", "2016-12-31": "", "2015-12-31": "", "2014-12-31": "", "2013-12-31": "", "2012-12-31": "", "2011-12-31": "", "2010-12-31": "", "2009-12-31": "", "2008-12-31": "", "2007-12-31": "", "2006-12-31": "", "2005-12-31": ""}, "Income From Continuous Operations": {"2020-12-31": "-2655.00000", "2019-12-31": "7257.00000", "2018-12-31": "6305.00000", "2017-12-31": "-793.00000", "2016-12-31": "-3559.00000", "2015-12-31": "-4371.00000", "2014-12-31": "5807.00000", "2013-12-31": "8037.00000", "2012-12-31": "7481.00000", "2011-12-31": "7188.00000", "2010-12-31": "10305.00000", "2009-12-31": "4492.00000", "2008-12-31": "-16279.00000", "2007-12-31": "11978.00000", "2006-12-31": "15550.00000", "2005-12-31": "13640.00000"}, "Income From Discontinued Operations": {"2020-12-31": "", "2019-12-31": "", "2018-12-31": "", "2017-12-31": "", "2016-12-31": "", "2015-12-31": "", "2014-12-31": "1131.00000", "2013-12-31": "1178.00000", "2012-12-31": "1017.00000", "2011-12-31": "5314.00000", "2010-12-31": "1112.00000", "2009-12-31": "", "2008-12-31": "", "2007-12-31": "", "2006-12-31": "", "2005-12-31": "-23.00000"}, "Net Income": {"2020-12-31": "-2701.00000", "2019-12-31": "7189.00000", "2018-12-31": "6257.00000", "2017-12-31": "-855.00000", "2016-12-31": "-3615.00000", "2015-12-31": "-4428.00000", "2014-12-31": "6869.00000", "2013-12-31": "9156.00000", "2012-12-31": "8428.00000", "2011-12-31": "12436.00000", "2010-12-31": "11358.00000", "2009-12-31": "4414.00000", "2008-12-31": "-16349.00000", "2007-12-31": "11891.00000", "2006-12-31": "15550.00000", "2005-12-31": "13529.00000"}, "EBITDA": {"2020-12-31": "3619.00000", "2019-12-31": "17110.00000", "2018-12-31": "17353.00000", "2017-12-31": "6087.00000", "2016-12-31": "5608.00000", "2015-12-31": "3685.00000", "2014-12-31": "19269.00000", "2013-12-31": "23302.00000", "2012-12-31": "23541.00000", "2011-12-31": "24045.00000", "2010-12-31": "27860.00000", "2009-12-31": "20964.00000", "2008-12-31": "42665.00000", "2007-12-31": "38421.00000", "2006-12-31": "37995.00000", "2005-12-31": "28806.00000"}, "EBIT": {"2020-12-31": "-2154.00000", "2019-12-31": "10694.00000", "2018-12-31": "11044.00000", "2017-12-31": "-1120.00000", "2016-12-31": "-3879.00000", "2015-12-31": "-5911.00000", "2014-12-31": "10456.00000", "2013-12-31": "15434.00000", "2012-12-31": "16567.00000", "2011-12-31": "16796.00000", "2010-12-31": "19447.00000", "2009-12-31": "11247.00000", "2008-12-31": "33235.00000", "2007-12-31": "29782.00000", "2006-12-31": "30430.00000", "2005-12-31": "24360.00000"}, "Basic Shares Outstanding": {"2020-12-31": "1078.03000", "2019-12-31": "1117.26000", "2018-12-31": "1166.49900", "2017-12-31": "1221.03800", "2016-12-31": "1245.44000", "2015-12-31": "1241.91900", "2014-12-31": "1237.32500", "2013-12-31": "1230.96300", "2012-12-31": "1243.79900", "2011-12-31": "1375.03500", "2010-12-31": "1479.33000", "2009-12-31": "1487.65000", "2008-12-31": "1523.43200", "2007-12-31": "1623.99400", "2006-12-31": "1585.98200", "2005-12-31": "1393.37100"}, "Shares Outstanding": {"2020-12-31": "1078.03000", "2019-12-31": "1123.53600", "2018-12-31": "1175.53800", "2017-12-31": "1221.03800", "2016-12-31": "1245.44000", "2015-12-31": "1241.91900", "2014-12-31": "1245.86300", "2013-12-31": "1239.80300", "2012-12-31": "1253.09300", "2011-12-31": "1387.10000", "2010-12-31": "1491.06700", "2009-12-31": "1497.60800", "2008-12-31": "1523.43200", "2007-12-31": "1645.91900", "2006-12-31": "1609.53000", "2005-12-31": "1417.02800"}, "Basic EPS": {"2020-12-31": "-2.51000", "2019-12-31": "6.43000", "2018-12-31": "5.36000", "2017-12-31": "-0.70000", "2016-12-31": "-2.91000", "2015-12-31": "-3.58000", "2014-12-31": "5.54000", "2013-12-31": "7.43000", "2012-12-31": "6.77000", "2011-12-31": "9.04000", "2010-12-31": "7.68000", "2009-12-31": "2.96000", "2008-12-31": "-10.73000", "2007-12-31": "7.32000", "2006-12-31": "9.80000", "2005-12-31": "9.71000"}, "EPS - Earnings Per Share": {"2020-12-31": "-2.51000", "2019-12-31": "6.40000", "2018-12-31": "5.32000", "2017-12-31": "-0.70000", "2016-12-31": "-2.91000", "2015-12-31": "-3.58000", "2014-12-31": "5.51000", "2013-12-31": "7.38000", "2012-12-31": "6.72000", "2011-12-31": "8.97000", "2010-12-31": "7.62000", "2009-12-31": "2.94000", "2008-12-31": "-10.73000", "2007-12-31": "7.22000", "2006-12-31": "9.66000", "2005-12-31": "9.55000"}}, "income statement, quarterly": {"Revenue": {"2020-12-31": "6049.00000", "2020-09-30": "4380.00000", "2020-06-30": "4016.00000", "2020-03-31": "4811.00000", "2019-12-31": "8140.00000", "2019-09-30": "10093.00000", "2019-06-30": "8380.00000", "2019-03-31": "10057.00000", "2018-12-31": "10361.00000", "2018-09-30": "10165.00000", "2018-06-30": "9240.00000", "2018-03-31": "8961.00000", "2017-12-31": "8736.00000", "2017-09-30": "7195.00000", "2017-06-30": "8882.00000", "2017-03-31": "7771.00000", "2016-12-31": "7254.00000", "2016-09-30": "6516.00000", "2016-06-30": "5575.00000", "2016-03-31": "5015.00000", "2015-12-31": "6766.00000", "2015-09-30": "7507.00000", "2015-06-30": "8660.00000", "2015-03-31": "8002.00000", "2014-12-31": "11851.00000", "2014-09-30": "12917.00000", "2014-06-30": "14701.00000", "2014-03-31": "16048.00000", "2013-12-31": "13985.00000", "2013-09-30": "15470.00000", "2013-06-30": "14142.00000", "2013-03-31": "14651.00000", "2012-12-31": "16366.00000", "2012-09-30": "14713.00000", "2012-06-30": "14842.00000", "2012-03-31": "16083.00000", "2011-12-31": "16118.00000", "2011-09-30": "16695.00000", "2011-06-30": "17668.00000", "2011-03-31": "58247.00000", "2010-12-31": "53217.00000", "2010-09-30": "49549.00000", "2010-06-30": "50127.00000", "2010-03-31": "45762.00000", "2009-12-31": "43695.00000", "2009-09-30": "41271.00000", "2009-06-30": "36186.00000", "2009-03-31": "31238.00000", "2008-12-31": "45653.00000", "2008-09-30": "71373.00000", "2008-06-30": "73353.00000", "2008-03-31": "56552.00000", "2007-12-31": "54298.00000", "2007-09-30": "47933.00000", "2007-06-30": "49397.00000", "2007-03-31": "42867.00000", "2006-12-31": "42535.00000", "2006-09-30": "49585.00000", "2006-06-30": "48476.00000", "2006-03-31": "47927.00000", "2005-12-31": "52173.00000", "2005-09-30": "49659.00000", "2005-06-30": "42614.00000", "2005-03-31": "38918.00000"}, "Cost Of Goods Sold": {"2020-12-31": "3495.00000", "2020-09-30": "1964.00000", "2020-06-30": "1227.00000", "2020-03-31": "2849.00000", "2019-12-31": "2934.00000", "2019-09-30": "3070.00000", "2019-06-30": "2796.00000", "2019-03-31": "3785.00000", "2018-12-31": "4088.00000", "2018-09-30": "3633.00000", "2018-06-30": "3133.00000", "2018-03-31": "3809.00000", "2017-12-31": "3649.00000", "2017-09-30": "2999.00000", "2017-06-30": "3019.00000", "2017-03-31": "3742.00000", "2016-12-31": "3288.00000", "2016-09-30": "3276.00000", "2016-06-30": "2612.00000", "2016-03-31": "2730.00000", "2015-12-31": "4790.00000", "2015-09-30": "4330.00000", "2015-06-30": "3779.00000", "2015-03-31": "3719.00000", "2014-12-31": "5547.00000", "2014-09-30": "5162.00000", "2014-06-30": "6012.00000", "2014-03-31": "7423.00000", "2013-12-31": "5901.00000", "2013-09-30": "6021.00000", "2013-06-30": "5842.00000", "2013-03-31": "6111.00000", "2012-12-31": "7421.00000", "2012-09-30": "6572.00000", "2012-06-30": "5986.00000", "2012-03-31": "6753.00000", "2011-12-31": "7681.00000", "2011-09-30": "8242.00000", "2011-06-30": "7945.00000", "2011-03-31": "42552.00000", "2010-12-31": "38398.00000", "2010-09-30": "34303.00000", "2010-06-30": "32301.00000", "2010-03-31": "31904.00000", "2009-12-31": "30385.00000", "2009-09-30": "28394.00000", "2009-06-30": "24852.00000", "2009-03-31": "19984.00000", "2008-12-31": "30494.00000", "2008-09-30": "49875.00000", "2008-06-30": "51502.00000", "2008-03-31": "38129.00000", "2007-12-31": "35300.00000", "2007-09-30": "31080.00000", "2007-06-30": "31079.00000", "2007-03-31": "26977.00000", "2006-12-31": "25836.00000", "2006-09-30": "30748.00000", "2006-06-30": "29582.00000", "2006-03-31": "33567.00000", "2005-12-31": "36551.00000", "2005-09-30": "34648.00000", "2005-06-30": "28644.00000", "2005-03-31": "25743.00000"}, "Gross Profit": {"2020-12-31": "2554.00000", "2020-09-30": "2416.00000", "2020-06-30": "2789.00000", "2020-03-31": "1962.00000", "2019-12-31": "5206.00000", "2019-09-30": "7023.00000", "2019-06-30": "5584.00000", "2019-03-31": "6272.00000", "2018-12-31": "6273.00000", "2018-09-30": "6532.00000", "2018-06-30": "6107.00000", "2018-03-31": "5152.00000", "2017-12-31": "5087.00000", "2017-09-30": "4196.00000", "2017-06-30": "5863.00000", "2017-03-31": "4029.00000", "2016-12-31": "3966.00000", "2016-09-30": "3240.00000", "2016-06-30": "2963.00000", "2016-03-31": "2285.00000", "2015-12-31": "1976.00000", "2015-09-30": "3177.00000", "2015-06-30": "4881.00000", "2015-03-31": "4283.00000", "2014-12-31": "6304.00000", "2014-09-30": "7755.00000", "2014-06-30": "8689.00000", "2014-03-31": "8625.00000", "2013-12-31": "8084.00000", "2013-09-30": "9449.00000", "2013-06-30": "8300.00000", "2013-03-31": "8540.00000", "2012-12-31": "8945.00000", "2012-09-30": "8141.00000", "2012-06-30": "8856.00000", "2012-03-31": "9330.00000", "2011-12-31": "8437.00000", "2011-09-30": "8453.00000", "2011-06-30": "9723.00000", "2011-03-31": "15695.00000", "2010-12-31": "14819.00000", "2010-09-30": "15246.00000", "2010-06-30": "17826.00000", "2010-03-31": "13858.00000", "2009-12-31": "13310.00000", "2009-09-30": "12877.00000", "2009-06-30": "11334.00000", "2009-03-31": "11254.00000", "2008-12-31": "15159.00000", "2008-09-30": "21498.00000", "2008-06-30": "21851.00000", "2008-03-31": "18423.00000", "2007-12-31": "18998.00000", "2007-09-30": "16853.00000", "2007-06-30": "18318.00000", "2007-03-31": "15890.00000", "2006-12-31": "16699.00000", "2006-09-30": "18837.00000", "2006-06-30": "18894.00000", "2006-03-31": "14360.00000", "2005-12-31": "15622.00000", "2005-09-30": "15011.00000", "2005-06-30": "13970.00000", "2005-03-31": "13175.00000"}, "Research And Development Expenses": {"2020-12-31": "", "2020-09-30": "", "2020-06-30": "", "2020-03-31": "", "2019-12-31": "", "2019-09-30": "", "2019-06-30": "", "2019-03-31": "", "2018-12-31": "", "2018-09-30": "", "2018-06-30": "", "2018-03-31": "", "2017-12-31": "", "2017-09-30": "", "2017-06-30": "", "2017-03-31": "", "2016-12-31": "", "2016-09-30": "", "2016-06-30": "", "2016-03-31": "", "2015-12-31": "", "2015-09-30": "", "2015-06-30": "", "2015-03-31": "", "2014-12-31": "", "2014-09-30": "", "2014-06-30": "", "2014-03-31": "", "2013-12-31": "", "2013-09-30": "", "2013-06-30": "", "2013-03-31": "", "2012-12-31": "", "2012-09-30": "", "2012-06-30": "", "2012-03-31": "", "2011-12-31": "", "2011-09-30": "", "2011-06-30": "", "2011-03-31": "", "2010-12-31": "", "2010-09-30": "", "2010-06-30": "", "2010-03-31": "", "2009-12-31": "", "2009-09-30": "", "2009-06-30": "", "2009-03-31": "", "2008-12-31": "", "2008-09-30": "", "2008-06-30": "", "2008-03-31": "", "2007-12-31": "", "2007-09-30": "", "2007-06-30": "", "2007-03-31": "", "2006-12-31": "", "2006-09-30": "", "2006-06-30": "", "2006-03-31": "", "2005-12-31": "", "2005-09-30": "", "2005-06-30": "", "2005-03-31": ""}, "SG&A Expenses": {"2020-12-31": "1526.00000", "2020-09-30": "1238.00000", "2020-06-30": "1344.00000", "2020-03-31": "1420.00000", "2019-12-31": "1736.00000", "2019-09-30": "1655.00000", "2019-06-30": "1741.00000", "2019-03-31": "1699.00000", "2018-12-31": "1707.00000", "2018-09-30": "1798.00000", "2018-06-30": "1704.00000", "2018-03-31": "1453.00000", "2017-12-31": "1654.00000", "2017-09-30": "1507.00000", "2017-06-30": "1618.00000", "2017-03-31": "1619.00000", "2016-12-31": "1436.00000", "2016-09-30": "1890.00000", "2016-06-30": "1809.00000", "2016-03-31": "1720.00000", "2015-12-31": "2111.00000", "2015-09-30": "2333.00000", "2015-06-30": "2241.00000", "2015-03-31": "2185.00000", "2014-12-31": "3407.00000", "2014-09-30": "2737.00000", "2014-06-30": "2860.00000", "2014-03-31": "2728.00000", "2013-12-31": "2850.00000", "2013-09-30": "2875.00000", "2013-06-30": "2507.00000", "2013-03-31": "2744.00000", "2012-12-31": "2889.00000", "2012-09-30": "2639.00000", "2012-06-30": "2937.00000", "2012-03-31": "2980.00000", "2011-12-31": "3023.00000", "2011-09-30": "2816.00000", "2011-06-30": "2996.00000", "2011-03-31": "7491.00000", "2010-12-31": "7818.00000", "2010-09-30": "7303.00000", "2010-06-30": "7304.00000", "2010-03-31": "7008.00000", "2009-12-31": "7284.00000", "2009-09-30": "7166.00000", "2009-06-30": "6764.00000", "2009-03-31": "6484.00000", "2008-12-31": "7585.00000", "2008-09-30": "9191.00000", "2008-06-30": "9536.00000", "2008-03-31": "8372.00000", "2007-12-31": "8956.00000", "2007-09-30": "7772.00000", "2007-06-30": "7858.00000", "2007-03-31": "7393.00000", "2006-12-31": "8040.00000", "2006-09-30": "8143.00000", "2006-06-30": "7725.00000", "2006-03-31": "7168.00000", "2005-12-31": "7636.00000", "2005-09-30": "7200.00000", "2005-06-30": "7350.00000", "2005-03-31": "6979.00000"}, "Other Operating Income Or Expenses": {"2020-12-31": "-298.00000", "2020-09-30": "-22.00000", "2020-06-30": "9.00000", "2020-03-31": "-515.00000", "2019-12-31": "-386.00000", "2019-09-30": "-60.00000", "2019-06-30": "-15.00000", "2019-03-31": "-9.00000", "2018-12-31": "-31.00000", "2018-09-30": "-54.00000", "2018-06-30": "-108.00000", "2018-03-31": "-209.00000", "2017-12-31": "-156.00000", "2017-09-30": "-83.00000", "2017-06-30": "-6570.00000", "2017-03-31": "-243.00000", "2016-12-31": "-95.00000", "2016-09-30": "-123.00000", "2016-06-30": "-62.00000", "2016-03-31": "-136.00000", "2015-12-31": "-2127.00000", "2015-09-30": "-24.00000", "2015-06-30": "-78.00000", "2015-03-31": "-16.00000", "2014-12-31": "-730.00000", "2014-09-30": "-108.00000", "2014-06-30": "-17.00000", "2014-03-31": "-1.00000", "2013-12-31": "-498.00000", "2013-09-30": "-1.00000", "2013-06-30": "-28.00000", "2013-03-31": "-2.00000", "2012-12-31": "-384.00000", "2012-09-30": "0.00000", "2012-06-30": "-82.00000", "2012-03-31": "-214.00000", "2011-12-31": "-321.00000", "2011-09-30": "0.00000", "2011-06-30": "0.00000", "2011-03-31": "0.00000", "2010-12-31": "-98.00000", "2010-09-30": "-59.00000", "2010-06-30": "-1532.00000", "2010-03-31": "-91.00000", "2009-12-31": "-425.00000", "2009-09-30": "-56.00000", "2009-06-30": "-51.00000", "2009-03-31": "-3.00000", "2008-12-31": "", "2008-09-30": "-57.00000", "2008-06-30": "-19.00000", "2008-03-31": "-6.00000", "2007-12-31": "", "2007-09-30": "-188.00000", "2007-06-30": "-98.00000", "2007-03-31": "1.00000", "2006-12-31": "", "2006-09-30": "-267.00000", "2006-06-30": "-50.00000", "2006-03-31": "", "2005-12-31": "", "2005-09-30": "", "2005-06-30": "-9.00000", "2005-03-31": "-22.00000"}, "Operating Expenses": {"2020-12-31": "6860.00000", "2020-09-30": "4635.00000", "2020-06-30": "3720.00000", "2020-03-31": "6195.00000", "2019-12-31": "6544.00000", "2019-09-30": "6351.00000", "2019-06-30": "6042.00000", "2019-03-31": "7039.00000", "2018-12-31": "7438.00000", "2018-09-30": "6979.00000", "2018-06-30": "6383.00000", "2018-03-31": "6883.00000", "2017-12-31": "7092.00000", "2017-09-30": "6197.00000", "2017-06-30": "12832.00000", "2017-03-31": "7583.00000", "2016-12-31": "6880.00000", "2016-09-30": "7714.00000", "2016-06-30": "6812.00000", "2016-03-31": "6833.00000", "2015-12-31": "11410.00000", "2015-09-30": "8958.00000", "2015-06-30": "8427.00000", "2015-03-31": "8051.00000", "2014-12-31": "11955.00000", "2014-09-30": "10103.00000", "2014-06-30": "10959.00000", "2014-03-31": "12044.00000", "2013-12-31": "11142.00000", "2013-09-30": "10799.00000", "2013-06-30": "10209.00000", "2013-03-31": "10664.00000", "2012-12-31": "12473.00000", "2012-09-30": "10861.00000", "2012-06-30": "10585.00000", "2012-03-31": "11518.00000", "2011-12-31": "12648.00000", "2011-09-30": "12703.00000", "2011-06-30": "12787.00000", "2011-03-31": "52113.00000", "2010-12-31": "48530.00000", "2010-09-30": "43911.00000", "2010-06-30": "43417.00000", "2010-03-31": "41321.00000", "2009-12-31": "40485.00000", "2009-09-30": "37943.00000", "2009-06-30": "34014.00000", "2009-03-31": "28701.00000", "2008-12-31": "40261.00000", "2008-09-30": "61484.00000", "2008-06-30": "63235.00000", "2008-03-31": "48716.00000", "2007-12-31": "46177.00000", "2007-09-30": "41092.00000", "2007-06-30": "41051.00000", "2007-03-31": "36393.00000", "2006-12-31": "35561.00000", "2006-09-30": "41295.00000", "2006-06-30": "39322.00000", "2006-03-31": "41915.00000", "2005-12-31": "45334.00000", "2005-09-30": "42897.00000", "2005-06-30": "36988.00000", "2005-03-31": "33785.00000"}, "Operating Income": {"2020-12-31": "-811.00000", "2020-09-30": "-255.00000", "2020-06-30": "296.00000", "2020-03-31": "-1384.00000", "2019-12-31": "1596.00000", "2019-09-30": "3742.00000", "2019-06-30": "2338.00000", "2019-03-31": "3018.00000", "2018-12-31": "2923.00000", "2018-09-30": "3186.00000", "2018-06-30": "2857.00000", "2018-03-31": "2078.00000", "2017-12-31": "1644.00000", "2017-09-30": "998.00000", "2017-06-30": "-3950.00000", "2017-03-31": "188.00000", "2016-12-31": "374.00000", "2016-09-30": "-1198.00000", "2016-06-30": "-1237.00000", "2016-03-31": "-1818.00000", "2015-12-31": "-4644.00000", "2015-09-30": "-1451.00000", "2015-06-30": "233.00000", "2015-03-31": "-49.00000", "2014-12-31": "-104.00000", "2014-09-30": "2814.00000", "2014-06-30": "3742.00000", "2014-03-31": "4004.00000", "2013-12-31": "2843.00000", "2013-09-30": "4671.00000", "2013-06-30": "3933.00000", "2013-03-31": "3987.00000", "2012-12-31": "3893.00000", "2012-09-30": "3852.00000", "2012-06-30": "4257.00000", "2012-03-31": "4565.00000", "2011-12-31": "3470.00000", "2011-09-30": "3992.00000", "2011-06-30": "4881.00000", "2011-03-31": "6134.00000", "2010-12-31": "4687.00000", "2010-09-30": "5638.00000", "2010-06-30": "6710.00000", "2010-03-31": "4441.00000", "2009-12-31": "3210.00000", "2009-09-30": "3328.00000", "2009-06-30": "2172.00000", "2009-03-31": "2537.00000", "2008-12-31": "5392.00000", "2008-09-30": "9889.00000", "2008-06-30": "10118.00000", "2008-03-31": "7836.00000", "2007-12-31": "8121.00000", "2007-09-30": "6841.00000", "2007-06-30": "8346.00000", "2007-03-31": "6474.00000", "2006-12-31": "6974.00000", "2006-09-30": "8290.00000", "2006-06-30": "9154.00000", "2006-03-31": "6012.00000", "2005-12-31": "6839.00000", "2005-09-30": "6762.00000", "2005-06-30": "5626.00000", "2005-03-31": "5133.00000"}, "Total Non-Operating Income/Expense": {"2020-12-31": "-275.00000", "2020-09-30": "-257.00000", "2020-06-30": "-275.00000", "2020-03-31": "-179.00000", "2019-12-31": "-310.00000", "2019-09-30": "-249.00000", "2019-06-30": "-280.00000", "2019-03-31": "-331.00000", "2018-12-31": "-251.00000", "2018-09-30": "-280.00000", "2018-06-30": "-238.00000", "2018-03-31": "-302.00000", "2017-12-31": "-319.00000", "2017-09-30": "-345.00000", "2017-06-30": "-411.00000", "2017-03-31": "-420.00000", "2016-12-31": "-382.00000", "2016-09-30": "-456.00000", "2016-06-30": "-407.00000", "2016-03-31": "-406.00000", "2015-12-31": "-407.00000", "2015-09-30": "-290.00000", "2015-06-30": "-324.00000", "2015-03-31": "-307.00000", "2014-12-31": "-217.00000", "2014-09-30": "-261.00000", "2014-06-30": "-282.00000", "2014-03-31": "-306.00000", "2013-12-31": "-285.00000", "2013-09-30": "-266.00000", "2013-06-30": "-237.00000", "2013-03-31": "-200.00000", "2012-12-31": "-271.00000", "2012-09-30": "-261.00000", "2012-06-30": "-312.00000", "2012-03-31": "-300.00000", "2011-12-31": "-282.00000", "2011-09-30": "-387.00000", "2011-06-30": "-367.00000", "2011-03-31": "-338.00000", "2010-12-31": "-395.00000", "2010-09-30": "-364.00000", "2010-06-30": "-516.00000", "2010-03-31": "-451.00000", "2009-12-31": "-471.00000", "2009-09-30": "-415.00000", "2009-06-30": "-234.00000", "2009-03-31": "-545.00000", "2008-12-31": "-35114.00000", "2008-09-30": "-407.00000", "2008-06-30": "-306.00000", "2008-03-31": "-268.00000", "2007-12-31": "-710.00000", "2007-09-30": "-477.00000", "2007-06-30": "-4828.00000", "2007-03-31": "-408.00000", "2006-12-31": "-1057.00000", "2006-09-30": "-353.00000", "2006-06-30": "-472.00000", "2006-03-31": "-215.00000", "2005-12-31": "-218.00000", "2005-09-30": "-208.00000", "2005-06-30": "-194.00000", "2005-03-31": "-193.00000"}, "Pre-Tax Income": {"2020-12-31": "-1086.00000", "2020-09-30": "-512.00000", "2020-06-30": "21.00000", "2020-03-31": "-1563.00000", "2019-12-31": "1286.00000", "2019-09-30": "3493.00000", "2019-06-30": "2058.00000", "2019-03-31": "2687.00000", "2018-12-31": "2672.00000", "2018-09-30": "2906.00000", "2018-06-30": "2619.00000", "2018-03-31": "1776.00000", "2017-12-31": "1325.00000", "2017-09-30": "653.00000", "2017-06-30": "-4361.00000", "2017-03-31": "-232.00000", "2016-12-31": "-8.00000", "2016-09-30": "-1654.00000", "2016-06-30": "-1644.00000", "2016-03-31": "-2224.00000", "2015-12-31": "-5051.00000", "2015-09-30": "-1741.00000", "2015-06-30": "-91.00000", "2015-03-31": "-356.00000", "2014-12-31": "-321.00000", "2014-09-30": "2553.00000", "2014-06-30": "3460.00000", "2014-03-31": "3698.00000", "2013-12-31": "2558.00000", "2013-09-30": "4405.00000", "2013-06-30": "3696.00000", "2013-03-31": "3787.00000", "2012-12-31": "3622.00000", "2012-09-30": "3591.00000", "2012-06-30": "3945.00000", "2012-03-31": "4265.00000", "2011-12-31": "3188.00000", "2011-09-30": "3605.00000", "2011-06-30": "4514.00000", "2011-03-31": "5796.00000", "2010-12-31": "4292.00000", "2010-09-30": "5274.00000", "2010-06-30": "6194.00000", "2010-03-31": "3990.00000", "2009-12-31": "2739.00000", "2009-09-30": "2913.00000", "2009-06-30": "1938.00000", "2009-03-31": "1992.00000", "2008-12-31": "-29722.00000", "2008-09-30": "9482.00000", "2008-06-30": "9812.00000", "2008-03-31": "7568.00000", "2007-12-31": "7411.00000", "2007-09-30": "6364.00000", "2007-06-30": "3518.00000", "2007-03-31": "6066.00000", "2006-12-31": "5917.00000", "2006-09-30": "7937.00000", "2006-06-30": "8682.00000", "2006-03-31": "5797.00000", "2005-12-31": "6621.00000", "2005-09-30": "6554.00000", "2005-06-30": "5432.00000", "2005-03-31": "4940.00000"}, "Income Taxes": {"2020-12-31": "-314.00000", "2020-09-30": "-62.00000", "2020-06-30": "-257.00000", "2020-03-31": "148.00000", "2019-12-31": "543.00000", "2019-09-30": "422.00000", "2019-06-30": "461.00000", "2019-03-31": "841.00000", "2018-12-31": "794.00000", "2018-09-30": "1033.00000", "2018-06-30": "965.00000", "2018-03-31": "876.00000", "2017-12-31": "-273.00000", "2017-09-30": "217.00000", "2017-06-30": "-935.00000", "2017-03-31": "-831.00000", "2016-12-31": "11.00000", "2016-09-30": "-628.00000", "2016-06-30": "-586.00000", "2016-03-31": "-768.00000", "2015-12-31": "-1614.00000", "2015-09-30": "-685.00000", "2015-06-30": "73.00000", "2015-03-31": "-642.00000", "2014-12-31": "-297.00000", "2014-09-30": "904.00000", "2014-06-30": "1395.00000", "2014-03-31": "1581.00000", "2013-12-31": "1050.00000", "2013-09-30": "1966.00000", "2013-06-30": "1630.00000", "2013-03-31": "1763.00000", "2012-12-31": "1780.00000", "2012-09-30": "1851.00000", "2012-06-30": "2225.00000", "2012-03-31": "2086.00000", "2011-12-31": "1908.00000", "2011-09-30": "2110.00000", "2011-06-30": "2214.00000", "2011-03-31": "2754.00000", "2010-12-31": "2239.00000", "2010-09-30": "2205.00000", "2010-06-30": "2011.00000", "2010-03-31": "1878.00000", "2009-12-31": "1425.00000", "2009-09-30": "1426.00000", "2009-06-30": "1063.00000", "2009-03-31": "1176.00000", "2008-12-31": "1374.00000", "2008-09-30": "4279.00000", "2008-06-30": "4356.00000", "2008-03-31": "3410.00000", "2007-12-31": "2953.00000", "2007-09-30": "2691.00000", "2007-06-30": "3217.00000", "2007-03-31": "2520.00000", "2006-12-31": "2720.00000", "2006-09-30": "4061.00000", "2006-06-30": "3496.00000", "2006-03-31": "2506.00000", "2005-12-31": "2839.00000", "2005-09-30": "2750.00000", "2005-06-30": "2301.00000", "2005-03-31": "2017.00000"}, "Income After Taxes": {"2020-12-31": "-772.00000", "2020-09-30": "-450.00000", "2020-06-30": "278.00000", "2020-03-31": "-1711.00000", "2019-12-31": "743.00000", "2019-09-30": "3071.00000", "2019-06-30": "1597.00000", "2019-03-31": "1846.00000", "2018-12-31": "1878.00000", "2018-09-30": "1873.00000", "2018-06-30": "1654.00000", "2018-03-31": "900.00000", "2017-12-31": "1598.00000", "2017-09-30": "436.00000", "2017-06-30": "-3426.00000", "2017-03-31": "599.00000", "2016-12-31": "-19.00000", "2016-09-30": "-1026.00000", "2016-06-30": "-1058.00000", "2016-03-31": "-1456.00000", "2015-12-31": "-3437.00000", "2015-09-30": "-1056.00000", "2015-06-30": "-164.00000", "2015-03-31": "286.00000", "2014-12-31": "-24.00000", "2014-09-30": "1649.00000", "2014-06-30": "2065.00000", "2014-03-31": "2117.00000", "2013-12-31": "1508.00000", "2013-09-30": "2439.00000", "2013-06-30": "2066.00000", "2013-03-31": "2024.00000", "2012-12-31": "1842.00000", "2012-09-30": "1740.00000", "2012-06-30": "1720.00000", "2012-03-31": "2179.00000", "2011-12-31": "1280.00000", "2011-09-30": "1495.00000", "2011-06-30": "2300.00000", "2011-03-31": "3042.00000", "2010-12-31": "2053.00000", "2010-09-30": "3069.00000", "2010-06-30": "4183.00000", "2010-03-31": "2112.00000", "2009-12-31": "1314.00000", "2009-09-30": "1487.00000", "2009-06-30": "875.00000", "2009-03-31": "816.00000", "2008-12-31": "-31096.00000", "2008-09-30": "5203.00000", "2008-06-30": "5456.00000", "2008-03-31": "4158.00000", "2007-12-31": "4458.00000", "2007-09-30": "3673.00000", "2007-06-30": "301.00000", "2007-03-31": "3546.00000", "2006-12-31": "3197.00000", "2006-09-30": "3876.00000", "2006-06-30": "5186.00000", "2006-03-31": "3291.00000", "2005-12-31": "3782.00000", "2005-09-30": "3804.00000", "2005-06-30": "3131.00000", "2005-03-31": "2923.00000"}, "Other Income": {"2020-12-31": "", "2020-09-30": "", "2020-06-30": "", "2020-03-31": "", "2019-12-31": "", "2019-09-30": "", "2019-06-30": "", "2019-03-31": "", "2018-12-31": "", "2018-09-30": "", "2018-06-30": "", "2018-03-31": "", "2017-12-31": "", "2017-09-30": "", "2017-06-30": "", "2017-03-31": "", "2016-12-31": "", "2016-09-30": "", "2016-06-30": "", "2016-03-31": "", "2015-12-31": "", "2015-09-30": "", "2015-06-30": "", "2015-03-31": "", "2014-12-31": "", "2014-09-30": "", "2014-06-30": "", "2014-03-31": "", "2013-12-31": "", "2013-09-30": "", "2013-06-30": "", "2013-03-31": "", "2012-12-31": "", "2012-09-30": "", "2012-06-30": "", "2012-03-31": "", "2011-12-31": "", "2011-09-30": "", "2011-06-30": "", "2011-03-31": "", "2010-12-31": "", "2010-09-30": "", "2010-06-30": "", "2010-03-31": "", "2009-12-31": "", "2009-09-30": "", "2009-06-30": "", "2009-03-31": "", "2008-12-31": "", "2008-09-30": "", "2008-06-30": "", "2008-03-31": "", "2007-12-31": "", "2007-09-30": "", "2007-06-30": "", "2007-03-31": "", "2006-12-31": "", "2006-09-30": "", "2006-06-30": "", "2006-03-31": "", "2005-12-31": "", "2005-09-30": "", "2005-06-30": "", "2005-03-31": ""}, "Income From Continuous Operations": {"2020-12-31": "-772.00000", "2020-09-30": "-450.00000", "2020-06-30": "278.00000", "2020-03-31": "-1711.00000", "2019-12-31": "743.00000", "2019-09-30": "3071.00000", "2019-06-30": "1597.00000", "2019-03-31": "1846.00000", "2018-12-31": "1878.00000", "2018-09-30": "1873.00000", "2018-06-30": "1654.00000", "2018-03-31": "900.00000", "2017-12-31": "1598.00000", "2017-09-30": "436.00000", "2017-06-30": "-3426.00000", "2017-03-31": "599.00000", "2016-12-31": "-19.00000", "2016-09-30": "-1026.00000", "2016-06-30": "-1058.00000", "2016-03-31": "-1456.00000", "2015-12-31": "-3437.00000", "2015-09-30": "-1056.00000", "2015-06-30": "-164.00000", "2015-03-31": "286.00000", "2014-12-31": "-24.00000", "2014-09-30": "1649.00000", "2014-06-30": "2065.00000", "2014-03-31": "2117.00000", "2013-12-31": "1508.00000", "2013-09-30": "2439.00000", "2013-06-30": "2066.00000", "2013-03-31": "2024.00000", "2012-12-31": "1842.00000", "2012-09-30": "1740.00000", "2012-06-30": "1720.00000", "2012-03-31": "2179.00000", "2011-12-31": "1280.00000", "2011-09-30": "1495.00000", "2011-06-30": "2300.00000", "2011-03-31": "3042.00000", "2010-12-31": "2053.00000", "2010-09-30": "3069.00000", "2010-06-30": "4183.00000", "2010-03-31": "2112.00000", "2009-12-31": "1314.00000", "2009-09-30": "1487.00000", "2009-06-30": "875.00000", "2009-03-31": "816.00000", "2008-12-31": "-31096.00000", "2008-09-30": "5203.00000", "2008-06-30": "5456.00000", "2008-03-31": "4158.00000", "2007-12-31": "4458.00000", "2007-09-30": "3673.00000", "2007-06-30": "301.00000", "2007-03-31": "3546.00000", "2006-12-31": "3197.00000", "2006-09-30": "3876.00000", "2006-06-30": "5186.00000", "2006-03-31": "3291.00000", "2005-12-31": "3782.00000", "2005-09-30": "3804.00000", "2005-06-30": "3131.00000", "2005-03-31": "2923.00000"}, "Income From Discontinued Operations": {"2020-12-31": "", "2020-09-30": "", "2020-06-30": "", "2020-03-31": "", "2019-12-31": "", "2019-09-30": "", "2019-06-30": "", "2019-03-31": "", "2018-12-31": "", "2018-09-30": "", "2018-06-30": "", "2018-03-31": "", "2017-12-31": "", "2017-09-30": "", "2017-06-30": "", "2017-03-31": "", "2016-12-31": "", "2016-09-30": "", "2016-06-30": "", "2016-03-31": "", "2015-12-31": "", "2015-09-30": "", "2015-06-30": "", "2015-03-31": "", "2014-12-31": "", "2014-09-30": "1078.00000", "2014-06-30": "33.00000", "2014-03-31": "20.00000", "2013-12-31": "995.00000", "2013-09-30": "57.00000", "2013-06-30": "-3.00000", "2013-03-31": "129.00000", "2012-12-31": "-401.00000", "2012-09-30": "73.00000", "2012-06-30": "569.00000", "2012-03-31": "776.00000", "2011-12-31": "2130.00000", "2011-09-30": "1136.00000", "2011-06-30": "1119.00000", "2011-03-31": "", "2010-12-31": "", "2010-09-30": "", "2010-06-30": "", "2010-03-31": "", "2009-12-31": "", "2009-09-30": "", "2009-06-30": "", "2009-03-31": "", "2008-12-31": "", "2008-09-30": "", "2008-06-30": "", "2008-03-31": "", "2007-12-31": "", "2007-09-30": "", "2007-06-30": "", "2007-03-31": "", "2006-12-31": "", "2006-09-30": "", "2006-06-30": "", "2006-03-31": "", "2005-12-31": "-15.00000", "2005-09-30": "-4.00000", "2005-06-30": "7.00000", "2005-03-31": "-11.00000"}, "Net Income": {"2020-12-31": "-772.00000", "2020-09-30": "-450.00000", "2020-06-30": "260.00000", "2020-03-31": "-1739.00000", "2019-12-31": "720.00000", "2019-09-30": "3056.00000", "2019-06-30": "1580.00000", "2019-03-31": "1833.00000", "2018-12-31": "1868.00000", "2018-09-30": "1861.00000", "2018-06-30": "1640.00000", "2018-03-31": "888.00000", "2017-12-31": "1579.00000", "2017-09-30": "420.00000", "2017-06-30": "-3440.00000", "2017-03-31": "586.00000", "2016-12-31": "-35.00000", "2016-09-30": "-1040.00000", "2016-06-30": "-1071.00000", "2016-03-31": "-1469.00000", "2015-12-31": "-3450.00000", "2015-09-30": "-1071.00000", "2015-06-30": "-179.00000", "2015-03-31": "272.00000", "2014-12-31": "-39.00000", "2014-09-30": "2704.00000", "2014-06-30": "2081.00000", "2014-03-31": "2123.00000", "2013-12-31": "2487.00000", "2013-09-30": "2480.00000", "2013-06-30": "2050.00000", "2013-03-31": "2139.00000", "2012-12-31": "1426.00000", "2012-09-30": "1798.00000", "2012-06-30": "2267.00000", "2012-03-31": "2937.00000", "2011-12-31": "3390.00000", "2011-09-30": "2616.00000", "2011-06-30": "3402.00000", "2011-03-31": "3028.00000", "2010-12-31": "2041.00000", "2010-09-30": "3055.00000", "2010-06-30": "4164.00000", "2010-03-31": "2098.00000", "2009-12-31": "1285.00000", "2009-09-30": "1470.00000", "2009-06-30": "859.00000", "2009-03-31": "800.00000", "2008-12-31": "-31115.00000", "2008-09-30": "5188.00000", "2008-06-30": "5439.00000", "2008-03-31": "4139.00000", "2007-12-31": "4371.00000", "2007-09-30": "3673.00000", "2007-06-30": "301.00000", "2007-03-31": "3546.00000", "2006-12-31": "3197.00000", "2006-09-30": "3876.00000", "2006-06-30": "5186.00000", "2006-03-31": "3291.00000", "2005-12-31": "3679.00000", "2005-09-30": "3800.00000", "2005-06-30": "3138.00000", "2005-03-31": "2912.00000"}, "EBITDA": {"2020-12-31": "", "2020-09-30": "1218.00000", "2020-06-30": "1520.00000", "2020-03-31": "94.00000", "2019-12-31": "3151.00000", "2019-09-30": "5394.00000", "2019-06-30": "3915.00000", "2019-03-31": "4650.00000", "2018-12-31": "4622.00000", "2018-09-30": "4769.00000", "2018-06-30": "4384.00000", "2018-03-31": "3578.00000", "2017-12-31": "3363.00000", "2017-09-30": "2695.00000", "2017-06-30": "-2233.00000", "2017-03-31": "2262.00000", "2016-12-31": "2531.00000", "2016-09-30": "1335.00000", "2016-06-30": "1204.00000", "2016-03-31": "538.00000", "2015-12-31": "-2144.00000", "2015-09-30": "942.00000", "2015-06-30": "2684.00000", "2015-03-31": "2203.00000", "2014-12-31": "2294.00000", "2014-09-30": "5030.00000", "2014-06-30": "5932.00000", "2014-03-31": "6013.00000", "2013-12-31": "4853.00000", "2013-09-30": "6679.00000", "2013-06-30": "5870.00000", "2013-03-31": "5900.00000", "2012-12-31": "5758.00000", "2012-09-30": "5602.00000", "2012-06-30": "5940.00000", "2012-03-31": "6241.00000", "2011-12-31": "5061.00000", "2011-09-30": "5744.00000", "2011-06-30": "6605.00000", "2011-03-31": "8316.00000", "2010-12-31": "5919.00000", "2010-09-30": "7994.00000", "2010-06-30": "9103.00000", "2010-03-31": "6873.00000", "2009-12-31": "5715.00000", "2009-09-30": "5751.00000", "2009-06-30": "4627.00000", "2009-03-31": "4871.00000", "2008-12-31": "7760.00000", "2008-09-30": "12364.00000", "2008-06-30": "12392.00000", "2008-03-31": "10149.00000", "2007-12-31": "10427.00000", "2007-09-30": "8974.00000", "2007-06-30": "10443.00000", "2007-03-31": "8577.00000", "2006-12-31": "9050.00000", "2006-09-30": "10501.00000", "2006-06-30": "11192.00000", "2006-03-31": "7252.00000", "2005-12-31": "8075.00000", "2005-09-30": "7857.00000", "2005-06-30": "6652.00000", "2005-03-31": "6222.00000"}, "EBIT": {"2020-12-31": "-811.00000", "2020-09-30": "-255.00000", "2020-06-30": "296.00000", "2020-03-31": "-1384.00000", "2019-12-31": "1596.00000", "2019-09-30": "3742.00000", "2019-06-30": "2338.00000", "2019-03-31": "3018.00000", "2018-12-31": "2923.00000", "2018-09-30": "3186.00000", "2018-06-30": "2857.00000", "2018-03-31": "2078.00000", "2017-12-31": "1644.00000", "2017-09-30": "998.00000", "2017-06-30": "-3950.00000", "2017-03-31": "188.00000", "2016-12-31": "374.00000", "2016-09-30": "-1198.00000", "2016-06-30": "-1237.00000", "2016-03-31": "-1818.00000", "2015-12-31": "-4644.00000", "2015-09-30": "-1451.00000", "2015-06-30": "233.00000", "2015-03-31": "-49.00000", "2014-12-31": "-104.00000", "2014-09-30": "2814.00000", "2014-06-30": "3742.00000", "2014-03-31": "4004.00000", "2013-12-31": "2843.00000", "2013-09-30": "4671.00000", "2013-06-30": "3933.00000", "2013-03-31": "3987.00000", "2012-12-31": "3893.00000", "2012-09-30": "3852.00000", "2012-06-30": "4257.00000", "2012-03-31": "4565.00000", "2011-12-31": "3470.00000", "2011-09-30": "3992.00000", "2011-06-30": "4881.00000", "2011-03-31": "6134.00000", "2010-12-31": "4687.00000", "2010-09-30": "5638.00000", "2010-06-30": "6710.00000", "2010-03-31": "4441.00000", "2009-12-31": "3210.00000", "2009-09-30": "3328.00000", "2009-06-30": "2172.00000", "2009-03-31": "2537.00000", "2008-12-31": "5392.00000", "2008-09-30": "9889.00000", "2008-06-30": "10118.00000", "2008-03-31": "7836.00000", "2007-12-31": "8121.00000", "2007-09-30": "6841.00000", "2007-06-30": "8346.00000", "2007-03-31": "6474.00000", "2006-12-31": "6974.00000", "2006-09-30": "8290.00000", "2006-06-30": "9154.00000", "2006-03-31": "6012.00000", "2005-12-31": "6839.00000", "2005-09-30": "6762.00000", "2005-06-30": "5626.00000", "2005-03-31": "5133.00000"}, "Basic Shares Outstanding": {"2020-12-31": "1073.58000", "2020-09-30": "1077.37700", "2020-06-30": "1076.65900", "2020-03-31": "1084.56100", "2019-12-31": "1117.26000", "2019-09-30": "1108.55500", "2019-06-30": "1125.99500", "2019-03-31": "1139.46300", "2018-12-31": "1166.49900", "2018-09-30": "1163.03300", "2018-06-30": "1172.37800", "2018-03-31": "1179.79200", "2017-12-31": "1221.03800", "2017-09-30": "1212.45400", "2017-06-30": "1236.83100", "2017-03-31": "1243.28000", "2016-12-31": "1245.44000", "2016-09-30": "1245.96100", "2016-06-30": "1244.89200", "2016-03-31": "1244.55700", "2015-12-31": "1241.91900", "2015-09-30": "1242.12500", "2015-06-30": "1241.02600", "2015-03-31": "1240.79100", "2014-12-31": "1237.32500", "2014-09-30": "1238.23400", "2014-06-30": "1236.05700", "2014-03-31": "1234.96800", "2013-12-31": "1230.96300", "2013-09-30": "1231.05400", "2013-06-30": "1229.77300", "2013-03-31": "1229.23200", "2012-12-31": "1243.79900", "2012-09-30": "1220.46200", "2012-06-30": "1248.30000", "2012-03-31": "1283.49300", "2011-12-31": "1312.18400", "2011-09-30": "1357.71000", "2011-06-30": "1399.47300", "2011-03-31": "1432.28500", "2010-12-31": "1453.53200", "2010-09-30": "1481.52200", "2010-06-30": "1489.81400", "2010-03-31": "1492.86100", "2009-12-31": "1487.65000", "2009-09-30": "1488.35200", "2009-06-30": "1486.49600", "2009-03-31": "1485.89000", "2008-12-31": "1523.43200", "2008-09-30": "1510.89700", "2008-06-30": "1534.97500", "2008-03-31": "1562.19800", "2007-12-31": "1623.99400", "2007-09-30": "1622.45600", "2007-06-30": "1635.84800", "2007-03-31": "1647.35200", "2006-12-31": "1585.98200", "2006-09-30": "1652.62300", "2006-06-30": "1654.75800", "2006-03-31": "1382.92500", "2005-12-31": "1393.37100", "2005-09-30": "1393.94300", "2005-06-30": "1396.72400", "2005-03-31": "1397.89300"}, "Shares Outstanding": {"2020-12-31": "1073.58000", "2020-09-30": "1077.37700", "2020-06-30": "1077.60600", "2020-03-31": "1084.56100", "2019-12-31": "1123.53600", "2019-09-30": "1113.25000", "2019-06-30": "1131.24200", "2019-03-31": "1146.51500", "2018-12-31": "1175.53800", "2018-09-30": "1172.69400", "2018-06-30": "1181.16700", "2018-03-31": "1186.45400", "2017-12-31": "1221.03800", "2017-09-30": "1215.34100", "2017-06-30": "1236.83100", "2017-03-31": "1248.72200", "2016-12-31": "1245.44000", "2016-09-30": "1245.96100", "2016-06-30": "1244.89200", "2016-03-31": "1244.55700", "2015-12-31": "1241.91900", "2015-09-30": "1242.12500", "2015-06-30": "1241.02600", "2015-03-31": "1245.53100", "2014-12-31": "1245.86300", "2014-09-30": "1247.43600", "2014-06-30": "1245.15500", "2014-03-31": "1242.66700", "2013-12-31": "1239.80300", "2013-09-30": "1240.36500", "2013-06-30": "1237.15700", "2013-03-31": "1235.90700", "2012-12-31": "1253.09300", "2012-09-30": "1229.34300", "2012-06-30": "1258.18900", "2012-03-31": "1293.10400", "2011-12-31": "1322.77300", "2011-09-30": "1369.56200", "2011-06-30": "1412.14700", "2011-03-31": "1445.47700", "2010-12-31": "1465.79400", "2010-09-30": "1493.08000", "2010-06-30": "1501.25700", "2010-03-31": "1503.56500", "2009-12-31": "1497.60800", "2009-09-30": "1498.20400", "2009-06-30": "1495.70000", "2009-03-31": "1495.24700", "2008-12-31": "1523.43200", "2008-09-30": "1528.18700", "2008-06-30": "1555.44700", "2008-03-31": "1582.02500", "2007-12-31": "1645.91900", "2007-09-30": "1644.26700", "2007-06-30": "1657.99900", "2007-03-31": "1668.84700", "2006-12-31": "1609.53000", "2006-09-30": "1675.83900", "2006-06-30": "1678.44500", "2006-03-31": "1404.70400", "2005-12-31": "1417.02800", "2005-09-30": "1417.79600", "2005-06-30": "1419.28800", "2005-03-31": "1420.37200"}, "Basic EPS": {"2020-12-31": "-0.72000", "2020-09-30": "-0.42000", "2020-06-30": "0.24000", "2020-03-31": "-1.60000", "2019-12-31": "0.66000", "2019-09-30": "2.76000", "2019-06-30": "1.40000", "2019-03-31": "1.61000", "2018-12-31": "1.61000", "2018-09-30": "1.60000", "2018-06-30": "1.40000", "2018-03-31": "0.75000", "2017-12-31": "1.26000", "2017-09-30": "0.35000", "2017-06-30": "-2.78000", "2017-03-31": "0.47000", "2016-12-31": "-0.03000", "2016-09-30": "-0.84000", "2016-06-30": "-0.86000", "2016-03-31": "-1.18000", "2015-12-31": "-2.78000", "2015-09-30": "-0.87000", "2015-06-30": "-0.15000", "2015-03-31": "0.22000", "2014-12-31": "-0.04000", "2014-09-30": "2.18000", "2014-06-30": "1.68000", "2014-03-31": "1.72000", "2013-12-31": "2.02000", "2013-09-30": "2.01000", "2013-06-30": "1.66000", "2013-03-31": "1.74000", "2012-12-31": "1.19000", "2012-09-30": "1.47000", "2012-06-30": "1.82000", "2012-03-31": "2.29000", "2011-12-31": "2.58000", "2011-09-30": "1.93000", "2011-06-30": "2.43000", "2011-03-31": "2.11000", "2010-12-31": "1.40000", "2010-09-30": "2.06000", "2010-06-30": "2.79000", "2010-03-31": "1.41000", "2009-12-31": "0.86000", "2009-09-30": "0.98000", "2009-06-30": "0.58000", "2009-03-31": "0.54000", "2008-12-31": "-20.35000", "2008-09-30": "3.43000", "2008-06-30": "3.54000", "2008-03-31": "2.65000", "2007-12-31": "2.73000", "2007-09-30": "2.26000", "2007-06-30": "0.18000", "2007-03-31": "2.15000", "2006-12-31": "1.94000", "2006-09-30": "2.35000", "2006-06-30": "3.13000", "2006-03-31": "2.38000", "2005-12-31": "2.65000", "2005-09-30": "2.73000", "2005-06-30": "2.25000", "2005-03-31": "2.08000"}, "EPS - Earnings Per Share": {"2020-12-31": "-0.72000", "2020-09-30": "-0.42000", "2020-06-30": "0.24000", "2020-03-31": "-1.60000", "2019-12-31": "0.66000", "2019-09-30": "2.74000", "2019-06-30": "1.40000", "2019-03-31": "1.60000", "2018-12-31": "1.59000", "2018-09-30": "1.59000", "2018-06-30": "1.39000", "2018-03-31": "0.75000", "2017-12-31": "1.27000", "2017-09-30": "0.34000", "2017-06-30": "-2.78000", "2017-03-31": "0.47000", "2016-12-31": "-0.03000", "2016-09-30": "-0.84000", "2016-06-30": "-0.86000", "2016-03-31": "-1.18000", "2015-12-31": "-2.78000", "2015-09-30": "-0.87000", "2015-06-30": "-0.15000", "2015-03-31": "0.22000", "2014-12-31": "-0.04000", "2014-09-30": "2.17000", "2014-06-30": "1.67000", "2014-03-31": "1.71000", "2013-12-31": "2.00000", "2013-09-30": "2.00000", "2013-06-30": "1.65000", "2013-03-31": "1.73000", "2012-12-31": "1.19000", "2012-09-30": "1.46000", "2012-06-30": "1.80000", "2012-03-31": "2.27000", "2011-12-31": "2.56000", "2011-09-30": "1.91000", "2011-06-30": "2.41000", "2011-03-31": "2.09000", "2010-12-31": "1.39000", "2010-09-30": "2.05000", "2010-06-30": "2.77000", "2010-03-31": "1.40000", "2009-12-31": "0.86000", "2009-09-30": "0.97000", "2009-06-30": "0.57000", "2009-03-31": "0.54000", "2008-12-31": "-20.24000", "2008-09-30": "3.39000", "2008-06-30": "3.50000", "2008-03-31": "2.62000", "2007-12-31": "2.69000", "2007-09-30": "2.23000", "2007-06-30": "0.18000", "2007-03-31": "2.12000", "2006-12-31": "1.92000", "2006-09-30": "2.31000", "2006-06-30": "3.09000", "2006-03-31": "2.34000", "2005-12-31": "2.61000", "2005-09-30": "2.68000", "2005-06-30": "2.21000", "2005-03-31": "2.05000"}}, "balance sheet": {"Cash On Hand": {"2020-12-31": "7856.00000", "2019-12-31": "10227.00000", "2018-12-31": "7625.00000", "2017-12-31": "10097.00000", "2016-12-31": "3660.00000", "2015-12-31": "2368.00000", "2014-12-31": "5062.00000", "2013-12-31": "6518.00000", "2012-12-31": "4366.00000", "2011-12-31": "6361.00000", "2010-12-31": "11510.00000", "2009-12-31": "542.00000", "2008-12-31": "755.00000", "2007-12-31": "1456.00000", "2006-12-31": "817.00000", "2005-12-31": "2214.00000"}, "Receivables": {"2020-12-31": "2754.00000", "2019-12-31": "3401.00000", "2018-12-31": "4067.00000", "2017-12-31": "4320.00000", "2016-12-31": "3414.00000", "2015-12-31": "4514.00000", "2014-12-31": "6807.00000", "2013-12-31": "8487.00000", "2012-12-31": "9182.00000", "2011-12-31": "16526.00000", "2010-12-31": "15812.00000", "2009-12-31": "13215.00000", "2008-12-31": "11995.00000", "2007-12-31": "16354.00000", "2006-12-31": "14106.00000", "2005-12-31": "11940.00000"}, "Inventory": {"2020-12-31": "1002.00000", "2019-12-31": "1026.00000", "2018-12-31": "1007.00000", "2017-12-31": "1060.00000", "2016-12-31": "1018.00000", "2015-12-31": "1124.00000", "2014-12-31": "1331.00000", "2013-12-31": "1194.00000", "2012-12-31": "965.00000", "2011-12-31": "4631.00000", "2010-12-31": "5197.00000", "2009-12-31": "4940.00000", "2008-12-31": "5095.00000", "2007-12-31": "4223.00000", "2006-12-31": "5153.00000", "2005-12-31": "3724.00000"}, "Pre-Paid Expenses": {"2020-12-31": "454.00000", "2019-12-31": "2259.00000", "2018-12-31": "575.00000", "2017-12-31": "1035.00000", "2016-12-31": "517.00000", "2015-12-31": "783.00000", "2014-12-31": "1868.00000", "2013-12-31": "2824.00000", "2012-12-31": "9476.00000", "2011-12-31": "2700.00000", "2010-12-31": "2141.00000", "2009-12-31": "2470.00000", "2008-12-31": "2998.00000", "2007-12-31": "2702.00000", "2006-12-31": "4990.00000", "2005-12-31": "1734.00000"}, "Other Current Assets": {"2020-12-31": "", "2019-12-31": "", "2018-12-31": "", "2017-12-31": "", "2016-12-31": "", "2015-12-31": "", "2014-12-31": "", "2013-12-31": "", "2012-12-31": "", "2011-12-31": "", "2010-12-31": "", "2009-12-31": "", "2008-12-31": "", "2007-12-31": "", "2006-12-31": "", "2005-12-31": ""}, "Total Current Assets": {"2020-12-31": "12066.00000", "2019-12-31": "16913.00000", "2018-12-31": "13274.00000", "2017-12-31": "16512.00000", "2016-12-31": "8609.00000", "2015-12-31": "8789.00000", "2014-12-31": "15068.00000", "2013-12-31": "19023.00000", "2012-12-31": "23989.00000", "2011-12-31": "30218.00000", "2010-12-31": "34660.00000", "2009-12-31": "21167.00000", "2008-12-31": "20843.00000", "2007-12-31": "24735.00000", "2006-12-31": "25066.00000", "2005-12-31": "19612.00000"}, "Property, Plant, And Equipment": {"2020-12-31": "39893.00000", "2019-12-31": "42269.00000", "2018-12-31": "45698.00000", "2017-12-31": "45683.00000", "2016-12-31": "58331.00000", "2015-12-31": "66446.00000", "2014-12-31": "75444.00000", "2013-12-31": "72827.00000", "2012-12-31": "67263.00000", "2011-12-31": "84180.00000", "2010-12-31": "82554.00000", "2009-12-31": "87708.00000", "2008-12-31": "83947.00000", "2007-12-31": "89003.00000", "2006-12-31": "86201.00000", "2005-12-31": "54669.00000"}, "Long-Term Investments": {"2020-12-31": "8017.00000", "2019-12-31": "8687.00000", "2018-12-31": "9329.00000", "2017-12-31": "9599.00000", "2016-12-31": "21091.00000", "2015-12-31": "20490.00000", "2014-12-31": "24335.00000", "2013-12-31": "23907.00000", "2012-12-31": "23489.00000", "2011-12-31": "32108.00000", "2010-12-31": "31581.00000", "2009-12-31": "35742.00000", "2008-12-31": "30926.00000", "2007-12-31": "31457.00000", "2006-12-31": "19595.00000", "2005-12-31": "15406.00000"}, "Goodwill And Intangible Assets": {"2020-12-31": "", "2019-12-31": "", "2018-12-31": "", "2017-12-31": "", "2016-12-31": "", "2015-12-31": "", "2014-12-31": "", "2013-12-31": "", "2012-12-31": "", "2011-12-31": "4077.00000", "2010-12-31": "4434.00000", "2009-12-31": "4461.00000", "2008-12-31": "4624.00000", "2007-12-31": "30232.00000", "2006-12-31": "32439.00000", "2005-12-31": "16439.00000"}, "Other Long-Term Assets": {"2020-12-31": "2528.00000", "2019-12-31": "2426.00000", "2018-12-31": "1344.00000", "2017-12-31": "1107.00000", "2016-12-31": "1160.00000", "2015-12-31": "1063.00000", "2014-12-31": "888.00000", "2013-12-31": "943.00000", "2012-12-31": "886.00000", "2011-12-31": "972.00000", "2010-12-31": "905.00000", "2009-12-31": "708.00000", "2008-12-31": "552.00000", "2007-12-31": "459.00000", "2006-12-31": "362.00000", "2005-12-31": "553.00000"}, "Total Long-Term Assets": {"2020-12-31": "50552.00000", "2019-12-31": "53601.00000", "2018-12-31": "56706.00000", "2017-12-31": "56850.00000", "2016-12-31": "81163.00000", "2015-12-31": "88695.00000", "2014-12-31": "101471.00000", "2013-12-31": "99034.00000", "2012-12-31": "93155.00000", "2011-12-31": "123012.00000", "2010-12-31": "121654.00000", "2009-12-31": "130971.00000", "2008-12-31": "122022.00000", "2007-12-31": "153022.00000", "2006-12-31": "139715.00000", "2005-12-31": "87387.00000"}, "Total Assets": {"2020-12-31": "62618.00000", "2019-12-31": "70514.00000", "2018-12-31": "69980.00000", "2017-12-31": "73362.00000", "2016-12-31": "89772.00000", "2015-12-31": "97484.00000", "2014-12-31": "116539.00000", "2013-12-31": "118057.00000", "2012-12-31": "117144.00000", "2011-12-31": "153230.00000", "2010-12-31": "156314.00000", "2009-12-31": "152138.00000", "2008-12-31": "142865.00000", "2007-12-31": "177757.00000", "2006-12-31": "164781.00000", "2005-12-31": "106999.00000"}, "Total Current Liabilities": {"2020-12-31": "5366.00000", "2019-12-31": "7043.00000", "2018-12-31": "7395.00000", "2017-12-31": "9397.00000", "2016-12-31": "6909.00000", "2015-12-31": "9256.00000", "2014-12-31": "11537.00000", "2013-12-31": "15129.00000", "2012-12-31": "17443.00000", "2011-12-31": "28068.00000", "2010-12-31": "27419.00000", "2009-12-31": "23695.00000", "2008-12-31": "21780.00000", "2007-12-31": "26882.00000", "2006-12-31": "26431.00000", "2005-12-31": "21359.00000"}, "Long Term Debt": {"2020-12-31": "14750.00000", "2019-12-31": "14790.00000", "2018-12-31": "14856.00000", "2017-12-31": "17128.00000", "2016-12-31": "26186.00000", "2015-12-31": "23453.00000", "2014-12-31": "22383.00000", "2013-12-31": "21073.00000", "2012-12-31": "20770.00000", "2011-12-31": "21610.00000", "2010-12-31": "22656.00000", "2009-12-31": "26925.00000", "2008-12-31": "27085.00000", "2007-12-31": "20289.00000", "2006-12-31": "23091.00000", "2005-12-31": "10758.00000"}, "Other Non-Current Liabilities": {"2020-12-31": "7209.00000", "2019-12-31": "7216.00000", "2018-12-31": "8880.00000", "2017-12-31": "8900.00000", "2016-12-31": "9950.00000", "2015-12-31": "11408.00000", "2014-12-31": "12312.00000", "2013-12-31": "11684.00000", "2012-12-31": "13973.00000", "2011-12-31": "15695.00000", "2010-12-31": "16112.00000", "2009-12-31": "16819.00000", "2008-12-31": "15441.00000", "2007-12-31": "16221.00000", "2006-12-31": "7670.00000", "2005-12-31": "7040.00000"}, "Total Long Term Liabilities": {"2020-12-31": "27403.00000", "2019-12-31": "28421.00000", "2018-12-31": "30521.00000", "2017-12-31": "33164.00000", "2016-12-31": "47637.00000", "2015-12-31": "48146.00000", "2014-12-31": "52729.00000", "2013-12-31": "50436.00000", "2012-12-31": "51274.00000", "2011-12-31": "59413.00000", "2010-12-31": "59786.00000", "2009-12-31": "65830.00000", "2008-12-31": "64820.00000", "2007-12-31": "61892.00000", "2006-12-31": "55704.00000", "2005-12-31": "32909.00000"}, "Total Liabilities": {"2020-12-31": "32769.00000", "2019-12-31": "35464.00000", "2018-12-31": "37916.00000", "2017-12-31": "42561.00000", "2016-12-31": "54546.00000", "2015-12-31": "57402.00000", "2014-12-31": "64266.00000", "2013-12-31": "65565.00000", "2012-12-31": "68717.00000", "2011-12-31": "87481.00000", "2010-12-31": "87205.00000", "2009-12-31": "89525.00000", "2008-12-31": "86600.00000", "2007-12-31": "88774.00000", "2006-12-31": "82135.00000", "2005-12-31": "54268.00000"}, "Common Stock Net": {"2020-12-31": "18.00000", "2019-12-31": "18.00000", "2018-12-31": "18.00000", "2017-12-31": "18.00000", "2016-12-31": "18.00000", "2015-12-31": "18.00000", "2014-12-31": "18.00000", "2013-12-31": "18.00000", "2012-12-31": "18.00000", "2011-12-31": "17.00000", "2010-12-31": "17.00000", "2009-12-31": "17.00000", "2008-12-31": "17.00000", "2007-12-31": "17.00000", "2006-12-31": "17.00000", "2005-12-31": "14.00000"}, "Retained Earnings (Accumulated Deficit)": {"2020-12-31": "35213.00000", "2019-12-31": "39742.00000", "2018-12-31": "34010.00000", "2017-12-31": "29391.00000", "2016-12-31": "31548.00000", "2015-12-31": "36414.00000", "2014-12-31": "44504.00000", "2013-12-31": "41160.00000", "2012-12-31": "35338.00000", "2011-12-31": "49049.00000", "2010-12-31": "40397.00000", "2009-12-31": "32214.00000", "2008-12-31": "30642.00000", "2007-12-31": "50510.00000", "2006-12-31": "41292.00000", "2005-12-31": "28018.00000"}, "Comprehensive Income": {"2020-12-31": "-5218.00000", "2019-12-31": "-5357.00000", "2018-12-31": "-6063.00000", "2017-12-31": "-5518.00000", "2016-12-31": "-6193.00000", "2015-12-31": "-6247.00000", "2014-12-31": "-1902.00000", "2013-12-31": "2002.00000", "2012-12-31": "4087.00000", "2011-12-31": "3246.00000", "2010-12-31": "4773.00000", "2009-12-31": "3065.00000", "2008-12-31": "-1875.00000", "2007-12-31": "4560.00000", "2006-12-31": "1289.00000", "2005-12-31": "814.00000"}, "Other Share Holders Equity": {"2020-12-31": "", "2019-12-31": "", "2018-12-31": "", "2017-12-31": "", "2016-12-31": "", "2015-12-31": "", "2014-12-31": "", "2013-12-31": "", "2012-12-31": "", "2011-12-31": "", "2010-12-31": "", "2009-12-31": "", "2008-12-31": "", "2007-12-31": "", "2006-12-31": "", "2005-12-31": ""}, "Share Holder Equity": {"2020-12-31": "29849.00000", "2019-12-31": "35050.00000", "2018-12-31": "32064.00000", "2017-12-31": "30801.00000", "2016-12-31": "35226.00000", "2015-12-31": "40082.00000", "2014-12-31": "52273.00000", "2013-12-31": "52492.00000", "2012-12-31": "48427.00000", "2011-12-31": "65749.00000", "2010-12-31": "69109.00000", "2009-12-31": "62613.00000", "2008-12-31": "56265.00000", "2007-12-31": "88983.00000", "2006-12-31": "82646.00000", "2005-12-31": "52731.00000"}, "Total Liabilities And Share Holders Equity": {"2020-12-31": "62618.00000", "2019-12-31": "70514.00000", "2018-12-31": "69980.00000", "2017-12-31": "73362.00000", "2016-12-31": "89772.00000", "2015-12-31": "97484.00000", "2014-12-31": "116539.00000", "2013-12-31": "118057.00000", "2012-12-31": "117144.00000", "2011-12-31": "153230.00000", "2010-12-31": "156314.00000", "2009-12-31": "152138.00000", "2008-12-31": "142865.00000", "2007-12-31": "177757.00000", "2006-12-31": "164781.00000", "2005-12-31": "106999.00000"}}, "balance sheet, quarterly": {"Cash On Hand": {"2020-12-31": "7856.00000", "2020-09-30": "7331.00000", "2020-06-30": "7863.00000", "2020-03-31": "8194.00000", "2019-12-31": "10227.00000", "2019-09-30": "10052.00000", "2019-06-30": "8508.00000", "2019-03-31": "8272.00000", "2018-12-31": "7625.00000", "2018-09-30": "6677.00000", "2018-06-30": "6005.00000", "2018-03-31": "7048.00000", "2017-12-31": "10097.00000", "2017-09-30": "11691.00000", "2017-06-30": "11800.00000", "2017-03-31": "3361.00000", "2016-12-31": "3660.00000", "2016-09-30": "4324.00000", "2016-06-30": "4152.00000", "2016-03-31": "5173.00000", "2015-12-31": "2368.00000", "2015-09-30": "2413.00000", "2015-06-30": "3813.00000", "2015-03-31": "2664.00000", "2014-12-31": "5062.00000", "2014-09-30": "5782.00000", "2014-06-30": "6430.00000", "2014-03-31": "7730.00000", "2013-12-31": "6518.00000", "2013-09-30": "3883.00000", "2013-06-30": "3984.00000", "2013-03-31": "5445.00000", "2012-12-31": "4366.00000", "2012-09-30": "3736.00000", "2012-06-30": "6044.00000", "2012-03-31": "10265.00000", "2011-12-31": "6361.00000", "2011-09-30": "6026.00000", "2011-06-30": "8140.00000", "2011-03-31": "8403.00000", "2010-12-31": "11510.00000", "2010-09-30": "10852.00000", "2010-06-30": "4120.00000", "2010-03-31": "855.00000", "2009-12-31": "542.00000", "2009-09-30": "641.00000", "2009-06-30": "888.00000", "2009-03-31": "802.00000", "2008-12-31": "755.00000", "2008-09-30": "1116.00000", "2008-06-30": "787.00000", "2008-03-31": "1423.00000", "2007-12-31": "1456.00000", "2007-09-30": "1379.00000", "2007-06-30": "1411.00000", "2007-03-31": "860.00000", "2006-12-31": "817.00000", "2006-09-30": "696.00000", "2006-06-30": "654.00000", "2006-03-31": "3008.00000", "2005-12-31": "2214.00000", "2005-09-30": "2803.00000", "2005-06-30": "1541.00000", "2005-03-31": "2421.00000"}, "Receivables": {"2020-12-31": "2754.00000", "2020-09-30": "2119.00000", "2020-06-30": "1532.00000", "2020-03-31": "2264.00000", "2019-12-31": "3401.00000", "2019-09-30": "3616.00000", "2019-06-30": "3651.00000", "2019-03-31": "3869.00000", "2018-12-31": "4067.00000", "2018-09-30": "4499.00000", "2018-06-30": "3930.00000", "2018-03-31": "4192.00000", "2017-12-31": "4320.00000", "2017-09-30": "3364.00000", "2017-06-30": "3163.00000", "2017-03-31": "3359.00000", "2016-12-31": "3414.00000", "2016-09-30": "3320.00000", "2016-06-30": "3316.00000", "2016-03-31": "3954.00000", "2015-12-31": "4514.00000", "2015-09-30": "4464.00000", "2015-06-30": "5179.00000", "2015-03-31": "5379.00000", "2014-12-31": "6807.00000", "2014-09-30": "7453.00000", "2014-06-30": "8204.00000", "2014-03-31": "8651.00000", "2013-12-31": "8487.00000", "2013-09-30": "8405.00000", "2013-06-30": "8420.00000", "2013-03-31": "8898.00000", "2012-12-31": "9182.00000", "2012-09-30": "9183.00000", "2012-06-30": "7719.00000", "2012-03-31": "17483.00000", "2011-12-31": "16526.00000", "2011-09-30": "16416.00000", "2011-06-30": "16805.00000", "2011-03-31": "16408.00000", "2010-12-31": "15812.00000", "2010-09-30": "13478.00000", "2010-06-30": "13197.00000", "2010-03-31": "12630.00000", "2009-12-31": "13215.00000", "2009-09-30": "12530.00000", "2009-06-30": "12497.00000", "2009-03-31": "10319.00000", "2008-12-31": "11995.00000", "2008-09-30": "16986.00000", "2008-06-30": "20461.00000", "2008-03-31": "17151.00000", "2007-12-31": "16354.00000", "2007-09-30": "13778.00000", "2007-06-30": "14290.00000", "2007-03-31": "13900.00000", "2006-12-31": "14106.00000", "2006-09-30": "13045.00000", "2006-06-30": "12543.00000", "2006-03-31": "12757.00000", "2005-12-31": "11940.00000", "2005-09-30": "10406.00000", "2005-06-30": "9010.00000", "2005-03-31": "9816.00000"}, "Inventory": {"2020-12-31": "1002.00000", "2020-09-30": "1034.00000", "2020-06-30": "982.00000", "2020-03-31": "726.00000", "2019-12-31": "1026.00000", "2019-09-30": "955.00000", "2019-06-30": "1089.00000", "2019-03-31": "1014.00000", "2018-12-31": "1007.00000", "2018-09-30": "1239.00000", "2018-06-30": "1093.00000", "2018-03-31": "1053.00000", "2017-12-31": "1060.00000", "2017-09-30": "1023.00000", "2017-06-30": "1019.00000", "2017-03-31": "1097.00000", "2016-12-31": "1018.00000", "2016-09-30": "1108.00000", "2016-06-30": "1150.00000", "2016-03-31": "1072.00000", "2015-12-31": "1124.00000", "2015-09-30": "1143.00000", "2015-06-30": "1277.00000", "2015-03-31": "1233.00000", "2014-12-31": "1331.00000", "2014-09-30": "1330.00000", "2014-06-30": "1291.00000", "2014-03-31": "1221.00000", "2013-12-31": "1194.00000", "2013-09-30": "1268.00000", "2013-06-30": "1134.00000", "2013-03-31": "1133.00000", "2012-12-31": "965.00000", "2012-09-30": "1176.00000", "2012-06-30": "1178.00000", "2012-03-31": "6072.00000", "2011-12-31": "4631.00000", "2011-09-30": "7164.00000", "2011-06-30": "6986.00000", "2011-03-31": "7944.00000", "2010-12-31": "5197.00000", "2010-09-30": "7741.00000", "2010-06-30": "7119.00000", "2010-03-31": "7300.00000", "2009-12-31": "4940.00000", "2009-09-30": "6268.00000", "2009-06-30": "6181.00000", "2009-03-31": "6480.00000", "2008-12-31": "5095.00000", "2008-09-30": "6741.00000", "2008-06-30": "6757.00000", "2008-03-31": "6995.00000", "2007-12-31": "4223.00000", "2007-09-30": "5312.00000", "2007-06-30": "5245.00000", "2007-03-31": "5685.00000", "2006-12-31": "5153.00000", "2006-09-30": "6198.00000", "2006-06-30": "6435.00000", "2006-03-31": "5507.00000", "2005-12-31": "3724.00000", "2005-09-30": "4838.00000", "2005-06-30": "4870.00000", "2005-03-31": "4542.00000"}, "Pre-Paid Expenses": {"2020-12-31": "454.00000", "2020-09-30": "575.00000", "2020-06-30": "676.00000", "2020-03-31": "1960.00000", "2019-12-31": "2259.00000", "2019-09-30": "594.00000", "2019-06-30": "2552.00000", "2019-03-31": "528.00000", "2018-12-31": "575.00000", "2018-09-30": "2308.00000", "2018-06-30": "580.00000", "2018-03-31": "894.00000", "2017-12-31": "1035.00000", "2017-09-30": "876.00000", "2017-06-30": "3897.00000", "2017-03-31": "2911.00000", "2016-12-31": "517.00000", "2016-09-30": "889.00000", "2016-06-30": "641.00000", "2016-03-31": "735.00000", "2015-12-31": "783.00000", "2015-09-30": "1644.00000", "2015-06-30": "1675.00000", "2015-03-31": "1564.00000", "2014-12-31": "1868.00000", "2014-09-30": "1688.00000", "2014-06-30": "2911.00000", "2014-03-31": "2798.00000", "2013-12-31": "2824.00000", "2013-09-30": "9001.00000", "2013-06-30": "9064.00000", "2013-03-31": "8759.00000", "2012-12-31": "9476.00000", "2012-09-30": "1686.00000", "2012-06-30": "1971.00000", "2012-03-31": "3246.00000", "2011-12-31": "2700.00000", "2011-09-30": "2785.00000", "2011-06-30": "2747.00000", "2011-03-31": "2858.00000", "2010-12-31": "2141.00000", "2010-09-30": "3246.00000", "2010-06-30": "2230.00000", "2010-03-31": "2808.00000", "2009-12-31": "2470.00000", "2009-09-30": "2814.00000", "2009-06-30": "3508.00000", "2009-03-31": "2602.00000", "2008-12-31": "2998.00000", "2008-09-30": "3483.00000", "2008-06-30": "5510.00000", "2008-03-31": "3039.00000", "2007-12-31": "2702.00000", "2007-09-30": "3170.00000", "2007-06-30": "3435.00000", "2007-03-31": "4296.00000", "2006-12-31": "4990.00000", "2006-09-30": "4661.00000", "2006-06-30": "2106.00000", "2006-03-31": "1665.00000", "2005-12-31": "1734.00000", "2005-09-30": "2413.00000", "2005-06-30": "1159.00000", "2005-03-31": "1128.00000"}, "Other Current Assets": {"2020-12-31": "", "2020-09-30": "", "2020-06-30": "", "2020-03-31": "", "2019-12-31": "", "2019-09-30": "", "2019-06-30": "", "2019-03-31": "", "2018-12-31": "", "2018-09-30": "", "2018-06-30": "", "2018-03-31": "", "2017-12-31": "", "2017-09-30": "", "2017-06-30": "", "2017-03-31": "", "2016-12-31": "", "2016-09-30": "", "2016-06-30": "", "2016-03-31": "", "2015-12-31": "", "2015-09-30": "", "2015-06-30": "", "2015-03-31": "", "2014-12-31": "", "2014-09-30": "", "2014-06-30": "", "2014-03-31": "", "2013-12-31": "", "2013-09-30": "", "2013-06-30": "", "2013-03-31": "", "2012-12-31": "", "2012-09-30": "", "2012-06-30": "", "2012-03-31": "", "2011-12-31": "", "2011-09-30": "", "2011-06-30": "", "2011-03-31": "", "2010-12-31": "", "2010-09-30": "", "2010-06-30": "", "2010-03-31": "", "2009-12-31": "", "2009-09-30": "", "2009-06-30": "", "2009-03-31": "", "2008-12-31": "", "2008-09-30": "", "2008-06-30": "", "2008-03-31": "", "2007-12-31": "", "2007-09-30": "", "2007-06-30": "", "2007-03-31": "", "2006-12-31": "", "2006-09-30": "", "2006-06-30": "", "2006-03-31": "", "2005-12-31": "", "2005-09-30": "144.00000", "2005-06-30": "167.00000", "2005-03-31": "176.00000"}, "Total Current Assets": {"2020-12-31": "12066.00000", "2020-09-30": "11059.00000", "2020-06-30": "11053.00000", "2020-03-31": "13144.00000", "2019-12-31": "16913.00000", "2019-09-30": "15217.00000", "2019-06-30": "15800.00000", "2019-03-31": "13683.00000", "2018-12-31": "13274.00000", "2018-09-30": "14723.00000", "2018-06-30": "11608.00000", "2018-03-31": "13187.00000", "2017-12-31": "16512.00000", "2017-09-30": "16954.00000", "2017-06-30": "19879.00000", "2017-03-31": "10728.00000", "2016-12-31": "8609.00000", "2016-09-30": "9641.00000", "2016-06-30": "9259.00000", "2016-03-31": "10934.00000", "2015-12-31": "8789.00000", "2015-09-30": "9664.00000", "2015-06-30": "11944.00000", "2015-03-31": "10840.00000", "2014-12-31": "15068.00000", "2014-09-30": "16253.00000", "2014-06-30": "18836.00000", "2014-03-31": "20400.00000", "2013-12-31": "19023.00000", "2013-09-30": "22557.00000", "2013-06-30": "22602.00000", "2013-03-31": "24235.00000", "2012-12-31": "23989.00000", "2012-09-30": "15781.00000", "2012-06-30": "16912.00000", "2012-03-31": "37066.00000", "2011-12-31": "30218.00000", "2011-09-30": "32391.00000", "2011-06-30": "34678.00000", "2011-03-31": "35613.00000", "2010-12-31": "34660.00000", "2010-09-30": "35317.00000", "2010-06-30": "26666.00000", "2010-03-31": "23593.00000", "2009-12-31": "21167.00000", "2009-09-30": "22253.00000", "2009-06-30": "23074.00000", "2009-03-31": "20203.00000", "2008-12-31": "20843.00000", "2008-09-30": "28326.00000", "2008-06-30": "33515.00000", "2008-03-31": "28608.00000", "2007-12-31": "24735.00000", "2007-09-30": "23639.00000", "2007-06-30": "24381.00000", "2007-03-31": "24741.00000", "2006-12-31": "25066.00000", "2006-09-30": "24600.00000", "2006-06-30": "21738.00000", "2006-03-31": "22937.00000", "2005-12-31": "19612.00000", "2005-09-30": "20604.00000", "2005-06-30": "16747.00000", "2005-03-31": "18083.00000"}, "Property, Plant, And Equipment": {"2020-12-31": "39893.00000", "2020-09-30": "41269.00000", "2020-06-30": "41120.00000", "2020-03-31": "40645.00000", "2019-12-31": "42269.00000", "2019-09-30": "43814.00000", "2019-06-30": "44334.00000", "2019-03-31": "45942.00000", "2018-12-31": "45698.00000", "2018-09-30": "44736.00000", "2018-06-30": "46306.00000", "2018-03-31": "45997.00000", "2017-12-31": "45683.00000", "2017-09-30": "46669.00000", "2017-06-30": "46846.00000", "2017-03-31": "54440.00000", "2016-12-31": "58331.00000", "2016-09-30": "61649.00000", "2016-06-30": "63685.00000", "2016-03-31": "66000.00000", "2015-12-31": "66446.00000", "2015-09-30": "71828.00000", "2015-06-30": "74387.00000", "2015-03-31": "74220.00000", "2014-12-31": "75444.00000", "2014-09-30": "75790.00000", "2014-06-30": "75424.00000", "2014-03-31": "74025.00000", "2013-12-31": "72827.00000", "2013-09-30": "71129.00000", "2013-06-30": "69438.00000", "2013-03-31": "67890.00000", "2012-12-31": "67263.00000", "2012-09-30": "73612.00000", "2012-06-30": "71227.00000", "2012-03-31": "85559.00000", "2011-12-31": "84180.00000", "2011-09-30": "83090.00000", "2011-06-30": "84268.00000", "2011-03-31": "83765.00000", "2010-12-31": "82554.00000", "2010-09-30": "81460.00000", "2010-06-30": "81269.00000", "2010-03-31": "86623.00000", "2009-12-31": "87708.00000", "2009-09-30": "87136.00000", "2009-06-30": "86246.00000", "2009-03-31": "84056.00000", "2008-12-31": "83947.00000", "2008-09-30": "89259.00000", "2008-06-30": "89990.00000", "2008-03-31": "89207.00000", "2007-12-31": "89003.00000", "2007-09-30": "87407.00000", "2007-06-30": "85296.00000", "2007-03-31": "83904.00000", "2006-12-31": "86201.00000", "2006-09-30": "86127.00000", "2006-06-30": "87920.00000", "2006-03-31": "85960.00000", "2005-12-31": "54669.00000", "2005-09-30": "52482.00000", "2005-06-30": "51730.00000", "2005-03-31": "51053.00000"}, "Long-Term Investments": {"2020-12-31": "8017.00000", "2020-09-30": "8295.00000", "2020-06-30": "8334.00000", "2020-03-31": "8707.00000", "2019-12-31": "8687.00000", "2019-09-30": "8916.00000", "2019-06-30": "8748.00000", "2019-03-31": "9302.00000", "2018-12-31": "9329.00000", "2018-09-30": "9553.00000", "2018-06-30": "9435.00000", "2018-03-31": "9572.00000", "2017-12-31": "9599.00000", "2017-09-30": "9696.00000", "2017-06-30": "9681.00000", "2017-03-31": "21153.00000", "2016-12-31": "21091.00000", "2016-09-30": "21283.00000", "2016-06-30": "21385.00000", "2016-03-31": "21167.00000", "2015-12-31": "20490.00000", "2015-09-30": "22806.00000", "2015-06-30": "23902.00000", "2015-03-31": "23224.00000", "2014-12-31": "24335.00000", "2014-09-30": "24615.00000", "2014-06-30": "24943.00000", "2014-03-31": "23261.00000", "2013-12-31": "23907.00000", "2013-09-30": "23792.00000", "2013-06-30": "22576.00000", "2013-03-31": "23315.00000", "2012-12-31": "23489.00000", "2012-09-30": "23500.00000", "2012-06-30": "23372.00000", "2012-03-31": "33574.00000", "2011-12-31": "32108.00000", "2011-09-30": "32152.00000", "2011-06-30": "34020.00000", "2011-03-31": "32791.00000", "2010-12-31": "31581.00000", "2010-09-30": "31182.00000", "2010-06-30": "35957.00000", "2010-03-31": "36764.00000", "2009-12-31": "35742.00000", "2009-09-30": "35664.00000", "2009-06-30": "33551.00000", "2009-03-31": "31724.00000", "2008-12-31": "30926.00000", "2008-09-30": "34344.00000", "2008-06-30": "33814.00000", "2008-03-31": "32732.00000", "2007-12-31": "31457.00000", "2007-09-30": "30145.00000", "2007-06-30": "28875.00000", "2007-03-31": "30415.00000", "2006-12-31": "19595.00000", "2006-09-30": "19530.00000", "2006-06-30": "18326.00000", "2006-03-31": "16777.00000", "2005-12-31": "15406.00000", "2005-09-30": "14802.00000", "2005-06-30": "12569.00000", "2005-03-31": "11389.00000"}, "Goodwill And Intangible Assets": {"2020-12-31": "", "2020-09-30": "", "2020-06-30": "", "2020-03-31": "", "2019-12-31": "", "2019-09-30": "", "2019-06-30": "", "2019-03-31": "", "2018-12-31": "", "2018-09-30": "", "2018-06-30": "", "2018-03-31": "", "2017-12-31": "", "2017-09-30": "", "2017-06-30": "", "2017-03-31": "", "2016-12-31": "", "2016-09-30": "", "2016-06-30": "", "2016-03-31": "", "2015-12-31": "", "2015-09-30": "", "2015-06-30": "", "2015-03-31": "", "2014-12-31": "", "2014-09-30": "", "2014-06-30": "", "2014-03-31": "", "2013-12-31": "", "2013-09-30": "", "2013-06-30": "", "2013-03-31": "", "2012-12-31": "", "2012-09-30": "10.00000", "2012-06-30": "11.00000", "2012-03-31": "4072.00000", "2011-12-31": "4077.00000", "2011-09-30": "4370.00000", "2011-06-30": "4398.00000", "2011-03-31": "4427.00000", "2010-12-31": "4434.00000", "2010-09-30": "4443.00000", "2010-06-30": "4446.00000", "2010-03-31": "4450.00000", "2009-12-31": "4461.00000", "2009-09-30": "4546.00000", "2009-06-30": "4550.00000", "2009-03-31": "4614.00000", "2008-12-31": "4624.00000", "2008-09-30": "30085.00000", "2008-06-30": "30100.00000", "2008-03-31": "30238.00000", "2007-12-31": "30232.00000", "2007-09-30": "30273.00000", "2007-06-30": "30504.00000", "2007-03-31": "32450.00000", "2006-12-31": "32439.00000", "2006-09-30": "33023.00000", "2006-06-30": "33295.00000", "2006-03-31": "33357.00000", "2005-12-31": "16439.00000", "2005-09-30": "15970.00000", "2005-06-30": "15994.00000", "2005-03-31": "15976.00000"}, "Other Long-Term Assets": {"2020-12-31": "2528.00000", "2020-09-30": "2420.00000", "2020-06-30": "2372.00000", "2020-03-31": "2370.00000", "2019-12-31": "2426.00000", "2019-09-30": "2174.00000", "2019-06-30": "2111.00000", "2019-03-31": "2303.00000", "2018-12-31": "1344.00000", "2018-09-30": "1209.00000", "2018-06-30": "1188.00000", "2018-03-31": "1572.00000", "2017-12-31": "1107.00000", "2017-09-30": "1081.00000", "2017-06-30": "1076.00000", "2017-03-31": "1130.00000", "2016-12-31": "1160.00000", "2016-09-30": "1130.00000", "2016-06-30": "1086.00000", "2016-03-31": "1094.00000", "2015-12-31": "1063.00000", "2015-09-30": "955.00000", "2015-06-30": "1020.00000", "2015-03-31": "1008.00000", "2014-12-31": "888.00000", "2014-09-30": "1126.00000", "2014-06-30": "1173.00000", "2014-03-31": "1050.00000", "2013-12-31": "943.00000", "2013-09-30": "908.00000", "2013-06-30": "891.00000", "2013-03-31": "885.00000", "2012-12-31": "886.00000", "2012-09-30": "902.00000", "2012-06-30": "889.00000", "2012-03-31": "995.00000", "2011-12-31": "972.00000", "2011-09-30": "992.00000", "2011-06-30": "968.00000", "2011-03-31": "909.00000", "2010-12-31": "905.00000", "2010-09-30": "756.00000", "2010-06-30": "724.00000", "2010-03-31": "820.00000", "2009-12-31": "708.00000", "2009-09-30": "642.00000", "2009-06-30": "614.00000", "2009-03-31": "659.00000", "2008-12-31": "552.00000", "2008-09-30": "540.00000", "2008-06-30": "755.00000", "2008-03-31": "531.00000", "2007-12-31": "459.00000", "2007-09-30": "365.00000", "2007-06-30": "372.00000", "2007-03-31": "395.00000", "2006-12-31": "362.00000", "2006-09-30": "443.00000", "2006-06-30": "638.00000", "2006-03-31": "621.00000", "2005-12-31": "553.00000", "2005-09-30": "514.00000", "2005-06-30": "429.00000", "2005-03-31": "389.00000"}, "Total Long-Term Assets": {"2020-12-31": "50552.00000", "2020-09-30": "52098.00000", "2020-06-30": "51993.00000", "2020-03-31": "51889.00000", "2019-12-31": "53601.00000", "2019-09-30": "55123.00000", "2019-06-30": "55461.00000", "2019-03-31": "57815.00000", "2018-12-31": "56706.00000", "2018-09-30": "55833.00000", "2018-06-30": "57328.00000", "2018-03-31": "57540.00000", "2017-12-31": "56850.00000", "2017-09-30": "57907.00000", "2017-06-30": "58125.00000", "2017-03-31": "77245.00000", "2016-12-31": "81163.00000", "2016-09-30": "84643.00000", "2016-06-30": "86795.00000", "2016-03-31": "88900.00000", "2015-12-31": "88695.00000", "2015-09-30": "96285.00000", "2015-06-30": "100059.00000", "2015-03-31": "99202.00000", "2014-12-31": "101471.00000", "2014-09-30": "102733.00000", "2014-06-30": "102812.00000", "2014-03-31": "99625.00000", "2013-12-31": "99034.00000", "2013-09-30": "97203.00000", "2013-06-30": "94345.00000", "2013-03-31": "93545.00000", "2012-12-31": "93155.00000", "2012-09-30": "99588.00000", "2012-06-30": "97096.00000", "2012-03-31": "125815.00000", "2011-12-31": "123012.00000", "2011-09-30": "122298.00000", "2011-06-30": "125390.00000", "2011-03-31": "124030.00000", "2010-12-31": "121654.00000", "2010-09-30": "120016.00000", "2010-06-30": "124790.00000", "2010-03-31": "131217.00000", "2009-12-31": "130971.00000", "2009-09-30": "130174.00000", "2009-06-30": "126999.00000", "2009-03-31": "123048.00000", "2008-12-31": "122022.00000", "2008-09-30": "156281.00000", "2008-06-30": "156640.00000", "2008-03-31": "154670.00000", "2007-12-31": "153022.00000", "2007-09-30": "149788.00000", "2007-06-30": "146487.00000", "2007-03-31": "148468.00000", "2006-12-31": "139715.00000", "2006-09-30": "139123.00000", "2006-06-30": "140179.00000", "2006-03-31": "136715.00000", "2005-12-31": "87387.00000", "2005-09-30": "83768.00000", "2005-06-30": "80722.00000", "2005-03-31": "78807.00000"}, "Total Assets": {"2020-12-31": "62618.00000", "2020-09-30": "63157.00000", "2020-06-30": "63046.00000", "2020-03-31": "65033.00000", "2019-12-31": "70514.00000", "2019-09-30": "70340.00000", "2019-06-30": "71261.00000", "2019-03-31": "71498.00000", "2018-12-31": "69980.00000", "2018-09-30": "70556.00000", "2018-06-30": "68936.00000", "2018-03-31": "70727.00000", "2017-12-31": "73362.00000", "2017-09-30": "74861.00000", "2017-06-30": "78004.00000", "2017-03-31": "87973.00000", "2016-12-31": "89772.00000", "2016-09-30": "94284.00000", "2016-06-30": "96054.00000", "2016-03-31": "99834.00000", "2015-12-31": "97484.00000", "2015-09-30": "105949.00000", "2015-06-30": "112003.00000", "2015-03-31": "110042.00000", "2014-12-31": "116539.00000", "2014-09-30": "118986.00000", "2014-06-30": "121648.00000", "2014-03-31": "120025.00000", "2013-12-31": "118057.00000", "2013-09-30": "119760.00000", "2013-06-30": "116947.00000", "2013-03-31": "117780.00000", "2012-12-31": "117144.00000", "2012-09-30": "115369.00000", "2012-06-30": "114008.00000", "2012-03-31": "162881.00000", "2011-12-31": "153230.00000", "2011-09-30": "154689.00000", "2011-06-30": "160068.00000", "2011-03-31": "159643.00000", "2010-12-31": "156314.00000", "2010-09-30": "155333.00000", "2010-06-30": "151456.00000", "2010-03-31": "154810.00000", "2009-12-31": "152138.00000", "2009-09-30": "152427.00000", "2009-06-30": "150073.00000", "2009-03-31": "143251.00000", "2008-12-31": "142865.00000", "2008-09-30": "184607.00000", "2008-06-30": "190155.00000", "2008-03-31": "183278.00000", "2007-12-31": "177757.00000", "2007-09-30": "173427.00000", "2007-06-30": "170868.00000", "2007-03-31": "173209.00000", "2006-12-31": "164781.00000", "2006-09-30": "163723.00000", "2006-06-30": "161917.00000", "2006-03-31": "159652.00000", "2005-12-31": "106999.00000", "2005-09-30": "104372.00000", "2005-06-30": "97469.00000", "2005-03-31": "96890.00000"}, "Total Current Liabilities": {"2020-12-31": "5366.00000", "2020-09-30": "4640.00000", "2020-06-30": "4105.00000", "2020-03-31": "6075.00000", "2019-12-31": "7043.00000", "2019-09-30": "5942.00000", "2019-06-30": "8996.00000", "2019-03-31": "7370.00000", "2018-12-31": "7395.00000", "2018-09-30": "7401.00000", "2018-06-30": "6638.00000", "2018-03-31": "7109.00000", "2017-12-31": "9397.00000", "2017-09-30": "7131.00000", "2017-06-30": "9926.00000", "2017-03-31": "7526.00000", "2016-12-31": "6909.00000", "2016-09-30": "7537.00000", "2016-06-30": "7348.00000", "2016-03-31": "8825.00000", "2015-12-31": "9256.00000", "2015-09-30": "8287.00000", "2015-06-30": "8734.00000", "2015-03-31": "9563.00000", "2014-12-31": "11537.00000", "2014-09-30": "14141.00000", "2014-06-30": "16191.00000", "2014-03-31": "17117.00000", "2013-12-31": "15129.00000", "2013-09-30": "16335.00000", "2013-06-30": "16715.00000", "2013-03-31": "18315.00000", "2012-12-31": "17443.00000", "2012-09-30": "17383.00000", "2012-06-30": "18360.00000", "2012-03-31": "36430.00000", "2011-12-31": "28068.00000", "2011-09-30": "28936.00000", "2011-06-30": "29344.00000", "2011-03-31": "29218.00000", "2010-12-31": "27419.00000", "2010-09-30": "25421.00000", "2010-06-30": "25668.00000", "2010-03-31": "26605.00000", "2009-12-31": "23695.00000", "2009-09-30": "24656.00000", "2009-06-30": "23089.00000", "2009-03-31": "20330.00000", "2008-12-31": "21780.00000", "2008-09-30": "29510.00000", "2008-06-30": "34847.00000", "2008-03-31": "31125.00000", "2007-12-31": "26882.00000", "2007-09-30": "24078.00000", "2007-06-30": "23917.00000", "2007-03-31": "27025.00000", "2006-12-31": "26431.00000", "2006-09-30": "27354.00000", "2006-06-30": "27020.00000", "2006-03-31": "29023.00000", "2005-12-31": "21359.00000", "2005-09-30": "21398.00000", "2005-06-30": "16328.00000", "2005-03-31": "17969.00000"}, "Long Term Debt": {"2020-12-31": "14750.00000", "2020-09-30": "14905.00000", "2020-06-30": "14852.00000", "2020-03-31": "14847.00000", "2019-12-31": "14790.00000", "2019-09-30": "14799.00000", "2019-06-30": "14809.00000", "2019-03-31": "14832.00000", "2018-12-31": "14856.00000", "2018-09-30": "14902.00000", "2018-06-30": "14885.00000", "2018-03-31": "16709.00000", "2017-12-31": "17128.00000", "2017-09-30": "19673.00000", "2017-06-30": "19670.00000", "2017-03-31": "25340.00000", "2016-12-31": "26186.00000", "2016-09-30": "27353.00000", "2016-06-30": "27346.00000", "2016-03-31": "27376.00000", "2015-12-31": "23453.00000", "2015-09-30": "24716.00000", "2015-06-30": "24787.00000", "2015-03-31": "22318.00000", "2014-12-31": "22383.00000", "2014-09-30": "19499.00000", "2014-06-30": "19570.00000", "2014-03-31": "19494.00000", "2013-12-31": "21073.00000", "2013-09-30": "21096.00000", "2013-06-30": "21167.00000", "2013-03-31": "20319.00000", "2012-12-31": "20770.00000", "2012-09-30": "18782.00000", "2012-06-30": "18829.00000", "2012-03-31": "21358.00000", "2011-12-31": "21610.00000", "2011-09-30": "22534.00000", "2011-06-30": "22590.00000", "2011-03-31": "22604.00000", "2010-12-31": "22656.00000", "2010-09-30": "23225.00000", "2010-06-30": "23197.00000", "2010-03-31": "26225.00000", "2009-12-31": "26925.00000", "2009-09-30": "27662.00000", "2009-06-30": "28926.00000", "2009-03-31": "29297.00000", "2008-12-31": "27085.00000", "2008-09-30": "21713.00000", "2008-06-30": "21539.00000", "2008-03-31": "21108.00000", "2007-12-31": "20289.00000", "2007-09-30": "21471.00000", "2007-06-30": "21703.00000", "2007-03-31": "21961.00000", "2006-12-31": "23091.00000", "2006-09-30": "23777.00000", "2006-06-30": "24939.00000", "2006-03-31": "26066.00000", "2005-12-31": "10758.00000", "2005-09-30": "12372.00000", "2005-06-30": "13659.00000", "2005-03-31": "13898.00000"}, "Other Non-Current Liabilities": {"2020-12-31": "7209.00000", "2020-09-30": "7314.00000", "2020-06-30": "7109.00000", "2020-03-31": "7020.00000", "2019-12-31": "7216.00000", "2019-09-30": "7881.00000", "2019-06-30": "7868.00000", "2019-03-31": "9568.00000", "2018-12-31": "8880.00000", "2018-09-30": "8884.00000", "2018-06-30": "8883.00000", "2018-03-31": "8950.00000", "2017-12-31": "8900.00000", "2017-09-30": "9180.00000", "2017-06-30": "9075.00000", "2017-03-31": "9404.00000", "2016-12-31": "9950.00000", "2016-09-30": "11433.00000", "2016-06-30": "11341.00000", "2016-03-31": "11401.00000", "2015-12-31": "11408.00000", "2015-09-30": "12210.00000", "2015-06-30": "12291.00000", "2015-03-31": "12132.00000", "2014-12-31": "12312.00000", "2014-09-30": "11382.00000", "2014-06-30": "11849.00000", "2014-03-31": "11860.00000", "2013-12-31": "11684.00000", "2013-09-30": "13200.00000", "2013-06-30": "12944.00000", "2013-03-31": "13028.00000", "2012-12-31": "13973.00000", "2012-09-30": "13950.00000", "2012-06-30": "13905.00000", "2012-03-31": "15308.00000", "2011-12-31": "15695.00000", "2011-09-30": "15836.00000", "2011-06-30": "16062.00000", "2011-03-31": "16180.00000", "2010-12-31": "16112.00000", "2010-09-30": "15752.00000", "2010-06-30": "15798.00000", "2010-03-31": "16534.00000", "2009-12-31": "16819.00000", "2009-09-30": "16056.00000", "2009-06-30": "15737.00000", "2009-03-31": "15363.00000", "2008-12-31": "15441.00000", "2008-09-30": "16160.00000", "2008-06-30": "16140.00000", "2008-03-31": "16215.00000", "2007-12-31": "16221.00000", "2007-09-30": "15422.00000", "2007-06-30": "14993.00000", "2007-03-31": "14622.00000", "2006-12-31": "7670.00000", "2006-09-30": "7945.00000", "2006-06-30": "8373.00000", "2006-03-31": "8042.00000", "2005-12-31": "7040.00000", "2005-09-30": "6291.00000", "2005-06-30": "6106.00000", "2005-03-31": "6127.00000"}, "Total Long Term Liabilities": {"2020-12-31": "27403.00000", "2020-09-30": "27734.00000", "2020-06-30": "27448.00000", "2020-03-31": "27571.00000", "2019-12-31": "28421.00000", "2019-09-30": "29159.00000", "2019-06-30": "29191.00000", "2019-03-31": "31147.00000", "2018-12-31": "30521.00000", "2018-09-30": "31076.00000", "2018-06-30": "31076.00000", "2018-03-31": "32900.00000", "2017-12-31": "33164.00000", "2017-09-30": "37018.00000", "2017-06-30": "37579.00000", "2017-03-31": "44846.00000", "2016-12-31": "47637.00000", "2016-09-30": "50291.00000", "2016-06-30": "50875.00000", "2016-03-31": "51602.00000", "2015-12-31": "48146.00000", "2015-09-30": "53107.00000", "2015-06-30": "54300.00000", "2015-03-31": "51471.00000", "2014-12-31": "52729.00000", "2014-09-30": "49184.00000", "2014-06-30": "49771.00000", "2014-03-31": "49287.00000", "2013-12-31": "50436.00000", "2013-09-30": "51888.00000", "2013-06-30": "51300.00000", "2013-03-31": "50225.00000", "2012-12-31": "51274.00000", "2012-09-30": "50109.00000", "2012-06-30": "49205.00000", "2012-03-31": "59408.00000", "2011-12-31": "59413.00000", "2011-09-30": "59427.00000", "2011-06-30": "60146.00000", "2011-03-31": "59904.00000", "2010-12-31": "59786.00000", "2010-09-30": "59995.00000", "2010-06-30": "59843.00000", "2010-03-31": "64788.00000", "2009-12-31": "65830.00000", "2009-09-30": "65674.00000", "2009-06-30": "66977.00000", "2009-03-31": "66728.00000", "2008-12-31": "64820.00000", "2008-09-30": "62221.00000", "2008-06-30": "62910.00000", "2008-03-31": "62578.00000", "2007-12-31": "61892.00000", "2007-09-30": "62416.00000", "2007-06-30": "62023.00000", "2007-03-31": "61402.00000", "2006-12-31": "55704.00000", "2006-09-30": "55893.00000", "2006-06-30": "57520.00000", "2006-03-31": "58436.00000", "2005-12-31": "32909.00000", "2005-09-30": "33136.00000", "2005-06-30": "33841.00000", "2005-03-31": "33890.00000"}, "Total Liabilities": {"2020-12-31": "32769.00000", "2020-09-30": "32374.00000", "2020-06-30": "31553.00000", "2020-03-31": "33646.00000", "2019-12-31": "35464.00000", "2019-09-30": "35101.00000", "2019-06-30": "38187.00000", "2019-03-31": "38517.00000", "2018-12-31": "37916.00000", "2018-09-30": "38477.00000", "2018-06-30": "37714.00000", "2018-03-31": "40009.00000", "2017-12-31": "42561.00000", "2017-09-30": "44149.00000", "2017-06-30": "47505.00000", "2017-03-31": "52372.00000", "2016-12-31": "54546.00000", "2016-09-30": "57828.00000", "2016-06-30": "58223.00000", "2016-03-31": "60427.00000", "2015-12-31": "57402.00000", "2015-09-30": "61394.00000", "2015-06-30": "63034.00000", "2015-03-31": "61034.00000", "2014-12-31": "64266.00000", "2014-09-30": "63325.00000", "2014-06-30": "65962.00000", "2014-03-31": "66404.00000", "2013-12-31": "65565.00000", "2013-09-30": "68223.00000", "2013-06-30": "68015.00000", "2013-03-31": "68540.00000", "2012-12-31": "68717.00000", "2012-09-30": "67492.00000", "2012-06-30": "67565.00000", "2012-03-31": "95838.00000", "2011-12-31": "87481.00000", "2011-09-30": "88363.00000", "2011-06-30": "89490.00000", "2011-03-31": "89122.00000", "2010-12-31": "87205.00000", "2010-09-30": "85416.00000", "2010-06-30": "85511.00000", "2010-03-31": "91393.00000", "2009-12-31": "89525.00000", "2009-09-30": "90330.00000", "2009-06-30": "90066.00000", "2009-03-31": "87058.00000", "2008-12-31": "86600.00000", "2008-09-30": "91731.00000", "2008-06-30": "97757.00000", "2008-03-31": "93703.00000", "2007-12-31": "88774.00000", "2007-09-30": "86494.00000", "2007-06-30": "85940.00000", "2007-03-31": "88427.00000", "2006-12-31": "82135.00000", "2006-09-30": "83247.00000", "2006-06-30": "84540.00000", "2006-03-31": "87459.00000", "2005-12-31": "54268.00000", "2005-09-30": "54534.00000", "2005-06-30": "50169.00000", "2005-03-31": "51859.00000"}, "Common Stock Net": {"2020-12-31": "18.00000", "2020-09-30": "18.00000", "2020-06-30": "18.00000", "2020-03-31": "18.00000", "2019-12-31": "18.00000", "2019-09-30": "18.00000", "2019-06-30": "18.00000", "2019-03-31": "18.00000", "2018-12-31": "18.00000", "2018-09-30": "18.00000", "2018-06-30": "18.00000", "2018-03-31": "18.00000", "2017-12-31": "18.00000", "2017-09-30": "18.00000", "2017-06-30": "18.00000", "2017-03-31": "18.00000", "2016-12-31": "18.00000", "2016-09-30": "18.00000", "2016-06-30": "18.00000", "2016-03-31": "18.00000", "2015-12-31": "18.00000", "2015-09-30": "18.00000", "2015-06-30": "18.00000", "2015-03-31": "18.00000", "2014-12-31": "18.00000", "2014-09-30": "18.00000", "2014-06-30": "18.00000", "2014-03-31": "18.00000", "2013-12-31": "18.00000", "2013-09-30": "18.00000", "2013-06-30": "18.00000", "2013-03-31": "18.00000", "2012-12-31": "18.00000", "2012-09-30": "18.00000", "2012-06-30": "18.00000", "2012-03-31": "18.00000", "2011-12-31": "17.00000", "2011-09-30": "17.00000", "2011-06-30": "17.00000", "2011-03-31": "17.00000", "2010-12-31": "17.00000", "2010-09-30": "17.00000", "2010-06-30": "17.00000", "2010-03-31": "17.00000", "2009-12-31": "17.00000", "2009-09-30": "17.00000", "2009-06-30": "17.00000", "2009-03-31": "17.00000", "2008-12-31": "17.00000", "2008-09-30": "17.00000", "2008-06-30": "17.00000", "2008-03-31": "17.00000", "2007-12-31": "17.00000", "2007-09-30": "17.00000", "2007-06-30": "17.00000", "2007-03-31": "17.00000", "2006-12-31": "17.00000", "2006-09-30": "17.00000", "2006-06-30": "17.00000", "2006-03-31": "17.00000", "2005-12-31": "14.00000", "2005-09-30": "14.00000", "2005-06-30": "14.00000", "2005-03-31": "7.00000"}, "Retained Earnings (Accumulated Deficit)": {"2020-12-31": "35213.00000", "2020-09-30": "36448.00000", "2020-06-30": "37351.00000", "2020-03-31": "37545.00000", "2019-12-31": "39742.00000", "2019-09-30": "39484.00000", "2019-06-30": "36769.00000", "2019-03-31": "35534.00000", "2018-12-31": "34010.00000", "2018-09-30": "32495.00000", "2018-06-30": "30967.00000", "2018-03-31": "29663.00000", "2017-12-31": "29391.00000", "2017-09-30": "28130.00000", "2017-06-30": "28033.00000", "2017-03-31": "31804.00000", "2016-12-31": "31548.00000", "2016-09-30": "31896.00000", "2016-06-30": "33248.00000", "2016-03-31": "34632.00000", "2015-12-31": "36414.00000", "2015-09-30": "40786.00000", "2015-06-30": "42779.00000", "2015-03-31": "43867.00000", "2014-12-31": "44504.00000", "2014-09-30": "45451.00000", "2014-06-30": "43653.00000", "2014-03-31": "42428.00000", "2013-12-31": "41160.00000", "2013-09-30": "39526.00000", "2013-06-30": "37899.00000", "2013-03-31": "36662.00000", "2012-12-31": "35338.00000", "2012-09-30": "34764.00000", "2012-06-30": "33756.00000", "2012-03-31": "51286.00000", "2011-12-31": "49049.00000", "2011-09-30": "46681.00000", "2011-06-30": "44964.00000", "2011-03-31": "42480.00000", "2010-12-31": "40397.00000", "2010-09-30": "39156.00000", "2010-06-30": "36917.00000", "2010-03-31": "32749.00000", "2009-12-31": "32214.00000", "2009-09-30": "32181.00000", "2009-06-30": "31388.00000", "2009-03-31": "30786.00000", "2008-12-31": "30642.00000", "2008-09-30": "63103.00000", "2008-06-30": "58625.00000", "2008-03-31": "53906.00000", "2007-12-31": "50510.00000", "2007-09-30": "46790.00000", "2007-06-30": "43783.00000", "2007-03-31": "44150.00000", "2006-12-31": "41292.00000", "2006-09-30": "38685.00000", "2006-06-30": "35402.00000", "2006-03-31": "30813.00000", "2005-12-31": "28018.00000", "2005-09-30": "24337.00000", "2005-06-30": "21399.00000", "2005-03-31": "18692.00000"}, "Comprehensive Income": {"2020-12-31": "-5218.00000", "2020-09-30": "-5666.00000", "2020-06-30": "-5825.00000", "2020-03-31": "-6145.00000", "2019-12-31": "-5357.00000", "2019-09-30": "-5654.00000", "2019-06-30": "-5827.00000", "2019-03-31": "-5914.00000", "2018-12-31": "-6063.00000", "2018-09-30": "-5442.00000", "2018-06-30": "-5637.00000", "2018-03-31": "-5371.00000", "2017-12-31": "-5518.00000", "2017-09-30": "-5292.00000", "2017-06-30": "-6342.00000", "2017-03-31": "-5961.00000", "2016-12-31": "-6193.00000", "2016-09-30": "-5444.00000", "2016-06-30": "-5371.00000", "2016-03-31": "-5146.00000", "2015-12-31": "-6247.00000", "2015-09-30": "-6125.00000", "2015-06-30": "-3641.00000", "2015-03-31": "-4589.00000", "2014-12-31": "-1902.00000", "2014-09-30": "585.00000", "2014-06-30": "2498.00000", "2014-03-31": "1802.00000", "2013-12-31": "2002.00000", "2013-09-30": "2712.00000", "2013-06-30": "1840.00000", "2013-03-31": "3478.00000", "2012-12-31": "4087.00000", "2012-09-30": "4339.00000", "2012-06-30": "3877.00000", "2012-03-31": "3972.00000", "2011-12-31": "3246.00000", "2011-09-30": "3203.00000", "2011-06-30": "6125.00000", "2011-03-31": "5547.00000", "2010-12-31": "4773.00000", "2010-09-30": "4405.00000", "2010-06-30": "1881.00000", "2010-03-31": "3275.00000", "2009-12-31": "3065.00000", "2009-09-30": "2712.00000", "2009-06-30": "998.00000", "2009-03-31": "-2118.00000", "2008-12-31": "-1875.00000", "2008-09-30": "2742.00000", "2008-06-30": "4304.00000", "2008-03-31": "4138.00000", "2007-12-31": "4560.00000", "2007-09-30": "3930.00000", "2007-06-30": "2599.00000", "2007-03-31": "1437.00000", "2006-12-31": "1289.00000", "2006-09-30": "1722.00000", "2006-06-30": "1759.00000", "2006-03-31": "986.00000", "2005-12-31": "814.00000", "2005-09-30": "1015.00000", "2005-06-30": "1003.00000", "2005-03-31": "1334.00000"}, "Other Share Holders Equity": {"2020-12-31": "", "2020-09-30": "", "2020-06-30": "", "2020-03-31": "", "2019-12-31": "", "2019-09-30": "", "2019-06-30": "", "2019-03-31": "", "2018-12-31": "", "2018-09-30": "", "2018-06-30": "", "2018-03-31": "", "2017-12-31": "", "2017-09-30": "", "2017-06-30": "", "2017-03-31": "", "2016-12-31": "", "2016-09-30": "", "2016-06-30": "", "2016-03-31": "", "2015-12-31": "", "2015-09-30": "", "2015-06-30": "", "2015-03-31": "", "2014-12-31": "", "2014-09-30": "", "2014-06-30": "", "2014-03-31": "", "2013-12-31": "", "2013-09-30": "", "2013-06-30": "", "2013-03-31": "", "2012-12-31": "", "2012-09-30": "", "2012-06-30": "", "2012-03-31": "", "2011-12-31": "", "2011-09-30": "", "2011-06-30": "", "2011-03-31": "", "2010-12-31": "", "2010-09-30": "", "2010-06-30": "", "2010-03-31": "", "2009-12-31": "", "2009-09-30": "", "2009-06-30": "", "2009-03-31": "", "2008-12-31": "", "2008-09-30": "", "2008-06-30": "", "2008-03-31": "", "2007-12-31": "", "2007-09-30": "", "2007-06-30": "", "2007-03-31": "", "2006-12-31": "", "2006-09-30": "", "2006-06-30": "", "2006-03-31": "", "2005-12-31": "", "2005-09-30": "", "2005-06-30": "", "2005-03-31": ""}, "Share Holder Equity": {"2020-12-31": "29849.00000", "2020-09-30": "30783.00000", "2020-06-30": "31493.00000", "2020-03-31": "31387.00000", "2019-12-31": "35050.00000", "2019-09-30": "35239.00000", "2019-06-30": "33074.00000", "2019-03-31": "32981.00000", "2018-12-31": "32064.00000", "2018-09-30": "32079.00000", "2018-06-30": "31222.00000", "2018-03-31": "30718.00000", "2017-12-31": "30801.00000", "2017-09-30": "30712.00000", "2017-06-30": "30499.00000", "2017-03-31": "35601.00000", "2016-12-31": "35226.00000", "2016-09-30": "36456.00000", "2016-06-30": "37831.00000", "2016-03-31": "39407.00000", "2015-12-31": "40082.00000", "2015-09-30": "44555.00000", "2015-06-30": "48969.00000", "2015-03-31": "49008.00000", "2014-12-31": "52273.00000", "2014-09-30": "55661.00000", "2014-06-30": "55686.00000", "2014-03-31": "53621.00000", "2013-12-31": "52492.00000", "2013-09-30": "51537.00000", "2013-06-30": "48932.00000", "2013-03-31": "49240.00000", "2012-12-31": "48427.00000", "2012-09-30": "47877.00000", "2012-06-30": "46443.00000", "2012-03-31": "67043.00000", "2011-12-31": "65749.00000", "2011-09-30": "66326.00000", "2011-06-30": "70578.00000", "2011-03-31": "70521.00000", "2010-12-31": "69109.00000", "2010-09-30": "69917.00000", "2010-06-30": "65945.00000", "2010-03-31": "63417.00000", "2009-12-31": "62613.00000", "2009-09-30": "62097.00000", "2009-06-30": "60007.00000", "2009-03-31": "56193.00000", "2008-12-31": "56265.00000", "2008-09-30": "92876.00000", "2008-06-30": "92398.00000", "2008-03-31": "89575.00000", "2007-12-31": "88983.00000", "2007-09-30": "86933.00000", "2007-06-30": "84928.00000", "2007-03-31": "84782.00000", "2006-12-31": "82646.00000", "2006-09-30": "80476.00000", "2006-06-30": "77377.00000", "2006-03-31": "72193.00000", "2005-12-31": "52731.00000", "2005-09-30": "49838.00000", "2005-06-30": "47300.00000", "2005-03-31": "45031.00000"}, "Total Liabilities And Share Holders Equity": {"2020-12-31": "62618.00000", "2020-09-30": "63157.00000", "2020-06-30": "63046.00000", "2020-03-31": "65033.00000", "2019-12-31": "70514.00000", "2019-09-30": "70340.00000", "2019-06-30": "71261.00000", "2019-03-31": "71498.00000", "2018-12-31": "69980.00000", "2018-09-30": "70556.00000", "2018-06-30": "68936.00000", "2018-03-31": "70727.00000", "2017-12-31": "73362.00000", "2017-09-30": "74861.00000", "2017-06-30": "78004.00000", "2017-03-31": "87973.00000", "2016-12-31": "89772.00000", "2016-09-30": "94284.00000", "2016-06-30": "96054.00000", "2016-03-31": "99834.00000", "2015-12-31": "97484.00000", "2015-09-30": "105949.00000", "2015-06-30": "112003.00000", "2015-03-31": "110042.00000", "2014-12-31": "116539.00000", "2014-09-30": "118986.00000", "2014-06-30": "121648.00000", "2014-03-31": "120025.00000", "2013-12-31": "118057.00000", "2013-09-30": "119760.00000", "2013-06-30": "116947.00000", "2013-03-31": "117780.00000", "2012-12-31": "117144.00000", "2012-09-30": "115369.00000", "2012-06-30": "114008.00000", "2012-03-31": "162881.00000", "2011-12-31": "153230.00000", "2011-09-30": "154689.00000", "2011-06-30": "160068.00000", "2011-03-31": "159643.00000", "2010-12-31": "156314.00000", "2010-09-30": "155333.00000", "2010-06-30": "151456.00000", "2010-03-31": "154810.00000", "2009-12-31": "152138.00000", "2009-09-30": "152427.00000", "2009-06-30": "150073.00000", "2009-03-31": "143251.00000", "2008-12-31": "142865.00000", "2008-09-30": "184607.00000", "2008-06-30": "190155.00000", "2008-03-31": "183278.00000", "2007-12-31": "177757.00000", "2007-09-30": "173427.00000", "2007-06-30": "170868.00000", "2007-03-31": "173209.00000", "2006-12-31": "164781.00000", "2006-09-30": "163723.00000", "2006-06-30": "161917.00000", "2006-03-31": "159652.00000", "2005-12-31": "106999.00000", "2005-09-30": "104372.00000", "2005-06-30": "97469.00000", "2005-03-31": "96890.00000"}}, "cash flow statement": {"Net Income/Loss": {"2020-12-31": "-2655.00000", "2019-12-31": "7257.00000", "2018-12-31": "6305.00000", "2017-12-31": "-793.00000", "2016-12-31": "-3559.00000", "2015-12-31": "-4371.00000", "2014-12-31": "6938.00000", "2013-12-31": "9215.00000", "2012-12-31": "8498.00000", "2011-12-31": "12502.00000", "2010-12-31": "11417.00000", "2009-12-31": "4492.00000", "2008-12-31": "-16279.00000", "2007-12-31": "11978.00000", "2006-12-31": "15550.00000", "2005-12-31": "13529.00000"}, "Total Depreciation And Amortization - Cash Flow": {"2020-12-31": "5773.00000", "2019-12-31": "6416.00000", "2018-12-31": "6309.00000", "2017-12-31": "7207.00000", "2016-12-31": "9487.00000", "2015-12-31": "9596.00000", "2014-12-31": "8813.00000", "2013-12-31": "7868.00000", "2012-12-31": "6974.00000", "2011-12-31": "7249.00000", "2010-12-31": "8413.00000", "2009-12-31": "9717.00000", "2008-12-31": "9430.00000", "2007-12-31": "8639.00000", "2006-12-31": "7565.00000", "2005-12-31": "4446.00000"}, "Other Non-Cash Items": {"2020-12-31": "2056.00000", "2019-12-31": "-1990.00000", "2018-12-31": "-315.00000", "2017-12-31": "648.00000", "2016-12-31": "-1044.00000", "2015-12-31": "2369.00000", "2014-12-31": "1503.00000", "2013-12-31": "-1045.00000", "2012-12-31": "-311.00000", "2011-12-31": "605.00000", "2010-12-31": "-4787.00000", "2009-12-31": "-1192.00000", "2008-12-31": "30526.00000", "2007-12-31": "2378.00000", "2006-12-31": "83.00000", "2005-12-31": "-593.00000"}, "Total Non-Cash Items": {"2020-12-31": "7829.00000", "2019-12-31": "4426.00000", "2018-12-31": "5994.00000", "2017-12-31": "7855.00000", "2016-12-31": "8443.00000", "2015-12-31": "11965.00000", "2014-12-31": "10316.00000", "2013-12-31": "6823.00000", "2012-12-31": "6663.00000", "2011-12-31": "7854.00000", "2010-12-31": "3626.00000", "2009-12-31": "8525.00000", "2008-12-31": "39956.00000", "2007-12-31": "11017.00000", "2006-12-31": "7648.00000", "2005-12-31": "3853.00000"}, "Change In Accounts Receivable": {"2020-12-31": "", "2019-12-31": "505.00000", "2018-12-31": "235.00000", "2017-12-31": "-886.00000", "2016-12-31": "820.00000", "2015-12-31": "1810.00000", "2014-12-31": "1227.00000", "2013-12-31": "744.00000", "2012-12-31": "-1866.00000", "2011-12-31": "-938.00000", "2010-12-31": "324.00000", "2009-12-31": "-1106.00000", "2008-12-31": "4225.00000", "2007-12-31": "-2492.00000", "2006-12-31": "-906.00000", "2005-12-31": "-3145.00000"}, "Change In Inventories": {"2020-12-31": "", "2019-12-31": "-67.00000", "2018-12-31": "86.00000", "2017-12-31": "-55.00000", "2016-12-31": "44.00000", "2015-12-31": "166.00000", "2014-12-31": "-193.00000", "2013-12-31": "-278.00000", "2012-12-31": "210.00000", "2011-12-31": "-81.00000", "2010-12-31": "-43.00000", "2009-12-31": "320.00000", "2008-12-31": "-1321.00000", "2007-12-31": "767.00000", "2006-12-31": "-829.00000", "2005-12-31": "-182.00000"}, "Change In Accounts Payable": {"2020-12-31": "", "2019-12-31": "-378.00000", "2018-12-31": "-52.00000", "2017-12-31": "265.00000", "2016-12-31": "-524.00000", "2015-12-31": "-1647.00000", "2014-12-31": "-963.00000", "2013-12-31": "238.00000", "2012-12-31": "1103.00000", "2011-12-31": "1297.00000", "2010-12-31": "-18.00000", "2009-12-31": "1612.00000", "2008-12-31": "-3874.00000", "2007-12-31": "2772.00000", "2006-12-31": "657.00000", "2005-12-31": "3156.00000"}, "Change In Assets/Liabilities": {"2020-12-31": "-372.00000", "2019-12-31": "37.00000", "2018-12-31": "-55.00000", "2017-12-31": "69.00000", "2016-12-31": "105.00000", "2015-12-31": "239.00000", "2014-12-31": "-190.00000", "2013-12-31": "-83.00000", "2012-12-31": "513.00000", "2011-12-31": "-300.00000", "2010-12-31": "150.00000", "2009-12-31": "282.00000", "2008-12-31": "-724.00000", "2007-12-31": "487.00000", "2006-12-31": "-372.00000", "2005-12-31": "-407.00000"}, "Total Change In Assets/Liabilities": {"2020-12-31": "-372.00000", "2019-12-31": "-579.00000", "2018-12-31": "635.00000", "2017-12-31": "15.00000", "2016-12-31": "-481.00000", "2015-12-31": "-22.00000", "2014-12-31": "-685.00000", "2013-12-31": "103.00000", "2012-12-31": "-1239.00000", "2011-12-31": "-710.00000", "2010-12-31": "2002.00000", "2009-12-31": "-538.00000", "2008-12-31": "-1019.00000", "2007-12-31": "1555.00000", "2006-12-31": "-1682.00000", "2005-12-31": "246.00000"}, "Cash Flow From Operating Activities": {"2020-12-31": "4802.00000", "2019-12-31": "11104.00000", "2018-12-31": "12934.00000", "2017-12-31": "7077.00000", "2016-12-31": "4403.00000", "2015-12-31": "7572.00000", "2014-12-31": "16569.00000", "2013-12-31": "16141.00000", "2012-12-31": "13922.00000", "2011-12-31": "19646.00000", "2010-12-31": "17045.00000", "2009-12-31": "12479.00000", "2008-12-31": "22658.00000", "2007-12-31": "24550.00000", "2006-12-31": "21516.00000", "2005-12-31": "17628.00000"}, "Net Change In Property, Plant, And Equipment": {"2020-12-31": "-3398.00000", "2019-12-31": "-3624.00000", "2018-12-31": "-5668.00000", "2017-12-31": "9269.00000", "2016-12-31": "-3583.00000", "2015-12-31": "-8098.00000", "2014-12-31": "-15482.00000", "2013-12-31": "-5317.00000", "2012-12-31": "-12040.00000", "2011-12-31": "-9022.00000", "2010-12-31": "7175.00000", "2009-12-31": "-9591.00000", "2008-12-31": "-17459.00000", "2007-12-31": "-8219.00000", "2006-12-31": "-15051.00000", "2005-12-31": "-10852.00000"}, "Net Change In Intangible Assets": {"2020-12-31": "", "2019-12-31": "", "2018-12-31": "", "2017-12-31": "", "2016-12-31": "", "2015-12-31": "", "2014-12-31": "", "2013-12-31": "", "2012-12-31": "", "2011-12-31": "", "2010-12-31": "", "2009-12-31": "", "2008-12-31": "", "2007-12-31": "", "2006-12-31": "", "2005-12-31": ""}, "Net Acquisitions/Divestitures": {"2020-12-31": "", "2019-12-31": "", "2018-12-31": "", "2017-12-31": "", "2016-12-31": "", "2015-12-31": "", "2014-12-31": "", "2013-12-31": "", "2012-12-31": "", "2011-12-31": "", "2010-12-31": "", "2009-12-31": "", "2008-12-31": "", "2007-12-31": "", "2006-12-31": "-14285.00000", "2005-12-31": ""}, "Net Change In Short-term Investments": {"2020-12-31": "-658.00000", "2019-12-31": "-2910.00000", "2018-12-31": "1620.00000", "2017-12-31": "-1790.00000", "2016-12-31": "-51.00000", "2015-12-31": "0.00000", "2014-12-31": "253.00000", "2013-12-31": "-263.00000", "2012-12-31": "597.00000", "2011-12-31": "400.00000", "2010-12-31": "-982.00000", "2009-12-31": "", "2008-12-31": "", "2007-12-31": "", "2006-12-31": "", "2005-12-31": ""}, "Net Change In Long-Term Investments": {"2020-12-31": "", "2019-12-31": "", "2018-12-31": "", "2017-12-31": "", "2016-12-31": "", "2015-12-31": "", "2014-12-31": "", "2013-12-31": "", "2012-12-31": "", "2011-12-31": "", "2010-12-31": "", "2009-12-31": "", "2008-12-31": "", "2007-12-31": "", "2006-12-31": "", "2005-12-31": ""}, "Net Change In Investments - Total": {"2020-12-31": "-658.00000", "2019-12-31": "-2910.00000", "2018-12-31": "1620.00000", "2017-12-31": "-1790.00000", "2016-12-31": "-51.00000", "2015-12-31": "", "2014-12-31": "253.00000", "2013-12-31": "-263.00000", "2012-12-31": "597.00000", "2011-12-31": "400.00000", "2010-12-31": "-982.00000", "2009-12-31": "", "2008-12-31": "", "2007-12-31": "", "2006-12-31": "", "2005-12-31": ""}, "Investing Activities - Other": {"2020-12-31": "-65.00000", "2019-12-31": "-84.00000", "2018-12-31": "205.00000", "2017-12-31": "283.00000", "2016-12-31": "-225.00000", "2015-12-31": "-557.00000", "2014-12-31": "264.00000", "2013-12-31": "-725.00000", "2012-12-31": "-184.00000", "2011-12-31": "1607.00000", "2010-12-31": "-1528.00000", "2009-12-31": "-344.00000", "2008-12-31": "-157.00000", "2007-12-31": "-343.00000", "2006-12-31": "-657.00000", "2005-12-31": "-164.00000"}, "Cash Flow From Investing Activities": {"2020-12-31": "-4121.00000", "2019-12-31": "-6618.00000", "2018-12-31": "-3843.00000", "2017-12-31": "7762.00000", "2016-12-31": "-3859.00000", "2015-12-31": "-8655.00000", "2014-12-31": "-14965.00000", "2013-12-31": "-6305.00000", "2012-12-31": "-11627.00000", "2011-12-31": "-7015.00000", "2010-12-31": "4665.00000", "2009-12-31": "-9935.00000", "2008-12-31": "-17616.00000", "2007-12-31": "-8562.00000", "2006-12-31": "-29993.00000", "2005-12-31": "-11016.00000"}, "Net Long-Term Debt": {"2020-12-31": "46.00000", "2019-12-31": "-80.00000", "2018-12-31": "-4995.00000", "2017-12-31": "-7876.00000", "2016-12-31": "2343.00000", "2015-12-31": "2395.00000", "2014-12-31": "980.00000", "2013-12-31": "-946.00000", "2012-12-31": "-569.00000", "2011-12-31": "-934.00000", "2010-12-31": "-5176.00000", "2009-12-31": "1229.00000", "2008-12-31": "5760.00000", "2007-12-31": "-5519.00000", "2006-12-31": "10232.00000", "2005-12-31": "-2550.00000"}, "Net Current Debt": {"2020-12-31": "", "2019-12-31": "", "2018-12-31": "", "2017-12-31": "", "2016-12-31": "", "2015-12-31": "", "2014-12-31": "", "2013-12-31": "", "2012-12-31": "", "2011-12-31": "", "2010-12-31": "", "2009-12-31": "", "2008-12-31": "", "2007-12-31": "", "2006-12-31": "", "2005-12-31": ""}, "Debt Issuance/Retirement Net - Total": {"2020-12-31": "46.00000", "2019-12-31": "-80.00000", "2018-12-31": "-4995.00000", "2017-12-31": "-7876.00000", "2016-12-31": "2343.00000", "2015-12-31": "2395.00000", "2014-12-31": "980.00000", "2013-12-31": "-946.00000", "2012-12-31": "-569.00000", "2011-12-31": "-934.00000", "2010-12-31": "-5176.00000", "2009-12-31": "1229.00000", "2008-12-31": "5760.00000", "2007-12-31": "-5519.00000", "2006-12-31": "10232.00000", "2005-12-31": "-2550.00000"}, "Net Common Equity Issued/Repurchased": {"2020-12-31": "-897.00000", "2019-12-31": "-3530.00000", "2018-12-31": "-2878.00000", "2017-12-31": "-3063.00000", "2016-12-31": "-189.00000", "2015-12-31": "-82.00000", "2014-12-31": "35.00000", "2013-12-31": "20.00000", "2012-12-31": "-4960.00000", "2011-12-31": "-11027.00000", "2010-12-31": "-3733.00000", "2009-12-31": "13.00000", "2008-12-31": "-8051.00000", "2007-12-31": "-6716.00000", "2006-12-31": "-705.00000", "2005-12-31": "-1522.00000"}, "Net Total Equity Issued/Repurchased": {"2020-12-31": "-897.00000", "2019-12-31": "-3530.00000", "2018-12-31": "-2878.00000", "2017-12-31": "-3063.00000", "2016-12-31": "-189.00000", "2015-12-31": "-82.00000", "2014-12-31": "35.00000", "2013-12-31": "20.00000", "2012-12-31": "-4960.00000", "2011-12-31": "-11027.00000", "2010-12-31": "-3733.00000", "2009-12-31": "13.00000", "2008-12-31": "-8051.00000", "2007-12-31": "-6716.00000", "2006-12-31": "-705.00000", "2005-12-31": "-1522.00000"}, "Total Common And Preferred Stock Dividends Paid": {"2020-12-31": "-1831.00000", "2019-12-31": "-1500.00000", "2018-12-31": "-1363.00000", "2017-12-31": "-1305.00000", "2016-12-31": "-1253.00000", "2015-12-31": "-3664.00000", "2014-12-31": "-3525.00000", "2013-12-31": "-3334.00000", "2012-12-31": "-3278.00000", "2011-12-31": "-3632.00000", "2010-12-31": "-3175.00000", "2009-12-31": "-2832.00000", "2008-12-31": "-2854.00000", "2007-12-31": "-2661.00000", "2006-12-31": "-2277.00000", "2005-12-31": "-1639.00000"}, "Financial Activities - Other": {"2020-12-31": "-26.00000", "2019-12-31": "-119.00000", "2018-12-31": "-123.00000", "2017-12-31": "-112.00000", "2016-12-31": "-137.00000", "2015-12-31": "-78.00000", "2014-12-31": "-64.00000", "2013-12-31": "-2873.00000", "2012-12-31": "4326.00000", "2011-12-31": "-712.00000", "2010-12-31": "-735.00000", "2009-12-31": "-1265.00000", "2008-12-31": "-619.00000", "2007-12-31": "-444.00000", "2006-12-31": "-185.00000", "2005-12-31": "27.00000"}, "Cash Flow From Financial Activities": {"2020-12-31": "-2708.00000", "2019-12-31": "-5229.00000", "2018-12-31": "-9359.00000", "2017-12-31": "-12356.00000", "2016-12-31": "764.00000", "2015-12-31": "-1429.00000", "2014-12-31": "-2574.00000", "2013-12-31": "-7133.00000", "2012-12-31": "-4481.00000", "2011-12-31": "-16305.00000", "2010-12-31": "-12819.00000", "2009-12-31": "-2855.00000", "2008-12-31": "-5764.00000", "2007-12-31": "-15340.00000", "2006-12-31": "7065.00000", "2005-12-31": "-5684.00000"}, "Net Cash Flow": {"2020-12-31": "-2047.00000", "2019-12-31": "-789.00000", "2018-12-31": "-385.00000", "2017-12-31": "2715.00000", "2016-12-31": "1242.00000", "2015-12-31": "-2694.00000", "2014-12-31": "-1184.00000", "2013-12-31": "2628.00000", "2012-12-31": "-2162.00000", "2011-12-31": "-3674.00000", "2010-12-31": "8912.00000", "2009-12-31": "-213.00000", "2008-12-31": "-701.00000", "2007-12-31": "639.00000", "2006-12-31": "-1397.00000", "2005-12-31": "827.00000"}, "Stock-Based Compensation": {"2020-12-31": "", "2019-12-31": "", "2018-12-31": "", "2017-12-31": "", "2016-12-31": "", "2015-12-31": "", "2014-12-31": "", "2013-12-31": "", "2012-12-31": "", "2011-12-31": "", "2010-12-31": "", "2009-12-31": "", "2008-12-31": "", "2007-12-31": "", "2006-12-31": "", "2005-12-31": ""}, "Common Stock Dividends Paid": {"2020-12-31": "-1831.00000", "2019-12-31": "-1500.00000", "2018-12-31": "-1363.00000", "2017-12-31": "-1305.00000", "2016-12-31": "-1253.00000", "2015-12-31": "-3664.00000", "2014-12-31": "-3525.00000", "2013-12-31": "-3334.00000", "2012-12-31": "-3278.00000", "2011-12-31": "-3632.00000", "2010-12-31": "-3175.00000", "2009-12-31": "-2832.00000", "2008-12-31": "-2854.00000", "2007-12-31": "-2661.00000", "2006-12-31": "-2277.00000", "2005-12-31": "-1639.00000"}}, "cash flow statement, quarterly": {"Net Income/Loss": {"2020-12-31": -772, "2020-09-30": -450, "2020-06-30": 278, "2020-03-31": "-1711.00000", "2019-12-31": 743, "2019-09-30": 3071, "2019-06-30": 1597, "2019-03-31": "1846.00000", "2018-12-31": 1878, "2018-09-30": 1873, "2018-06-30": 1654, "2018-03-31": "900.00000", "2017-12-31": 1598, "2017-09-30": 436, "2017-06-30": -3426, "2017-03-31": "599.00000", "2016-12-31": -19, "2016-09-30": -1026, "2016-06-30": -1058, "2016-03-31": "-1456.00000", "2015-12-31": -3437, "2015-09-30": -1056, "2015-06-30": -164, "2015-03-31": "286.00000", "2014-12-31": -24, "2014-09-30": 2727, "2014-06-30": 2098, "2014-03-31": "2137.00000", "2013-12-31": 2503, "2013-09-30": 2496, "2013-06-30": 2063, "2013-03-31": "2153.00000", "2012-12-31": 1441, "2012-09-30": 1813, "2012-06-30": 2289, "2012-03-31": "2955.00000", "2011-12-31": 3410, "2011-09-30": 2631, "2011-06-30": 3419, "2011-03-31": "3042.00000", "2010-12-31": 2053, "2010-09-30": 3069, "2010-06-30": 4183, "2010-03-31": "2112.00000", "2009-12-31": 1314, "2009-09-30": 1487, "2009-06-30": 875, "2009-03-31": "816.00000", "2008-12-31": -31096, "2008-09-30": 5203, "2008-06-30": 5456, "2008-03-31": "4158.00000", "2007-12-31": 4458, "2007-09-30": 3673, "2007-06-30": 301, "2007-03-31": "3546.00000", "2006-12-31": 3197, "2006-09-30": 3876, "2006-06-30": 5186, "2006-03-31": "3291.00000", "2005-12-31": 3671, "2005-09-30": 3804, "2005-06-30": 3131, "2005-03-31": "2923.00000"}, "Total Depreciation And Amortization - Cash Flow": {"2020-12-31": 1598, "2020-09-30": 1473, "2020-06-30": 1224, "2020-03-31": "1478.00000", "2019-12-31": 1555, "2019-09-30": 1652, "2019-06-30": 1577, "2019-03-31": "1632.00000", "2018-12-31": 1699, "2018-09-30": 1583, "2018-06-30": 1527, "2018-03-31": "1500.00000", "2017-12-31": 1719, "2017-09-30": 1697, "2017-06-30": 1717, "2017-03-31": "2074.00000", "2016-12-31": 2157, "2016-09-30": 2533, "2016-06-30": 2441, "2016-03-31": "2356.00000", "2015-12-31": 2500, "2015-09-30": 2393, "2015-06-30": 2451, "2015-03-31": "2252.00000", "2014-12-31": 2398, "2014-09-30": 2216, "2014-06-30": 2190, "2014-03-31": "2009.00000", "2013-12-31": 2010, "2013-09-30": 2008, "2013-06-30": 1937, "2013-03-31": "1913.00000", "2012-12-31": 1865, "2012-09-30": 1750, "2012-06-30": 1683, "2012-03-31": "1676.00000", "2011-12-31": 1591, "2011-09-30": 1752, "2011-06-30": 1724, "2011-03-31": "2182.00000", "2010-12-31": 1232, "2010-09-30": 2356, "2010-06-30": 2393, "2010-03-31": "2432.00000", "2009-12-31": 2505, "2009-09-30": 2423, "2009-06-30": 2455, "2009-03-31": "2334.00000", "2008-12-31": 2368, "2008-09-30": 2475, "2008-06-30": 2274, "2008-03-31": "2313.00000", "2007-12-31": 2306, "2007-09-30": 2133, "2007-06-30": 2097, "2007-03-31": "2103.00000", "2006-12-31": 2076, "2006-09-30": 2211, "2006-06-30": 2038, "2006-03-31": "1240.00000", "2005-12-31": 1236, "2005-09-30": 1095, "2005-06-30": 1026, "2005-03-31": "1089.00000"}, "Other Non-Cash Items": {"2020-12-31": 836, "2020-09-30": 205, "2020-06-30": -826, "2020-03-31": "1841.00000", "2019-12-31": 371, "2019-09-30": -2079, "2019-06-30": 248, "2019-03-31": "-530.00000", "2018-12-31": -389, "2018-09-30": 5, "2018-06-30": -16, "2018-03-31": "85.00000", "2017-12-31": -788, "2017-09-30": -1069, "2017-06-30": 3350, "2017-03-31": "-845.00000", "2016-12-31": -385, "2016-09-30": -277, "2016-06-30": -154, "2016-03-31": "-228.00000", "2015-12-31": 2757, "2015-09-30": 6, "2015-06-30": 21, "2015-03-31": "-415.00000", "2014-12-31": 881, "2014-09-30": -982, "2014-06-30": 28, "2014-03-31": "1576.00000", "2013-12-31": -528, "2013-09-30": -624, "2013-06-30": 425, "2013-03-31": "-318.00000", "2012-12-31": 936, "2012-09-30": 254, "2012-06-30": -856, "2012-03-31": "-645.00000", "2011-12-31": 1487, "2011-09-30": 69, "2011-06-30": 236, "2011-03-31": "-1187.00000", "2010-12-31": 673, "2010-09-30": -1740, "2010-06-30": -3195, "2010-03-31": "-525.00000", "2009-12-31": 636, "2009-09-30": -1050, "2009-06-30": -362, "2009-03-31": "-416.00000", "2008-12-31": 33047, "2008-09-30": -520, "2008-06-30": -793, "2008-03-31": "-1208.00000", "2007-12-31": -145, "2007-09-30": -549, "2007-06-30": 3998, "2007-03-31": "-926.00000", "2006-12-31": 719, "2006-09-30": 275, "2006-06-30": -844, "2006-03-31": "-67.00000", "2005-12-31": 363, "2005-09-30": 20, "2005-06-30": -165, "2005-03-31": "-811.00000"}, "Total Non-Cash Items": {"2020-12-31": 2434, "2020-09-30": 1678, "2020-06-30": 398, "2020-03-31": "3319.00000", "2019-12-31": 1926, "2019-09-30": -427, "2019-06-30": 1825, "2019-03-31": "1102.00000", "2018-12-31": 1310, "2018-09-30": 1588, "2018-06-30": 1511, "2018-03-31": "1585.00000", "2017-12-31": 931, "2017-09-30": 628, "2017-06-30": 5067, "2017-03-31": "1229.00000", "2016-12-31": 1772, "2016-09-30": 2256, "2016-06-30": 2287, "2016-03-31": "2128.00000", "2015-12-31": 5257, "2015-09-30": 2399, "2015-06-30": 2472, "2015-03-31": "1837.00000", "2014-12-31": 3279, "2014-09-30": 1234, "2014-06-30": 2218, "2014-03-31": "3585.00000", "2013-12-31": 1482, "2013-09-30": 1384, "2013-06-30": 2362, "2013-03-31": "1595.00000", "2012-12-31": 2801, "2012-09-30": 2004, "2012-06-30": 827, "2012-03-31": "1031.00000", "2011-12-31": 3078, "2011-09-30": 1821, "2011-06-30": 1960, "2011-03-31": "995.00000", "2010-12-31": 1905, "2010-09-30": 616, "2010-06-30": -802, "2010-03-31": "1907.00000", "2009-12-31": 3141, "2009-09-30": 1373, "2009-06-30": 2093, "2009-03-31": "1918.00000", "2008-12-31": 35415, "2008-09-30": 1955, "2008-06-30": 1481, "2008-03-31": "1105.00000", "2007-12-31": 2161, "2007-09-30": 1584, "2007-06-30": 6095, "2007-03-31": "1177.00000", "2006-12-31": 2795, "2006-09-30": 2486, "2006-06-30": 1194, "2006-03-31": "1173.00000", "2005-12-31": 1599, "2005-09-30": 1115, "2005-06-30": 861, "2005-03-31": "278.00000"}, "Change In Accounts Receivable": {"2020-12-31": -1132, "2020-09-30": -614, "2020-06-30": 705, "2020-03-31": "1041.00000", "2019-12-31": 172, "2019-09-30": -128, "2019-06-30": 282, "2019-03-31": "179.00000", "2018-12-31": 382, "2018-09-30": -602, "2018-06-30": 316, "2018-03-31": "139.00000", "2017-12-31": -951, "2017-09-30": -248, "2017-06-30": 235, "2017-03-31": "78.00000", "2016-12-31": -292, "2016-09-30": 15, "2016-06-30": 548, "2016-03-31": "549.00000", "2015-12-31": -103, "2015-09-30": 494, "2015-06-30": 51, "2015-03-31": "1368.00000", "2014-12-31": 593, "2014-09-30": 554, "2014-06-30": 370, "2014-03-31": "-290.00000", "2013-12-31": -78, "2013-09-30": 163, "2013-06-30": 410, "2013-03-31": "249.00000", "2012-12-31": -104, "2012-09-30": -1376, "2012-06-30": -552, "2012-03-31": "166.00000", "2011-12-31": -829, "2011-09-30": 697, "2011-06-30": -125, "2011-03-31": "-681.00000", "2010-12-31": 1, "2010-09-30": -348, "2010-06-30": -6, "2010-03-31": "677.00000", "2009-12-31": -1012, "2009-09-30": -159, "2009-06-30": -1795, "2009-03-31": "1860.00000", "2008-12-31": 4468, "2008-09-30": 3382, "2008-06-30": -2900, "2008-03-31": "-725.00000", "2007-12-31": -2903, "2007-09-30": 201, "2007-06-30": -79, "2007-03-31": "289.00000", "2006-12-31": -1078, "2006-09-30": -618, "2006-06-30": 240, "2006-03-31": "550.00000", "2005-12-31": -1396, "2005-09-30": -1490, "2005-06-30": 695, "2005-03-31": "-954.00000"}, "Change In Inventories": {"2020-12-31": 74, "2020-09-30": -47, "2020-06-30": -304, "2020-03-31": "277.00000", "2019-12-31": -65, "2019-09-30": 75, "2019-06-30": -73, "2019-03-31": "-4.00000", "2018-12-31": 251, "2018-09-30": -144, "2018-06-30": -33, "2018-03-31": "12.00000", "2017-12-31": -40, "2017-09-30": -12, "2017-06-30": 73, "2017-03-31": "-76.00000", "2016-12-31": 22, "2016-09-30": 45, "2016-06-30": -84, "2016-03-31": "61.00000", "2015-12-31": 7, "2015-09-30": 117, "2015-06-30": -35, "2015-03-31": "77.00000", "2014-12-31": -31, "2014-09-30": -59, "2014-06-30": -76, "2014-03-31": "-27.00000", "2013-12-31": 23, "2013-09-30": -122, "2013-06-30": -2, "2013-03-31": "-177.00000", "2012-12-31": 209, "2012-09-30": -23, "2012-06-30": -59, "2012-03-31": "83.00000", "2011-12-31": -89, "2011-09-30": -85, "2011-06-30": 2762, "2011-03-31": "-2669.00000", "2010-12-31": 2855, "2010-09-30": -497, "2010-06-30": 38, "2010-03-31": "-2439.00000", "2009-12-31": 1346, "2009-09-30": -53, "2009-06-30": 481, "2009-03-31": "-1454.00000", "2008-12-31": 1388, "2008-09-30": -172, "2008-06-30": 246, "2008-03-31": "-2783.00000", "2007-12-31": 1101, "2007-09-30": -63, "2007-06-30": 415, "2007-03-31": "-686.00000", "2006-12-31": 1093, "2006-09-30": 245, "2006-06-30": -863, "2006-03-31": "-1304.00000", "2005-12-31": 1093, "2005-09-30": 5, "2005-06-30": -377, "2005-03-31": "-903.00000"}, "Change In Accounts Payable": {"2020-12-31": 583, "2020-09-30": 171, "2020-06-30": -457, "2020-03-31": "-297.00000", "2019-12-31": 98, "2019-09-30": -150, "2019-06-30": -184, "2019-03-31": "-142.00000", "2018-12-31": -9, "2018-09-30": 239, "2018-06-30": -101, "2018-03-31": "-181.00000", "2017-12-31": 477, "2017-09-30": -34, "2017-06-30": -49, "2017-03-31": "-129.00000", "2016-12-31": -9, "2016-09-30": -61, "2016-06-30": 0, "2016-03-31": "-454.00000", "2015-12-31": -29, "2015-09-30": -260, "2015-06-30": -254, "2015-03-31": "-1104.00000", "2014-12-31": -382, "2014-09-30": -568, "2014-06-30": -366, "2014-03-31": "353.00000", "2013-12-31": -86, "2013-09-30": -70, "2013-06-30": -134, "2013-03-31": "528.00000", "2012-12-31": 79, "2012-09-30": 829, "2012-06-30": 250, "2012-03-31": "-55.00000", "2011-12-31": 404, "2011-09-30": 346, "2011-06-30": -1206, "2011-03-31": "1753.00000", "2010-12-31": -419, "2010-09-30": 507, "2010-06-30": -502, "2010-03-31": "396.00000", "2009-12-31": 702, "2009-09-30": -110, "2009-06-30": 1549, "2009-03-31": "-529.00000", "2008-12-31": -5507, "2008-09-30": -3848, "2008-06-30": 2659, "2008-03-31": "2822.00000", "2007-12-31": 1720, "2007-09-30": -45, "2007-06-30": -442, "2007-03-31": "1539.00000", "2006-12-31": 476, "2006-09-30": -383, "2006-06-30": 456, "2006-03-31": "108.00000", "2005-12-31": 408, "2005-09-30": 1239, "2005-06-30": -235, "2005-03-31": "1744.00000"}, "Change In Assets/Liabilities": {"2020-12-31": -323, "2020-09-30": 100, "2020-06-30": -70, "2020-03-31": "-79.00000", "2019-12-31": 66, "2019-09-30": 120, "2019-06-30": -211, "2019-03-31": "62.00000", "2018-12-31": -4, "2018-09-30": 97, "2018-06-30": -126, "2018-03-31": "-22.00000", "2017-12-31": 81, "2017-09-30": 123, "2017-06-30": -145, "2017-03-31": "10.00000", "2016-12-31": 59, "2016-09-30": 97, "2016-06-30": -60, "2016-03-31": "9.00000", "2015-12-31": -16, "2015-09-30": 102, "2015-06-30": -81, "2015-03-31": "234.00000", "2014-12-31": -1, "2014-09-30": 49, "2014-06-30": -221, "2014-03-31": "-17.00000", "2013-12-31": 89, "2013-09-30": 64, "2013-06-30": -105, "2013-03-31": "-131.00000", "2012-12-31": 137, "2012-09-30": 208, "2012-06-30": 89, "2012-03-31": "79.00000", "2011-12-31": -77, "2011-09-30": 100, "2011-06-30": 223, "2011-03-31": "-546.00000", "2010-12-31": 609, "2010-09-30": -370, "2010-06-30": 309, "2010-03-31": "-398.00000", "2009-12-31": 568, "2009-09-30": 149, "2009-06-30": -234, "2009-03-31": "-201.00000", "2008-12-31": -35, "2008-09-30": 1660, "2008-06-30": -1977, "2008-03-31": "-372.00000", "2007-12-31": 57, "2007-09-30": 145, "2007-06-30": 218, "2007-03-31": "67.00000", "2006-12-31": 297, "2006-09-30": -233, "2006-06-30": -436, "2006-03-31": "", "2005-12-31": 743, "2005-09-30": -974, "2005-06-30": 1, "2005-03-31": "-177.00000"}, "Total Change In Assets/Liabilities": {"2020-12-31": 10, "2020-09-30": -360, "2020-06-30": -519, "2020-03-31": "497.00000", "2019-12-31": 313, "2019-09-30": -307, "2019-06-30": -531, "2019-03-31": "-54.00000", "2018-12-31": 595, "2018-09-30": -51, "2018-06-30": 177, "2018-03-31": "-86.00000", "2017-12-31": -48, "2017-09-30": -9, "2017-06-30": 110, "2017-03-31": "-38.00000", "2016-12-31": -310, "2016-09-30": 50, "2016-06-30": 30, "2016-03-31": "-251.00000", "2015-12-31": -224, "2015-09-30": 591, "2015-06-30": -334, "2015-03-31": "-55.00000", "2014-12-31": -444, "2014-09-30": -90, "2014-06-30": -765, "2014-03-31": "614.00000", "2013-12-31": -20, "2013-09-30": -175, "2013-06-30": -684, "2013-03-31": "982.00000", "2012-12-31": -372, "2012-09-30": -297, "2012-06-30": -766, "2012-03-31": "196.00000", "2011-12-31": -676, "2011-09-30": 1161, "2011-06-30": 895, "2011-03-31": "-2090.00000", "2010-12-31": 2233, "2010-09-30": 654, "2010-06-30": 94, "2010-03-31": "-979.00000", "2009-12-31": 639, "2009-09-30": 73, "2009-06-30": -401, "2009-03-31": "-849.00000", "2008-12-31": -1197, "2008-09-30": 357, "2008-06-30": -1503, "2008-03-31": "1324.00000", "2007-12-31": 301, "2007-09-30": 734, "2007-06-30": -1630, "2007-03-31": "2150.00000", "2006-12-31": -355, "2006-09-30": -127, "2006-06-30": -1536, "2006-03-31": "336.00000", "2005-12-31": -595, "2005-09-30": 1177, "2005-06-30": -1224, "2005-03-31": "888.00000"}, "Cash Flow From Operating Activities": {"2020-12-31": 1672, "2020-09-30": 868, "2020-06-30": 157, "2020-03-31": "2105.00000", "2019-12-31": 2982, "2019-09-30": 2337, "2019-06-30": 2891, "2019-03-31": "2894.00000", "2018-12-31": 3783, "2018-09-30": 3410, "2018-06-30": 3342, "2018-03-31": "2399.00000", "2017-12-31": 2481, "2017-09-30": 1055, "2017-06-30": 1751, "2017-03-31": "1790.00000", "2016-12-31": 1443, "2016-09-30": 1280, "2016-06-30": 1259, "2016-03-31": "421.00000", "2015-12-31": 1596, "2015-09-30": 1934, "2015-06-30": 1974, "2015-03-31": "2068.00000", "2014-12-31": 2811, "2014-09-30": 3871, "2014-06-30": 3551, "2014-03-31": "6336.00000", "2013-12-31": 3965, "2013-09-30": 3705, "2013-06-30": 3741, "2013-03-31": "4730.00000", "2012-12-31": 3870, "2012-09-30": 3520, "2012-06-30": 2350, "2012-03-31": "4182.00000", "2011-12-31": 5812, "2011-09-30": 5613, "2011-06-30": 6274, "2011-03-31": "1947.00000", "2010-12-31": 6191, "2010-09-30": 4339, "2010-06-30": 3475, "2010-03-31": "3040.00000", "2009-12-31": 5094, "2009-09-30": 2933, "2009-06-30": 2567, "2009-03-31": "1885.00000", "2008-12-31": 3122, "2008-09-30": 7515, "2008-06-30": 5434, "2008-03-31": "6587.00000", "2007-12-31": 6920, "2007-09-30": 5991, "2007-06-30": 4766, "2007-03-31": "6873.00000", "2006-12-31": 5637, "2006-09-30": 6235, "2006-06-30": 4844, "2006-03-31": "4800.00000", "2005-12-31": 4675, "2005-09-30": 6096, "2005-06-30": 2768, "2005-03-31": "4089.00000"}, "Net Change In Property, Plant, And Equipment": {"2020-12-31": -1053, "2020-09-30": -1133, "2020-06-30": -112, "2020-03-31": "-1100.00000", "2019-12-31": -1503, "2019-09-30": 544, "2019-06-30": -1170, "2019-03-31": "-1495.00000", "2018-12-31": -929, "2018-09-30": -1513, "2018-06-30": -1860, "2018-03-31": "-1366.00000", "2017-12-31": -1397, "2017-09-30": 1910, "2017-06-30": 9687, "2017-03-31": "-931.00000", "2016-12-31": -132, "2016-09-30": -860, "2016-06-30": -905, "2016-03-31": "-1686.00000", "2015-12-31": -508, "2015-09-30": -2145, "2015-06-30": -2286, "2015-03-31": "-3159.00000", "2014-12-31": -4187, "2014-09-30": -3217, "2014-06-30": -4231, "2014-03-31": "-3847.00000", "2013-12-31": 2789, "2013-09-30": -2686, "2013-06-30": -3163, "2013-03-31": "-2257.00000", "2012-12-31": -3408, "2012-09-30": -2757, "2012-06-30": -3159, "2012-03-31": "-2716.00000", "2011-12-31": -2229, "2011-09-30": -3266, "2011-06-30": -2430, "2011-03-31": "-1097.00000", "2010-12-31": 1313, "2010-09-30": 3999, "2010-06-30": 3802, "2010-03-31": "-1939.00000", "2009-12-31": -2353, "2009-09-30": -1892, "2009-06-30": -2526, "2009-03-31": "-2820.00000", "2008-12-31": -7653, "2008-09-30": -3527, "2008-06-30": -3327, "2008-03-31": "-2952.00000", "2007-12-31": -3369, "2007-09-30": -1718, "2007-06-30": -1628, "2007-03-31": "-1504.00000", "2006-12-31": -3784, "2006-09-30": -3424, "2006-06-30": -3334, "2006-03-31": "-4509.00000", "2005-12-31": -2887, "2005-09-30": -3326, "2005-06-30": -2904, "2005-03-31": "-1735.00000"}, "Net Change In Intangible Assets": {"2020-12-31": 0, "2020-09-30": 0, "2020-06-30": 0, "2020-03-31": "", "2019-12-31": 0, "2019-09-30": 0, "2019-06-30": 0, "2019-03-31": "", "2018-12-31": 0, "2018-09-30": 0, "2018-06-30": 0, "2018-03-31": "", "2017-12-31": 0, "2017-09-30": 0, "2017-06-30": 0, "2017-03-31": "", "2016-12-31": 0, "2016-09-30": 0, "2016-06-30": 0, "2016-03-31": "", "2015-12-31": 0, "2015-09-30": 0, "2015-06-30": 0, "2015-03-31": "", "2014-12-31": 0, "2014-09-30": 0, "2014-06-30": 0, "2014-03-31": "", "2013-12-31": 0, "2013-09-30": 0, "2013-06-30": 0, "2013-03-31": "", "2012-12-31": 0, "2012-09-30": 0, "2012-06-30": 0, "2012-03-31": "", "2011-12-31": 0, "2011-09-30": 0, "2011-06-30": 0, "2011-03-31": "", "2010-12-31": 0, "2010-09-30": 0, "2010-06-30": 0, "2010-03-31": "", "2009-12-31": 0, "2009-09-30": 0, "2009-06-30": 0, "2009-03-31": "", "2008-12-31": 0, "2008-09-30": 0, "2008-06-30": 0, "2008-03-31": "", "2007-12-31": 0, "2007-09-30": 0, "2007-06-30": 0, "2007-03-31": "", "2006-12-31": 0, "2006-09-30": 0, "2006-06-30": 0, "2006-03-31": "", "2005-12-31": 0, "2005-09-30": 0, "2005-06-30": 0, "2005-03-31": ""}, "Net Acquisitions/Divestitures": {"2020-12-31": 0, "2020-09-30": 0, "2020-06-30": 0, "2020-03-31": "", "2019-12-31": 0, "2019-09-30": 0, "2019-06-30": 0, "2019-03-31": "", "2018-12-31": 0, "2018-09-30": 0, "2018-06-30": 0, "2018-03-31": "", "2017-12-31": 0, "2017-09-30": 0, "2017-06-30": 0, "2017-03-31": "", "2016-12-31": 0, "2016-09-30": 0, "2016-06-30": 0, "2016-03-31": "", "2015-12-31": 0, "2015-09-30": 0, "2015-06-30": 0, "2015-03-31": "", "2014-12-31": 0, "2014-09-30": 0, "2014-06-30": 0, "2014-03-31": "", "2013-12-31": 0, "2013-09-30": 0, "2013-06-30": 0, "2013-03-31": "", "2012-12-31": 0, "2012-09-30": 0, "2012-06-30": 0, "2012-03-31": "", "2011-12-31": 0, "2011-09-30": 0, "2011-06-30": 0, "2011-03-31": "", "2010-12-31": 0, "2010-09-30": 0, "2010-06-30": 0, "2010-03-31": "", "2009-12-31": 0, "2009-09-30": 0, "2009-06-30": 0, "2009-03-31": "", "2008-12-31": 0, "2008-09-30": 0, "2008-06-30": 0, "2008-03-31": "", "2007-12-31": 0, "2007-09-30": 0, "2007-06-30": 0, "2007-03-31": "", "2006-12-31": 0, "2006-09-30": -1, "2006-06-30": -94, "2006-03-31": "-14190.00000", "2005-12-31": 0, "2005-09-30": 0, "2005-06-30": 0, "2005-03-31": ""}, "Net Change In Short-term Investments": {"2020-12-31": 431, "2020-09-30": -59, "2020-06-30": -95, "2020-03-31": "-935.00000", "2019-12-31": -2245, "2019-09-30": -180, "2019-06-30": -484, "2019-03-31": "-1.00000", "2018-12-31": 624, "2018-09-30": -261, "2018-06-30": -336, "2018-03-31": "1593.00000", "2017-12-31": 793, "2017-09-30": 70, "2017-06-30": -2450, "2017-03-31": "-203.00000", "2016-12-31": 178, "2016-09-30": 1063, "2016-06-30": -990, "2016-03-31": "-302.00000", "2015-12-31": 0, "2015-09-30": 0, "2015-06-30": 0, "2015-03-31": "", "2014-12-31": 362, "2014-09-30": -101, "2014-06-30": -71, "2014-03-31": "63.00000", "2013-12-31": -264, "2013-09-30": 75, "2013-06-30": -51, "2013-03-31": "-23.00000", "2012-12-31": 0, "2012-09-30": 0, "2012-06-30": 505, "2012-03-31": "92.00000", "2011-12-31": 2023, "2011-09-30": -29, "2011-06-30": -424, "2011-03-31": "-1170.00000", "2010-12-31": -982, "2010-09-30": 0, "2010-06-30": 0, "2010-03-31": "0.00000", "2009-12-31": 0, "2009-09-30": 0, "2009-06-30": 0, "2009-03-31": "", "2008-12-31": 0, "2008-09-30": 0, "2008-06-30": 0, "2008-03-31": "", "2007-12-31": 0, "2007-09-30": 0, "2007-06-30": 0, "2007-03-31": "", "2006-12-31": 0, "2006-09-30": 0, "2006-06-30": 0, "2006-03-31": "", "2005-12-31": 0, "2005-09-30": 0, "2005-06-30": 0, "2005-03-31": ""}, "Net Change In Long-Term Investments": {"2020-12-31": 0, "2020-09-30": 0, "2020-06-30": 0, "2020-03-31": "", "2019-12-31": 0, "2019-09-30": 0, "2019-06-30": 0, "2019-03-31": "", "2018-12-31": 0, "2018-09-30": 0, "2018-06-30": 0, "2018-03-31": "", "2017-12-31": 0, "2017-09-30": 0, "2017-06-30": 0, "2017-03-31": "", "2016-12-31": 0, "2016-09-30": 0, "2016-06-30": 0, "2016-03-31": "", "2015-12-31": 0, "2015-09-30": 0, "2015-06-30": 0, "2015-03-31": "", "2014-12-31": 0, "2014-09-30": 0, "2014-06-30": 0, "2014-03-31": "", "2013-12-31": 0, "2013-09-30": 0, "2013-06-30": 0, "2013-03-31": "", "2012-12-31": 0, "2012-09-30": 0, "2012-06-30": 0, "2012-03-31": "", "2011-12-31": 0, "2011-09-30": 0, "2011-06-30": 0, "2011-03-31": "", "2010-12-31": 0, "2010-09-30": 0, "2010-06-30": 0, "2010-03-31": "", "2009-12-31": 0, "2009-09-30": 0, "2009-06-30": 0, "2009-03-31": "", "2008-12-31": 0, "2008-09-30": 0, "2008-06-30": 0, "2008-03-31": "", "2007-12-31": 0, "2007-09-30": 0, "2007-06-30": 0, "2007-03-31": "", "2006-12-31": 0, "2006-09-30": 0, "2006-06-30": 0, "2006-03-31": "", "2005-12-31": 0, "2005-09-30": 0, "2005-06-30": 0, "2005-03-31": ""}, "Net Change In Investments - Total": {"2020-12-31": 431, "2020-09-30": -59, "2020-06-30": -95, "2020-03-31": "-935.00000", "2019-12-31": -2245, "2019-09-30": -180, "2019-06-30": -484, "2019-03-31": "-1.00000", "2018-12-31": 624, "2018-09-30": -261, "2018-06-30": -336, "2018-03-31": "1593.00000", "2017-12-31": 793, "2017-09-30": 70, "2017-06-30": -2450, "2017-03-31": "-203.00000", "2016-12-31": 178, "2016-09-30": 1063, "2016-06-30": -990, "2016-03-31": "-302.00000", "2015-12-31": 0, "2015-09-30": 0, "2015-06-30": 0, "2015-03-31": "", "2014-12-31": 362, "2014-09-30": -101, "2014-06-30": -71, "2014-03-31": "63.00000", "2013-12-31": -264, "2013-09-30": 75, "2013-06-30": -51, "2013-03-31": "-23.00000", "2012-12-31": 0, "2012-09-30": 0, "2012-06-30": 505, "2012-03-31": "92.00000", "2011-12-31": 2023, "2011-09-30": -29, "2011-06-30": -424, "2011-03-31": "-1170.00000", "2010-12-31": -982, "2010-09-30": 0, "2010-06-30": 0, "2010-03-31": "", "2009-12-31": 0, "2009-09-30": 0, "2009-06-30": 0, "2009-03-31": "", "2008-12-31": 0, "2008-09-30": 0, "2008-06-30": 0, "2008-03-31": "", "2007-12-31": 0, "2007-09-30": 0, "2007-06-30": 0, "2007-03-31": "", "2006-12-31": 0, "2006-09-30": 0, "2006-06-30": 0, "2006-03-31": "", "2005-12-31": 0, "2005-09-30": 0, "2005-06-30": 0, "2005-03-31": ""}, "Investing Activities - Other": {"2020-12-31": 79, "2020-09-30": 76, "2020-06-30": -323, "2020-03-31": "103.00000", "2019-12-31": -82, "2019-09-30": -214, "2019-06-30": 193, "2019-03-31": "19.00000", "2018-12-31": 127, "2018-09-30": 136, "2018-06-30": 247, "2018-03-31": "-305.00000", "2017-12-31": 135, "2017-09-30": 28, "2017-06-30": -40, "2017-03-31": "160.00000", "2016-12-31": 7, "2016-09-30": 72, "2016-06-30": -227, "2016-03-31": "-77.00000", "2015-12-31": -118, "2015-09-30": -104, "2015-06-30": -180, "2015-03-31": "-155.00000", "2014-12-31": 254, "2014-09-30": -184, "2014-06-30": 108, "2014-03-31": "86.00000", "2013-12-31": -264, "2013-09-30": -107, "2013-06-30": -201, "2013-03-31": "-153.00000", "2012-12-31": 479, "2012-09-30": -16, "2012-06-30": -261, "2012-03-31": "-386.00000", "2011-12-31": 1330, "2011-09-30": 50, "2011-06-30": 171, "2011-03-31": "56.00000", "2010-12-31": -1450, "2010-09-30": 102, "2010-06-30": 38, "2010-03-31": "-218.00000", "2009-12-31": -153, "2009-09-30": -29, "2009-06-30": -56, "2009-03-31": "-106.00000", "2008-12-31": 195, "2008-09-30": -209, "2008-06-30": -83, "2008-03-31": "-60.00000", "2007-12-31": 16, "2007-09-30": -118, "2007-06-30": -97, "2007-03-31": "-144.00000", "2006-12-31": -140, "2006-09-30": -251, "2006-06-30": -151, "2006-03-31": "-115.00000", "2005-12-31": -135, "2005-09-30": -58, "2005-06-30": 4, "2005-03-31": "25.00000"}, "Cash Flow From Investing Activities": {"2020-12-31": -543, "2020-09-30": -1116, "2020-06-30": -530, "2020-03-31": "-1932.00000", "2019-12-31": -3830, "2019-09-30": 150, "2019-06-30": -1461, "2019-03-31": "-1477.00000", "2018-12-31": -178, "2018-09-30": -1638, "2018-06-30": -1949, "2018-03-31": "-78.00000", "2017-12-31": -469, "2017-09-30": 2008, "2017-06-30": 7197, "2017-03-31": "-974.00000", "2016-12-31": 53, "2016-09-30": 275, "2016-06-30": -2122, "2016-03-31": "-2065.00000", "2015-12-31": -626, "2015-09-30": -2249, "2015-06-30": -2466, "2015-03-31": "-3314.00000", "2014-12-31": -3571, "2014-09-30": -3502, "2014-06-30": -4194, "2014-03-31": "-3698.00000", "2013-12-31": 2261, "2013-09-30": -2718, "2013-06-30": -3415, "2013-03-31": "-2433.00000", "2012-12-31": -2929, "2012-09-30": -2773, "2012-06-30": -2915, "2012-03-31": "-3010.00000", "2011-12-31": 1124, "2011-09-30": -3245, "2011-06-30": -2683, "2011-03-31": "-2211.00000", "2010-12-31": -1119, "2010-09-30": 4101, "2010-06-30": 3840, "2010-03-31": "-2157.00000", "2009-12-31": -2506, "2009-09-30": -1921, "2009-06-30": -2582, "2009-03-31": "-2926.00000", "2008-12-31": -7458, "2008-09-30": -3736, "2008-06-30": -3410, "2008-03-31": "-3012.00000", "2007-12-31": -3353, "2007-09-30": -1836, "2007-06-30": -1725, "2007-03-31": "-1648.00000", "2006-12-31": -3924, "2006-09-30": -3676, "2006-06-30": -3579, "2006-03-31": "-18814.00000", "2005-12-31": -3022, "2005-09-30": -3384, "2005-06-30": -2900, "2005-03-31": "-1710.00000"}, "Net Long-Term Debt": {"2020-12-31": -20, "2020-09-30": 280, "2020-06-30": -190, "2020-03-31": "-24.00000", "2019-12-31": -21, "2019-09-30": -21, "2019-06-30": -19, "2019-03-31": "-19.00000", "2018-12-31": -25, "2018-09-30": -18, "2018-06-30": -2064, "2018-03-31": "-2888.00000", "2017-12-31": -1282, "2017-09-30": -2515, "2017-06-30": -3240, "2017-03-31": "-839.00000", "2016-12-31": -1412, "2016-09-30": -12, "2016-06-30": -763, "2016-03-31": "4530.00000", "2015-12-31": -11, "2015-09-30": -30, "2015-06-30": 2493, "2015-03-31": "-57.00000", "2014-12-31": 1485, "2014-09-30": -55, "2014-06-30": 0, "2014-03-31": "-450.00000", "2013-12-31": 0, "2013-09-30": -48, "2013-06-30": -850, "2013-03-31": "-48.00000", "2012-12-31": 614, "2012-09-30": -1967, "2012-06-30": 831, "2012-03-31": "-47.00000", "2011-12-31": -515, "2011-09-30": -41, "2011-06-30": -5, "2011-03-31": "-373.00000", "2010-12-31": 32, "2010-09-30": -2838, "2010-06-30": -2717, "2010-03-31": "347.00000", "2009-12-31": -1795, "2009-09-30": 104, "2009-06-30": 989, "2009-03-31": "1931.00000", "2008-12-31": 5353, "2008-09-30": 183, "2008-06-30": 426, "2008-03-31": "-202.00000", "2007-12-31": -202, "2007-09-30": -961, "2007-06-30": -865, "2007-03-31": "-3491.00000", "2006-12-31": -706, "2006-09-30": -1630, "2006-06-30": -2756, "2006-03-31": "15324.00000", "2005-12-31": -1038, "2005-09-30": -513, "2005-06-30": -13, "2005-03-31": "-986.00000"}, "Net Current Debt": {"2020-12-31": 0, "2020-09-30": 0, "2020-06-30": 0, "2020-03-31": "", "2019-12-31": 0, "2019-09-30": 0, "2019-06-30": 0, "2019-03-31": "", "2018-12-31": 0, "2018-09-30": 0, "2018-06-30": 0, "2018-03-31": "", "2017-12-31": 0, "2017-09-30": 0, "2017-06-30": 0, "2017-03-31": "", "2016-12-31": 0, "2016-09-30": 0, "2016-06-30": 0, "2016-03-31": "", "2015-12-31": 0, "2015-09-30": 0, "2015-06-30": 0, "2015-03-31": "", "2014-12-31": 0, "2014-09-30": 0, "2014-06-30": 0, "2014-03-31": "", "2013-12-31": 0, "2013-09-30": 0, "2013-06-30": 0, "2013-03-31": "", "2012-12-31": 0, "2012-09-30": 0, "2012-06-30": 0, "2012-03-31": "", "2011-12-31": 0, "2011-09-30": 0, "2011-06-30": 0, "2011-03-31": "", "2010-12-31": 0, "2010-09-30": 0, "2010-06-30": 0, "2010-03-31": "", "2009-12-31": 0, "2009-09-30": 0, "2009-06-30": 0, "2009-03-31": "", "2008-12-31": 0, "2008-09-30": 0, "2008-06-30": 0, "2008-03-31": "", "2007-12-31": 0, "2007-09-30": 0, "2007-06-30": 0, "2007-03-31": "", "2006-12-31": 0, "2006-09-30": 0, "2006-06-30": 0, "2006-03-31": "", "2005-12-31": 0, "2005-09-30": 0, "2005-06-30": 0, "2005-03-31": ""}, "Debt Issuance/Retirement Net - Total": {"2020-12-31": -20, "2020-09-30": 280, "2020-06-30": -190, "2020-03-31": "-24.00000", "2019-12-31": -21, "2019-09-30": -21, "2019-06-30": -19, "2019-03-31": "-19.00000", "2018-12-31": -25, "2018-09-30": -18, "2018-06-30": -2064, "2018-03-31": "-2888.00000", "2017-12-31": -1282, "2017-09-30": -2515, "2017-06-30": -3240, "2017-03-31": "-839.00000", "2016-12-31": -1412, "2016-09-30": -12, "2016-06-30": -763, "2016-03-31": "4530.00000", "2015-12-31": -11, "2015-09-30": -30, "2015-06-30": 2493, "2015-03-31": "-57.00000", "2014-12-31": 1485, "2014-09-30": -55, "2014-06-30": 0, "2014-03-31": "-450.00000", "2013-12-31": 0, "2013-09-30": -48, "2013-06-30": -850, "2013-03-31": "-48.00000", "2012-12-31": 614, "2012-09-30": -1967, "2012-06-30": 831, "2012-03-31": "-47.00000", "2011-12-31": -515, "2011-09-30": -41, "2011-06-30": -5, "2011-03-31": "-373.00000", "2010-12-31": 32, "2010-09-30": -2838, "2010-06-30": -2717, "2010-03-31": "347.00000", "2009-12-31": -1795, "2009-09-30": 104, "2009-06-30": 989, "2009-03-31": "1931.00000", "2008-12-31": 5353, "2008-09-30": 183, "2008-06-30": 426, "2008-03-31": "-202.00000", "2007-12-31": -202, "2007-09-30": -961, "2007-06-30": -865, "2007-03-31": "-3491.00000", "2006-12-31": -706, "2006-09-30": -1630, "2006-06-30": -2756, "2006-03-31": "15324.00000", "2005-12-31": -1038, "2005-09-30": -513, "2005-06-30": -13, "2005-03-31": "-986.00000"}, "Net Common Equity Issued/Repurchased": {"2020-12-31": -169, "2020-09-30": -4, "2020-06-30": 0, "2020-03-31": "-724.00000", "2019-12-31": -740, "2019-09-30": -752, "2019-06-30": -1248, "2019-03-31": "-790.00000", "2018-12-31": -926, "2018-09-30": -848, "2018-06-30": -586, "2018-03-31": "-518.00000", "2017-12-31": -953, "2017-09-30": -972, "2017-06-30": -980, "2017-03-31": "-158.00000", "2016-12-31": -137, "2016-09-30": -7, "2016-06-30": -3, "2016-03-31": "-42.00000", "2015-12-31": -13, "2015-09-30": -23, "2015-06-30": -12, "2015-03-31": "-34.00000", "2014-12-31": 8, "2014-09-30": -19, "2014-06-30": 78, "2014-03-31": "-32.00000", "2013-12-31": 8, "2013-09-30": 17, "2013-06-30": 5, "2013-03-31": "-10.00000", "2012-12-31": 55, "2012-09-30": -111, "2012-06-30": -3041, "2012-03-31": "-1863.00000", "2011-12-31": -3152, "2011-09-30": -3189, "2011-06-30": -3125, "2011-03-31": "-1561.00000", "2010-12-31": -2534, "2010-09-30": -844, "2010-06-30": -364, "2010-03-31": "9.00000", "2009-12-31": 24, "2009-09-30": 10, "2009-06-30": 0, "2009-03-31": "-21.00000", "2008-12-31": -733, "2008-09-30": -2495, "2008-06-30": -2334, "2008-03-31": "-2489.00000", "2007-12-31": -2466, "2007-09-30": -2431, "2007-06-30": -859, "2007-03-31": "-960.00000", "2006-12-31": -175, "2006-09-30": -209, "2006-06-30": -361, "2006-03-31": "40.00000", "2005-12-31": -734, "2005-09-30": -475, "2005-06-30": -274, "2005-03-31": "-39.00000"}, "Net Total Equity Issued/Repurchased": {"2020-12-31": -169, "2020-09-30": -4, "2020-06-30": 0, "2020-03-31": "-724.00000", "2019-12-31": -740, "2019-09-30": -752, "2019-06-30": -1248, "2019-03-31": "-790.00000", "2018-12-31": -926, "2018-09-30": -848, "2018-06-30": -586, "2018-03-31": "-518.00000", "2017-12-31": -953, "2017-09-30": -972, "2017-06-30": -980, "2017-03-31": "-158.00000", "2016-12-31": -137, "2016-09-30": -7, "2016-06-30": -3, "2016-03-31": "-42.00000", "2015-12-31": -13, "2015-09-30": -23, "2015-06-30": -12, "2015-03-31": "-34.00000", "2014-12-31": 8, "2014-09-30": -19, "2014-06-30": 78, "2014-03-31": "-32.00000", "2013-12-31": 8, "2013-09-30": 17, "2013-06-30": 5, "2013-03-31": "-10.00000", "2012-12-31": 55, "2012-09-30": -111, "2012-06-30": -3041, "2012-03-31": "-1863.00000", "2011-12-31": -3152, "2011-09-30": -3189, "2011-06-30": -3125, "2011-03-31": "-1561.00000", "2010-12-31": -2534, "2010-09-30": -844, "2010-06-30": -364, "2010-03-31": "9.00000", "2009-12-31": 24, "2009-09-30": 10, "2009-06-30": 0, "2009-03-31": "-21.00000", "2008-12-31": -733, "2008-09-30": -2495, "2008-06-30": -2334, "2008-03-31": "-2489.00000", "2007-12-31": -2466, "2007-09-30": -2431, "2007-06-30": -859, "2007-03-31": "-960.00000", "2006-12-31": -175, "2006-09-30": -209, "2006-06-30": -361, "2006-03-31": "40.00000", "2005-12-31": -734, "2005-09-30": -475, "2005-06-30": -274, "2005-03-31": "-39.00000"}, "Total Common And Preferred Stock Dividends Paid": {"2020-12-31": -464, "2020-09-30": -454, "2020-06-30": -455, "2020-03-31": "-458.00000", "2019-12-31": -463, "2019-09-30": -341, "2019-06-30": -346, "2019-03-31": "-350.00000", "2018-12-31": -354, "2018-09-30": -334, "2018-06-30": -337, "2018-03-31": "-338.00000", "2017-12-31": -319, "2017-09-30": -324, "2017-06-30": -331, "2017-03-31": "-331.00000", "2016-12-31": -313, "2016-09-30": -314, "2016-06-30": -313, "2016-03-31": "-313.00000", "2015-12-31": -923, "2015-09-30": -922, "2015-06-30": -909, "2015-03-31": "-910.00000", "2014-12-31": -907, "2014-09-30": -907, "2014-06-30": -856, "2014-03-31": "-855.00000", "2013-12-31": -853, "2013-09-30": -852, "2013-06-30": -814, "2013-03-31": "-815.00000", "2012-12-31": -809, "2012-09-30": -808, "2012-06-30": -818, "2012-03-31": "-843.00000", "2011-12-31": -871, "2011-09-30": -900, "2011-06-30": -917, "2011-03-31": "-944.00000", "2010-12-31": -799, "2010-09-30": -816, "2010-06-30": -816, "2010-03-31": "-744.00000", "2009-12-31": -742, "2009-09-30": -697, "2009-06-30": -697, "2009-03-31": "-696.00000", "2008-12-31": -695, "2008-09-30": -710, "2008-06-30": -719, "2008-03-31": "-730.00000", "2007-12-31": -652, "2007-09-30": -667, "2007-06-30": -668, "2007-03-31": "-674.00000", "2006-12-31": -593, "2006-09-30": -593, "2006-06-30": -595, "2006-03-31": "-496.00000", "2005-12-31": -429, "2005-09-30": -430, "2005-06-30": -432, "2005-03-31": "-348.00000"}, "Financial Activities - Other": {"2020-12-31": 1, "2020-09-30": 1, "2020-06-30": -4, "2020-03-31": "-24.00000", "2019-12-31": -46, "2019-09-30": -18, "2019-06-30": -41, "2019-03-31": "-14.00000", "2018-12-31": -12, "2018-09-30": -63, "2018-06-30": -16, "2018-03-31": "-32.00000", "2017-12-31": -32, "2017-09-30": -16, "2017-06-30": -48, "2017-03-31": "-16.00000", "2016-12-31": -44, "2016-09-30": -14, "2016-06-30": -41, "2016-03-31": "-38.00000", "2015-12-31": -28, "2015-09-30": -15, "2015-06-30": -17, "2015-03-31": "-18.00000", "2014-12-31": -44, "2014-09-30": 8, "2014-06-30": -11, "2014-03-31": "-17.00000", "2013-12-31": -3028, "2013-09-30": -202, "2013-06-30": -186, "2013-03-31": "543.00000", "2012-12-31": 1542, "2012-09-30": 2354, "2012-06-30": 947, "2012-03-31": "-517.00000", "2011-12-31": -149, "2011-09-30": -192, "2011-06-30": -188, "2011-03-31": "-183.00000", "2010-12-31": -191, "2010-09-30": -189, "2010-06-30": -169, "2010-03-31": "-186.00000", "2009-12-31": -174, "2009-09-30": -685, "2009-06-30": -203, "2009-03-31": "-203.00000", "2008-12-31": -193, "2008-09-30": -186, "2008-06-30": -44, "2008-03-31": "-196.00000", "2007-12-31": -155, "2007-09-30": -136, "2007-06-30": -104, "2007-03-31": "-49.00000", "2006-12-31": -62, "2006-09-30": -76, "2006-06-30": -20, "2006-03-31": "-27.00000", "2005-12-31": -60, "2005-09-30": -10, "2005-06-30": 33, "2005-03-31": "64.00000"}, "Cash Flow From Financial Activities": {"2020-12-31": -652, "2020-09-30": -177, "2020-06-30": -649, "2020-03-31": "-1230.00000", "2019-12-31": -1270, "2019-09-30": -1132, "2019-06-30": -1654, "2019-03-31": "-1173.00000", "2018-12-31": -1317, "2018-09-30": -1263, "2018-06-30": -3003, "2018-03-31": "-3776.00000", "2017-12-31": -2586, "2017-09-30": -3827, "2017-06-30": -4599, "2017-03-31": "-1344.00000", "2016-12-31": -1906, "2016-09-30": -347, "2016-06-30": -1120, "2016-03-31": "4137.00000", "2015-12-31": -975, "2015-09-30": -990, "2015-06-30": 1555, "2015-03-31": "-1019.00000", "2014-12-31": 542, "2014-09-30": -973, "2014-06-30": -789, "2014-03-31": "-1354.00000", "2013-12-31": -3873, "2013-09-30": -1085, "2013-06-30": -1845, "2013-03-31": "-330.00000", "2012-12-31": 1402, "2012-09-30": -532, "2012-06-30": -2081, "2012-03-31": "-3270.00000", "2011-12-31": -4687, "2011-09-30": -4322, "2011-06-30": -4235, "2011-03-31": "-3061.00000", "2010-12-31": -3492, "2010-09-30": -4687, "2010-06-30": -4066, "2010-03-31": "-574.00000", "2009-12-31": -2687, "2009-09-30": -1268, "2009-06-30": 89, "2009-03-31": "1011.00000", "2008-12-31": 3732, "2008-09-30": -3208, "2008-06-30": -2671, "2008-03-31": "-3617.00000", "2007-12-31": -3475, "2007-09-30": -4195, "2007-06-30": -2496, "2007-03-31": "-5174.00000", "2006-12-31": -1536, "2006-09-30": -2508, "2006-06-30": -3732, "2006-03-31": "14841.00000", "2005-12-31": -2261, "2005-09-30": -1428, "2005-06-30": -686, "2005-03-31": "-1309.00000"}, "Net Cash Flow": {"2020-12-31": 519, "2020-09-30": -394, "2020-06-30": -993, "2020-03-31": "-1179.00000", "2019-12-31": -2096, "2019-09-30": 1261, "2019-06-30": -273, "2019-03-31": "319.00000", "2018-12-31": 2211, "2018-09-30": 483, "2018-06-30": -1749, "2018-03-31": "-1330.00000", "2017-12-31": -586, "2017-09-30": -623, "2017-06-30": 4425, "2017-03-31": "-501.00000", "2016-12-31": -480, "2016-09-30": 1227, "2016-06-30": -2003, "2016-03-31": "2498.00000", "2015-12-31": -45, "2015-09-30": -1400, "2015-06-30": 1149, "2015-03-31": "-2398.00000", "2014-12-31": -346, "2014-09-30": -734, "2014-06-30": -1378, "2014-03-31": "1274.00000", "2013-12-31": 2363, "2013-09-30": -26, "2013-06-30": -1513, "2013-03-31": "1804.00000", "2012-12-31": 2350, "2012-09-30": 224, "2012-06-30": -2663, "2012-03-31": "-2073.00000", "2011-12-31": 2343, "2011-09-30": -2068, "2011-06-30": -667, "2011-03-31": "-3282.00000", "2010-12-31": 1458, "2010-09-30": 3876, "2010-06-30": 3265, "2010-03-31": "313.00000", "2009-12-31": -99, "2009-09-30": -247, "2009-06-30": 86, "2009-03-31": "47.00000", "2008-12-31": -361, "2008-09-30": 329, "2008-06-30": -636, "2008-03-31": "-33.00000", "2007-12-31": 77, "2007-09-30": -32, "2007-06-30": 551, "2007-03-31": "43.00000", "2006-12-31": 121, "2006-09-30": 42, "2006-06-30": -2354, "2006-03-31": "794.00000", "2005-12-31": -589, "2005-09-30": 1262, "2005-06-30": -880, "2005-03-31": "1034.00000"}, "Stock-Based Compensation": {"2020-12-31": 0, "2020-09-30": 0, "2020-06-30": 0, "2020-03-31": "", "2019-12-31": 0, "2019-09-30": 0, "2019-06-30": 0, "2019-03-31": "", "2018-12-31": 0, "2018-09-30": 0, "2018-06-30": 0, "2018-03-31": "", "2017-12-31": 0, "2017-09-30": 0, "2017-06-30": 0, "2017-03-31": "", "2016-12-31": 0, "2016-09-30": 0, "2016-06-30": 0, "2016-03-31": "", "2015-12-31": 0, "2015-09-30": 0, "2015-06-30": 0, "2015-03-31": "", "2014-12-31": 0, "2014-09-30": 0, "2014-06-30": 0, "2014-03-31": "", "2013-12-31": 0, "2013-09-30": 0, "2013-06-30": 0, "2013-03-31": "", "2012-12-31": 0, "2012-09-30": 0, "2012-06-30": 0, "2012-03-31": "", "2011-12-31": 0, "2011-09-30": 0, "2011-06-30": 0, "2011-03-31": "", "2010-12-31": 0, "2010-09-30": 0, "2010-06-30": 0, "2010-03-31": "", "2009-12-31": 0, "2009-09-30": 0, "2009-06-30": 0, "2009-03-31": "", "2008-12-31": 0, "2008-09-30": 0, "2008-06-30": 0, "2008-03-31": "", "2007-12-31": 0, "2007-09-30": 0, "2007-06-30": 0, "2007-03-31": "", "2006-12-31": 0, "2006-09-30": 0, "2006-06-30": 0, "2006-03-31": "", "2005-12-31": 0, "2005-09-30": 0, "2005-06-30": 0, "2005-03-31": ""}, "Common Stock Dividends Paid": {"2020-12-31": -464, "2020-09-30": -454, "2020-06-30": -455, "2020-03-31": "-458.00000", "2019-12-31": -463, "2019-09-30": -341, "2019-06-30": -346, "2019-03-31": "-350.00000", "2018-12-31": -354, "2018-09-30": -334, "2018-06-30": -337, "2018-03-31": "-338.00000", "2017-12-31": -319, "2017-09-30": -324, "2017-06-30": -331, "2017-03-31": "-331.00000", "2016-12-31": -313, "2016-09-30": -314, "2016-06-30": -313, "2016-03-31": "-313.00000", "2015-12-31": -923, "2015-09-30": -922, "2015-06-30": -909, "2015-03-31": "-910.00000", "2014-12-31": -907, "2014-09-30": -907, "2014-06-30": -856, "2014-03-31": "-855.00000", "2013-12-31": -853, "2013-09-30": -852, "2013-06-30": -814, "2013-03-31": "-815.00000", "2012-12-31": -809, "2012-09-30": -808, "2012-06-30": -818, "2012-03-31": "-843.00000", "2011-12-31": -871, "2011-09-30": -900, "2011-06-30": -917, "2011-03-31": "-944.00000", "2010-12-31": -799, "2010-09-30": -816, "2010-06-30": -816, "2010-03-31": "-744.00000", "2009-12-31": -742, "2009-09-30": -697, "2009-06-30": -697, "2009-03-31": "-696.00000", "2008-12-31": -695, "2008-09-30": -710, "2008-06-30": -719, "2008-03-31": "-730.00000", "2007-12-31": -652, "2007-09-30": -667, "2007-06-30": -668, "2007-03-31": "-674.00000", "2006-12-31": -593, "2006-09-30": -593, "2006-06-30": -595, "2006-03-31": "-496.00000", "2005-12-31": -429, "2005-09-30": -430, "2005-06-30": -432, "2005-03-31": "-348.00000"}}, "financial ratios": {"Current Ratio": {"2019-12-31": "2.40140", "2018-12-31": "1.79500", "2017-12-31": "1.75720", "2016-12-31": "1.24610", "2015-12-31": "0.94950", "2014-12-31": "1.30610", "2013-12-31": "1.25740", "2012-12-31": "1.37530", "2011-12-31": "1.07660", "2010-12-31": "1.26410", "2009-12-31": "0.89330", "2008-12-31": "0.95700", "2007-12-31": "0.92010", "2006-12-31": "0.94840", "2005-12-31": "0.91820"}, "Long-term Debt / Capital": {"2019-12-31": "0.29670", "2018-12-31": "0.31660", "2017-12-31": "0.35740", "2016-12-31": "0.42640", "2015-12-31": "0.36910", "2014-12-31": "0.29980", "2013-12-31": "0.28650", "2012-12-31": "0.30020", "2011-12-31": "0.24740", "2010-12-31": "0.24690", "2009-12-31": "0.30070", "2008-12-31": "0.32500", "2007-12-31": "0.18570", "2006-12-31": "0.21840", "2005-12-31": "0.16940"}, "Debt/Equity Ratio": {"2019-12-31": "0.42500", "2018-12-31": "0.46680", "2017-12-31": "0.63970", "2016-12-31": "0.77430", "2015-12-31": "0.62070", "2014-12-31": "0.43170", "2013-12-31": "0.41270", "2012-12-31": "0.44860", "2011-12-31": "0.34410", "2010-12-31": "0.34140", "2009-12-31": "0.45760", "2008-12-31": "0.48800", "2007-12-31": "0.24370", "2006-12-31": "0.32830", "2005-12-31": "0.23740"}, "Gross Margin": {"2019-12-31": "65.68040", "2018-12-31": "62.13750", "2017-12-31": "58.84790", "2016-12-31": "51.12480", "2015-12-31": "46.28090", "2014-12-31": "56.51060", "2013-12-31": "59.01150", "2012-12-31": "56.88670", "2011-12-31": "53.32910", "2010-12-31": "58.98160", "2009-12-31": "32.00670", "2008-12-31": "31.15490", "2007-12-31": "36.02100", "2006-12-31": "36.48890", "2005-12-31": "31.51000"}, "Operating Margin": {"2019-12-31": "29.16280", "2018-12-31": "28.51760", "2017-12-31": "-3.43730", "2016-12-31": "-15.92370", "2015-12-31": "-19.10780", "2014-12-31": "18.83390", "2013-12-31": "26.49710", "2012-12-31": "26.71930", "2011-12-31": "25.42190", "2010-12-31": "30.70500", "2009-12-31": "7.38040", "2008-12-31": "13.45920", "2007-12-31": "15.31250", "2006-12-31": "16.14130", "2005-12-31": "13.28510"}, "EBIT Margin": {"2019-12-31": "29.16280", "2018-12-31": "28.51760", "2017-12-31": "-3.43730", "2016-12-31": "-15.92370", "2015-12-31": "-19.10780", "2014-12-31": "18.83390", "2013-12-31": "26.49710", "2012-12-31": "26.71930", "2011-12-31": "25.42190", "2010-12-31": "30.70500", "2009-12-31": "7.38040", "2008-12-31": "13.45920", "2007-12-31": "15.31250", "2006-12-31": "16.14130", "2005-12-31": "13.28510"}, "EBITDA Margin": {"2019-12-31": "46.65940", "2018-12-31": "44.80850", "2017-12-31": "18.68100", "2016-12-31": "23.02140", "2015-12-31": "11.91210", "2014-12-31": "34.70830", "2013-12-31": "40.00480", "2012-12-31": "37.96690", "2011-12-31": "36.39380", "2010-12-31": "43.98830", "2009-12-31": "13.75680", "2008-12-31": "17.27810", "2007-12-31": "19.75420", "2006-12-31": "20.15400", "2005-12-31": "15.70970"}, "Pre-Tax Profit Margin": {"2019-12-31": "25.97220", "2018-12-31": "25.75210", "2017-12-31": "-8.02540", "2016-12-31": "-22.70120", "2015-12-31": "-23.40070", "2014-12-31": "16.91370", "2013-12-31": "24.80090", "2012-12-31": "24.87420", "2011-12-31": "23.30290", "2010-12-31": "28.22290", "2009-12-31": "6.28780", "2008-12-31": "-1.15820", "2007-12-31": "12.01010", "2006-12-31": "15.02890", "2005-12-31": "12.84170"}, "Net Profit Margin": {"2019-12-31": "19.60460", "2018-12-31": "16.15670", "2017-12-31": "-2.62400", "2016-12-31": "-14.83990", "2015-12-31": "-14.31390", "2014-12-31": "12.37280", "2013-12-31": "15.71900", "2012-12-31": "13.59270", "2011-12-31": "18.82280", "2010-12-31": "17.93320", "2009-12-31": "2.89650", "2008-12-31": "-6.62090", "2007-12-31": "6.11380", "2006-12-31": "8.24830", "2005-12-31": "7.37820"}, "Asset Turnover": {"2019-12-31": "0.52000", "2018-12-31": "0.55340", "2017-12-31": "0.44420", "2016-12-31": "0.27140", "2015-12-31": "0.31730", "2014-12-31": "0.47640", "2013-12-31": "0.49340", "2012-12-31": "0.52930", "2011-12-31": "0.43120", "2010-12-31": "0.40520", "2009-12-31": "1.00170", "2008-12-31": "1.72840", "2007-12-31": "1.09420", "2006-12-31": "1.14410", "2005-12-31": "1.71370"}, "Inventory Turnover Ratio": {"2019-12-31": "12.26610", "2018-12-31": "14.56110", "2017-12-31": "12.65000", "2016-12-31": "11.69550", "2015-12-31": "14.78470", "2014-12-31": "18.13970", "2013-12-31": "19.99580", "2012-12-31": "27.70160", "2011-12-31": "6.65840", "2010-12-31": "4.99880", "2009-12-31": "20.97470", "2008-12-31": "33.36610", "2007-12-31": "29.46630", "2006-12-31": "23.23560", "2005-12-31": "33.72340"}, "Receiveable Turnover": {"2019-12-31": "10.78210", "2018-12-31": "9.52230", "2017-12-31": "7.54260", "2016-12-31": "7.13530", "2015-12-31": "6.85310", "2014-12-31": "8.15590", "2013-12-31": "6.86320", "2012-12-31": "6.75280", "2011-12-31": "3.99790", "2010-12-31": "4.00550", "2009-12-31": "11.53160", "2008-12-31": "20.58620", "2007-12-31": "11.89280", "2006-12-31": "13.36470", "2005-12-31": "15.35710"}, "Days Sales In Receivables": {"2019-12-31": "33.85230", "2018-12-31": "38.33130", "2017-12-31": "48.39190", "2016-12-31": "51.15390", "2015-12-31": "53.26040", "2014-12-31": "44.75310", "2013-12-31": "53.18220", "2012-12-31": "54.05180", "2011-12-31": "91.29830", "2010-12-31": "91.12470", "2009-12-31": "31.65220", "2008-12-31": "17.73040", "2007-12-31": "30.69080", "2006-12-31": "27.31070", "2005-12-31": "23.76750"}, "ROE - Return On Equity": {"2019-12-31": "20.70470", "2018-12-31": "19.66380", "2017-12-31": "-2.57460", "2016-12-31": "-10.10330", "2015-12-31": "-10.90510", "2014-12-31": "11.10900", "2013-12-31": "15.31090", "2012-12-31": "15.44800", "2011-12-31": "10.93250", "2010-12-31": "14.91120", "2009-12-31": "7.17420", "2008-12-31": "-28.93270", "2007-12-31": "13.46100", "2006-12-31": "18.81520", "2005-12-31": "25.86710"}, "Return On Tangible Equity": {"2019-12-31": "20.70470", "2018-12-31": "19.66380", "2017-12-31": "-2.57460", "2016-12-31": "-10.10330", "2015-12-31": "-10.90510", "2014-12-31": "11.10900", "2013-12-31": "15.31090", "2012-12-31": "15.44800", "2011-12-31": "11.65520", "2010-12-31": "15.93350", "2009-12-31": "7.72460", "2008-12-31": "-31.52340", "2007-12-31": "20.38770", "2006-12-31": "30.97180", "2005-12-31": "37.58400"}, "ROA - Return On Assets": {"2019-12-31": "10.29160", "2018-12-31": "9.00970", "2017-12-31": "-1.08090", "2016-12-31": "-3.96450", "2015-12-31": "-4.48380", "2014-12-31": "4.98290", "2013-12-31": "6.80770", "2012-12-31": "6.38620", "2011-12-31": "4.69100", "2010-12-31": "6.59250", "2009-12-31": "2.95260", "2008-12-31": "-11.39470", "2007-12-31": "6.73840", "2006-12-31": "9.43680", "2005-12-31": "12.74780"}, "ROI - Return On Investment": {"2019-12-31": "14.56060", "2018-12-31": "13.43780", "2017-12-31": "-1.65450", "2016-12-31": "-5.79530", "2015-12-31": "-6.87970", "2014-12-31": "7.77830", "2013-12-31": "10.92500", "2012-12-31": "10.81120", "2011-12-31": "8.22810", "2010-12-31": "11.22980", "2009-12-31": "5.01690", "2008-12-31": "-19.53090", "2007-12-31": "10.96160", "2006-12-31": "14.70630", "2005-12-31": "21.48400"}, "Book Value Per Share": {"2019-12-31": "32.30810", "2018-12-31": "28.16710", "2017-12-31": "26.16670", "2016-12-31": "28.47080", "2015-12-31": "32.42890", "2014-12-31": "42.45170", "2013-12-31": "42.81780", "2012-12-31": "39.69370", "2011-12-31": "51.13990", "2010-12-31": "47.08800", "2009-12-31": "41.05770", "2008-12-31": "36.99410", "2007-12-31": "56.62550", "2006-12-31": "50.20770", "2005-12-31": "38.27050"}, "Operating Cash Flow Per Share": {"2019-12-31": -1.1195, "2018-12-31": 5.2067, "2017-12-31": 2.2606, "2016-12-31": -2.5617, "2015-12-31": -7.2022, "2014-12-31": 0.2802, "2013-12-31": 1.9089, "2012-12-31": -3.0533, "2011-12-31": 2.732, "2010-12-31": 3.0988, "2009-12-31": -6.5404, "2008-12-31": -0.0427, "2007-12-31": 1.5478, "2006-12-31": 0.9278, "2005-12-31": 12.4401}, "Free Cash Flow Per Share": {"2019-12-31": 0.4766, "2018-12-31": -7.206, "2017-12-31": 12.7286, "2016-12-31": 1.0819, "2015-12-31": -1.296, "2014-12-31": -7.8579, "2013-12-31": 7.2285, "2012-12-31": -6.1572, "2011-12-31": -8.5843, "2010-12-31": 14.315, "2009-12-31": -1.4843, "2008-12-31": -6.5094, "2007-12-31": 5.9054, "2006-12-31": -0.7651, "2005-12-31": 4.7818}}, "financial ratios, quarterly": {"Current Ratio": {"2020-09-30": "2.38340", "2020-06-30": "2.69260", "2020-03-31": "2.16360", "2019-12-31": "2.40140", "2019-09-30": "2.56090", "2019-06-30": "1.75630", "2019-03-31": "1.85660", "2018-12-31": "1.79500", "2018-09-30": "1.98930", "2018-06-30": "1.74870", "2018-03-31": "1.85500", "2017-12-31": "1.75720", "2017-09-30": "2.37750", "2017-06-30": "2.00270", "2017-03-31": "1.42550", "2016-12-31": "1.24610", "2016-09-30": "1.27920", "2016-06-30": "1.26010", "2016-03-31": "1.23900", "2015-12-31": "0.94950", "2015-09-30": "1.16620", "2015-06-30": "1.36750", "2015-03-31": "1.13350", "2014-12-31": "1.30610", "2014-09-30": "1.14940", "2014-06-30": "1.16340", "2014-03-31": "1.19180", "2013-12-31": "1.25740", "2013-09-30": "1.38090", "2013-06-30": "1.35220", "2013-03-31": "1.32320", "2012-12-31": "1.37530", "2012-09-30": "0.90780", "2012-06-30": "0.92110", "2012-03-31": "1.01750", "2011-12-31": "1.07660", "2011-09-30": "1.11940", "2011-06-30": "1.18180", "2011-03-31": "1.21890", "2010-12-31": "1.26410", "2010-09-30": "1.38930", "2010-06-30": "1.03890", "2010-03-31": "0.88680", "2009-12-31": "0.89330", "2009-09-30": "0.90250", "2009-06-30": "0.99940", "2009-03-31": "0.99380", "2008-12-31": "0.95700", "2008-09-30": "0.95990", "2008-06-30": "0.96180", "2008-03-31": "0.91910", "2007-12-31": "0.92010", "2007-09-30": "0.98180", "2007-06-30": "1.01940", "2007-03-31": "0.91550", "2006-12-31": "0.94840", "2006-09-30": "0.89930", "2006-06-30": "0.80450", "2006-03-31": "0.79030", "2005-12-31": "0.91820", "2005-09-30": "0.96290", "2005-06-30": "1.02570", "2005-03-31": "1.00630"}, "Long-term Debt / Capital": {"2020-09-30": "0.32620", "2020-06-30": "0.32050", "2020-03-31": "0.32110", "2019-12-31": "0.29670", "2019-09-30": "0.29580", "2019-06-30": "0.30930", "2019-03-31": "0.31020", "2018-12-31": "0.31660", "2018-09-30": "0.31720", "2018-06-30": "0.32280", "2018-03-31": "0.35230", "2017-12-31": "0.35740", "2017-09-30": "0.39050", "2017-06-30": "0.39210", "2017-03-31": "0.41580", "2016-12-31": "0.42640", "2016-09-30": "0.42870", "2016-06-30": "0.41960", "2016-03-31": "0.40990", "2015-12-31": "0.36910", "2015-09-30": "0.35680", "2015-06-30": "0.33610", "2015-03-31": "0.31290", "2014-12-31": "0.29980", "2014-09-30": "0.25940", "2014-06-30": "0.26000", "2014-03-31": "0.26660", "2013-12-31": "0.28650", "2013-09-30": "0.29040", "2013-06-30": "0.30200", "2013-03-31": "0.29210", "2012-12-31": "0.30020", "2012-09-30": "0.28180", "2012-06-30": "0.28850", "2012-03-31": "0.24160", "2011-12-31": "0.24740", "2011-09-30": "0.25360", "2011-06-30": "0.24250", "2011-03-31": "0.24270", "2010-12-31": "0.24690", "2010-09-30": "0.24940", "2010-06-30": "0.26020", "2010-03-31": "0.29260", "2009-12-31": "0.30070", "2009-09-30": "0.30820", "2009-06-30": "0.32530", "2009-03-31": "0.34270", "2008-12-31": "0.32500", "2008-09-30": "0.18950", "2008-06-30": "0.18900", "2008-03-31": "0.19070", "2007-12-31": "0.18570", "2007-09-30": "0.19810", "2007-06-30": "0.20350", "2007-03-31": "0.20570", "2006-12-31": "0.21840", "2006-09-30": "0.22810", "2006-06-30": "0.24370", "2006-03-31": "0.26530", "2005-12-31": "0.16940", "2005-09-30": "0.19890", "2005-06-30": "0.22410", "2005-03-31": "0.23580"}, "Debt/Equity Ratio": {"2020-09-30": "0.49990", "2020-06-30": "0.47620", "2020-03-31": "0.47700", "2019-12-31": "0.42500", "2019-09-30": "0.42340", "2019-06-30": "0.45120", "2019-03-31": "0.45310", "2018-12-31": "0.46680", "2018-09-30": "0.46750", "2018-06-30": "0.47960", "2018-03-31": "0.55490", "2017-12-31": "0.63970", "2017-09-30": "0.68390", "2017-06-30": "0.76950", "2017-03-31": "0.74250", "2016-12-31": "0.77430", "2016-09-30": "0.78690", "2016-06-30": "0.75800", "2016-03-31": "0.74750", "2015-12-31": "0.62070", "2015-09-30": "0.55870", "2015-06-30": "0.50900", "2015-03-31": "0.45930", "2014-12-31": "0.43170", "2014-09-30": "0.38060", "2014-06-30": "0.38130", "2014-03-31": "0.39550", "2013-12-31": "0.41270", "2013-09-30": "0.42040", "2013-06-30": "0.44390", "2013-03-31": "0.44010", "2012-12-31": "0.44860", "2012-09-30": "0.44110", "2012-06-30": "0.49540", "2012-03-31": "0.42300", "2011-12-31": "0.34410", "2011-09-30": "0.34900", "2011-06-30": "0.32870", "2011-03-31": "0.32910", "2010-12-31": "0.34140", "2010-09-30": "0.33760", "2010-06-30": "0.39850", "2010-03-31": "0.45710", "2009-12-31": "0.45760", "2009-09-30": "0.49050", "2009-06-30": "0.50600", "2009-03-31": "0.52280", "2008-12-31": "0.48800", "2008-09-30": "0.23800", "2008-06-30": "0.23730", "2008-03-31": "0.23990", "2007-12-31": "0.24370", "2007-09-30": "0.25160", "2007-06-30": "0.26860", "2007-03-31": "0.27920", "2006-12-31": "0.32830", "2006-09-30": "0.34550", "2006-06-30": "0.38140", "2006-03-31": "0.44590", "2005-12-31": "0.23740", "2005-09-30": "0.27080", "2005-06-30": "0.29630", "2005-03-31": "0.31120"}, "Gross Margin": {"2020-09-30": "55.15980", "2020-06-30": "69.44720", "2020-03-31": "40.78150", "2019-12-31": "63.95580", "2019-09-30": "69.58290", "2019-06-30": "66.63480", "2019-03-31": "62.36450", "2018-12-31": "60.54440", "2018-09-30": "64.25970", "2018-06-30": "66.09310", "2018-03-31": "57.49360", "2017-12-31": "58.23030", "2017-09-30": "58.31830", "2017-06-30": "66.00990", "2017-03-31": "51.84660", "2016-12-31": "54.67330", "2016-09-30": "49.72380", "2016-06-30": "53.14800", "2016-03-31": "45.56330", "2015-12-31": "29.20490", "2015-09-30": "42.32050", "2015-06-30": "56.36260", "2015-03-31": "53.52410", "2014-12-31": "53.19380", "2014-09-30": "60.03720", "2014-06-30": "59.10480", "2014-03-31": "53.74500", "2013-12-31": "57.80480", "2013-09-30": "61.07950", "2013-06-30": "58.69040", "2013-03-31": "58.28950", "2012-12-31": "54.65600", "2012-09-30": "55.33200", "2012-06-30": "59.66850", "2012-03-31": "58.01160", "2011-12-31": "52.34520", "2011-09-30": "50.63190", "2011-06-30": "55.03170", "2011-03-31": "26.94560", "2010-12-31": "27.84640", "2010-09-30": "30.76950", "2010-06-30": "35.56170", "2010-03-31": "30.28280", "2009-12-31": "30.46120", "2009-09-30": "31.20110", "2009-06-30": "31.32150", "2009-03-31": "36.02660", "2008-12-31": "33.20480", "2008-09-30": "30.12060", "2008-06-30": "29.78880", "2008-03-31": "32.57710", "2007-12-31": "34.98840", "2007-09-30": "35.15950", "2007-06-30": "37.08320", "2007-03-31": "37.06810", "2006-12-31": "39.25940", "2006-09-30": "37.98930", "2006-06-30": "38.97600", "2006-03-31": "29.96220", "2005-12-31": "29.94270", "2005-09-30": "30.22820", "2005-06-30": "32.78270", "2005-03-31": "33.85320"}, "Operating Margin": {"2020-09-30": "-5.82190", "2020-06-30": "7.37050", "2020-03-31": "-28.76740", "2019-12-31": "19.60690", "2019-09-30": "37.07520", "2019-06-30": "27.89980", "2019-03-31": "30.00900", "2018-12-31": "28.21160", "2018-09-30": "31.34280", "2018-06-30": "30.91990", "2018-03-31": "23.18940", "2017-12-31": "18.81870", "2017-09-30": "13.87070", "2017-06-30": "-44.47200", "2017-03-31": "2.41930", "2016-12-31": "5.15580", "2016-09-30": "-18.38550", "2016-06-30": "-22.18830", "2016-03-31": "-36.25130", "2015-12-31": "-68.63730", "2015-09-30": "-19.32860", "2015-06-30": "2.69050", "2015-03-31": "-0.61230", "2014-12-31": "-0.87760", "2014-09-30": "21.78520", "2014-06-30": "25.45410", "2014-03-31": "24.95020", "2013-12-31": "20.32890", "2013-09-30": "30.19390", "2013-06-30": "27.81080", "2013-03-31": "27.21320", "2012-12-31": "23.78710", "2012-09-30": "26.18090", "2012-06-30": "28.68210", "2012-03-31": "28.38400", "2011-12-31": "21.52870", "2011-09-30": "23.91140", "2011-06-30": "27.62620", "2011-03-31": "10.53100", "2010-12-31": "8.80730", "2010-09-30": "11.37860", "2010-06-30": "13.38600", "2010-03-31": "9.70460", "2009-12-31": "7.34640", "2009-09-30": "8.06380", "2009-06-30": "6.00230", "2009-03-31": "8.12150", "2008-12-31": "11.81080", "2008-09-30": "13.85540", "2008-06-30": "13.79360", "2008-03-31": "13.85630", "2007-12-31": "14.95640", "2007-09-30": "14.27200", "2007-06-30": "16.89580", "2007-03-31": "15.10250", "2006-12-31": "16.39590", "2006-09-30": "16.71880", "2006-06-30": "18.88360", "2006-03-31": "12.54410", "2005-12-31": "13.10830", "2005-09-30": "13.61690", "2005-06-30": "13.20220", "2005-03-31": "13.18930"}, "EBIT Margin": {"2020-09-30": "-5.82190", "2020-06-30": "7.37050", "2020-03-31": "-28.76740", "2019-12-31": "19.60690", "2019-09-30": "37.07520", "2019-06-30": "27.89980", "2019-03-31": "30.00900", "2018-12-31": "28.21160", "2018-09-30": "31.34280", "2018-06-30": "30.91990", "2018-03-31": "23.18940", "2017-12-31": "18.81870", "2017-09-30": "13.87070", "2017-06-30": "-44.47200", "2017-03-31": "2.41930", "2016-12-31": "5.15580", "2016-09-30": "-18.38550", "2016-06-30": "-22.18830", "2016-03-31": "-36.25130", "2015-12-31": "-68.63730", "2015-09-30": "-19.32860", "2015-06-30": "2.69050", "2015-03-31": "-0.61230", "2014-12-31": "-0.87760", "2014-09-30": "21.78520", "2014-06-30": "25.45410", "2014-03-31": "24.95020", "2013-12-31": "20.32890", "2013-09-30": "30.19390", "2013-06-30": "27.81080", "2013-03-31": "27.21320", "2012-12-31": "23.78710", "2012-09-30": "26.18090", "2012-06-30": "28.68210", "2012-03-31": "28.38400", "2011-12-31": "21.52870", "2011-09-30": "23.91140", "2011-06-30": "27.62620", "2011-03-31": "10.53100", "2010-12-31": "8.80730", "2010-09-30": "11.37860", "2010-06-30": "13.38600", "2010-03-31": "9.70460", "2009-12-31": "7.34640", "2009-09-30": "8.06380", "2009-06-30": "6.00230", "2009-03-31": "8.12150", "2008-12-31": "11.81080", "2008-09-30": "13.85540", "2008-06-30": "13.79360", "2008-03-31": "13.85630", "2007-12-31": "14.95640", "2007-09-30": "14.27200", "2007-06-30": "16.89580", "2007-03-31": "15.10250", "2006-12-31": "16.39590", "2006-09-30": "16.71880", "2006-06-30": "18.88360", "2006-03-31": "12.54410", "2005-12-31": "13.10830", "2005-09-30": "13.61690", "2005-06-30": "13.20220", "2005-03-31": "13.18930"}, "EBITDA Margin": {"2020-09-30": "", "2020-06-30": "", "2020-03-31": "", "2019-12-31": "", "2019-09-30": "", "2019-06-30": "", "2019-03-31": "", "2018-12-31": "", "2018-09-30": "", "2018-06-30": "", "2018-03-31": "", "2017-12-31": "", "2017-09-30": "", "2017-06-30": "", "2017-03-31": "", "2016-12-31": "", "2016-09-30": "", "2016-06-30": "", "2016-03-31": "", "2015-12-31": "", "2015-09-30": "", "2015-06-30": "", "2015-03-31": "", "2014-12-31": "", "2014-09-30": "", "2014-06-30": "", "2014-03-31": "", "2013-12-31": "", "2013-09-30": "", "2013-06-30": "", "2013-03-31": "", "2012-12-31": "", "2012-09-30": "", "2012-06-30": "", "2012-03-31": "", "2011-12-31": "", "2011-09-30": "", "2011-06-30": "", "2011-03-31": "", "2010-12-31": "", "2010-09-30": "", "2010-06-30": "", "2010-03-31": "", "2009-12-31": "", "2009-09-30": "", "2009-06-30": "", "2009-03-31": "", "2008-12-31": "", "2008-09-30": "", "2008-06-30": "", "2008-03-31": "", "2007-12-31": "", "2007-09-30": "", "2007-06-30": "", "2007-03-31": "", "2006-12-31": "", "2006-09-30": "", "2006-06-30": "", "2006-03-31": "", "2005-12-31": "", "2005-09-30": "", "2005-06-30": "", "2005-03-31": ""}, "Pre-Tax Profit Margin": {"2020-09-30": "-11.68950", "2020-06-30": "0.52290", "2020-03-31": "-32.48810", "2019-12-31": "15.79850", "2019-09-30": "34.60810", "2019-06-30": "24.55850", "2019-03-31": "26.71770", "2018-12-31": "25.78900", "2018-09-30": "28.58830", "2018-06-30": "28.34420", "2018-03-31": "19.81920", "2017-12-31": "15.16710", "2017-09-30": "9.07570", "2017-06-30": "-49.09930", "2017-03-31": "-2.98550", "2016-12-31": "-0.11030", "2016-09-30": "-25.38370", "2016-06-30": "-29.48880", "2016-03-31": "-44.34700", "2015-12-31": "-74.65270", "2015-09-30": "-23.19170", "2015-06-30": "-1.05080", "2015-03-31": "-4.44890", "2014-12-31": "-2.70860", "2014-09-30": "19.76470", "2014-06-30": "23.53580", "2014-03-31": "23.04340", "2013-12-31": "18.29100", "2013-09-30": "28.47450", "2013-06-30": "26.13490", "2013-03-31": "25.84810", "2012-12-31": "22.13130", "2012-09-30": "24.40700", "2012-06-30": "26.58000", "2012-03-31": "26.51870", "2011-12-31": "19.77910", "2011-09-30": "21.59330", "2011-06-30": "25.54900", "2011-03-31": "9.95070", "2010-12-31": "8.06510", "2010-09-30": "10.64400", "2010-06-30": "12.35660", "2010-03-31": "8.71900", "2009-12-31": "6.26850", "2009-09-30": "7.05820", "2009-06-30": "5.35570", "2009-03-31": "6.37680", "2008-12-31": "-65.10420", "2008-09-30": "13.28510", "2008-06-30": "13.37640", "2008-03-31": "13.38240", "2007-12-31": "13.64880", "2007-09-30": "13.27690", "2007-06-30": "7.12190", "2007-03-31": "14.15070", "2006-12-31": "13.91090", "2006-09-30": "16.00690", "2006-06-30": "17.90990", "2006-03-31": "12.09550", "2005-12-31": "12.69050", "2005-09-30": "13.19800", "2005-06-30": "12.74700", "2005-03-31": "12.69340"}, "Net Profit Margin": {"2020-09-30": "-10.27400", "2020-06-30": "6.47410", "2020-03-31": "-36.14630", "2019-12-31": "8.84520", "2019-09-30": "30.27840", "2019-06-30": "18.85440", "2019-03-31": "18.22610", "2018-12-31": "18.02920", "2018-09-30": "18.30790", "2018-06-30": "17.74890", "2018-03-31": "9.90960", "2017-12-31": "18.07460", "2017-09-30": "5.83740", "2017-06-30": "-38.73000", "2017-03-31": "7.54090", "2016-12-31": "-0.48250", "2016-09-30": "-15.96070", "2016-06-30": "-19.21080", "2016-03-31": "-29.29210", "2015-12-31": "-50.99030", "2015-09-30": "-14.26670", "2015-06-30": "-2.06700", "2015-03-31": "3.39920", "2014-12-31": "-0.32910", "2014-09-30": "20.93370", "2014-06-30": "14.15550", "2014-03-31": "13.22910", "2013-12-31": "17.78330", "2013-09-30": "16.03100", "2013-06-30": "14.49580", "2013-03-31": "14.59970", "2012-12-31": "8.71320", "2012-09-30": "12.22050", "2012-06-30": "15.27420", "2012-03-31": "18.26150", "2011-12-31": "21.03240", "2011-09-30": "15.66940", "2011-06-30": "19.25520", "2011-03-31": "5.19860", "2010-12-31": "3.83520", "2010-09-30": "6.16560", "2010-06-30": "8.30690", "2010-03-31": "4.58460", "2009-12-31": "2.94080", "2009-09-30": "3.56180", "2009-06-30": "2.37380", "2009-03-31": "2.56100", "2008-12-31": "-68.15540", "2008-09-30": "7.26890", "2008-06-30": "7.41480", "2008-03-31": "7.31890", "2007-12-31": "8.05000", "2007-09-30": "7.66280", "2007-06-30": "0.60930", "2007-03-31": "8.27210", "2006-12-31": "7.51620", "2006-09-30": "7.81690", "2006-06-30": "10.69810", "2006-03-31": "6.86670", "2005-12-31": "7.05150", "2005-09-30": "7.65220", "2005-06-30": "7.36380", "2005-03-31": "7.48240"}, "Asset Turnover": {"2020-09-30": "0.06940", "2020-06-30": "0.06370", "2020-03-31": "0.07400", "2019-12-31": "0.11540", "2019-09-30": "0.14350", "2019-06-30": "0.11760", "2019-03-31": "0.14070", "2018-12-31": "0.14810", "2018-09-30": "0.14410", "2018-06-30": "0.13400", "2018-03-31": "0.12670", "2017-12-31": "0.11910", "2017-09-30": "0.09610", "2017-06-30": "0.11390", "2017-03-31": "0.08830", "2016-12-31": "0.08080", "2016-09-30": "0.06910", "2016-06-30": "0.05800", "2016-03-31": "0.05020", "2015-12-31": "0.06940", "2015-09-30": "0.07090", "2015-06-30": "0.07730", "2015-03-31": "0.07270", "2014-12-31": "0.10170", "2014-09-30": "0.10860", "2014-06-30": "0.12080", "2014-03-31": "0.13370", "2013-12-31": "0.11850", "2013-09-30": "0.12920", "2013-06-30": "0.12090", "2013-03-31": "0.12440", "2012-12-31": "0.13970", "2012-09-30": "0.12750", "2012-06-30": "0.13020", "2012-03-31": "0.09870", "2011-12-31": "0.10520", "2011-09-30": "0.10790", "2011-06-30": "0.11040", "2011-03-31": "0.36490", "2010-12-31": "0.34040", "2010-09-30": "0.31900", "2010-06-30": "0.33100", "2010-03-31": "0.29560", "2009-12-31": "0.28720", "2009-09-30": "0.27080", "2009-06-30": "0.24110", "2009-03-31": "0.21810", "2008-12-31": "0.31960", "2008-09-30": "0.38660", "2008-06-30": "0.38580", "2008-03-31": "0.30860", "2007-12-31": "0.30550", "2007-09-30": "0.27640", "2007-06-30": "0.28910", "2007-03-31": "0.24750", "2006-12-31": "0.25810", "2006-09-30": "0.30290", "2006-06-30": "0.29940", "2006-03-31": "0.30020", "2005-12-31": "0.48760", "2005-09-30": "0.47580", "2005-06-30": "0.43720", "2005-03-31": "0.40170"}, "Inventory Turnover Ratio": {"2020-09-30": "1.89940", "2020-06-30": "1.24950", "2020-03-31": "3.92420", "2019-12-31": "2.85960", "2019-09-30": "3.21470", "2019-06-30": "2.56750", "2019-03-31": "3.73270", "2018-12-31": "4.05960", "2018-09-30": "2.93220", "2018-06-30": "2.86640", "2018-03-31": "3.61730", "2017-12-31": "3.44250", "2017-09-30": "2.93160", "2017-06-30": "2.96270", "2017-03-31": "3.41110", "2016-12-31": "3.22990", "2016-09-30": "2.95670", "2016-06-30": "2.27130", "2016-03-31": "2.54660", "2015-12-31": "4.26160", "2015-09-30": "3.78830", "2015-06-30": "2.95930", "2015-03-31": "3.01620", "2014-12-31": "4.16750", "2014-09-30": "3.88120", "2014-06-30": "4.65690", "2014-03-31": "6.07940", "2013-12-31": "4.94220", "2013-09-30": "4.74840", "2013-06-30": "5.15170", "2013-03-31": "5.39360", "2012-12-31": "7.69020", "2012-09-30": "5.58840", "2012-06-30": "5.08150", "2012-03-31": "1.11220", "2011-12-31": "1.65860", "2011-09-30": "1.15050", "2011-06-30": "1.13730", "2011-03-31": "5.35650", "2010-12-31": "7.38850", "2010-09-30": "4.43130", "2010-06-30": "4.53730", "2010-03-31": "4.37040", "2009-12-31": "6.15080", "2009-09-30": "4.53000", "2009-06-30": "4.02070", "2009-03-31": "3.08400", "2008-12-31": "5.98510", "2008-09-30": "7.39880", "2008-06-30": "7.62200", "2008-03-31": "5.45090", "2007-12-31": "8.35900", "2007-09-30": "5.85090", "2007-06-30": "5.92550", "2007-03-31": "4.74530", "2006-12-31": "5.01380", "2006-09-30": "4.96100", "2006-06-30": "4.59700", "2006-03-31": "6.09530", "2005-12-31": "9.81500", "2005-09-30": "7.16160", "2005-06-30": "5.88170", "2005-03-31": "5.66780"}, "Receiveable Turnover": {"2020-09-30": "2.06700", "2020-06-30": "2.62140", "2020-03-31": "2.12500", "2019-12-31": "2.39340", "2019-09-30": "2.79120", "2019-06-30": "2.29530", "2019-03-31": "2.59940", "2018-12-31": "2.54760", "2018-09-30": "2.25940", "2018-06-30": "2.35110", "2018-03-31": "2.13760", "2017-12-31": "2.02220", "2017-09-30": "2.13880", "2017-06-30": "2.80810", "2017-03-31": "2.31350", "2016-12-31": "2.12480", "2016-09-30": "1.96270", "2016-06-30": "1.68120", "2016-03-31": "1.26830", "2015-12-31": "1.49890", "2015-09-30": "1.68170", "2015-06-30": "1.67210", "2015-03-31": "1.48760", "2014-12-31": "1.74100", "2014-09-30": "1.73310", "2014-06-30": "1.79190", "2014-03-31": "1.85500", "2013-12-31": "1.64780", "2013-09-30": "1.84060", "2013-06-30": "1.67960", "2013-03-31": "1.64660", "2012-12-31": "1.78240", "2012-09-30": "1.60220", "2012-06-30": "1.92280", "2012-03-31": "0.91990", "2011-12-31": "0.97530", "2011-09-30": "1.01700", "2011-06-30": "1.05140", "2011-03-31": "3.54990", "2010-12-31": "3.36560", "2010-09-30": "3.67630", "2010-06-30": "3.79840", "2010-03-31": "3.62330", "2009-12-31": "3.30650", "2009-09-30": "3.29380", "2009-06-30": "2.89560", "2009-03-31": "3.02720", "2008-12-31": "3.80600", "2008-09-30": "4.20190", "2008-06-30": "3.58500", "2008-03-31": "3.29730", "2007-12-31": "3.32020", "2007-09-30": "3.47900", "2007-06-30": "3.45680", "2007-03-31": "3.08400", "2006-12-31": "3.01540", "2006-09-30": "3.80110", "2006-06-30": "3.86480", "2006-03-31": "3.75690", "2005-12-31": "4.36960", "2005-09-30": "4.77220", "2005-06-30": "4.72960", "2005-03-31": "3.96480"}, "Days Sales In Receivables": {"2020-09-30": "43.54110", "2020-06-30": "34.33270", "2020-03-31": "42.35290", "2019-12-31": "37.60320", "2019-09-30": "32.24410", "2019-06-30": "39.21120", "2019-03-31": "34.62370", "2018-12-31": "35.32770", "2018-09-30": "39.83370", "2018-06-30": "38.27920", "2018-03-31": "42.10240", "2017-12-31": "44.50550", "2017-09-30": "42.07920", "2017-06-30": "32.05020", "2017-03-31": "38.90230", "2016-12-31": "42.35730", "2016-09-30": "45.85640", "2016-06-30": "53.53180", "2016-03-31": "70.95910", "2015-12-31": "60.04430", "2015-09-30": "53.51810", "2015-06-30": "53.82330", "2015-03-31": "60.49860", "2014-12-31": "51.69440", "2014-09-30": "51.92920", "2014-06-30": "50.22520", "2014-03-31": "48.51630", "2013-12-31": "54.61780", "2013-09-30": "48.89790", "2013-06-30": "53.58510", "2013-03-31": "54.65980", "2012-12-31": "50.49370", "2012-09-30": "56.17280", "2012-06-30": "46.80700", "2012-03-31": "97.83440", "2011-12-31": "92.27820", "2011-09-30": "88.49600", "2011-06-30": "85.60390", "2011-03-31": "25.35270", "2010-12-31": "26.74110", "2010-09-30": "24.48120", "2010-06-30": "23.69440", "2010-03-31": "24.83940", "2009-12-31": "27.21940", "2009-09-30": "27.32430", "2009-06-30": "31.08190", "2009-03-31": "29.73010", "2008-12-31": "23.64690", "2008-09-30": "21.41900", "2008-06-30": "25.10450", "2008-03-31": "27.29510", "2007-12-31": "27.10710", "2007-09-30": "25.86990", "2007-06-30": "26.03600", "2007-03-31": "29.18330", "2006-12-31": "29.84700", "2006-09-30": "23.67750", "2006-06-30": "23.28720", "2006-03-31": "23.95580", "2005-12-31": "20.59690", "2005-09-30": "18.85940", "2005-06-30": "19.02900", "2005-03-31": "22.70000"}, "ROE - Return On Equity": {"2020-09-30": "-1.46180", "2020-06-30": "0.88270", "2020-03-31": "-5.45130", "2019-12-31": "2.11980", "2019-09-30": "8.71480", "2019-06-30": "4.82860", "2019-03-31": "5.59720", "2018-12-31": "5.85700", "2018-09-30": "5.83870", "2018-06-30": "5.29750", "2018-03-31": "2.92990", "2017-12-31": "5.18810", "2017-09-30": "1.41960", "2017-06-30": "-11.23320", "2017-03-31": "1.68250", "2016-12-31": "-0.05390", "2016-09-30": "-2.81440", "2016-06-30": "-2.79660", "2016-03-31": "-3.69480", "2015-12-31": "-8.57490", "2015-09-30": "-2.37010", "2015-06-30": "-0.33490", "2015-03-31": "0.58360", "2014-12-31": "-0.04590", "2014-09-30": "2.96260", "2014-06-30": "3.70830", "2014-03-31": "3.94810", "2013-12-31": "2.87280", "2013-09-30": "4.73250", "2013-06-30": "4.22220", "2013-03-31": "4.11050", "2012-12-31": "3.80370", "2012-09-30": "3.63430", "2012-06-30": "3.70350", "2012-03-31": "3.25020", "2011-12-31": "1.94680", "2011-09-30": "2.25400", "2011-06-30": "3.25880", "2011-03-31": "4.31360", "2010-12-31": "2.97070", "2010-09-30": "4.38950", "2010-06-30": "6.34320", "2010-03-31": "3.33030", "2009-12-31": "2.09860", "2009-09-30": "2.39460", "2009-06-30": "1.45820", "2009-03-31": "1.45210", "2008-12-31": "-55.26700", "2008-09-30": "5.60210", "2008-06-30": "5.90490", "2008-03-31": "4.64190", "2007-12-31": "5.00990", "2007-09-30": "4.22510", "2007-06-30": "0.35440", "2007-03-31": "4.18250", "2006-12-31": "3.86830", "2006-09-30": "4.81630", "2006-06-30": "6.70230", "2006-03-31": "4.55860", "2005-12-31": "7.17230", "2005-09-30": "7.63270", "2005-06-30": "6.61950", "2005-03-31": "6.49110"}, "Return On Tangible Equity": {"2020-09-30": "-1.46180", "2020-06-30": "0.88270", "2020-03-31": "-5.45130", "2019-12-31": "2.11980", "2019-09-30": "8.71480", "2019-06-30": "4.82860", "2019-03-31": "5.59720", "2018-12-31": "5.85700", "2018-09-30": "5.83870", "2018-06-30": "5.29750", "2018-03-31": "2.92990", "2017-12-31": "5.18810", "2017-09-30": "1.41960", "2017-06-30": "-11.23320", "2017-03-31": "1.68250", "2016-12-31": "-0.05390", "2016-09-30": "-2.81440", "2016-06-30": "-2.79660", "2016-03-31": "-3.69480", "2015-12-31": "-8.57490", "2015-09-30": "-2.37010", "2015-06-30": "-0.33490", "2015-03-31": "0.58360", "2014-12-31": "-0.04590", "2014-09-30": "2.96260", "2014-06-30": "3.70830", "2014-03-31": "3.94810", "2013-12-31": "2.87280", "2013-09-30": "4.73250", "2013-06-30": "4.22220", "2013-03-31": "4.11050", "2012-12-31": "3.80370", "2012-09-30": "3.63510", "2012-06-30": "3.70430", "2012-03-31": "3.46030", "2011-12-31": "2.07550", "2011-09-30": "2.41300", "2011-06-30": "3.47540", "2011-03-31": "4.60250", "2010-12-31": "3.17430", "2010-09-30": "4.68740", "2010-06-30": "6.80170", "2010-03-31": "3.58170", "2009-12-31": "2.25960", "2009-09-30": "2.58380", "2009-06-30": "1.57780", "2009-03-31": "1.58200", "2008-12-31": "-60.21570", "2008-09-30": "8.28620", "2008-06-30": "8.75790", "2008-03-31": "7.00740", "2007-12-31": "7.58800", "2007-09-30": "6.48250", "2007-06-30": "0.55310", "2007-03-31": "6.77600", "2006-12-31": "6.36760", "2006-09-30": "8.16810", "2006-06-30": "11.76440", "2006-03-31": "8.47410", "2005-12-31": "10.42100", "2005-09-30": "11.23180", "2005-06-30": "10.00130", "2005-03-31": "10.06020"}, "ROA - Return On Assets": {"2020-09-30": "-0.71250", "2020-06-30": "0.44090", "2020-03-31": "-2.63100", "2019-12-31": "1.05370", "2019-09-30": "4.36590", "2019-06-30": "2.24110", "2019-03-31": "2.58190", "2018-12-31": "2.68360", "2018-09-30": "2.65460", "2018-06-30": "2.39930", "2018-03-31": "1.27250", "2017-12-31": "2.17820", "2017-09-30": "0.58240", "2017-06-30": "-4.39210", "2017-03-31": "0.68090", "2016-12-31": "-0.02120", "2016-09-30": "-1.08820", "2016-06-30": "-1.10150", "2016-03-31": "-1.45840", "2015-12-31": "-3.52570", "2015-09-30": "-0.99670", "2015-06-30": "-0.14640", "2015-03-31": "0.25990", "2014-12-31": "-0.02060", "2014-09-30": "1.38590", "2014-06-30": "1.69750", "2014-03-31": "1.76380", "2013-12-31": "1.27730", "2013-09-30": "2.03660", "2013-06-30": "1.76660", "2013-03-31": "1.71850", "2012-12-31": "1.57240", "2012-09-30": "1.50820", "2012-06-30": "1.50870", "2012-03-31": "1.33780", "2011-12-31": "0.83530", "2011-09-30": "0.96650", "2011-06-30": "1.43690", "2011-03-31": "1.90550", "2010-12-31": "1.31340", "2010-09-30": "1.97580", "2010-06-30": "2.76190", "2010-03-31": "1.36430", "2009-12-31": "0.86370", "2009-09-30": "0.97550", "2009-06-30": "0.58300", "2009-03-31": "0.56960", "2008-12-31": "-21.76600", "2008-09-30": "2.81840", "2008-06-30": "2.86920", "2008-03-31": "2.26870", "2007-12-31": "2.50790", "2007-09-30": "2.11790", "2007-06-30": "0.17620", "2007-03-31": "2.04720", "2006-12-31": "1.94020", "2006-09-30": "2.36740", "2006-06-30": "3.20290", "2006-03-31": "2.06140", "2005-12-31": "3.53460", "2005-09-30": "3.64470", "2005-06-30": "3.21230", "2005-03-31": "3.01680"}, "ROI - Return On Investment": {"2020-09-30": "-0.98490", "2020-06-30": "0.59980", "2020-03-31": "-3.70070", "2019-12-31": "1.49080", "2019-09-30": "6.13730", "2019-06-30": "3.33520", "2019-03-31": "3.86090", "2018-12-31": "4.00260", "2018-09-30": "3.98670", "2018-06-30": "3.58730", "2018-03-31": "1.89770", "2017-12-31": "3.33410", "2017-09-30": "0.86530", "2017-06-30": "-6.82890", "2017-03-31": "0.98290", "2016-12-31": "-0.03090", "2016-09-30": "-1.60790", "2016-06-30": "-1.62330", "2016-03-31": "-2.18020", "2015-12-31": "-5.40960", "2015-09-30": "-1.52440", "2015-06-30": "-0.22240", "2015-03-31": "0.40100", "2014-12-31": "-0.03210", "2014-09-30": "2.19400", "2014-06-30": "2.74400", "2014-03-31": "2.89540", "2013-12-31": "2.04990", "2013-09-30": "3.35800", "2013-06-30": "2.94730", "2013-03-31": "2.90980", "2012-12-31": "2.66200", "2012-09-30": "2.61030", "2012-06-30": "2.63510", "2012-03-31": "2.46490", "2011-12-31": "1.46520", "2011-09-30": "1.68240", "2011-06-30": "2.46870", "2011-03-31": "3.26660", "2010-12-31": "2.23720", "2010-09-30": "3.29500", "2010-06-30": "4.69250", "2010-03-31": "2.35600", "2009-12-31": "1.46750", "2009-09-30": "1.65670", "2009-06-30": "0.98390", "2009-03-31": "0.95450", "2008-12-31": "-37.30770", "2008-09-30": "4.54060", "2008-06-30": "4.78860", "2008-03-31": "3.75670", "2007-12-31": "4.07970", "2007-09-30": "3.38830", "2007-06-30": "0.28230", "2007-03-31": "3.32200", "2006-12-31": "3.02350", "2006-09-30": "3.71790", "2006-06-30": "5.06860", "2006-03-31": "3.34930", "2005-12-31": "5.95690", "2005-09-30": "6.11480", "2005-06-30": "5.13620", "2005-03-31": "4.96020"}, "Book Value Per Share": {"2020-09-30": "28.69560", "2020-06-30": "29.36230", "2020-03-31": "29.26730", "2019-12-31": "32.30810", "2019-09-30": "32.11520", "2019-06-30": "29.79260", "2019-03-31": "29.18220", "2018-12-31": "28.16710", "2018-09-30": "27.86470", "2018-06-30": "26.86700", "2018-03-31": "26.25320", "2017-12-31": "26.16670", "2017-09-30": "25.68930", "2017-06-30": "25.06190", "2017-03-31": "28.77770", "2016-12-31": "28.47080", "2016-09-30": "29.42310", "2016-06-30": "30.54570", "2016-03-31": "31.82120", "2015-12-31": "32.42890", "2015-09-30": "36.08740", "2015-06-30": "39.70060", "2015-03-31": "39.74870", "2014-12-31": "42.45170", "2014-09-30": "45.21930", "2014-06-30": "45.28910", "2014-03-31": "43.67580", "2013-12-31": "42.81780", "2013-09-30": "41.06210", "2013-06-30": "40.00960", "2013-03-31": "40.27280", "2012-12-31": "39.69370", "2012-09-30": "39.44080", "2012-06-30": "38.23890", "2012-03-31": "53.01700", "2011-12-31": "51.13990", "2011-09-30": "49.94700", "2011-06-30": "50.08220", "2011-03-31": "48.62220", "2010-12-31": "47.08800", "2010-09-30": "46.39410", "2010-06-30": "43.35170", "2010-03-31": "41.52920", "2009-12-31": "41.05770", "2009-09-30": "41.85300", "2009-06-30": "40.46590", "2009-03-31": "37.92840", "2008-12-31": "36.99410", "2008-09-30": "62.29870", "2008-06-30": "60.79600", "2008-03-31": "58.07330", "2007-12-31": "56.62550", "2007-09-30": "54.34820", "2007-06-30": "52.19320", "2007-03-31": "51.87350", "2006-12-31": "50.20770", "2006-09-30": "48.89870", "2006-06-30": "46.95770", "2006-03-31": "43.73630", "2005-12-31": "38.27050", "2005-09-30": "35.91760", "2005-06-30": "33.98080", "2005-03-31": "32.34290"}, "Operating Cash Flow Per Share": {"2020-09-30": 0.8061, "2020-06-30": 0.1582, "2020-03-31": "1.94090", "2019-12-31": 2.5873, "2019-09-30": 2.182, "2019-06-30": 2.5896, "2019-03-31": "2.52420", "2018-12-31": 3.1992, "2018-09-30": 2.943, "2018-06-30": 2.8384, "2018-03-31": "2.02200", "2017-12-31": 2.0142, "2017-09-30": 0.9187, "2017-06-30": 1.4295, "2017-03-31": "1.43350", "2016-12-31": 1.1596, "2016-09-30": 1.0262, "2016-06-30": 1.0112, "2016-03-31": "0.33830", "2015-12-31": 1.2859, "2015-09-30": 1.5541, "2015-06-30": 1.5967, "2015-03-31": "1.66030", "2014-12-31": 2.2702, "2014-09-30": 3.0886, "2014-06-30": 2.8417, "2014-03-31": "5.09870", "2013-12-31": 3.2025, "2013-09-30": 2.9693, "2013-06-30": 3.0201, "2013-03-31": "3.82710", "2012-12-31": 2.9334, "2012-09-30": 2.9851, "2012-06-30": 1.9575, "2012-03-31": "3.23410", "2011-12-31": 4.7511, "2011-09-30": 4.2794, "2011-06-30": 4.4746, "2011-03-31": "1.34700", "2010-12-31": 4.359, "2010-09-30": 2.9298, "2010-06-30": 2.3178, "2010-03-31": "2.02190", "2009-12-31": 3.4034, "2009-09-30": 1.9527, "2009-06-30": 1.7158, "2009-03-31": "1.26070", "2008-12-31": 2.0892, "2008-09-30": 5.0555, "2008-06-30": 3.5646, "2008-03-31": "4.16370", "2007-12-31": 4.1936, "2007-09-30": 3.7022, "2007-06-30": 2.9015, "2007-03-31": "4.11840", "2006-12-31": 3.8926, "2006-09-30": 3.7295, "2006-06-30": 2.3287, "2006-03-31": "3.41710", "2005-12-31": 3.3041, "2005-09-30": 4.3047, "2005-06-30": 1.9525, "2005-03-31": "2.87880"}, "Free Cash Flow Per Share": {"2020-09-30": -0.2458, "2020-06-30": 0.0478, "2020-03-31": "0.92660", "2019-12-31": 1.2671, "2019-09-30": 2.6325, "2019-06-30": 1.5378, "2019-03-31": "1.22020", "2018-12-31": 2.4187, "2018-09-30": 1.633, "2018-06-30": 1.2586, "2018-03-31": "0.87070", "2017-12-31": 0.8292, "2017-09-30": 2.6155, "2017-06-30": 9.2544, "2017-03-31": "0.68790", "2016-12-31": 1.0525, "2016-09-30": 0.3377, "2016-06-30": 0.2846, "2016-03-31": "-1.01640", "2015-12-31": 0.8759, "2015-09-30": -0.1689, "2015-06-30": -0.2546, "2015-03-31": "-0.87590", "2014-12-31": -1.102, "2014-09-30": 0.5217, "2014-06-30": -0.5502, "2014-03-31": "2.00300", "2013-12-31": 5.4491, "2013-09-30": 0.8152, "2013-06-30": 0.4651, "2013-03-31": "2.00100", "2012-12-31": 0.3468, "2012-09-30": 0.6329, "2012-06-30": -0.6115, "2012-03-31": "1.13370", "2011-12-31": 2.8905, "2011-09-30": 1.8171, "2011-06-30": 2.736, "2011-03-31": "0.58800", "2010-12-31": 5.3278, "2010-09-30": 5.615, "2010-06-30": 4.8484, "2010-03-31": "0.73230", "2009-12-31": 1.8303, "2009-09-30": 0.6958, "2009-06-30": 0.0276, "2009-03-31": "-0.62530", "2008-12-31": -2.9543, "2008-09-30": 2.6755, "2008-06-30": 1.3938, "2008-03-31": "2.29770", "2007-12-31": 2.1496, "2007-09-30": 2.6416, "2007-06-30": 1.9137, "2007-03-31": "3.21720", "2006-12-31": 1.2646, "2006-09-30": 1.6791, "2006-06-30": 0.8658, "2006-03-31": "0.20720", "2005-12-31": 1.2637, "2005-09-30": 1.9553, "2005-06-30": -0.0945, "2005-03-31": "1.65730"}}, "revenue": {"ConocoPhillips Annual Revenue (Millions of US $)": {"2020": "$19,256", "2019": "$36,670", "2018": "$38,727", "2017": "$32,584", "2016": "$24,360", "2015": "$30,935", "2014": "$55,517", "2013": "$58,248", "2012": "$62,004", "2011": "$66,069", "2010": "$63,335", "2009": "$152,390", "2008": "$246,931", "2007": "$194,495", "2006": "$188,523", "2005": "$183,364"}, "ConocoPhillips Quarterly Revenue (Millions of US $)": {"2020-12-31": "$6,049", "2020-09-30": "$4,380", "2020-06-30": "$4,016", "2020-03-31": "$4,811", "2019-12-31": "$8,140", "2019-09-30": "$10,093", "2019-06-30": "$8,380", "2019-03-31": "$10,057", "2018-12-31": "$10,361", "2018-09-30": "$10,165", "2018-06-30": "$9,240", "2018-03-31": "$8,961", "2017-12-31": "$8,736", "2017-09-30": "$7,195", "2017-06-30": "$8,882", "2017-03-31": "$7,771", "2016-12-31": "$7,254", "2016-09-30": "$6,516", "2016-06-30": "$5,575", "2016-03-31": "$5,015", "2015-12-31": "$6,766", "2015-09-30": "$7,507", "2015-06-30": "$8,660", "2015-03-31": "$8,002", "2014-12-31": "$11,851", "2014-09-30": "$12,917", "2014-06-30": "$14,701", "2014-03-31": "$16,048", "2013-12-31": "$13,985", "2013-09-30": "$15,470", "2013-06-30": "$14,142", "2013-03-31": "$14,651", "2012-12-31": "$16,366", "2012-09-30": "$14,713", "2012-06-30": "$14,842", "2012-03-31": "$16,083", "2011-12-31": "$16,118", "2011-09-30": "$16,695", "2011-06-30": "$17,668", "2011-03-31": "$58,247", "2010-12-31": "$53,217", "2010-09-30": "$49,549", "2010-06-30": "$50,127", "2010-03-31": "$45,762", "2009-12-31": "$43,695", "2009-09-30": "$41,271", "2009-06-30": "$36,186", "2009-03-31": "$31,238", "2008-12-31": "$45,653", "2008-09-30": "$71,373", "2008-06-30": "$73,353", "2008-03-31": "$56,552", "2007-12-31": "$54,298", "2007-09-30": "$47,933", "2007-06-30": "$49,397", "2007-03-31": "$42,867", "2006-12-31": "$42,535", "2006-09-30": "$49,585", "2006-06-30": "$48,476", "2006-03-31": "$47,927", "2005-12-31": "$52,173", "2005-09-30": "$49,659", "2005-06-30": "$42,614", "2005-03-31": "$38,918"}}, "gross-profit": {"ConocoPhillips Annual Gross Profit (Millions of US $)": {"2020": "$9,721", "2019": "$24,085", "2018": "$24,064", "2017": "$19,175", "2016": "$12,454", "2015": "$14,317", "2014": "$31,373", "2013": "$34,373", "2012": "$35,272", "2011": "$35,234", "2010": "$37,356", "2009": "$48,775", "2008": "$76,931", "2007": "$70,059", "2006": "$68,790", "2005": "$57,778"}, "ConocoPhillips Quarterly Gross Profit (Millions of US $)": {"2020-12-31": "$2,554", "2020-09-30": "$2,416", "2020-06-30": "$2,789", "2020-03-31": "$1,962", "2019-12-31": "$5,206", "2019-09-30": "$7,023", "2019-06-30": "$5,584", "2019-03-31": "$6,272", "2018-12-31": "$6,273", "2018-09-30": "$6,532", "2018-06-30": "$6,107", "2018-03-31": "$5,152", "2017-12-31": "$5,087", "2017-09-30": "$4,196", "2017-06-30": "$5,863", "2017-03-31": "$4,029", "2016-12-31": "$3,966", "2016-09-30": "$3,240", "2016-06-30": "$2,963", "2016-03-31": "$2,285", "2015-12-31": "$1,976", "2015-09-30": "$3,177", "2015-06-30": "$4,881", "2015-03-31": "$4,283", "2014-12-31": "$6,304", "2014-09-30": "$7,755", "2014-06-30": "$8,689", "2014-03-31": "$8,625", "2013-12-31": "$8,084", "2013-09-30": "$9,449", "2013-06-30": "$8,300", "2013-03-31": "$8,540", "2012-12-31": "$8,945", "2012-09-30": "$8,141", "2012-06-30": "$8,856", "2012-03-31": "$9,330", "2011-12-31": "$8,437", "2011-09-30": "$8,453", "2011-06-30": "$9,723", "2011-03-31": "$15,695", "2010-12-31": "$14,819", "2010-09-30": "$15,246", "2010-06-30": "$17,826", "2010-03-31": "$13,858", "2009-12-31": "$13,310", "2009-09-30": "$12,877", "2009-06-30": "$11,334", "2009-03-31": "$11,254", "2008-12-31": "$15,159", "2008-09-30": "$21,498", "2008-06-30": "$21,851", "2008-03-31": "$18,423", "2007-12-31": "$18,998", "2007-09-30": "$16,853", "2007-06-30": "$18,318", "2007-03-31": "$15,890", "2006-12-31": "$16,699", "2006-09-30": "$18,837", "2006-06-30": "$18,894", "2006-03-31": "$14,360", "2005-12-31": "$15,622", "2005-09-30": "$15,011", "2005-06-30": "$13,970", "2005-03-31": "$13,175"}}, "operating-income": {"ConocoPhillips Annual Operating Income (Millions of US $)": {"2020": "$-2,154", "2019": "$10,694", "2018": "$11,044", "2017": "$-1,120", "2016": "$-3,879", "2015": "$-5,911", "2014": "$10,456", "2013": "$15,434", "2012": "$16,567", "2011": "$16,796", "2010": "$19,447", "2009": "$11,247", "2008": "$33,235", "2007": "$29,782", "2006": "$30,430", "2005": "$24,360"}, "ConocoPhillips Quarterly Operating Income (Millions of US $)": {"2020-12-31": "$-811", "2020-09-30": "$-255", "2020-06-30": "$296", "2020-03-31": "$-1,384", "2019-12-31": "$1,596", "2019-09-30": "$3,742", "2019-06-30": "$2,338", "2019-03-31": "$3,018", "2018-12-31": "$2,923", "2018-09-30": "$3,186", "2018-06-30": "$2,857", "2018-03-31": "$2,078", "2017-12-31": "$1,644", "2017-09-30": "$998", "2017-06-30": "$-3,950", "2017-03-31": "$188", "2016-12-31": "$374", "2016-09-30": "$-1,198", "2016-06-30": "$-1,237", "2016-03-31": "$-1,818", "2015-12-31": "$-4,644", "2015-09-30": "$-1,451", "2015-06-30": "$233", "2015-03-31": "$-49", "2014-12-31": "$-104", "2014-09-30": "$2,814", "2014-06-30": "$3,742", "2014-03-31": "$4,004", "2013-12-31": "$2,843", "2013-09-30": "$4,671", "2013-06-30": "$3,933", "2013-03-31": "$3,987", "2012-12-31": "$3,893", "2012-09-30": "$3,852", "2012-06-30": "$4,257", "2012-03-31": "$4,565", "2011-12-31": "$3,470", "2011-09-30": "$3,992", "2011-06-30": "$4,881", "2011-03-31": "$6,134", "2010-12-31": "$4,687", "2010-09-30": "$5,638", "2010-06-30": "$6,710", "2010-03-31": "$4,441", "2009-12-31": "$3,210", "2009-09-30": "$3,328", "2009-06-30": "$2,172", "2009-03-31": "$2,537", "2008-12-31": "$5,392", "2008-09-30": "$9,889", "2008-06-30": "$10,118", "2008-03-31": "$7,836", "2007-12-31": "$8,121", "2007-09-30": "$6,841", "2007-06-30": "$8,346", "2007-03-31": "$6,474", "2006-12-31": "$6,974", "2006-09-30": "$8,290", "2006-06-30": "$9,154", "2006-03-31": "$6,012", "2005-12-31": "$6,839", "2005-09-30": "$6,762", "2005-06-30": "$5,626", "2005-03-31": "$5,133"}}, "ebitda": {"ConocoPhillips Annual EBITDA (Millions of US $)": {"2019": "$17,110", "2018": "$17,353", "2017": "$6,087", "2016": "$5,608", "2015": "$3,685", "2014": "$19,269", "2013": "$23,302", "2012": "$23,541", "2011": "$24,045", "2010": "$27,860", "2009": "$20,964", "2008": "$42,665", "2007": "$38,421", "2006": "$37,995", "2005": "$28,806"}, "ConocoPhillips Quarterly EBITDA (Millions of US $)": {"2020-09-30": "$1,218", "2020-06-30": "$1,520", "2020-03-31": "$94", "2019-12-31": "$3,151", "2019-09-30": "$5,394", "2019-06-30": "$3,915", "2019-03-31": "$4,650", "2018-12-31": "$4,622", "2018-09-30": "$4,769", "2018-06-30": "$4,384", "2018-03-31": "$3,578", "2017-12-31": "$3,363", "2017-09-30": "$2,695", "2017-06-30": "$-2,233", "2017-03-31": "$2,262", "2016-12-31": "$2,531", "2016-09-30": "$1,335", "2016-06-30": "$1,204", "2016-03-31": "$538", "2015-12-31": "$-2,144", "2015-09-30": "$942", "2015-06-30": "$2,684", "2015-03-31": "$2,203", "2014-12-31": "$2,294", "2014-09-30": "$5,030", "2014-06-30": "$5,932", "2014-03-31": "$6,013", "2013-12-31": "$4,853", "2013-09-30": "$6,679", "2013-06-30": "$5,870", "2013-03-31": "$5,900", "2012-12-31": "$5,758", "2012-09-30": "$5,602", "2012-06-30": "$5,940", "2012-03-31": "$6,241", "2011-12-31": "$5,061", "2011-09-30": "$5,744", "2011-06-30": "$6,605", "2011-03-31": "$8,316", "2010-12-31": "$5,919", "2010-09-30": "$7,994", "2010-06-30": "$9,103", "2010-03-31": "$6,873", "2009-12-31": "$5,715", "2009-09-30": "$5,751", "2009-06-30": "$4,627", "2009-03-31": "$4,871", "2008-12-31": "$7,760", "2008-09-30": "$12,364", "2008-06-30": "$12,392", "2008-03-31": "$10,149", "2007-12-31": "$10,427", "2007-09-30": "$8,974", "2007-06-30": "$10,443", "2007-03-31": "$8,577", "2006-12-31": "$9,050", "2006-09-30": "$10,501", "2006-06-30": "$11,192", "2006-03-31": "$7,252", "2005-12-31": "$8,075", "2005-09-30": "$7,857", "2005-06-30": "$6,652", "2005-03-31": "$6,222"}}, "net-income": {"ConocoPhillips Annual Net Income (Millions of US $)": {"2020": "$-2,701", "2019": "$7,189", "2018": "$6,257", "2017": "$-855", "2016": "$-3,615", "2015": "$-4,428", "2014": "$6,869", "2013": "$9,156", "2012": "$8,428", "2011": "$12,436", "2010": "$11,358", "2009": "$4,414", "2008": "$-16,349", "2007": "$11,891", "2006": "$15,550", "2005": "$13,529"}, "ConocoPhillips Quarterly Net Income (Millions of US $)": {"2020-12-31": "$-772", "2020-09-30": "$-450", "2020-06-30": "$260", "2020-03-31": "$-1,739", "2019-12-31": "$720", "2019-09-30": "$3,056", "2019-06-30": "$1,580", "2019-03-31": "$1,833", "2018-12-31": "$1,868", "2018-09-30": "$1,861", "2018-06-30": "$1,640", "2018-03-31": "$888", "2017-12-31": "$1,579", "2017-09-30": "$420", "2017-06-30": "$-3,440", "2017-03-31": "$586", "2016-12-31": "$-35", "2016-09-30": "$-1,040", "2016-06-30": "$-1,071", "2016-03-31": "$-1,469", "2015-12-31": "$-3,450", "2015-09-30": "$-1,071", "2015-06-30": "$-179", "2015-03-31": "$272", "2014-12-31": "$-39", "2014-09-30": "$2,704", "2014-06-30": "$2,081", "2014-03-31": "$2,123", "2013-12-31": "$2,487", "2013-09-30": "$2,480", "2013-06-30": "$2,050", "2013-03-31": "$2,139", "2012-12-31": "$1,426", "2012-09-30": "$1,798", "2012-06-30": "$2,267", "2012-03-31": "$2,937", "2011-12-31": "$3,390", "2011-09-30": "$2,616", "2011-06-30": "$3,402", "2011-03-31": "$3,028", "2010-12-31": "$2,041", "2010-09-30": "$3,055", "2010-06-30": "$4,164", "2010-03-31": "$2,098", "2009-12-31": "$1,285", "2009-09-30": "$1,470", "2009-06-30": "$859", "2009-03-31": "$800", "2008-12-31": "$-31,115", "2008-09-30": "$5,188", "2008-06-30": "$5,439", "2008-03-31": "$4,139", "2007-12-31": "$4,371", "2007-09-30": "$3,673", "2007-06-30": "$301", "2007-03-31": "$3,546", "2006-12-31": "$3,197", "2006-09-30": "$3,876", "2006-06-30": "$5,186", "2006-03-31": "$3,291", "2005-12-31": "$3,679", "2005-09-30": "$3,800", "2005-06-30": "$3,138", "2005-03-31": "$2,912"}}, "eps-earnings-per-share-diluted": {"ConocoPhillips Annual EPS": {"2020": "$-2.51", "2019": "$6.40", "2018": "$5.32", "2017": "$-0.70", "2016": "$-2.91", "2015": "$-3.58", "2014": "$5.51", "2013": "$7.38", "2012": "$6.72", "2011": "$8.97", "2010": "$7.62", "2009": "$2.94", "2008": "$-10.73", "2007": "$7.22", "2006": "$9.66", "2005": "$9.55"}, "ConocoPhillips Quarterly EPS": {"2020-12-31": "$-0.72", "2020-09-30": "$-0.42", "2020-06-30": "$0.24", "2020-03-31": "$-1.60", "2019-12-31": "$0.66", "2019-09-30": "$2.74", "2019-06-30": "$1.40", "2019-03-31": "$1.60", "2018-12-31": "$1.59", "2018-09-30": "$1.59", "2018-06-30": "$1.39", "2018-03-31": "$0.75", "2017-12-31": "$1.27", "2017-09-30": "$0.34", "2017-06-30": "$-2.78", "2017-03-31": "$0.47", "2016-12-31": "$-0.03", "2016-09-30": "$-0.84", "2016-06-30": "$-0.86", "2016-03-31": "$-1.18", "2015-12-31": "$-2.78", "2015-09-30": "$-0.87", "2015-06-30": "$-0.15", "2015-03-31": "$0.22", "2014-12-31": "$-0.04", "2014-09-30": "$2.17", "2014-06-30": "$1.67", "2014-03-31": "$1.71", "2013-12-31": "$2.00", "2013-09-30": "$2.00", "2013-06-30": "$1.65", "2013-03-31": "$1.73", "2012-12-31": "$1.19", "2012-09-30": "$1.46", "2012-06-30": "$1.80", "2012-03-31": "$2.27", "2011-12-31": "$2.56", "2011-09-30": "$1.91", "2011-06-30": "$2.41", "2011-03-31": "$2.09", "2010-12-31": "$1.39", "2010-09-30": "$2.05", "2010-06-30": "$2.77", "2010-03-31": "$1.40", "2009-12-31": "$0.86", "2009-09-30": "$0.97", "2009-06-30": "$0.57", "2009-03-31": "$0.54", "2008-12-31": "$-20.24", "2008-09-30": "$3.39", "2008-06-30": "$3.50", "2008-03-31": "$2.62", "2007-12-31": "$2.69", "2007-09-30": "$2.23", "2007-06-30": "$0.18", "2007-03-31": "$2.12", "2006-12-31": "$1.92", "2006-09-30": "$2.31", "2006-06-30": "$3.09", "2006-03-31": "$2.34", "2005-12-31": "$2.61", "2005-09-30": "$2.68", "2005-06-30": "$2.21", "2005-03-31": "$2.05"}}, "shares-outstanding": {"ConocoPhillips Annual Shares Outstanding (Millions of Shares)": {"2020": "1,078", "2019": "1,124", "2018": "1,176", "2017": "1,221", "2016": "1,245", "2015": "1,242", "2014": "1,246", "2013": "1,240", "2012": "1,253", "2011": "1,387", "2010": "1,491", "2009": "1,498", "2008": "1,523", "2007": "1,646", "2006": "1,610", "2005": "1,417"}, "ConocoPhillips Quarterly Shares Outstanding (Millions of Shares)": {"2020-12-31": "1,074", "2020-09-30": "1,077", "2020-06-30": "1,078", "2020-03-31": "1,085", "2019-12-31": "1,124", "2019-09-30": "1,113", "2019-06-30": "1,131", "2019-03-31": "1,147", "2018-12-31": "1,176", "2018-09-30": "1,173", "2018-06-30": "1,181", "2018-03-31": "1,186", "2017-12-31": "1,221", "2017-09-30": "1,215", "2017-06-30": "1,237", "2017-03-31": "1,249", "2016-12-31": "1,245", "2016-09-30": "1,246", "2016-06-30": "1,245", "2016-03-31": "1,245", "2015-12-31": "1,242", "2015-09-30": "1,242", "2015-06-30": "1,241", "2015-03-31": "1,246", "2014-12-31": "1,246", "2014-09-30": "1,247", "2014-06-30": "1,245", "2014-03-31": "1,243", "2013-12-31": "1,240", "2013-09-30": "1,240", "2013-06-30": "1,237", "2013-03-31": "1,236", "2012-12-31": "1,253", "2012-09-30": "1,229", "2012-06-30": "1,258", "2012-03-31": "1,293", "2011-12-31": "1,323", "2011-09-30": "1,370", "2011-06-30": "1,412", "2011-03-31": "1,445", "2010-12-31": "1,466", "2010-09-30": "1,493", "2010-06-30": "1,501", "2010-03-31": "1,504", "2009-12-31": "1,498", "2009-09-30": "1,498", "2009-06-30": "1,496", "2009-03-31": "1,495", "2008-12-31": "1,523", "2008-09-30": "1,528", "2008-06-30": "1,555", "2008-03-31": "1,582", "2007-12-31": "1,646", "2007-09-30": "1,644", "2007-06-30": "1,658", "2007-03-31": "1,669", "2006-12-31": "1,610", "2006-09-30": "1,676", "2006-06-30": "1,678", "2006-03-31": "1,405", "2005-12-31": "1,417", "2005-09-30": "1,418", "2005-06-30": "1,419", "2005-03-31": "1,420"}}, "total-assets": {"ConocoPhillips Annual Total Assets (Millions of US $)": {"2019": "$70,514", "2018": "$69,980", "2017": "$73,362", "2016": "$89,772", "2015": "$97,484", "2014": "$116,539", "2013": "$118,057", "2012": "$117,144", "2011": "$153,230", "2010": "$156,314", "2009": "$152,138", "2008": "$142,865", "2007": "$177,757", "2006": "$164,781", "2005": "$106,999"}, "ConocoPhillips Quarterly Total Assets (Millions of US $)": {"2020-09-30": "$63,157", "2020-06-30": "$63,046", "2020-03-31": "$65,033", "2019-12-31": "$70,514", "2019-09-30": "$70,340", "2019-06-30": "$71,261", "2019-03-31": "$71,498", "2018-12-31": "$69,980", "2018-09-30": "$70,556", "2018-06-30": "$68,936", "2018-03-31": "$70,727", "2017-12-31": "$73,362", "2017-09-30": "$74,861", "2017-06-30": "$78,004", "2017-03-31": "$87,973", "2016-12-31": "$89,772", "2016-09-30": "$94,284", "2016-06-30": "$96,054", "2016-03-31": "$99,834", "2015-12-31": "$97,484", "2015-09-30": "$105,949", "2015-06-30": "$112,003", "2015-03-31": "$110,042", "2014-12-31": "$116,539", "2014-09-30": "$118,986", "2014-06-30": "$121,648", "2014-03-31": "$120,025", "2013-12-31": "$118,057", "2013-09-30": "$119,760", "2013-06-30": "$116,947", "2013-03-31": "$117,780", "2012-12-31": "$117,144", "2012-09-30": "$115,369", "2012-06-30": "$114,008", "2012-03-31": "$162,881", "2011-12-31": "$153,230", "2011-09-30": "$154,689", "2011-06-30": "$160,068", "2011-03-31": "$159,643", "2010-12-31": "$156,314", "2010-09-30": "$155,333", "2010-06-30": "$151,456", "2010-03-31": "$154,810", "2009-12-31": "$152,138", "2009-09-30": "$152,427", "2009-06-30": "$150,073", "2009-03-31": "$143,251", "2008-12-31": "$142,865", "2008-09-30": "$184,607", "2008-06-30": "$190,155", "2008-03-31": "$183,278", "2007-12-31": "$177,757", "2007-09-30": "$173,427", "2007-06-30": "$170,868", "2007-03-31": "$173,209", "2006-12-31": "$164,781", "2006-09-30": "$163,723", "2006-06-30": "$161,917", "2006-03-31": "$159,652", "2005-12-31": "$106,999", "2005-09-30": "$104,372", "2005-06-30": "$97,469", "2005-03-31": "$96,890"}}, "cash-on-hand": {"ConocoPhillips Annual Cash on Hand (Millions of US $)": {"2019": "$10,227", "2018": "$7,625", "2017": "$10,097", "2016": "$3,660", "2015": "$2,368", "2014": "$5,062", "2013": "$6,518", "2012": "$4,366", "2011": "$6,361", "2010": "$11,510", "2009": "$542", "2008": "$755", "2007": "$1,456", "2006": "$817", "2005": "$2,214"}, "ConocoPhillips Quarterly Cash on Hand (Millions of US $)": {"2020-09-30": "$7,331", "2020-06-30": "$7,863", "2020-03-31": "$8,194", "2019-12-31": "$10,227", "2019-09-30": "$10,052", "2019-06-30": "$8,508", "2019-03-31": "$8,272", "2018-12-31": "$7,625", "2018-09-30": "$6,677", "2018-06-30": "$6,005", "2018-03-31": "$7,048", "2017-12-31": "$10,097", "2017-09-30": "$11,691", "2017-06-30": "$11,800", "2017-03-31": "$3,361", "2016-12-31": "$3,660", "2016-09-30": "$4,324", "2016-06-30": "$4,152", "2016-03-31": "$5,173", "2015-12-31": "$2,368", "2015-09-30": "$2,413", "2015-06-30": "$3,813", "2015-03-31": "$2,664", "2014-12-31": "$5,062", "2014-09-30": "$5,782", "2014-06-30": "$6,430", "2014-03-31": "$7,730", "2013-12-31": "$6,518", "2013-09-30": "$3,883", "2013-06-30": "$3,984", "2013-03-31": "$5,445", "2012-12-31": "$4,366", "2012-09-30": "$3,736", "2012-06-30": "$6,044", "2012-03-31": "$10,265", "2011-12-31": "$6,361", "2011-09-30": "$6,026", "2011-06-30": "$8,140", "2011-03-31": "$8,403", "2010-12-31": "$11,510", "2010-09-30": "$10,852", "2010-06-30": "$4,120", "2010-03-31": "$855", "2009-12-31": "$542", "2009-09-30": "$641", "2009-06-30": "$888", "2009-03-31": "$802", "2008-12-31": "$755", "2008-09-30": "$1,116", "2008-06-30": "$787", "2008-03-31": "$1,423", "2007-12-31": "$1,456", "2007-09-30": "$1,379", "2007-06-30": "$1,411", "2007-03-31": "$860", "2006-12-31": "$817", "2006-09-30": "$696", "2006-06-30": "$654", "2006-03-31": "$3,008", "2005-12-31": "$2,214", "2005-09-30": "$2,803", "2005-06-30": "$1,541", "2005-03-31": "$2,421"}}, "long-term-debt": {"ConocoPhillips Annual Long Term Debt (Millions of US $)": {"2019": "$14,790", "2018": "$14,856", "2017": "$17,128", "2016": "$26,186", "2015": "$23,453", "2014": "$22,383", "2013": "$21,073", "2012": "$20,770", "2011": "$21,610", "2010": "$22,656", "2009": "$26,925", "2008": "$27,085", "2007": "$20,289", "2006": "$23,091", "2005": "$10,758"}, "ConocoPhillips Quarterly Long Term Debt (Millions of US $)": {"2020-09-30": "$14,905", "2020-06-30": "$14,852", "2020-03-31": "$14,847", "2019-12-31": "$14,790", "2019-09-30": "$14,799", "2019-06-30": "$14,809", "2019-03-31": "$14,832", "2018-12-31": "$14,856", "2018-09-30": "$14,902", "2018-06-30": "$14,885", "2018-03-31": "$16,709", "2017-12-31": "$17,128", "2017-09-30": "$19,673", "2017-06-30": "$19,670", "2017-03-31": "$25,340", "2016-12-31": "$26,186", "2016-09-30": "$27,353", "2016-06-30": "$27,346", "2016-03-31": "$27,376", "2015-12-31": "$23,453", "2015-09-30": "$24,716", "2015-06-30": "$24,787", "2015-03-31": "$22,318", "2014-12-31": "$22,383", "2014-09-30": "$19,499", "2014-06-30": "$19,570", "2014-03-31": "$19,494", "2013-12-31": "$21,073", "2013-09-30": "$21,096", "2013-06-30": "$21,167", "2013-03-31": "$20,319", "2012-12-31": "$20,770", "2012-09-30": "$18,782", "2012-06-30": "$18,829", "2012-03-31": "$21,358", "2011-12-31": "$21,610", "2011-09-30": "$22,534", "2011-06-30": "$22,590", "2011-03-31": "$22,604", "2010-12-31": "$22,656", "2010-09-30": "$23,225", "2010-06-30": "$23,197", "2010-03-31": "$26,225", "2009-12-31": "$26,925", "2009-09-30": "$27,662", "2009-06-30": "$28,926", "2009-03-31": "$29,297", "2008-12-31": "$27,085", "2008-09-30": "$21,713", "2008-06-30": "$21,539", "2008-03-31": "$21,108", "2007-12-31": "$20,289", "2007-09-30": "$21,471", "2007-06-30": "$21,703", "2007-03-31": "$21,961", "2006-12-31": "$23,091", "2006-09-30": "$23,777", "2006-06-30": "$24,939", "2006-03-31": "$26,066", "2005-12-31": "$10,758", "2005-09-30": "$12,372", "2005-06-30": "$13,659", "2005-03-31": "$13,898"}}, "total-liabilities": {"ConocoPhillips Annual Total Liabilities (Millions of US $)": {"2019": "$35,464", "2018": "$37,916", "2017": "$42,561", "2016": "$54,546", "2015": "$57,402", "2014": "$64,266", "2013": "$65,565", "2012": "$68,717", "2011": "$87,481", "2010": "$87,205", "2009": "$89,525", "2008": "$86,600", "2007": "$88,774", "2006": "$82,135", "2005": "$54,268"}, "ConocoPhillips Quarterly Total Liabilities (Millions of US $)": {"2020-09-30": "$32,374", "2020-06-30": "$31,553", "2020-03-31": "$33,646", "2019-12-31": "$35,464", "2019-09-30": "$35,101", "2019-06-30": "$38,187", "2019-03-31": "$38,517", "2018-12-31": "$37,916", "2018-09-30": "$38,477", "2018-06-30": "$37,714", "2018-03-31": "$40,009", "2017-12-31": "$42,561", "2017-09-30": "$44,149", "2017-06-30": "$47,505", "2017-03-31": "$52,372", "2016-12-31": "$54,546", "2016-09-30": "$57,828", "2016-06-30": "$58,223", "2016-03-31": "$60,427", "2015-12-31": "$57,402", "2015-09-30": "$61,394", "2015-06-30": "$63,034", "2015-03-31": "$61,034", "2014-12-31": "$64,266", "2014-09-30": "$63,325", "2014-06-30": "$65,962", "2014-03-31": "$66,404", "2013-12-31": "$65,565", "2013-09-30": "$68,223", "2013-06-30": "$68,015", "2013-03-31": "$68,540", "2012-12-31": "$68,717", "2012-09-30": "$67,492", "2012-06-30": "$67,565", "2012-03-31": "$95,838", "2011-12-31": "$87,481", "2011-09-30": "$88,363", "2011-06-30": "$89,490", "2011-03-31": "$89,122", "2010-12-31": "$87,205", "2010-09-30": "$85,416", "2010-06-30": "$85,511", "2010-03-31": "$91,393", "2009-12-31": "$89,525", "2009-09-30": "$90,330", "2009-06-30": "$90,066", "2009-03-31": "$87,058", "2008-12-31": "$86,600", "2008-09-30": "$91,731", "2008-06-30": "$97,757", "2008-03-31": "$93,703", "2007-12-31": "$88,774", "2007-09-30": "$86,494", "2007-06-30": "$85,940", "2007-03-31": "$88,427", "2006-12-31": "$82,135", "2006-09-30": "$83,247", "2006-06-30": "$84,540", "2006-03-31": "$87,459", "2005-12-31": "$54,268", "2005-09-30": "$54,534", "2005-06-30": "$50,169", "2005-03-31": "$51,859"}}, "total-share-holder-equity": {"ConocoPhillips Annual Share Holder Equity (Millions of US $)": {"2019": "$35,050", "2018": "$32,064", "2017": "$30,801", "2016": "$35,226", "2015": "$40,082", "2014": "$52,273", "2013": "$52,492", "2012": "$48,427", "2011": "$65,749", "2010": "$69,109", "2009": "$62,613", "2008": "$56,265", "2007": "$88,983", "2006": "$82,646", "2005": "$52,731"}, "ConocoPhillips Quarterly Share Holder Equity (Millions of US $)": {"2020-09-30": "$30,783", "2020-06-30": "$31,493", "2020-03-31": "$31,387", "2019-12-31": "$35,050", "2019-09-30": "$35,239", "2019-06-30": "$33,074", "2019-03-31": "$32,981", "2018-12-31": "$32,064", "2018-09-30": "$32,079", "2018-06-30": "$31,222", "2018-03-31": "$30,718", "2017-12-31": "$30,801", "2017-09-30": "$30,712", "2017-06-30": "$30,499", "2017-03-31": "$35,601", "2016-12-31": "$35,226", "2016-09-30": "$36,456", "2016-06-30": "$37,831", "2016-03-31": "$39,407", "2015-12-31": "$40,082", "2015-09-30": "$44,555", "2015-06-30": "$48,969", "2015-03-31": "$49,008", "2014-12-31": "$52,273", "2014-09-30": "$55,661", "2014-06-30": "$55,686", "2014-03-31": "$53,621", "2013-12-31": "$52,492", "2013-09-30": "$51,537", "2013-06-30": "$48,932", "2013-03-31": "$49,240", "2012-12-31": "$48,427", "2012-09-30": "$47,877", "2012-06-30": "$46,443", "2012-03-31": "$67,043", "2011-12-31": "$65,749", "2011-09-30": "$66,326", "2011-06-30": "$70,578", "2011-03-31": "$70,521", "2010-12-31": "$69,109", "2010-09-30": "$69,917", "2010-06-30": "$65,945", "2010-03-31": "$63,417", "2009-12-31": "$62,613", "2009-09-30": "$62,097", "2009-06-30": "$60,007", "2009-03-31": "$56,193", "2008-12-31": "$56,265", "2008-09-30": "$92,876", "2008-06-30": "$92,398", "2008-03-31": "$89,575", "2007-12-31": "$88,983", "2007-09-30": "$86,933", "2007-06-30": "$84,928", "2007-03-31": "$84,782", "2006-12-31": "$82,646", "2006-09-30": "$80,476", "2006-06-30": "$77,377", "2006-03-31": "$72,193", "2005-12-31": "$52,731", "2005-09-30": "$49,838", "2005-06-30": "$47,300", "2005-03-31": "$45,031"}}, "profit-margins": {"current": "-14.03%"}, "gross margin": {"2020-12-31": "50.48%", "2020-09-30": "57.96%", "2020-06-30": "62.75%", "2020-03-31": "62.93%", "2019-12-31": "65.68%", "2019-09-30": "64.67%", "2019-06-30": "63.29%", "2019-03-31": "63.24%", "2018-12-31": "62.14%", "2018-09-30": "61.66%", "2018-06-30": "60.18%", "2018-03-31": "60.10%", "2017-12-31": "58.85%", "2017-09-30": "58.05%", "2017-06-30": "56.20%", "2017-03-31": "52.36%", "2016-12-31": "51.12%", "2016-09-30": "43.83%", "2016-06-30": "41.83%", "2016-03-31": "44.08%", "2015-12-31": "46.28%", "2015-09-30": "51.76%", "2015-06-30": "56.05%", "2015-03-31": "56.94%", "2014-12-31": "56.51%", "2014-09-30": "57.51%", "2014-06-30": "57.88%", "2014-03-31": "57.77%", "2013-12-31": "59.01%", "2013-09-30": "58.11%", "2013-06-30": "56.66%", "2013-03-31": "56.93%", "2012-12-31": "56.89%", "2012-09-30": "56.29%", "2012-06-30": "55.03%", "2012-03-31": "54.00%", "2011-12-31": "38.91%", "2011-09-30": "33.39%", "2011-06-30": "31.05%", "2011-03-31": "30.12%", "2010-12-31": "31.08%", "2010-09-30": "31.85%", "2010-06-30": "32.00%", "2010-03-31": "30.78%", "2009-12-31": "32.01%", "2009-09-30": "32.80%", "2009-06-30": "32.12%", "2009-03-31": "31.48%", "2008-12-31": "31.15%", "2008-09-30": "31.60%", "2008-06-30": "32.79%", "2008-03-31": "34.87%", "2007-12-31": "36.02%", "2007-09-30": "37.08%", "2007-06-30": "37.83%", "2007-03-31": "38.33%", "2006-12-31": "36.49%", "2006-09-30": "34.17%", "2006-06-30": "32.23%", "2006-03-31": "30.65%", "2005-12-31": "31.51%"}, "operating margin": {"2020-12-31": "-11.19%", "2020-09-30": "1.19%", "2020-06-30": "15.71%", "2020-03-31": "20.02%", "2019-12-31": "29.16%", "2019-09-30": "30.91%", "2019-06-30": "29.43%", "2019-03-31": "30.09%", "2018-12-31": "28.52%", "2018-09-30": "26.32%", "2018-06-30": "22.20%", "2018-03-31": "2.28%", "2017-12-31": "-3.44%", "2017-09-30": "-7.68%", "2017-06-30": "-15.07%", "2017-03-31": "-6.91%", "2016-12-31": "-15.92%", "2016-09-30": "-37.27%", "2016-06-30": "-36.80%", "2016-03-31": "-27.48%", "2015-12-31": "-19.11%", "2015-09-30": "-3.81%", "2015-06-30": "6.99%", "2015-03-31": "13.49%", "2014-12-31": "18.83%", "2014-09-30": "23.25%", "2014-06-30": "25.35%", "2014-03-31": "25.90%", "2013-12-31": "26.50%", "2013-09-30": "27.19%", "2013-06-30": "26.16%", "2013-03-31": "26.40%", "2012-12-31": "26.72%", "2012-09-30": "26.14%", "2012-06-30": "25.55%", "2012-03-31": "25.40%", "2011-12-31": "16.99%", "2011-09-30": "13.51%", "2011-06-30": "11.94%", "2011-03-31": "10.97%", "2010-12-31": "10.81%", "2010-09-30": "10.57%", "2010-06-30": "9.78%", "2010-03-31": "7.88%", "2009-12-31": "7.38%", "2009-09-30": "8.70%", "2009-06-30": "10.84%", "2009-03-31": "12.61%", "2008-12-31": "13.46%", "2008-09-30": "14.07%", "2008-06-30": "14.18%", "2008-03-31": "14.96%", "2007-12-31": "15.31%", "2007-09-30": "15.67%", "2007-06-30": "16.32%", "2007-03-31": "16.84%", "2006-12-31": "16.14%", "2006-09-30": "15.29%", "2006-06-30": "14.51%", "2006-03-31": "13.12%", "2005-12-31": "13.29%"}, "ebitda margin": {"2020-09-30": "28.03%", "2020-06-30": "37.54%", "2020-03-31": "39.95%", "2019-12-31": "46.66%", "2019-09-30": "47.78%", "2019-06-30": "46.08%", "2019-03-31": "46.27%", "2018-12-31": "44.81%", "2018-09-30": "43.38%", "2018-06-30": "41.08%", "2018-03-31": "21.92%", "2017-12-31": "18.68%", "2017-09-30": "16.90%", "2017-06-30": "12.80%", "2017-03-31": "27.04%", "2016-12-31": "23.02%", "2016-09-30": "3.91%", "2016-06-30": "2.17%", "2016-03-31": "7.23%", "2015-12-31": "11.91%", "2015-09-30": "22.55%", "2015-06-30": "29.47%", "2015-03-31": "32.57%", "2014-12-31": "34.71%", "2014-09-30": "37.86%", "2014-06-30": "39.00%", "2014-03-31": "39.26%", "2013-12-31": "40.00%", "2013-09-30": "39.93%", "2013-06-30": "38.63%", "2013-03-31": "38.30%", "2012-12-31": "37.97%", "2012-09-30": "36.99%", "2012-06-30": "36.06%", "2012-03-31": "35.53%", "2011-12-31": "23.66%", "2011-09-30": "18.23%", "2011-06-30": "16.14%", "2011-03-31": "14.84%", "2010-12-31": "15.05%", "2010-09-30": "15.70%", "2010-06-30": "15.17%", "2010-03-31": "13.76%", "2009-12-31": "13.76%", "2009-09-30": "14.91%", "2009-06-30": "16.06%", "2009-03-31": "16.87%", "2008-12-31": "17.28%", "2008-09-30": "17.74%", "2008-06-30": "18.07%", "2008-03-31": "19.21%", "2007-12-31": "19.75%", "2007-09-30": "20.27%", "2007-06-30": "20.92%", "2007-03-31": "21.43%", "2006-12-31": "20.15%", "2006-09-30": "18.68%", "2006-06-30": "17.34%", "2006-03-31": "15.51%", "2005-12-31": "15.71%"}, "pre tax profit margin": {"2020-12-31": "-16.31%", "2020-09-30": "-3.60%", "2020-06-30": "11.96%", "2020-03-31": "16.78%", "2019-12-31": "25.97%", "2019-09-30": "28.05%", "2019-06-30": "26.49%", "2019-03-31": "27.33%", "2018-12-31": "25.75%", "2018-09-30": "23.25%", "2018-06-30": "18.67%", "2018-03-31": "-1.80%", "2017-12-31": "-8.03%", "2017-09-30": "-12.69%", "2017-06-30": "-20.56%", "2017-03-31": "-13.05%", "2016-12-31": "-22.70%", "2016-09-30": "-44.29%", "2016-06-30": "-42.87%", "2016-03-31": "-32.59%", "2015-12-31": "-23.40%", "2015-09-30": "-6.97%", "2015-06-30": "4.31%", "2015-03-31": "11.24%", "2014-12-31": "16.91%", "2014-09-30": "21.28%", "2014-06-30": "23.46%", "2014-03-31": "24.07%", "2013-12-31": "24.80%", "2013-09-30": "25.58%", "2013-06-30": "24.55%", "2013-03-31": "24.67%", "2012-12-31": "24.87%", "2012-09-30": "24.27%", "2012-06-30": "23.54%", "2012-03-31": "23.39%", "2011-12-31": "15.73%", "2011-09-30": "12.49%", "2011-06-30": "11.12%", "2011-03-31": "10.21%", "2010-12-31": "9.94%", "2010-09-30": "9.62%", "2010-06-30": "8.76%", "2010-03-31": "6.94%", "2009-12-31": "6.29%", "2009-09-30": "-14.82%", "2009-06-30": "-8.84%", "2009-03-31": "-3.81%", "2008-12-31": "-1.16%", "2008-09-30": "13.41%", "2008-06-30": "13.42%", "2008-03-31": "11.94%", "2007-12-31": "12.01%", "2007-09-30": "11.97%", "2007-06-30": "12.71%", "2007-03-31": "15.59%", "2006-12-31": "15.03%", "2006-09-30": "14.65%", "2006-06-30": "13.95%", "2006-03-31": "12.69%", "2005-12-31": "12.84%"}, "net profit margin": {"2020-12-31": "-14.03%", "2020-09-30": "-5.66%", "2020-06-30": "8.49%", "2020-03-31": "11.51%", "2019-12-31": "19.60%", "2019-09-30": "21.44%", "2019-06-30": "18.33%", "2019-03-31": "18.09%", "2018-12-31": "16.16%", "2018-09-30": "16.09%", "2018-06-30": "13.26%", "2018-03-31": "-1.64%", "2017-12-31": "-2.62%", "2017-09-30": "-7.94%", "2017-06-30": "-12.91%", "2017-03-31": "-5.75%", "2016-12-31": "-14.84%", "2016-09-30": "-29.45%", "2016-06-30": "-28.40%", "2016-03-31": "-22.07%", "2015-12-31": "-14.31%", "2015-09-30": "-2.82%", "2015-06-30": "6.66%", "2015-03-31": "10.57%", "2014-12-31": "12.37%", "2014-09-30": "16.30%", "2014-06-30": "15.23%", "2014-03-31": "15.32%", "2013-12-31": "15.72%", "2013-09-30": "13.35%", "2013-06-30": "12.38%", "2013-03-31": "12.60%", "2012-12-31": "13.59%", "2012-09-30": "16.83%", "2012-06-30": "17.59%", "2012-03-31": "18.55%", "2011-12-31": "11.44%", "2011-09-30": "7.60%", "2011-06-30": "6.45%", "2011-03-31": "5.82%", "2010-12-31": "5.72%", "2010-09-30": "5.61%", "2010-06-30": "4.99%", "2010-03-31": "3.42%", "2009-12-31": "2.90%", "2009-09-30": "-18.13%", "2009-06-30": "-13.16%", "2009-03-31": "-8.88%", "2008-12-31": "-6.62%", "2008-09-30": "7.49%", "2008-06-30": "7.59%", "2008-03-31": "6.00%", "2007-12-31": "6.11%", "2007-09-30": "5.86%", "2007-06-30": "5.92%", "2007-03-31": "8.61%", "2006-12-31": "8.25%", "2006-09-30": "8.09%", "2006-06-30": "8.05%", "2006-03-31": "7.23%", "2005-12-31": "7.38%"}, "pe ratio": {"current": "0.00", "2021-02-05": "0.00", "2020-12-31": "0.00", "2020-09-30": "0.00", "2020-06-30": "20.23", "2020-03-31": "9.34", "2019-12-31": "9.78", "2019-09-30": "7.39", "2019-06-30": "9.33", "2019-03-31": "10.18", "2018-12-31": "10.97", "2018-09-30": "14.34", "2018-06-30": "17.08", "2018-03-31": "0.00", "2017-12-31": "0.00", "2017-09-30": "0.00", "2017-06-30": "0.00", "2017-03-31": "0.00", "2016-12-31": "0.00", "2016-09-30": "0.00", "2016-06-30": "0.00", "2016-03-31": "0.00", "2015-12-31": "0.00", "2015-09-30": "0.00", "2015-06-30": "23.81", "2015-03-31": "13.09", "2014-12-31": "10.49", "2014-09-30": "8.41", "2014-06-30": "9.56", "2014-03-31": "7.79", "2013-12-31": "7.72", "2013-09-30": "8.49", "2013-06-30": "7.97", "2013-03-31": "7.65", "2012-12-31": "6.71", "2012-09-30": "5.41", "2012-06-30": "4.95", "2012-03-31": "4.76", "2011-12-31": "4.62", "2011-09-30": "4.57", "2011-06-30": "5.28", "2011-03-31": "5.32", "2010-12-31": "4.91", "2010-09-30": "4.44", "2010-06-30": "4.41", "2010-03-31": "6.67", "2009-12-31": "8.30", "2009-09-30": "0.00", "2009-06-30": "0.00", "2009-03-31": "0.00", "2008-12-31": "0.00", "2008-09-30": "3.00", "2008-06-30": "4.24", "2008-03-31": "4.87", "2007-12-31": "6.00", "2007-09-30": "6.67", "2007-06-30": "5.86", "2007-03-31": "3.51", "2006-12-31": "3.59"}, "price sales": {"2021-02-05": "2.49", "2020-12-31": "2.24", "2020-09-30": "1.67", "2020-06-30": "1.68", "2020-03-31": "1.06", "2019-12-31": "1.92", "2019-09-30": "1.60", "2019-06-30": "1.72", "2019-03-31": "1.85", "2018-12-31": "1.78", "2018-09-30": "2.32", "2018-06-30": "2.28", "2018-03-31": "1.98", "2017-12-31": "1.91", "2017-09-30": "1.83", "2017-06-30": "1.64", "2017-03-31": "2.08", "2016-12-31": "2.31", "2016-09-30": "2.03", "2016-06-30": "1.94", "2016-03-31": "1.59", "2015-12-31": "1.65", "2015-09-30": "1.44", "2015-06-30": "1.58", "2015-03-31": "1.38", "2014-12-31": "1.30", "2014-09-30": "1.37", "2014-06-30": "1.45", "2014-03-31": "1.19", "2013-12-31": "1.21", "2013-09-30": "1.14", "2013-06-30": "0.99", "2013-03-31": "0.97", "2012-12-31": "0.91", "2012-09-30": "0.90", "2012-06-30": "0.87", "2012-03-31": "0.88", "2011-12-31": "0.54", "2011-09-30": "0.35", "2011-06-30": "0.34", "2011-03-31": "0.31", "2010-12-31": "0.28", "2010-09-30": "0.25", "2010-06-30": "0.22", "2010-03-31": "0.24", "2009-12-31": "0.26", "2009-09-30": "0.23", "2009-06-30": "0.18", "2009-03-31": "0.14", "2008-12-31": "0.16", "2008-09-30": "0.23", "2008-06-30": "0.32", "2008-03-31": "0.30", "2007-12-31": "0.37", "2007-09-30": "0.39", "2007-06-30": "0.34", "2007-03-31": "0.30", "2006-12-31": "0.29"}, "price book": {"current": "1.60", "2021-02-05": "1.55", "2020-09-30": "1.13", "2020-06-30": "1.40", "2020-03-31": "1.02", "2019-12-31": "1.93", "2019-09-30": "1.69", "2019-06-30": "1.94", "2019-03-31": "2.16", "2018-12-31": "2.08", "2018-09-30": "2.60", "2018-06-30": "2.42", "2018-03-31": "2.10", "2017-12-31": "1.94", "2017-09-30": "1.79", "2017-06-30": "1.60", "2017-03-31": "1.57", "2016-12-31": "1.59", "2016-09-30": "1.33", "2016-06-30": "1.27", "2016-03-31": "1.12", "2015-12-31": "1.27", "2015-09-30": "1.15", "2015-06-30": "1.33", "2015-03-31": "1.33", "2014-12-31": "1.36", "2014-09-30": "1.40", "2014-06-30": "1.56", "2014-03-31": "1.31", "2013-12-31": "1.33", "2013-09-30": "1.35", "2013-06-30": "1.20", "2013-03-31": "1.17", "2012-12-31": "1.13", "2012-09-30": "1.11", "2012-06-30": "1.10", "2012-03-31": "0.82", "2011-12-31": "0.81", "2011-09-30": "0.71", "2011-06-30": "0.84", "2011-03-31": "0.91", "2010-12-31": "0.79", "2010-09-30": "0.67", "2010-06-30": "0.61", "2010-03-31": "0.66", "2009-12-31": "0.66", "2009-09-30": "0.56", "2009-06-30": "0.54", "2009-03-31": "0.53", "2008-12-31": "0.71", "2008-09-30": "0.59", "2008-06-30": "0.77", "2008-03-31": "0.65", "2007-12-31": "0.77", "2007-09-30": "0.79", "2007-06-30": "0.73", "2007-03-31": "0.64", "2006-12-31": "0.69", "2006-09-30": "0.58", "2006-06-30": "0.66", "2006-03-31": "0.68"}, "price fcf": {"2021-02-05": "", "2020-09-30": "$2.00", "2020-06-30": "$4.87", "2020-03-31": "$6.36", "2019-12-31": "$6.66", "2019-09-30": "$7.81", "2019-06-30": "$6.81", "2019-03-31": "$6.53", "2018-12-31": "$6.18", "2018-09-30": "$4.59", "2018-06-30": "$5.57", "2018-03-31": "$13.57", "2017-12-31": "$13.39", "2017-09-30": "$13.61", "2017-06-30": "$11.33", "2017-03-31": "$2.36", "2016-12-31": "$0.66", "2016-09-30": "$0.48", "2016-06-30": "$-0.02", "2016-03-31": "$-0.56", "2015-12-31": "$-0.42", "2015-09-30": "$-2.40", "2015-06-30": "$-1.71", "2015-03-31": "$-2.01", "2014-12-31": "$0.87", "2014-09-30": "$7.42", "2014-06-30": "$7.72", "2014-03-31": "$8.73", "2013-12-31": "$8.73", "2013-09-30": "$3.63", "2013-06-30": "$3.45", "2013-03-31": "$2.37", "2012-12-31": "$1.50", "2012-09-30": "$4.05", "2012-06-30": "$5.23", "2012-03-31": "$8.58", "2011-12-31": "$8.03", "2011-09-30": "$10.47", "2011-06-30": "$14.27", "2011-03-31": "$16.38", "2010-12-31": "$16.52", "2010-09-30": "$13.03", "2010-06-30": "$8.11", "2010-03-31": "$3.29", "2009-12-31": "$1.93", "2009-09-30": "$-2.86", "2009-06-30": "$-0.88", "2009-03-31": "$0.49", "2008-12-31": "$3.41", "2008-09-30": "$8.52", "2008-06-30": "$8.48", "2008-03-31": "$9.00", "2007-12-31": "$9.92", "2007-09-30": "$9.04", "2007-06-30": "$8.07", "2007-03-31": "$7.03", "2006-12-31": "$4.02"}, "net worth": {"value": "$47.65B"}, "current ratio": {"2020-12-31": "2.25", "2020-09-30": "2.38", "2020-06-30": "2.69", "2020-03-31": "2.16", "2019-12-31": "2.40", "2019-09-30": "2.56", "2019-06-30": "1.76", "2019-03-31": "1.86", "2018-12-31": "1.80", "2018-09-30": "1.99", "2018-06-30": "1.75", "2018-03-31": "1.86", "2017-12-31": "1.76", "2017-09-30": "2.38", "2017-06-30": "2.00", "2017-03-31": "1.43", "2016-12-31": "1.25", "2016-09-30": "1.28", "2016-06-30": "1.26", "2016-03-31": "1.24", "2015-12-31": "0.95", "2015-09-30": "1.17", "2015-06-30": "1.37", "2015-03-31": "1.13", "2014-12-31": "1.31", "2014-09-30": "1.15", "2014-06-30": "1.16", "2014-03-31": "1.19", "2013-12-31": "1.26", "2013-09-30": "1.38", "2013-06-30": "1.35", "2013-03-31": "1.32", "2012-12-31": "1.38", "2012-09-30": "0.91", "2012-06-30": "0.92", "2012-03-31": "1.02", "2011-12-31": "1.08", "2011-09-30": "1.12", "2011-06-30": "1.18", "2011-03-31": "1.22", "2010-12-31": "1.26", "2010-09-30": "1.39", "2010-06-30": "1.04", "2010-03-31": "0.89", "2009-12-31": "0.89", "2009-09-30": "0.90", "2009-06-30": "1.00", "2009-03-31": "0.99", "2008-12-31": "0.96", "2008-09-30": "0.96", "2008-06-30": "0.96", "2008-03-31": "0.92", "2007-12-31": "0.92", "2007-09-30": "0.98", "2007-06-30": "1.02", "2007-03-31": "0.92", "2006-12-31": "0.95", "2006-09-30": "0.90", "2006-06-30": "0.81", "2006-03-31": "0.79", "2005-12-31": "0.92", "2005-09-30": "0.96", "2005-06-30": "1.03", "2005-03-31": "1.01"}, "quick ratio": {"2020-12-31": "2.06", "2020-09-30": "2.16", "2020-06-30": "2.45", "2020-03-31": "2.04", "2019-12-31": "2.26", "2019-09-30": "2.40", "2019-06-30": "1.64", "2019-03-31": "1.72", "2018-12-31": "1.66", "2018-09-30": "1.82", "2018-06-30": "1.58", "2018-03-31": "1.71", "2017-12-31": "1.64", "2017-09-30": "2.23", "2017-06-30": "1.90", "2017-03-31": "1.28", "2016-12-31": "1.10", "2016-09-30": "1.13", "2016-06-30": "1.10", "2016-03-31": "1.12", "2015-12-31": "0.83", "2015-09-30": "1.03", "2015-06-30": "1.22", "2015-03-31": "1.01", "2014-12-31": "1.19", "2014-09-30": "1.06", "2014-06-30": "1.08", "2014-03-31": "1.12", "2013-12-31": "1.18", "2013-09-30": "1.30", "2013-06-30": "1.28", "2013-03-31": "1.26", "2012-12-31": "1.32", "2012-09-30": "0.84", "2012-06-30": "0.86", "2012-03-31": "0.85", "2011-12-31": "0.91", "2011-09-30": "0.87", "2011-06-30": "0.94", "2011-03-31": "0.95", "2010-12-31": "1.08", "2010-09-30": "1.09", "2010-06-30": "0.76", "2010-03-31": "0.61", "2009-12-31": "0.69", "2009-09-30": "0.65", "2009-06-30": "0.73", "2009-03-31": "0.68", "2008-12-31": "0.72", "2008-09-30": "0.73", "2008-06-30": "0.77", "2008-03-31": "0.69", "2007-12-31": "0.76", "2007-09-30": "0.76", "2007-06-30": "0.80", "2007-03-31": "0.71", "2006-12-31": "0.75", "2006-09-30": "0.67", "2006-06-30": "0.57", "2006-03-31": "0.60", "2005-12-31": "0.74", "2005-09-30": "0.74", "2005-06-30": "0.73", "2005-03-31": "0.75"}, "debt equity ratio": {"current": "0.49", "2020-12-31": "1.10", "2020-09-30": "1.05", "2020-06-30": "1.00", "2020-03-31": "1.07", "2019-12-31": "1.01", "2019-09-30": "1.00", "2019-06-30": "1.16", "2019-03-31": "1.17", "2018-12-31": "1.18", "2018-09-30": "1.20", "2018-06-30": "1.21", "2018-03-31": "1.30", "2017-12-31": "1.38", "2017-09-30": "1.44", "2017-06-30": "1.56", "2017-03-31": "1.47", "2016-12-31": "1.55", "2016-09-30": "1.59", "2016-06-30": "1.54", "2016-03-31": "1.53", "2015-12-31": "1.43", "2015-09-30": "1.38", "2015-06-30": "1.29", "2015-03-31": "1.25", "2014-12-31": "1.23", "2014-09-30": "1.14", "2014-06-30": "1.19", "2014-03-31": "1.24", "2013-12-31": "1.25", "2013-09-30": "1.32", "2013-06-30": "1.39", "2013-03-31": "1.39", "2012-12-31": "1.42", "2012-09-30": "1.41", "2012-06-30": "1.46", "2012-03-31": "1.43", "2011-12-31": "1.33", "2011-09-30": "1.33", "2011-06-30": "1.27", "2011-03-31": "1.26", "2010-12-31": "1.26", "2010-09-30": "1.22", "2010-06-30": "1.30", "2010-03-31": "1.44", "2009-12-31": "1.43", "2009-09-30": "1.46", "2009-06-30": "1.50", "2009-03-31": "1.55", "2008-12-31": "1.54", "2008-09-30": "0.99", "2008-06-30": "1.06", "2008-03-31": "1.05", "2007-12-31": "1.00", "2007-09-30": "1.00", "2007-06-30": "1.01", "2007-03-31": "1.04", "2006-12-31": "0.99", "2006-09-30": "1.03", "2006-06-30": "1.09", "2006-03-31": "1.21", "2005-12-31": "1.03", "2005-09-30": "1.09", "2005-06-30": "1.06", "2005-03-31": "1.15"}, "return on equity": {"2020-12-31": "-8.75%", "2020-09-30": "-3.76%", "2020-06-30": "6.90%", "2020-03-31": "10.74%", "2019-12-31": "21.09%", "2019-09-30": "25.01%", "2019-06-30": "21.94%", "2019-03-31": "22.45%", "2018-12-31": "19.85%", "2018-09-30": "19.13%", "2018-06-30": "14.67%", "2018-03-31": "-1.80%", "2017-12-31": "-2.68%", "2017-09-30": "-7.48%", "2017-06-30": "-11.41%", "2017-03-31": "-4.30%", "2016-12-31": "-9.71%", "2016-09-30": "-18.29%", "2016-06-30": "-17.45%", "2016-03-31": "-14.26%", "2015-12-31": "-9.70%", "2015-09-30": "-2.09%", "2015-06-30": "5.36%", "2015-03-31": "9.44%", "2014-12-31": "12.65%", "2014-09-30": "17.28%", "2014-06-30": "17.20%", "2014-03-31": "17.70%", "2013-12-31": "18.11%", "2013-09-30": "16.34%", "2013-06-30": "15.25%", "2013-03-31": "15.90%", "2012-12-31": "16.07%", "2012-09-30": "18.30%", "2012-06-30": "18.26%", "2012-03-31": "18.31%", "2011-12-31": "18.21%", "2011-09-30": "16.04%", "2011-06-30": "16.46%", "2011-03-31": "17.84%", "2010-12-31": "16.93%", "2010-09-30": "16.19%", "2010-06-30": "14.20%", "2010-03-31": "9.21%", "2009-12-31": "7.33%", "2009-09-30": "-47.72%", "2009-06-30": "-36.58%", "2009-03-31": "-26.45%", "2008-12-31": "-19.75%", "2008-09-30": "21.04%", "2008-06-30": "19.70%", "2008-03-31": "14.25%", "2007-12-31": "13.76%", "2007-09-30": "12.63%", "2007-06-30": "13.12%", "2007-03-31": "19.44%", "2006-12-31": "19.89%", "2006-09-30": "22.68%", "2006-06-30": "25.31%", "2006-03-31": "25.05%", "2005-12-31": "27.77%"}, "return on assets": {"2020-12-31": "-4.26%", "2020-09-30": "-1.85%", "2020-06-30": "3.42%", "2020-03-31": "5.22%", "2019-12-31": "10.14%", "2019-09-30": "11.78%", "2019-06-30": "10.08%", "2019-03-31": "10.25%", "2018-12-31": "8.93%", "2018-09-30": "8.42%", "2018-06-30": "6.29%", "2018-03-31": "-0.74%", "2017-12-31": "-1.09%", "2017-09-30": "-2.99%", "2017-06-30": "-4.49%", "2017-03-31": "-1.70%", "2016-12-31": "-3.81%", "2016-09-30": "-7.25%", "2016-06-30": "-7.07%", "2016-03-31": "-5.94%", "2015-12-31": "-4.16%", "2015-09-30": "-0.92%", "2015-06-30": "2.41%", "2015-03-31": "4.30%", "2014-12-31": "5.76%", "2014-09-30": "7.85%", "2014-06-30": "7.65%", "2014-03-31": "7.70%", "2013-12-31": "7.75%", "2013-09-30": "6.87%", "2013-06-30": "6.35%", "2013-03-31": "6.57%", "2012-12-31": "6.62%", "2012-09-30": "7.62%", "2012-06-30": "7.67%", "2012-03-31": "7.83%", "2011-12-31": "7.93%", "2011-09-30": "7.03%", "2011-06-30": "7.30%", "2011-03-31": "7.89%", "2010-12-31": "7.35%", "2010-09-30": "6.91%", "2010-06-30": "5.90%", "2010-03-31": "3.75%", "2009-12-31": "2.95%", "2009-09-30": "-19.02%", "2009-06-30": "-15.64%", "2009-03-31": "-11.92%", "2008-12-31": "-9.33%", "2008-09-30": "10.40%", "2008-06-30": "9.73%", "2008-03-31": "7.08%", "2007-12-31": "6.84%", "2007-09-30": "6.28%", "2007-06-30": "6.49%", "2007-03-31": "9.53%", "2006-12-31": "9.57%", "2006-09-30": "10.83%", "2006-06-30": "11.98%", "2006-03-31": "11.87%", "2005-12-31": "13.34%"}, "return on investments": {"2020-12-31": "-4.71%", "2020-09-30": "0.54%", "2020-06-30": "8.83%", "2020-03-31": "12.97%", "2019-12-31": "21.87%", "2019-09-30": "24.96%", "2019-06-30": "24.19%", "2019-03-31": "25.52%", "2018-12-31": "23.57%", "2018-09-30": "20.73%", "2018-06-30": "15.80%", "2018-03-31": "1.57%", "2017-12-31": "-2.14%", "2017-09-30": "-4.29%", "2017-06-30": "-7.76%", "2017-03-31": "-2.98%", "2016-12-31": "-6.03%", "2016-09-30": "-13.72%", "2016-06-30": "-13.82%", "2016-03-31": "-11.24%", "2015-12-31": "-8.51%", "2015-09-30": "-1.90%", "2015-06-30": "3.93%", "2015-03-31": "8.64%", "2014-12-31": "14.03%", "2014-09-30": "18.05%", "2014-06-30": "20.72%", "2014-03-31": "21.36%", "2013-12-31": "21.60%", "2013-09-30": "23.42%", "2013-06-30": "22.74%", "2013-03-31": "23.63%", "2012-12-31": "22.89%", "2012-09-30": "20.99%", "2012-06-30": "19.74%", "2012-03-31": "18.90%", "2011-12-31": "20.39%", "2011-09-30": "21.47%", "2011-06-30": "23.00%", "2011-03-31": "25.24%", "2010-12-31": "23.62%", "2010-09-30": "22.13%", "2010-06-30": "19.76%", "2010-03-31": "14.70%", "2009-12-31": "12.72%", "2009-09-30": "15.46%", "2009-06-30": "21.47%", "2009-03-31": "28.12%", "2008-12-31": "31.46%", "2008-09-30": "32.08%", "2008-06-30": "29.77%", "2008-03-31": "28.64%", "2007-12-31": "27.64%", "2007-09-30": "26.79%", "2007-06-30": "28.42%", "2007-03-31": "29.49%", "2006-12-31": "29.65%", "2006-09-30": "32.90%", "2006-06-30": "35.27%", "2006-03-31": "35.43%", "2005-12-31": "39.68%"}, "return on tangible equity": {"2020-09-30": "-3.76%", "2020-06-30": "6.90%", "2020-03-31": "10.74%", "2019-12-31": "21.09%", "2019-09-30": "25.01%", "2019-06-30": "21.94%", "2019-03-31": "22.45%", "2018-12-31": "19.85%", "2018-09-30": "19.13%", "2018-06-30": "14.67%", "2018-03-31": "-1.80%", "2017-12-31": "-2.68%", "2017-09-30": "-7.48%", "2017-06-30": "-11.41%", "2017-03-31": "-4.30%", "2016-12-31": "-9.71%", "2016-09-30": "-18.29%", "2016-06-30": "-17.45%", "2016-03-31": "-14.26%", "2015-12-31": "-9.70%", "2015-09-30": "-2.09%", "2015-06-30": "5.36%", "2015-03-31": "9.44%", "2014-12-31": "12.65%", "2014-09-30": "17.28%", "2014-06-30": "17.20%", "2014-03-31": "17.70%", "2013-12-31": "18.11%", "2013-09-30": "16.34%", "2013-06-30": "15.25%", "2013-03-31": "15.90%", "2012-12-31": "16.39%", "2012-09-30": "18.99%", "2012-06-30": "19.24%", "2012-03-31": "19.53%", "2011-12-31": "19.44%", "2011-09-30": "17.13%", "2011-06-30": "17.57%", "2011-03-31": "19.07%", "2010-12-31": "18.13%", "2010-09-30": "17.37%", "2010-06-30": "15.27%", "2010-03-31": "9.93%", "2009-12-31": "7.93%", "2009-09-30": "-51.77%", "2009-06-30": "-43.83%", "2009-03-31": "-34.49%", "2008-12-31": "-27.70%", "2008-09-30": "31.48%", "2008-06-30": "29.74%", "2008-03-31": "21.79%", "2007-12-31": "21.41%", "2007-09-30": "20.07%", "2007-06-30": "21.37%", "2007-03-31": "32.58%", "2006-12-31": "34.44%", "2006-09-30": "38.48%", "2006-06-30": "41.69%", "2006-03-31": "39.65%", "2005-12-31": "41.46%"}, "dividend yield history": {"last payout": "$1.72", "last yield": "3.87%"}}