{"ticker": "ED", "price": {"title": "Consolidated Edison Inc Historical Annual Stock Price Data", "value": 71.5, "historical": {"2021": {"Average Stock Price": "70.0213", "Year Open": "70.6600", "Year High": "71.5400", "Year Low": "67.9200", "Year Close": "71.5000", "Annual % Change": "-1.07%"}, "2020": {"Average Stock Price": "78.9326", "Year Open": "88.8600", "Year High": "94.7400", "Year Low": "65.3500", "Year Close": "72.2700", "Annual % Change": "-20.12%"}, "2019": {"Average Stock Price": "86.1771", "Year Open": "75.1400", "Year High": "94.6500", "Year Low": "74.4500", "Year Close": "90.4700", "Annual % Change": "18.32%"}, "2018": {"Average Stock Price": "77.7804", "Year Open": "83.5800", "Year High": "83.9300", "Year Low": "71.3900", "Year Close": "76.4600", "Annual % Change": "-9.99%"}, "2017": {"Average Stock Price": "81.2003", "Year Open": "73.6300", "Year High": "89.6600", "Year Low": "72.6400", "Year Close": "84.9500", "Annual % Change": "15.30%"}, "2016": {"Average Stock Price": "74.0668", "Year Open": "64.4000", "Year High": "81.6700", "Year Low": "64.4000", "Year Close": "73.6800", "Annual % Change": "14.64%"}, "2015": {"Average Stock Price": "63.1868", "Year Open": "66.3400", "Year High": "71.4000", "Year Low": "57.2100", "Year Close": "64.2700", "Annual % Change": "-2.64%"}, "2014": {"Average Stock Price": "57.4297", "Year Open": "53.9600", "Year High": "68.5000", "Year Low": "52.4600", "Year Close": "66.0100", "Annual % Change": "19.41%"}, "2013": {"Average Stock Price": "57.8725", "Year Open": "56.5900", "Year High": "63.6600", "Year Low": "54.3300", "Year Close": "55.2800", "Annual % Change": "-0.47%"}, "2012": {"Average Stock Price": "59.4509", "Year Open": "60.6500", "Year High": "64.9400", "Year Low": "54.1000", "Year Close": "55.5400", "Annual % Change": "-10.46%"}, "2011": {"Average Stock Price": "53.8687", "Year Open": "49.5500", "Year High": "62.5900", "Year Low": "48.8500", "Year Close": "62.0300", "Annual % Change": "25.14%"}, "2010": {"Average Stock Price": "46.1019", "Year Open": "45.3800", "Year High": "51.0000", "Year Low": "41.6600", "Year Close": "49.5700", "Annual % Change": "9.11%"}, "2009": {"Average Stock Price": "39.4139", "Year Open": "39.2600", "Year High": "46.1300", "Year Low": "32.7000", "Year Close": "45.4300", "Annual % Change": "16.70%"}, "2008": {"Average Stock Price": "41.2280", "Year Open": "48.1200", "Year High": "48.6000", "Year Low": "37.5300", "Year Close": "38.9300", "Annual % Change": "-20.31%"}, "2007": {"Average Stock Price": "47.9544", "Year Open": "48.3900", "Year High": "52.6300", "Year Low": "43.6500", "Year Close": "48.8500", "Annual % Change": "1.62%"}, "2006": {"Average Stock Price": "45.6378", "Year Open": "46.7000", "Year High": "49.1300", "Year Low": "41.4000", "Year Close": "48.0700", "Annual % Change": "3.76%"}, "2005": {"Average Stock Price": "45.2812", "Year Open": "43.3000", "Year High": "49.2400", "Year Low": "41.4100", "Year Close": "46.3300", "Annual % Change": "5.90%"}, "2004": {"Average Stock Price": "42.2277", "Year Open": "42.9800", "Year High": "45.5900", "Year Low": "37.2600", "Year Close": "43.7500", "Annual % Change": "1.72%"}, "2003": {"Average Stock Price": "40.5167", "Year Open": "43.2500", "Year High": "45.9900", "Year Low": "37.0000", "Year Close": "43.0100", "Annual % Change": "0.44%"}, "2002": {"Average Stock Price": "41.5230", "Year Open": "40.7800", "Year High": "45.1000", "Year Low": "33.5800", "Year Close": "42.8200", "Annual % Change": "6.10%"}, "2001": {"Average Stock Price": "38.4322", "Year Open": "37.5600", "Year High": "42.1800", "Year Low": "32.3800", "Year Close": "40.3600", "Annual % Change": "4.83%"}, "2000": {"Average Stock Price": "32.7625", "Year Open": "33.7500", "Year High": "39.2500", "Year Low": "26.1900", "Year Close": "38.5000", "Annual % Change": "11.59%"}, "1999": {"Average Stock Price": "43.7166", "Year Open": "52.7500", "Year High": "52.7500", "Year Low": "33.7500", "Year Close": "34.5000", "Annual % Change": "-34.76%"}, "1998": {"Average Stock Price": "46.4447", "Year Open": "41.0000", "Year High": "55.9400", "Year Low": "39.5600", "Year Close": "52.8800", "Annual % Change": "28.98%"}, "1997": {"Average Stock Price": "31.9511", "Year Open": "28.8800", "Year High": "41.3100", "Year Low": "27.2500", "Year Close": "41.0000", "Annual % Change": "40.80%"}, "1996": {"Average Stock Price": "29.6031", "Year Open": "32.5000", "Year High": "34.3750", "Year Low": "26.2500", "Year Close": "29.1200", "Annual % Change": "-8.28%"}, "1995": {"Average Stock Price": "28.7653", "Year Open": "25.7500", "Year High": "31.7500", "Year Low": "25.7500", "Year Close": "31.7500", "Annual % Change": "23.30%"}, "1994": {"Average Stock Price": "27.7276", "Year Open": "32.0000", "Year High": "32.0000", "Year Low": "23.1300", "Year Close": "25.7500", "Annual % Change": "-19.86%"}, "1993": {"Average Stock Price": "34.7269", "Year Open": "32.6300", "Year High": "37.7500", "Year Low": "30.6300", "Year Close": "32.1300", "Annual % Change": "-1.53%"}, "1992": {"Average Stock Price": "29.2050", "Year Open": "28.3800", "Year High": "32.7500", "Year Low": "25.1300", "Year Close": "32.6300", "Annual % Change": "13.97%"}, "1991": {"Average Stock Price": "24.9226", "Year Open": "23.5000", "Year High": "28.6300", "Year Low": "22.7500", "Year Close": "28.6300", "Annual % Change": "21.16%"}, "1990": {"Average Stock Price": "24.1114", "Year Open": "29.2500", "Year High": "29.2500", "Year Low": "20.2500", "Year Close": "23.6300", "Annual % Change": "-18.85%"}, "1989": {"Average Stock Price": "24.8722", "Year Open": "23.0650", "Year High": "29.3700", "Year Low": "22.1900", "Year Close": "29.1200", "Annual % Change": "25.25%"}, "1988": {"Average Stock Price": "22.1082", "Year Open": "21.1900", "Year High": "23.6250", "Year Low": "20.5000", "Year Close": "23.2500", "Annual % Change": "11.38%"}, "1987": {"Average Stock Price": "22.1792", "Year Open": "24.2500", "Year High": "26.0000", "Year Low": "18.7500", "Year Close": "20.8750", "Annual % Change": "-11.42%"}, "1986": {"Average Stock Price": "22.3021", "Year Open": "19.7500", "Year High": "26.1900", "Year Low": "18.9400", "Year Close": "23.5650", "Annual % Change": "19.32%"}, "1985": {"Average Stock Price": "16.9372", "Year Open": "15.0600", "Year High": "19.7500", "Year Low": "14.7500", "Year Close": "19.7500", "Annual % Change": "28.46%"}, "1984": {"Average Stock Price": "13.0349", "Year Open": "12.4350", "Year High": "15.6250", "Year Low": "11.3750", "Year Close": "15.3750", "Annual % Change": "24.24%"}, "1983": {"Average Stock Price": "11.2364", "Year Open": "10.0000", "Year High": "12.9350", "Year Low": "9.5000", "Year Close": "12.3750", "Annual % Change": "20.73%"}, "1982": {"Average Stock Price": "9.0846", "Year Open": "8.1575", "Year High": "10.3750", "Year Low": "7.8125", "Year Close": "10.2500", "Annual % Change": "26.15%"}, "1981": {"Average Stock Price": "7.0862", "Year Open": "6.2500", "Year High": "8.3125", "Year Low": "5.6550", "Year Close": "8.1250", "Annual % Change": "30.68%"}, "1980": {"Average Stock Price": "5.9026", "Year Open": "6.0300", "Year High": "6.6250", "Year Low": "5.0000", "Year Close": "6.2175", "Annual % Change": "2.56%"}, "1979": {"Average Stock Price": "5.9000", "Year Open": "5.8125", "Year High": "6.2200", "Year Low": "5.3750", "Year Close": "6.0625", "Annual % Change": "4.89%"}, "1978": {"Average Stock Price": "5.8044", "Year Open": "6.2800", "Year High": "6.3125", "Year Low": "5.4700", "Year Close": "5.7800", "Annual % Change": "-8.90%"}, "1977": {"Average Stock Price": "5.7503", "Year Open": "5.2500", "Year High": "6.3750", "Year Low": "5.1875", "Year Close": "6.3450", "Annual % Change": "20.86%"}, "1976": {"Average Stock Price": "4.4992", "Year Open": "3.8750", "Year High": "5.2500", "Year Low": "3.8450", "Year Close": "5.2500", "Annual % Change": "40.00%"}, "1975": {"Average Stock Price": "3.0272", "Year Open": "2.0300", "Year High": "3.7500", "Year Low": "2.0300", "Year Close": "3.7500", "Annual % Change": "100.00%"}, "1974": {"Average Stock Price": "2.8195", "Year Open": "4.9375", "Year High": "5.3450", "Year Low": "1.5300", "Year Close": "1.8750", "Annual % Change": "-60.00%"}, "1973": {"Average Stock Price": "5.7351", "Year Open": "6.4700", "Year High": "6.5000", "Year Low": "4.6250", "Year Close": "4.6875", "Annual % Change": "-25.00%"}, "1972": {"Average Stock Price": "6.3377", "Year Open": "6.5000", "Year High": "6.8750", "Year Low": "6.0300", "Year Close": "6.2500", "Annual % Change": "-3.40%"}, "1971": {"Average Stock Price": "6.4856", "Year Open": "6.7500", "Year High": "7.2500", "Year Low": "6.0625", "Year Close": "6.4700", "Annual % Change": "-3.25%"}}}, "market cap": {"value": "$23.95B"}, "income statement": {"Revenue": {"2019-12-31": "12574.00000", "2018-12-31": "12337.00000", "2017-12-31": "12033.00000", "2016-12-31": "12075.00000", "2015-12-31": "12554.00000", "2014-12-31": "12919.00000", "2013-12-31": "12354.00000", "2012-12-31": "12188.00000", "2011-12-31": "12886.00000", "2010-12-31": "13325.00000", "2009-12-31": "13032.00000", "2008-12-31": "13583.00000", "2007-12-31": "13120.00000", "2006-12-31": "11962.00000", "2005-12-31": "11343.00000"}, "Cost Of Goods Sold": {"2019-12-31": "2633.00000", "2018-12-31": "2948.00000", "2017-12-31": "2625.00000", "2016-12-31": "3088.00000", "2015-12-31": "3716.00000", "2014-12-31": "4513.00000", "2013-12-31": "4054.00000", "2012-12-31": "3887.00000", "2011-12-31": "5001.00000", "2010-12-31": "5754.00000", "2009-12-31": "6242.00000", "2008-12-31": "7584.00000", "2007-12-31": "7225.00000", "2006-12-31": "6611.00000", "2005-12-31": "6451.00000"}, "Gross Profit": {"2019-12-31": "9941.00000", "2018-12-31": "9389.00000", "2017-12-31": "9408.00000", "2016-12-31": "8987.00000", "2015-12-31": "8838.00000", "2014-12-31": "8406.00000", "2013-12-31": "8300.00000", "2012-12-31": "8301.00000", "2011-12-31": "7885.00000", "2010-12-31": "7571.00000", "2009-12-31": "6790.00000", "2008-12-31": "5999.00000", "2007-12-31": "5895.00000", "2006-12-31": "5351.00000", "2005-12-31": "4892.00000"}, "Research And Development Expenses": {"2019-12-31": "", "2018-12-31": "", "2017-12-31": "", "2016-12-31": "", "2015-12-31": "", "2014-12-31": "", "2013-12-31": "", "2012-12-31": "", "2011-12-31": "", "2010-12-31": "", "2009-12-31": "", "2008-12-31": "", "2007-12-31": "", "2006-12-31": "", "2005-12-31": ""}, "SG&A Expenses": {"2019-12-31": "5581.00000", "2018-12-31": "5418.00000", "2017-12-31": "5294.00000", "2016-12-31": "5095.00000", "2015-12-31": "5281.00000", "2014-12-31": "5171.00000", "2013-12-31": "5032.00000", "2012-12-31": "5007.00000", "2011-12-31": "4762.00000", "2010-12-31": "4611.00000", "2009-12-31": "4100.00000", "2008-12-31": "3623.00000", "2007-12-31": "3403.00000", "2006-12-31": "3128.00000", "2005-12-31": "2841.00000"}, "Other Operating Income Or Expenses": {"2019-12-31": "", "2018-12-31": "131.00000", "2017-12-31": "1.00000", "2016-12-31": "104.00000", "2015-12-31": "", "2014-12-31": "45.00000", "2013-12-31": "", "2012-12-31": "", "2011-12-31": "", "2010-12-31": "", "2009-12-31": "", "2008-12-31": "261.00000", "2007-12-31": "", "2006-12-31": "", "2005-12-31": ""}, "Operating Expenses": {"2019-12-31": "9898.00000", "2018-12-31": "9673.00000", "2017-12-31": "9259.00000", "2016-12-31": "9295.00000", "2015-12-31": "10127.00000", "2014-12-31": "10710.00000", "2013-12-31": "10110.00000", "2012-12-31": "9849.00000", "2011-12-31": "10647.00000", "2010-12-31": "11205.00000", "2009-12-31": "11133.00000", "2008-12-31": "11663.00000", "2007-12-31": "11273.00000", "2006-12-31": "10334.00000", "2005-12-31": "9850.00000"}, "Operating Income": {"2019-12-31": "2676.00000", "2018-12-31": "2664.00000", "2017-12-31": "2774.00000", "2016-12-31": "2780.00000", "2015-12-31": "2427.00000", "2014-12-31": "2209.00000", "2013-12-31": "2244.00000", "2012-12-31": "2339.00000", "2011-12-31": "2239.00000", "2010-12-31": "2120.00000", "2009-12-31": "1899.00000", "2008-12-31": "1920.00000", "2007-12-31": "1847.00000", "2006-12-31": "1628.00000", "2005-12-31": "1493.00000"}, "Total Non-Operating Income/Expense": {"2019-12-31": "-940.00000", "2018-12-31": "-881.00000", "2017-12-31": "-777.00000", "2016-12-31": "-837.00000", "2015-12-31": "-629.00000", "2014-12-31": "-549.00000", "2013-12-31": "-706.00000", "2012-12-31": "-598.00000", "2011-12-31": "-577.00000", "2010-12-31": "-569.00000", "2009-12-31": "-580.00000", "2008-12-31": "-463.00000", "2007-12-31": "-474.00000", "2006-12-31": "-499.00000", "2005-12-31": "-400.00000"}, "Pre-Tax Income": {"2019-12-31": "1736.00000", "2018-12-31": "1783.00000", "2017-12-31": "1997.00000", "2016-12-31": "1943.00000", "2015-12-31": "1798.00000", "2014-12-31": "1660.00000", "2013-12-31": "1538.00000", "2012-12-31": "1741.00000", "2011-12-31": "1662.00000", "2010-12-31": "1551.00000", "2009-12-31": "1319.00000", "2008-12-31": "1457.00000", "2007-12-31": "1373.00000", "2006-12-31": "1129.00000", "2005-12-31": "1093.00000"}, "Income Taxes": {"2019-12-31": "296.00000", "2018-12-31": "401.00000", "2017-12-31": "472.00000", "2016-12-31": "698.00000", "2015-12-31": "605.00000", "2014-12-31": "568.00000", "2013-12-31": "476.00000", "2012-12-31": "600.00000", "2011-12-31": "600.00000", "2010-12-31": "548.00000", "2009-12-31": "440.00000", "2008-12-31": "524.00000", "2007-12-31": "437.00000", "2006-12-31": "389.00000", "2005-12-31": "348.00000"}, "Income After Taxes": {"2019-12-31": "1440.00000", "2018-12-31": "1382.00000", "2017-12-31": "1525.00000", "2016-12-31": "1245.00000", "2015-12-31": "1193.00000", "2014-12-31": "1092.00000", "2013-12-31": "1062.00000", "2012-12-31": "1141.00000", "2011-12-31": "1062.00000", "2010-12-31": "1003.00000", "2009-12-31": "879.00000", "2008-12-31": "933.00000", "2007-12-31": "936.00000", "2006-12-31": "740.00000", "2005-12-31": "745.00000"}, "Other Income": {"2019-12-31": "", "2018-12-31": "", "2017-12-31": "", "2016-12-31": "", "2015-12-31": "", "2014-12-31": "", "2013-12-31": "", "2012-12-31": "", "2011-12-31": "", "2010-12-31": "", "2009-12-31": "", "2008-12-31": "", "2007-12-31": "", "2006-12-31": "", "2005-12-31": ""}, "Income From Continuous Operations": {"2019-12-31": "1440.00000", "2018-12-31": "1382.00000", "2017-12-31": "1525.00000", "2016-12-31": "1245.00000", "2015-12-31": "1193.00000", "2014-12-31": "1092.00000", "2013-12-31": "1062.00000", "2012-12-31": "1141.00000", "2011-12-31": "1062.00000", "2010-12-31": "1003.00000", "2009-12-31": "879.00000", "2008-12-31": "933.00000", "2007-12-31": "936.00000", "2006-12-31": "740.00000", "2005-12-31": "745.00000"}, "Income From Discontinued Operations": {"2019-12-31": "", "2018-12-31": "", "2017-12-31": "", "2016-12-31": "", "2015-12-31": "", "2014-12-31": "", "2013-12-31": "", "2012-12-31": "", "2011-12-31": "", "2010-12-31": "", "2009-12-31": "", "2008-12-31": "274.00000", "2007-12-31": "4.00000", "2006-12-31": "-3.00000", "2005-12-31": "-26.00000"}, "Net Income": {"2019-12-31": "1343.00000", "2018-12-31": "1382.00000", "2017-12-31": "1525.00000", "2016-12-31": "1245.00000", "2015-12-31": "1193.00000", "2014-12-31": "1092.00000", "2013-12-31": "1062.00000", "2012-12-31": "1138.00000", "2011-12-31": "1051.00000", "2010-12-31": "992.00000", "2009-12-31": "868.00000", "2008-12-31": "1196.00000", "2007-12-31": "929.00000", "2006-12-31": "737.00000", "2005-12-31": "719.00000"}, "EBITDA": {"2019-12-31": "4360.00000", "2018-12-31": "4102.00000", "2017-12-31": "4115.00000", "2016-12-31": "3996.00000", "2015-12-31": "3557.00000", "2014-12-31": "3280.00000", "2013-12-31": "3268.00000", "2012-12-31": "3294.00000", "2011-12-31": "3172.00000", "2010-12-31": "2973.00000", "2009-12-31": "2627.00000", "2008-12-31": "2461.00000", "2007-12-31": "2514.00000", "2006-12-31": "2248.00000", "2005-12-31": "2077.00000"}, "EBIT": {"2019-12-31": "2676.00000", "2018-12-31": "2664.00000", "2017-12-31": "2774.00000", "2016-12-31": "2780.00000", "2015-12-31": "2427.00000", "2014-12-31": "2209.00000", "2013-12-31": "2244.00000", "2012-12-31": "2339.00000", "2011-12-31": "2239.00000", "2010-12-31": "2120.00000", "2009-12-31": "1899.00000", "2008-12-31": "1920.00000", "2007-12-31": "1847.00000", "2006-12-31": "1628.00000", "2005-12-31": "1493.00000"}, "Basic Shares Outstanding": {"2019-12-31": "328.50000", "2018-12-31": "311.70000", "2017-12-31": "307.10000", "2016-12-31": "300.40000", "2015-12-31": "293.00000", "2014-12-31": "292.90000", "2013-12-31": "292.90000", "2012-12-31": "292.90000", "2011-12-31": "292.60000", "2010-12-31": "284.30000", "2009-12-31": "275.20000", "2008-12-31": "272.90000", "2007-12-31": "266.30000", "2006-12-31": "249.30000", "2005-12-31": "243.90000"}, "Shares Outstanding": {"2019-12-31": "329.50000", "2018-12-31": "312.90000", "2017-12-31": "308.80000", "2016-12-31": "301.90000", "2015-12-31": "294.40000", "2014-12-31": "294.00000", "2013-12-31": "294.40000", "2012-12-31": "294.50000", "2011-12-31": "294.40000", "2010-12-31": "285.90000", "2009-12-31": "276.30000", "2008-12-31": "273.60000", "2007-12-31": "267.30000", "2006-12-31": "250.30000", "2005-12-31": "244.70000"}, "Basic EPS": {"2019-12-31": "4.09000", "2018-12-31": "4.43000", "2017-12-31": "4.97000", "2016-12-31": "4.15000", "2015-12-31": "4.07000", "2014-12-31": "3.73000", "2013-12-31": "3.62000", "2012-12-31": "3.88000", "2011-12-31": "3.59000", "2010-12-31": "3.49000", "2009-12-31": "3.16000", "2008-12-31": "4.38000", "2007-12-31": "3.49000", "2006-12-31": "2.96000", "2005-12-31": "2.95000"}, "EPS - Earnings Per Share": {"2019-12-31": "4.08000", "2018-12-31": "4.42000", "2017-12-31": "4.94000", "2016-12-31": "4.12000", "2015-12-31": "4.05000", "2014-12-31": "3.71000", "2013-12-31": "3.61000", "2012-12-31": "3.86000", "2011-12-31": "3.57000", "2010-12-31": "3.47000", "2009-12-31": "3.14000", "2008-12-31": "4.37000", "2007-12-31": "3.47000", "2006-12-31": "2.95000", "2005-12-31": "2.94000"}}, "income statement, quarterly": {"Revenue": {"2020-09-30": "3333.00000", "2020-06-30": "2719.00000", "2020-03-31": "3234.00000", "2019-12-31": "2951.00000", "2019-09-30": "3365.00000", "2019-06-30": "2744.00000", "2019-03-31": "3514.00000", "2018-12-31": "2949.00000", "2018-09-30": "3328.00000", "2018-06-30": "2696.00000", "2018-03-31": "3364.00000", "2017-12-31": "2961.00000", "2017-09-30": "3211.00000", "2017-06-30": "2633.00000", "2017-03-31": "3228.00000", "2016-12-31": "2708.00000", "2016-09-30": "3417.00000", "2016-06-30": "2794.00000", "2016-03-31": "3156.00000", "2015-12-31": "2707.00000", "2015-09-30": "3443.00000", "2015-06-30": "2788.00000", "2015-03-31": "3616.00000", "2014-12-31": "2829.00000", "2014-09-30": "3390.00000", "2014-06-30": "2911.00000", "2014-03-31": "3789.00000", "2013-12-31": "2868.00000", "2013-09-30": "3484.00000", "2013-06-30": "2818.00000", "2013-03-31": "3184.00000", "2012-12-31": "2901.00000", "2012-09-30": "3438.00000", "2012-06-30": "2771.00000", "2012-03-31": "3078.00000", "2011-12-31": "2915.00000", "2011-09-30": "3629.00000", "2011-06-30": "2993.00000", "2011-03-31": "3349.00000", "2010-12-31": "3139.00000", "2010-09-30": "3707.00000", "2010-06-30": "3017.00000", "2010-03-31": "3462.00000", "2009-12-31": "3275.00000", "2009-09-30": "3489.00000", "2009-06-30": "2845.00000", "2009-03-31": "3423.00000", "2008-12-31": "2999.00000", "2008-09-30": "3858.00000", "2008-06-30": "3149.00000", "2008-03-31": "3577.00000", "2007-12-31": "3227.00000", "2007-09-30": "3579.00000", "2007-06-30": "2957.00000", "2007-03-31": "3357.00000", "2006-12-31": "2649.00000", "2006-09-30": "3441.00000", "2006-06-30": "2555.00000", "2006-03-31": "3317.00000", "2005-12-31": "2811.00000", "2005-09-30": "3337.00000", "2005-06-30": "2395.00000", "2005-03-31": "2800.00000"}, "Cost Of Goods Sold": {"2020-09-30": "582.00000", "2020-06-30": "480.00000", "2020-03-31": "618.00000", "2019-12-31": "596.00000", "2019-09-30": "612.00000", "2019-06-30": "509.00000", "2019-03-31": "916.00000", "2018-12-31": "725.00000", "2018-09-30": "748.00000", "2018-06-30": "620.00000", "2018-03-31": "855.00000", "2017-12-31": "619.00000", "2017-09-30": "605.00000", "2017-06-30": "595.00000", "2017-03-31": "806.00000", "2016-12-31": "588.00000", "2016-09-30": "908.00000", "2016-06-30": "672.00000", "2016-03-31": "920.00000", "2015-12-31": "681.00000", "2015-09-30": "955.00000", "2015-06-30": "780.00000", "2015-03-31": "1300.00000", "2014-12-31": "1034.00000", "2014-09-30": "992.00000", "2014-06-30": "968.00000", "2014-03-31": "1519.00000", "2013-12-31": "930.00000", "2013-09-30": "1076.00000", "2013-06-30": "944.00000", "2013-03-31": "1104.00000", "2012-12-31": "920.00000", "2012-09-30": "1045.00000", "2012-06-30": "837.00000", "2012-03-31": "1085.00000", "2011-12-31": "1068.00000", "2011-09-30": "1385.00000", "2011-06-30": "1199.00000", "2011-03-31": "1349.00000", "2010-12-31": "1220.00000", "2010-09-30": "1604.00000", "2010-06-30": "1294.00000", "2010-03-31": "1636.00000", "2009-12-31": "1573.00000", "2009-09-30": "1510.00000", "2009-06-30": "1287.00000", "2009-03-31": "1872.00000", "2008-12-31": "1539.00000", "2008-09-30": "2327.00000", "2008-06-30": "1729.00000", "2008-03-31": "1989.00000", "2007-12-31": "1750.00000", "2007-09-30": "1984.00000", "2007-06-30": "1640.00000", "2007-03-31": "1851.00000", "2006-12-31": "1376.00000", "2006-09-30": "1887.00000", "2006-06-30": "1353.00000", "2006-03-31": "1995.00000", "2005-12-31": "1693.00000", "2005-09-30": "1877.00000", "2005-06-30": "1298.00000", "2005-03-31": "1583.00000"}, "Gross Profit": {"2020-09-30": "2751.00000", "2020-06-30": "2239.00000", "2020-03-31": "2616.00000", "2019-12-31": "2355.00000", "2019-09-30": "2753.00000", "2019-06-30": "2235.00000", "2019-03-31": "2598.00000", "2018-12-31": "2224.00000", "2018-09-30": "2580.00000", "2018-06-30": "2076.00000", "2018-03-31": "2509.00000", "2017-12-31": "2342.00000", "2017-09-30": "2606.00000", "2017-06-30": "2038.00000", "2017-03-31": "2422.00000", "2016-12-31": "2120.00000", "2016-09-30": "2509.00000", "2016-06-30": "2122.00000", "2016-03-31": "2236.00000", "2015-12-31": "2026.00000", "2015-09-30": "2488.00000", "2015-06-30": "2008.00000", "2015-03-31": "2316.00000", "2014-12-31": "1795.00000", "2014-09-30": "2398.00000", "2014-06-30": "1943.00000", "2014-03-31": "2270.00000", "2013-12-31": "1938.00000", "2013-09-30": "2408.00000", "2013-06-30": "1874.00000", "2013-03-31": "2080.00000", "2012-12-31": "1981.00000", "2012-09-30": "2393.00000", "2012-06-30": "1934.00000", "2012-03-31": "1993.00000", "2011-12-31": "1847.00000", "2011-09-30": "2244.00000", "2011-06-30": "1794.00000", "2011-03-31": "2000.00000", "2010-12-31": "1919.00000", "2010-09-30": "2103.00000", "2010-06-30": "1723.00000", "2010-03-31": "1826.00000", "2009-12-31": "1702.00000", "2009-09-30": "1979.00000", "2009-06-30": "1558.00000", "2009-03-31": "1551.00000", "2008-12-31": "1460.00000", "2008-09-30": "1531.00000", "2008-06-30": "1420.00000", "2008-03-31": "1588.00000", "2007-12-31": "1477.00000", "2007-09-30": "1595.00000", "2007-06-30": "1317.00000", "2007-03-31": "1506.00000", "2006-12-31": "1273.00000", "2006-09-30": "1554.00000", "2006-06-30": "1202.00000", "2006-03-31": "1322.00000", "2005-12-31": "1118.00000", "2005-09-30": "1460.00000", "2005-06-30": "1097.00000", "2005-03-31": "1217.00000"}, "Research And Development Expenses": {"2020-09-30": "", "2020-06-30": "", "2020-03-31": "", "2019-12-31": "", "2019-09-30": "", "2019-06-30": "", "2019-03-31": "", "2018-12-31": "", "2018-09-30": "", "2018-06-30": "", "2018-03-31": "", "2017-12-31": "", "2017-09-30": "", "2017-06-30": "", "2017-03-31": "", "2016-12-31": "", "2016-09-30": "", "2016-06-30": "", "2016-03-31": "", "2015-12-31": "", "2015-09-30": "", "2015-06-30": "", "2015-03-31": "", "2014-12-31": "", "2014-09-30": "", "2014-06-30": "", "2014-03-31": "", "2013-12-31": "", "2013-09-30": "", "2013-06-30": "", "2013-03-31": "", "2012-12-31": "", "2012-09-30": "", "2012-06-30": "", "2012-03-31": "", "2011-12-31": "", "2011-09-30": "", "2011-06-30": "", "2011-03-31": "", "2010-12-31": "", "2010-09-30": "", "2010-06-30": "", "2010-03-31": "", "2009-12-31": "", "2009-09-30": "", "2009-06-30": "", "2009-03-31": "", "2008-12-31": "", "2008-09-30": "", "2008-06-30": "", "2008-03-31": "", "2007-12-31": "", "2007-09-30": "", "2007-06-30": "", "2007-03-31": "", "2006-12-31": "", "2006-09-30": "", "2006-06-30": "", "2006-03-31": "", "2005-12-31": "", "2005-09-30": "", "2005-06-30": "", "2005-03-31": ""}, "SG&A Expenses": {"2020-09-30": "1409.00000", "2020-06-30": "1284.00000", "2020-03-31": "1338.00000", "2019-12-31": "1358.00000", "2019-09-30": "1465.00000", "2019-06-30": "1359.00000", "2019-03-31": "1399.00000", "2018-12-31": "1322.00000", "2018-09-30": "1394.00000", "2018-06-30": "1296.00000", "2018-03-31": "1406.00000", "2017-12-31": "1415.00000", "2017-09-30": "1355.00000", "2017-06-30": "1243.00000", "2017-03-31": "1281.00000", "2016-12-31": "1125.00000", "2016-09-30": "1368.00000", "2016-06-30": "1305.00000", "2016-03-31": "1297.00000", "2015-12-31": "1337.00000", "2015-09-30": "1373.00000", "2015-06-30": "1260.00000", "2015-03-31": "1311.00000", "2014-12-31": "1270.00000", "2014-09-30": "1309.00000", "2014-06-30": "1268.00000", "2014-03-31": "1324.00000", "2013-12-31": "1201.00000", "2013-09-30": "1295.00000", "2013-06-30": "1233.00000", "2013-03-31": "1303.00000", "2012-12-31": "1283.00000", "2012-09-30": "1302.00000", "2012-06-30": "1223.00000", "2012-03-31": "1199.00000", "2011-12-31": "1163.00000", "2011-09-30": "1266.00000", "2011-06-30": "1177.00000", "2011-03-31": "1156.00000", "2010-12-31": "1211.00000", "2010-09-30": "1187.00000", "2010-06-30": "1083.00000", "2010-03-31": "1130.00000", "2009-12-31": "1077.00000", "2009-09-30": "1094.00000", "2009-06-30": "989.00000", "2009-03-31": "940.00000", "2008-12-31": "891.00000", "2008-09-30": "946.00000", "2008-06-30": "900.00000", "2008-03-31": "886.00000", "2007-12-31": "884.00000", "2007-09-30": "887.00000", "2007-06-30": "814.00000", "2007-03-31": "818.00000", "2006-12-31": "750.00000", "2006-09-30": "884.00000", "2006-06-30": "736.00000", "2006-03-31": "758.00000", "2005-12-31": "728.00000", "2005-09-30": "743.00000", "2005-06-30": "686.00000", "2005-03-31": "684.00000"}, "Other Operating Income Or Expenses": {"2020-09-30": "", "2020-06-30": "", "2020-03-31": "", "2019-12-31": "", "2019-09-30": "", "2019-06-30": "", "2019-03-31": "", "2018-12-31": "", "2018-09-30": "", "2018-06-30": "", "2018-03-31": "", "2017-12-31": "", "2017-09-30": "", "2017-06-30": "1.00000", "2017-03-31": "", "2016-12-31": "", "2016-09-30": "104.00000", "2016-06-30": "", "2016-03-31": "", "2015-12-31": "", "2015-09-30": "", "2015-06-30": "", "2015-03-31": "", "2014-12-31": "", "2014-09-30": "", "2014-06-30": "45.00000", "2014-03-31": "", "2013-12-31": "", "2013-09-30": "", "2013-06-30": "", "2013-03-31": "", "2012-12-31": "", "2012-09-30": "", "2012-06-30": "", "2012-03-31": "", "2011-12-31": "", "2011-09-30": "", "2011-06-30": "", "2011-03-31": "", "2010-12-31": "", "2010-09-30": "", "2010-06-30": "", "2010-03-31": "", "2009-12-31": "", "2009-09-30": "", "2009-06-30": "", "2009-03-31": "", "2008-12-31": "", "2008-09-30": "1.00000", "2008-06-30": "260.00000", "2008-03-31": "", "2007-12-31": "", "2007-09-30": "", "2007-06-30": "", "2007-03-31": "", "2006-12-31": "", "2006-09-30": "", "2006-06-30": "", "2006-03-31": "", "2005-12-31": "", "2005-09-30": "", "2005-06-30": "", "2005-03-31": ""}, "Operating Expenses": {"2020-09-30": "2473.00000", "2020-06-30": "2240.00000", "2020-03-31": "2426.00000", "2019-12-31": "2386.00000", "2019-09-30": "2498.00000", "2019-06-30": "2286.00000", "2019-03-31": "2728.00000", "2018-12-31": "2292.00000", "2018-09-30": "2502.00000", "2018-06-30": "2270.00000", "2018-03-31": "2609.00000", "2017-12-31": "2377.00000", "2017-09-30": "2297.00000", "2017-06-30": "2169.00000", "2017-03-31": "2416.00000", "2016-12-31": "2025.00000", "2016-09-30": "2477.00000", "2016-06-30": "2279.00000", "2016-03-31": "2514.00000", "2015-12-31": "2308.00000", "2015-09-30": "2613.00000", "2015-06-30": "2316.00000", "2015-03-31": "2890.00000", "2014-12-31": "2579.00000", "2014-09-30": "2571.00000", "2014-06-30": "2456.00000", "2014-03-31": "3104.00000", "2013-12-31": "2391.00000", "2013-09-30": "2629.00000", "2013-06-30": "2432.00000", "2013-03-31": "2658.00000", "2012-12-31": "2449.00000", "2012-09-30": "2587.00000", "2012-06-30": "2296.00000", "2012-03-31": "2517.00000", "2011-12-31": "2456.00000", "2011-09-30": "2873.00000", "2011-06-30": "2595.00000", "2011-03-31": "2723.00000", "2010-12-31": "2645.00000", "2010-09-30": "3002.00000", "2010-06-30": "2588.00000", "2010-03-31": "2970.00000", "2009-12-31": "2852.00000", "2009-09-30": "2804.00000", "2009-06-30": "2473.00000", "2009-03-31": "3004.00000", "2008-12-31": "2617.00000", "2008-09-30": "3455.00000", "2008-06-30": "2551.00000", "2008-03-31": "3040.00000", "2007-12-31": "2798.00000", "2007-09-30": "3034.00000", "2007-06-30": "2614.00000", "2007-03-31": "2827.00000", "2006-12-31": "2262.00000", "2006-09-30": "2926.00000", "2006-06-30": "2242.00000", "2006-03-31": "2904.00000", "2005-12-31": "2545.00000", "2005-09-30": "2767.00000", "2005-06-30": "2130.00000", "2005-03-31": "2408.00000"}, "Operating Income": {"2020-09-30": "860.00000", "2020-06-30": "479.00000", "2020-03-31": "808.00000", "2019-12-31": "565.00000", "2019-09-30": "867.00000", "2019-06-30": "458.00000", "2019-03-31": "786.00000", "2018-12-31": "657.00000", "2018-09-30": "826.00000", "2018-06-30": "426.00000", "2018-03-31": "755.00000", "2017-12-31": "584.00000", "2017-09-30": "914.00000", "2017-06-30": "464.00000", "2017-03-31": "812.00000", "2016-12-31": "683.00000", "2016-09-30": "940.00000", "2016-06-30": "515.00000", "2016-03-31": "642.00000", "2015-12-31": "399.00000", "2015-09-30": "830.00000", "2015-06-30": "472.00000", "2015-03-31": "726.00000", "2014-12-31": "250.00000", "2014-09-30": "819.00000", "2014-06-30": "455.00000", "2014-03-31": "685.00000", "2013-12-31": "477.00000", "2013-09-30": "855.00000", "2013-06-30": "386.00000", "2013-03-31": "526.00000", "2012-12-31": "452.00000", "2012-09-30": "851.00000", "2012-06-30": "475.00000", "2012-03-31": "561.00000", "2011-12-31": "459.00000", "2011-09-30": "756.00000", "2011-06-30": "398.00000", "2011-03-31": "626.00000", "2010-12-31": "494.00000", "2010-09-30": "705.00000", "2010-06-30": "429.00000", "2010-03-31": "492.00000", "2009-12-31": "423.00000", "2009-09-30": "685.00000", "2009-06-30": "372.00000", "2009-03-31": "419.00000", "2008-12-31": "382.00000", "2008-09-30": "403.00000", "2008-06-30": "598.00000", "2008-03-31": "537.00000", "2007-12-31": "429.00000", "2007-09-30": "545.00000", "2007-06-30": "343.00000", "2007-03-31": "530.00000", "2006-12-31": "387.00000", "2006-09-30": "515.00000", "2006-06-30": "313.00000", "2006-03-31": "413.00000", "2005-12-31": "266.00000", "2005-09-30": "570.00000", "2005-06-30": "265.00000", "2005-03-31": "392.00000"}, "Total Non-Operating Income/Expense": {"2020-09-30": "-239.00000", "2020-06-30": "-268.00000", "2020-03-31": "-361.00000", "2019-12-31": "-199.00000", "2019-09-30": "-248.00000", "2019-06-30": "-260.00000", "2019-03-31": "-233.00000", "2018-12-31": "-255.00000", "2018-09-30": "-216.00000", "2018-06-30": "-200.00000", "2018-03-31": "-210.00000", "2017-12-31": "-206.00000", "2017-09-30": "-187.00000", "2017-06-30": "-187.00000", "2017-03-31": "-197.00000", "2016-12-31": "-381.00000", "2016-09-30": "-129.00000", "2016-06-30": "-159.00000", "2016-03-31": "-168.00000", "2015-12-31": "-167.00000", "2015-09-30": "-153.00000", "2015-06-30": "-152.00000", "2015-03-31": "-157.00000", "2014-12-31": "-158.00000", "2014-09-30": "-124.00000", "2014-06-30": "-141.00000", "2014-03-31": "-126.00000", "2013-12-31": "-139.00000", "2013-09-30": "-141.00000", "2013-06-30": "-149.00000", "2013-03-31": "-277.00000", "2012-12-31": "-146.00000", "2012-09-30": "-150.00000", "2012-06-30": "-155.00000", "2012-03-31": "-147.00000", "2011-12-31": "-142.00000", "2011-09-30": "-145.00000", "2011-06-30": "-147.00000", "2011-03-31": "-143.00000", "2010-12-31": "-144.00000", "2010-09-30": "-147.00000", "2010-06-30": "-137.00000", "2010-03-31": "-141.00000", "2009-12-31": "-148.00000", "2009-09-30": "-151.00000", "2009-06-30": "-139.00000", "2009-03-31": "-142.00000", "2008-12-31": "-142.00000", "2008-09-30": "-130.00000", "2008-06-30": "-120.00000", "2008-03-31": "-71.00000", "2007-12-31": "-118.00000", "2007-09-30": "-111.00000", "2007-06-30": "-121.00000", "2007-03-31": "-124.00000", "2006-12-31": "-96.00000", "2006-09-30": "-155.00000", "2006-06-30": "-128.00000", "2006-03-31": "-120.00000", "2005-12-31": "-70.00000", "2005-09-30": "-115.00000", "2005-06-30": "-110.00000", "2005-03-31": "-105.00000"}, "Pre-Tax Income": {"2020-09-30": "621.00000", "2020-06-30": "211.00000", "2020-03-31": "447.00000", "2019-12-31": "366.00000", "2019-09-30": "619.00000", "2019-06-30": "198.00000", "2019-03-31": "553.00000", "2018-12-31": "402.00000", "2018-09-30": "610.00000", "2018-06-30": "226.00000", "2018-03-31": "545.00000", "2017-12-31": "378.00000", "2017-09-30": "727.00000", "2017-06-30": "277.00000", "2017-03-31": "615.00000", "2016-12-31": "302.00000", "2016-09-30": "811.00000", "2016-06-30": "356.00000", "2016-03-31": "474.00000", "2015-12-31": "232.00000", "2015-09-30": "677.00000", "2015-06-30": "320.00000", "2015-03-31": "569.00000", "2014-12-31": "92.00000", "2014-09-30": "695.00000", "2014-06-30": "314.00000", "2014-03-31": "559.00000", "2013-12-31": "338.00000", "2013-09-30": "714.00000", "2013-06-30": "237.00000", "2013-03-31": "249.00000", "2012-12-31": "306.00000", "2012-09-30": "701.00000", "2012-06-30": "320.00000", "2012-03-31": "414.00000", "2011-12-31": "317.00000", "2011-09-30": "611.00000", "2011-06-30": "251.00000", "2011-03-31": "483.00000", "2010-12-31": "350.00000", "2010-09-30": "558.00000", "2010-06-30": "292.00000", "2010-03-31": "351.00000", "2009-12-31": "275.00000", "2009-09-30": "534.00000", "2009-06-30": "233.00000", "2009-03-31": "277.00000", "2008-12-31": "240.00000", "2008-09-30": "273.00000", "2008-06-30": "478.00000", "2008-03-31": "466.00000", "2007-12-31": "311.00000", "2007-09-30": "434.00000", "2007-06-30": "222.00000", "2007-03-31": "406.00000", "2006-12-31": "291.00000", "2006-09-30": "360.00000", "2006-06-30": "185.00000", "2006-03-31": "293.00000", "2005-12-31": "196.00000", "2005-09-30": "455.00000", "2005-06-30": "155.00000", "2005-03-31": "287.00000"}, "Income Taxes": {"2020-09-30": "119.00000", "2020-06-30": "9.00000", "2020-03-31": "55.00000", "2019-12-31": "53.00000", "2019-09-30": "116.00000", "2019-06-30": "19.00000", "2019-03-31": "108.00000", "2018-12-31": "71.00000", "2018-09-30": "175.00000", "2018-06-30": "38.00000", "2018-03-31": "117.00000", "2017-12-31": "-127.00000", "2017-09-30": "270.00000", "2017-06-30": "102.00000", "2017-03-31": "227.00000", "2016-12-31": "96.00000", "2016-09-30": "314.00000", "2016-06-30": "124.00000", "2016-03-31": "164.00000", "2015-12-31": "56.00000", "2015-09-30": "249.00000", "2015-06-30": "101.00000", "2015-03-31": "199.00000", "2014-12-31": "9.00000", "2014-09-30": "259.00000", "2014-06-30": "102.00000", "2014-03-31": "198.00000", "2013-12-31": "104.00000", "2013-09-30": "250.00000", "2013-06-30": "65.00000", "2013-03-31": "57.00000", "2012-12-31": "99.00000", "2012-09-30": "261.00000", "2012-06-30": "106.00000", "2012-03-31": "134.00000", "2011-12-31": "123.00000", "2011-09-30": "225.00000", "2011-06-30": "83.00000", "2011-03-31": "169.00000", "2010-12-31": "115.00000", "2010-09-30": "205.00000", "2010-06-30": "106.00000", "2010-03-31": "122.00000", "2009-12-31": "71.00000", "2009-09-30": "195.00000", "2009-06-30": "80.00000", "2009-03-31": "94.00000", "2008-12-31": "78.00000", "2008-09-30": "88.00000", "2008-06-30": "195.00000", "2008-03-31": "163.00000", "2007-12-31": "94.00000", "2007-09-30": "124.00000", "2007-06-30": "71.00000", "2007-03-31": "148.00000", "2006-12-31": "88.00000", "2006-09-30": "129.00000", "2006-06-30": "59.00000", "2006-03-31": "113.00000", "2005-12-31": "37.00000", "2005-09-30": "168.00000", "2005-06-30": "37.00000", "2005-03-31": "106.00000"}, "Income After Taxes": {"2020-09-30": "502.00000", "2020-06-30": "202.00000", "2020-03-31": "392.00000", "2019-12-31": "313.00000", "2019-09-30": "503.00000", "2019-06-30": "179.00000", "2019-03-31": "445.00000", "2018-12-31": "331.00000", "2018-09-30": "435.00000", "2018-06-30": "188.00000", "2018-03-31": "428.00000", "2017-12-31": "505.00000", "2017-09-30": "457.00000", "2017-06-30": "175.00000", "2017-03-31": "388.00000", "2016-12-31": "206.00000", "2016-09-30": "497.00000", "2016-06-30": "232.00000", "2016-03-31": "310.00000", "2015-12-31": "176.00000", "2015-09-30": "428.00000", "2015-06-30": "219.00000", "2015-03-31": "370.00000", "2014-12-31": "83.00000", "2014-09-30": "436.00000", "2014-06-30": "212.00000", "2014-03-31": "361.00000", "2013-12-31": "234.00000", "2013-09-30": "464.00000", "2013-06-30": "172.00000", "2013-03-31": "192.00000", "2012-12-31": "207.00000", "2012-09-30": "440.00000", "2012-06-30": "214.00000", "2012-03-31": "280.00000", "2011-12-31": "194.00000", "2011-09-30": "386.00000", "2011-06-30": "168.00000", "2011-03-31": "314.00000", "2010-12-31": "235.00000", "2010-09-30": "353.00000", "2010-06-30": "186.00000", "2010-03-31": "229.00000", "2009-12-31": "204.00000", "2009-09-30": "339.00000", "2009-06-30": "153.00000", "2009-03-31": "183.00000", "2008-12-31": "162.00000", "2008-09-30": "185.00000", "2008-06-30": "283.00000", "2008-03-31": "303.00000", "2007-12-31": "217.00000", "2007-09-30": "310.00000", "2007-06-30": "151.00000", "2007-03-31": "258.00000", "2006-12-31": "203.00000", "2006-09-30": "231.00000", "2006-06-30": "126.00000", "2006-03-31": "180.00000", "2005-12-31": "159.00000", "2005-09-30": "287.00000", "2005-06-30": "118.00000", "2005-03-31": "181.00000"}, "Other Income": {"2020-09-30": "", "2020-06-30": "", "2020-03-31": "", "2019-12-31": "", "2019-09-30": "", "2019-06-30": "", "2019-03-31": "", "2018-12-31": "", "2018-09-30": "", "2018-06-30": "", "2018-03-31": "", "2017-12-31": "", "2017-09-30": "", "2017-06-30": "", "2017-03-31": "", "2016-12-31": "", "2016-09-30": "", "2016-06-30": "", "2016-03-31": "", "2015-12-31": "", "2015-09-30": "", "2015-06-30": "", "2015-03-31": "", "2014-12-31": "", "2014-09-30": "", "2014-06-30": "", "2014-03-31": "", "2013-12-31": "", "2013-09-30": "", "2013-06-30": "", "2013-03-31": "", "2012-12-31": "", "2012-09-30": "", "2012-06-30": "", "2012-03-31": "", "2011-12-31": "", "2011-09-30": "", "2011-06-30": "", "2011-03-31": "", "2010-12-31": "", "2010-09-30": "", "2010-06-30": "", "2010-03-31": "", "2009-12-31": "", "2009-09-30": "", "2009-06-30": "", "2009-03-31": "", "2008-12-31": "", "2008-09-30": "", "2008-06-30": "", "2008-03-31": "", "2007-12-31": "", "2007-09-30": "", "2007-06-30": "", "2007-03-31": "", "2006-12-31": "", "2006-09-30": "", "2006-06-30": "", "2006-03-31": "", "2005-12-31": "", "2005-09-30": "", "2005-06-30": "", "2005-03-31": ""}, "Income From Continuous Operations": {"2020-09-30": "502.00000", "2020-06-30": "202.00000", "2020-03-31": "392.00000", "2019-12-31": "313.00000", "2019-09-30": "503.00000", "2019-06-30": "179.00000", "2019-03-31": "445.00000", "2018-12-31": "331.00000", "2018-09-30": "435.00000", "2018-06-30": "188.00000", "2018-03-31": "428.00000", "2017-12-31": "505.00000", "2017-09-30": "457.00000", "2017-06-30": "175.00000", "2017-03-31": "388.00000", "2016-12-31": "206.00000", "2016-09-30": "497.00000", "2016-06-30": "232.00000", "2016-03-31": "310.00000", "2015-12-31": "176.00000", "2015-09-30": "428.00000", "2015-06-30": "219.00000", "2015-03-31": "370.00000", "2014-12-31": "83.00000", "2014-09-30": "436.00000", "2014-06-30": "212.00000", "2014-03-31": "361.00000", "2013-12-31": "234.00000", "2013-09-30": "464.00000", "2013-06-30": "172.00000", "2013-03-31": "192.00000", "2012-12-31": "207.00000", "2012-09-30": "440.00000", "2012-06-30": "214.00000", "2012-03-31": "280.00000", "2011-12-31": "194.00000", "2011-09-30": "386.00000", "2011-06-30": "168.00000", "2011-03-31": "314.00000", "2010-12-31": "235.00000", "2010-09-30": "353.00000", "2010-06-30": "186.00000", "2010-03-31": "229.00000", "2009-12-31": "204.00000", "2009-09-30": "339.00000", "2009-06-30": "153.00000", "2009-03-31": "183.00000", "2008-12-31": "162.00000", "2008-09-30": "185.00000", "2008-06-30": "283.00000", "2008-03-31": "303.00000", "2007-12-31": "217.00000", "2007-09-30": "310.00000", "2007-06-30": "151.00000", "2007-03-31": "258.00000", "2006-12-31": "203.00000", "2006-09-30": "231.00000", "2006-06-30": "126.00000", "2006-03-31": "180.00000", "2005-12-31": "159.00000", "2005-09-30": "287.00000", "2005-06-30": "118.00000", "2005-03-31": "181.00000"}, "Income From Discontinued Operations": {"2020-09-30": "", "2020-06-30": "", "2020-03-31": "", "2019-12-31": "", "2019-09-30": "", "2019-06-30": "", "2019-03-31": "", "2018-12-31": "", "2018-09-30": "", "2018-06-30": "", "2018-03-31": "", "2017-12-31": "", "2017-09-30": "", "2017-06-30": "", "2017-03-31": "", "2016-12-31": "", "2016-09-30": "", "2016-06-30": "", "2016-03-31": "", "2015-12-31": "", "2015-09-30": "", "2015-06-30": "", "2015-03-31": "", "2014-12-31": "", "2014-09-30": "", "2014-06-30": "", "2014-03-31": "", "2013-12-31": "", "2013-09-30": "", "2013-06-30": "", "2013-03-31": "", "2012-12-31": "", "2012-09-30": "", "2012-06-30": "", "2012-03-31": "", "2011-12-31": "", "2011-09-30": "", "2011-06-30": "", "2011-03-31": "", "2010-12-31": "", "2010-09-30": "", "2010-06-30": "", "2010-03-31": "", "2009-12-31": "", "2009-09-30": "", "2009-06-30": "", "2009-03-31": "", "2008-12-31": "-1.00000", "2008-09-30": "", "2008-06-30": "272.00000", "2008-03-31": "3.00000", "2007-12-31": "1.00000", "2007-09-30": "2.00000", "2007-06-30": "3.00000", "2007-03-31": "-2.00000", "2006-12-31": "-2.00000", "2006-09-30": "", "2006-06-30": "-2.00000", "2006-03-31": "1.00000", "2005-12-31": "-21.00000", "2005-09-30": "-2.00000", "2005-06-30": "-3.00000", "2005-03-31": ""}, "Net Income": {"2020-09-30": "493.00000", "2020-06-30": "190.00000", "2020-03-31": "375.00000", "2019-12-31": "294.00000", "2019-09-30": "473.00000", "2019-06-30": "152.00000", "2019-03-31": "424.00000", "2018-12-31": "331.00000", "2018-09-30": "435.00000", "2018-06-30": "188.00000", "2018-03-31": "428.00000", "2017-12-31": "505.00000", "2017-09-30": "457.00000", "2017-06-30": "175.00000", "2017-03-31": "388.00000", "2016-12-31": "206.00000", "2016-09-30": "497.00000", "2016-06-30": "232.00000", "2016-03-31": "310.00000", "2015-12-31": "176.00000", "2015-09-30": "428.00000", "2015-06-30": "219.00000", "2015-03-31": "370.00000", "2014-12-31": "83.00000", "2014-09-30": "436.00000", "2014-06-30": "212.00000", "2014-03-31": "361.00000", "2013-12-31": "234.00000", "2013-09-30": "464.00000", "2013-06-30": "172.00000", "2013-03-31": "192.00000", "2012-12-31": "207.00000", "2012-09-30": "440.00000", "2012-06-30": "214.00000", "2012-03-31": "277.00000", "2011-12-31": "192.00000", "2011-09-30": "383.00000", "2011-06-30": "165.00000", "2011-03-31": "311.00000", "2010-12-31": "233.00000", "2010-09-30": "350.00000", "2010-06-30": "183.00000", "2010-03-31": "226.00000", "2009-12-31": "202.00000", "2009-09-30": "336.00000", "2009-06-30": "150.00000", "2009-03-31": "180.00000", "2008-12-31": "159.00000", "2008-09-30": "182.00000", "2008-06-30": "552.00000", "2008-03-31": "303.00000", "2007-12-31": "207.00000", "2007-09-30": "312.00000", "2007-06-30": "154.00000", "2007-03-31": "256.00000", "2006-12-31": "201.00000", "2006-09-30": "231.00000", "2006-06-30": "124.00000", "2006-03-31": "181.00000", "2005-12-31": "138.00000", "2005-09-30": "285.00000", "2005-06-30": "115.00000", "2005-03-31": "181.00000"}, "EBITDA": {"2020-09-30": "1342.00000", "2020-06-30": "955.00000", "2020-03-31": "1278.00000", "2019-12-31": "996.00000", "2019-09-30": "1289.00000", "2019-06-30": "876.00000", "2019-03-31": "1199.00000", "2018-12-31": "1034.00000", "2018-09-30": "1185.00000", "2018-06-30": "780.00000", "2018-03-31": "1103.00000", "2017-12-31": "927.00000", "2017-09-30": "1250.00000", "2017-06-30": "797.00000", "2017-03-31": "1141.00000", "2016-12-31": "994.00000", "2016-09-30": "1246.00000", "2016-06-30": "817.00000", "2016-03-31": "939.00000", "2015-12-31": "689.00000", "2015-09-30": "1115.00000", "2015-06-30": "748.00000", "2015-03-31": "1005.00000", "2014-12-31": "525.00000", "2014-09-30": "1089.00000", "2014-06-30": "720.00000", "2014-03-31": "946.00000", "2013-12-31": "737.00000", "2013-09-30": "1113.00000", "2013-06-30": "641.00000", "2013-03-31": "777.00000", "2012-12-31": "698.00000", "2012-09-30": "1091.00000", "2012-06-30": "680.00000", "2012-03-31": "825.00000", "2011-12-31": "694.00000", "2011-09-30": "988.00000", "2011-06-30": "627.00000", "2011-03-31": "863.00000", "2010-12-31": "721.00000", "2010-09-30": "916.00000", "2010-06-30": "640.00000", "2010-03-31": "696.00000", "2009-12-31": "600.00000", "2009-09-30": "860.00000", "2009-06-30": "546.00000", "2009-03-31": "621.00000", "2008-12-31": "527.00000", "2008-09-30": "557.00000", "2008-06-30": "743.00000", "2008-03-31": "634.00000", "2007-12-31": "831.00000", "2007-09-30": "635.00000", "2007-06-30": "430.00000", "2007-03-31": "618.00000", "2006-12-31": "734.00000", "2006-09-30": "620.00000", "2006-06-30": "380.00000", "2006-03-31": "514.00000", "2005-12-31": "498.00000", "2005-09-30": "672.00000", "2005-06-30": "374.00000", "2005-03-31": "533.00000"}, "EBIT": {"2020-09-30": "860.00000", "2020-06-30": "479.00000", "2020-03-31": "808.00000", "2019-12-31": "565.00000", "2019-09-30": "867.00000", "2019-06-30": "458.00000", "2019-03-31": "786.00000", "2018-12-31": "657.00000", "2018-09-30": "826.00000", "2018-06-30": "426.00000", "2018-03-31": "755.00000", "2017-12-31": "584.00000", "2017-09-30": "914.00000", "2017-06-30": "464.00000", "2017-03-31": "812.00000", "2016-12-31": "683.00000", "2016-09-30": "940.00000", "2016-06-30": "515.00000", "2016-03-31": "642.00000", "2015-12-31": "399.00000", "2015-09-30": "830.00000", "2015-06-30": "472.00000", "2015-03-31": "726.00000", "2014-12-31": "250.00000", "2014-09-30": "819.00000", "2014-06-30": "455.00000", "2014-03-31": "685.00000", "2013-12-31": "477.00000", "2013-09-30": "855.00000", "2013-06-30": "386.00000", "2013-03-31": "526.00000", "2012-12-31": "452.00000", "2012-09-30": "851.00000", "2012-06-30": "475.00000", "2012-03-31": "561.00000", "2011-12-31": "459.00000", "2011-09-30": "756.00000", "2011-06-30": "398.00000", "2011-03-31": "626.00000", "2010-12-31": "494.00000", "2010-09-30": "705.00000", "2010-06-30": "429.00000", "2010-03-31": "492.00000", "2009-12-31": "423.00000", "2009-09-30": "685.00000", "2009-06-30": "372.00000", "2009-03-31": "419.00000", "2008-12-31": "382.00000", "2008-09-30": "403.00000", "2008-06-30": "598.00000", "2008-03-31": "537.00000", "2007-12-31": "429.00000", "2007-09-30": "545.00000", "2007-06-30": "343.00000", "2007-03-31": "530.00000", "2006-12-31": "387.00000", "2006-09-30": "515.00000", "2006-06-30": "313.00000", "2006-03-31": "413.00000", "2005-12-31": "266.00000", "2005-09-30": "570.00000", "2005-06-30": "265.00000", "2005-03-31": "392.00000"}, "Basic Shares Outstanding": {"2020-09-30": "334.50000", "2020-06-30": "334.10000", "2020-03-31": "333.60000", "2019-12-31": "328.50000", "2019-09-30": "332.20000", "2019-06-30": "328.30000", "2019-03-31": "322.50000", "2018-12-31": "311.70000", "2018-09-30": "311.10000", "2018-06-30": "310.80000", "2018-03-31": "310.40000", "2017-12-31": "307.10000", "2017-09-30": "307.80000", "2017-06-30": "305.40000", "2017-03-31": "305.10000", "2016-12-31": "300.40000", "2016-09-30": "304.50000", "2016-06-30": "299.10000", "2016-03-31": "293.70000", "2015-12-31": "293.00000", "2015-09-30": "292.90000", "2015-06-30": "292.90000", "2015-03-31": "292.90000", "2014-12-31": "292.90000", "2014-09-30": "292.90000", "2014-06-30": "292.90000", "2014-03-31": "292.90000", "2013-12-31": "292.90000", "2013-09-30": "292.90000", "2013-06-30": "292.90000", "2013-03-31": "292.90000", "2012-12-31": "292.90000", "2012-09-30": "292.90000", "2012-06-30": "292.90000", "2012-03-31": "292.90000", "2011-12-31": "292.60000", "2011-09-30": "292.90000", "2011-06-30": "292.70000", "2011-03-31": "292.00000", "2010-12-31": "284.30000", "2010-09-30": "283.00000", "2010-06-30": "282.00000", "2010-03-31": "281.40000", "2009-12-31": "275.20000", "2009-09-30": "275.10000", "2009-06-30": "274.50000", "2009-03-31": "273.90000", "2008-12-31": "272.90000", "2008-09-30": "273.20000", "2008-06-30": "272.70000", "2008-03-31": "272.20000", "2007-12-31": "266.30000", "2007-09-30": "271.00000", "2007-06-30": "264.90000", "2007-03-31": "258.00000", "2006-12-31": "249.30000", "2006-09-30": "249.00000", "2006-06-30": "245.90000", "2006-03-31": "245.50000", "2005-12-31": "243.90000", "2005-09-30": "244.40000", "2005-06-30": "243.40000", "2005-03-31": "242.70000"}, "Shares Outstanding": {"2020-09-30": "335.40000", "2020-06-30": "335.00000", "2020-03-31": "334.60000", "2019-12-31": "329.50000", "2019-09-30": "333.20000", "2019-06-30": "329.20000", "2019-03-31": "323.40000", "2018-12-31": "312.90000", "2018-09-30": "312.30000", "2018-06-30": "311.90000", "2018-03-31": "311.60000", "2017-12-31": "308.80000", "2017-09-30": "309.30000", "2017-06-30": "306.80000", "2017-03-31": "306.30000", "2016-12-31": "301.90000", "2016-09-30": "305.90000", "2016-06-30": "300.40000", "2016-03-31": "294.80000", "2015-12-31": "294.40000", "2015-09-30": "294.20000", "2015-06-30": "294.00000", "2015-03-31": "293.90000", "2014-12-31": "294.00000", "2014-09-30": "294.00000", "2014-06-30": "294.00000", "2014-03-31": "294.10000", "2013-12-31": "294.40000", "2013-09-30": "294.30000", "2013-06-30": "294.30000", "2013-03-31": "294.20000", "2012-12-31": "294.50000", "2012-09-30": "294.60000", "2012-06-30": "294.40000", "2012-03-31": "294.50000", "2011-12-31": "294.40000", "2011-09-30": "294.60000", "2011-06-30": "294.30000", "2011-03-31": "293.60000", "2010-12-31": "285.90000", "2010-09-30": "284.60000", "2010-06-30": "283.50000", "2010-03-31": "282.70000", "2009-12-31": "276.30000", "2009-09-30": "276.00000", "2009-06-30": "275.30000", "2009-03-31": "274.50000", "2008-12-31": "273.60000", "2008-09-30": "273.80000", "2008-06-30": "273.50000", "2008-03-31": "273.00000", "2007-12-31": "267.30000", "2007-09-30": "272.00000", "2007-06-30": "266.20000", "2007-03-31": "259.10000", "2006-12-31": "250.30000", "2006-09-30": "250.00000", "2006-06-30": "246.70000", "2006-03-31": "246.50000", "2005-12-31": "244.70000", "2005-09-30": "245.40000", "2005-06-30": "244.20000", "2005-03-31": "243.40000"}, "Basic EPS": {"2020-09-30": "1.47000", "2020-06-30": "0.57000", "2020-03-31": "1.13000", "2019-12-31": "0.90000", "2019-09-30": "1.42000", "2019-06-30": "0.46000", "2019-03-31": "1.31000", "2018-12-31": "1.05000", "2018-09-30": "1.40000", "2018-06-30": "0.60000", "2018-03-31": "1.38000", "2017-12-31": "1.65000", "2017-09-30": "1.48000", "2017-06-30": "0.57000", "2017-03-31": "1.27000", "2016-12-31": "0.69000", "2016-09-30": "1.63000", "2016-06-30": "0.78000", "2016-03-31": "1.05000", "2015-12-31": "0.60000", "2015-09-30": "1.46000", "2015-06-30": "0.75000", "2015-03-31": "1.26000", "2014-12-31": "0.28000", "2014-09-30": "1.49000", "2014-06-30": "0.73000", "2014-03-31": "1.23000", "2013-12-31": "0.79000", "2013-09-30": "1.58000", "2013-06-30": "0.59000", "2013-03-31": "0.66000", "2012-12-31": "0.70000", "2012-09-30": "1.50000", "2012-06-30": "0.73000", "2012-03-31": "0.95000", "2011-12-31": "0.64000", "2011-09-30": "1.31000", "2011-06-30": "0.57000", "2011-03-31": "1.07000", "2010-12-31": "0.80000", "2010-09-30": "1.24000", "2010-06-30": "0.65000", "2010-03-31": "0.80000", "2009-12-31": "0.73000", "2009-09-30": "1.22000", "2009-06-30": "0.55000", "2009-03-31": "0.66000", "2008-12-31": "0.59000", "2008-09-30": "0.66000", "2008-06-30": "2.02000", "2008-03-31": "1.11000", "2007-12-31": "0.77000", "2007-09-30": "1.15000", "2007-06-30": "0.58000", "2007-03-31": "0.99000", "2006-12-31": "0.79000", "2006-09-30": "0.93000", "2006-06-30": "0.50000", "2006-03-31": "0.74000", "2005-12-31": "0.56000", "2005-09-30": "1.17000", "2005-06-30": "0.47000", "2005-03-31": "0.75000"}, "EPS - Earnings Per Share": {"2020-09-30": "1.47000", "2020-06-30": "0.57000", "2020-03-31": "1.12000", "2019-12-31": "0.89000", "2019-09-30": "1.42000", "2019-06-30": "0.46000", "2019-03-31": "1.31000", "2018-12-31": "1.05000", "2018-09-30": "1.40000", "2018-06-30": "0.60000", "2018-03-31": "1.37000", "2017-12-31": "1.62000", "2017-09-30": "1.48000", "2017-06-30": "0.57000", "2017-03-31": "1.27000", "2016-12-31": "0.68000", "2016-09-30": "1.62000", "2016-06-30": "0.77000", "2016-03-31": "1.05000", "2015-12-31": "0.60000", "2015-09-30": "1.45000", "2015-06-30": "0.74000", "2015-03-31": "1.26000", "2014-12-31": "0.28000", "2014-09-30": "1.48000", "2014-06-30": "0.72000", "2014-03-31": "1.23000", "2013-12-31": "0.79000", "2013-09-30": "1.58000", "2013-06-30": "0.59000", "2013-03-31": "0.65000", "2012-12-31": "0.70000", "2012-09-30": "1.49000", "2012-06-30": "0.73000", "2012-03-31": "0.94000", "2011-12-31": "0.65000", "2011-09-30": "1.30000", "2011-06-30": "0.56000", "2011-03-31": "1.06000", "2010-12-31": "0.80000", "2010-09-30": "1.23000", "2010-06-30": "0.64000", "2010-03-31": "0.80000", "2009-12-31": "0.71000", "2009-09-30": "1.22000", "2009-06-30": "0.55000", "2009-03-31": "0.66000", "2008-12-31": "0.58000", "2008-09-30": "0.66000", "2008-06-30": "2.02000", "2008-03-31": "1.11000", "2007-12-31": "0.75000", "2007-09-30": "1.15000", "2007-06-30": "0.58000", "2007-03-31": "0.99000", "2006-12-31": "0.79000", "2006-09-30": "0.92000", "2006-06-30": "0.50000", "2006-03-31": "0.74000", "2005-12-31": "0.56000", "2005-09-30": "1.16000", "2005-06-30": "0.47000", "2005-03-31": "0.75000"}}, "balance sheet": {"Cash On Hand": {"2019-12-31": "1217.00000", "2018-12-31": "1006.00000", "2017-12-31": "844.00000", "2016-12-31": "830.00000", "2015-12-31": "944.00000", "2014-12-31": "699.00000", "2013-12-31": "674.00000", "2012-12-31": "394.00000", "2011-12-31": "648.00000", "2010-12-31": "338.00000", "2009-12-31": "260.00000", "2008-12-31": "74.00000", "2007-12-31": "210.00000", "2006-12-31": "112.00000", "2005-12-31": "96.00000"}, "Receivables": {"2019-12-31": "1440.00000", "2018-12-31": "1601.00000", "2017-12-31": "1339.00000", "2016-12-31": "1380.00000", "2015-12-31": "1522.00000", "2014-12-31": "1558.00000", "2013-12-31": "1491.00000", "2012-12-31": "1450.00000", "2011-12-31": "1426.00000", "2010-12-31": "1466.00000", "2009-12-31": "1426.00000", "2008-12-31": "1292.00000", "2007-12-31": "1258.00000", "2006-12-31": "1474.00000", "2005-12-31": "1373.00000"}, "Inventory": {"2019-12-31": "352.00000", "2018-12-31": "358.00000", "2017-12-31": "334.00000", "2016-12-31": "339.00000", "2015-12-31": "350.00000", "2014-12-31": "372.00000", "2013-12-31": "363.00000", "2012-12-31": "330.00000", "2011-12-31": "356.00000", "2010-12-31": "348.00000", "2009-12-31": "355.00000", "2008-12-31": "516.00000", "2007-12-31": "405.00000", "2006-12-31": "466.00000", "2005-12-31": "425.00000"}, "Pre-Paid Expenses": {"2019-12-31": "260.00000", "2018-12-31": "187.00000", "2017-12-31": "178.00000", "2016-12-31": "159.00000", "2015-12-31": "177.00000", "2014-12-31": "163.00000", "2013-12-31": "136.00000", "2012-12-31": "159.00000", "2011-12-31": "145.00000", "2010-12-31": "341.00000", "2009-12-31": "131.00000", "2008-12-31": "697.00000", "2007-12-31": "119.00000", "2006-12-31": "157.00000", "2005-12-31": "434.00000"}, "Other Current Assets": {"2019-12-31": "1003.00000", "2018-12-31": "712.00000", "2017-12-31": "842.00000", "2016-12-31": "698.00000", "2015-12-31": "843.00000", "2014-12-31": "924.00000", "2013-12-31": "1105.00000", "2012-12-31": "822.00000", "2011-12-31": "797.00000", "2010-12-31": "1014.00000", "2009-12-31": "1042.00000", "2008-12-31": "330.00000", "2007-12-31": "300.00000", "2006-12-31": "256.00000", "2005-12-31": "514.00000"}, "Total Current Assets": {"2019-12-31": "4272.00000", "2018-12-31": "3864.00000", "2017-12-31": "3537.00000", "2016-12-31": "3406.00000", "2015-12-31": "3836.00000", "2014-12-31": "3716.00000", "2013-12-31": "3891.00000", "2012-12-31": "3451.00000", "2011-12-31": "3638.00000", "2010-12-31": "3669.00000", "2009-12-31": "3214.00000", "2008-12-31": "3369.00000", "2007-12-31": "2550.00000", "2006-12-31": "2937.00000", "2005-12-31": "3072.00000"}, "Property, Plant, And Equipment": {"2019-12-31": "43889.00000", "2018-12-31": "41749.00000", "2017-12-31": "37600.00000", "2016-12-31": "35216.00000", "2015-12-31": "32209.00000", "2014-12-31": "29827.00000", "2013-12-31": "28436.00000", "2012-12-31": "26939.00000", "2011-12-31": "25093.00000", "2010-12-31": "23863.00000", "2009-12-31": "22464.00000", "2008-12-31": "20874.00000", "2007-12-31": "19914.00000", "2006-12-31": "18445.00000", "2005-12-31": "17112.00000"}, "Long-Term Investments": {"2019-12-31": "2065.00000", "2018-12-31": "1766.00000", "2017-12-31": "2001.00000", "2016-12-31": "1921.00000", "2015-12-31": "884.00000", "2014-12-31": "816.00000", "2013-12-31": "461.00000", "2012-12-31": "467.00000", "2011-12-31": "455.00000", "2010-12-31": "403.00000", "2009-12-31": "385.00000", "2008-12-31": "356.00000", "2007-12-31": "378.00000", "2006-12-31": "366.00000", "2005-12-31": "345.00000"}, "Goodwill And Intangible Assets": {"2019-12-31": "2003.00000", "2018-12-31": "2094.00000", "2017-12-31": "559.00000", "2016-12-31": "552.00000", "2015-12-31": "431.00000", "2014-12-31": "432.00000", "2013-12-31": "433.00000", "2012-12-31": "431.00000", "2011-12-31": "432.00000", "2010-12-31": "432.00000", "2009-12-31": "420.00000", "2008-12-31": "416.00000", "2007-12-31": "410.00000", "2006-12-31": "486.00000", "2005-12-31": "496.00000"}, "Other Long-Term Assets": {"2019-12-31": "", "2018-12-31": "", "2017-12-31": "", "2016-12-31": "", "2015-12-31": "", "2014-12-31": "", "2013-12-31": "", "2012-12-31": "", "2011-12-31": "", "2010-12-31": "", "2009-12-31": "", "2008-12-31": "", "2007-12-31": "88.00000", "2006-12-31": "", "2005-12-31": ""}, "Total Long-Term Assets": {"2019-12-31": "52950.00000", "2018-12-31": "50056.00000", "2017-12-31": "44574.00000", "2016-12-31": "44849.00000", "2015-12-31": "41806.00000", "2014-12-31": "40355.00000", "2013-12-31": "36756.00000", "2012-12-31": "37758.00000", "2011-12-31": "35576.00000", "2010-12-31": "32679.00000", "2009-12-31": "30630.00000", "2008-12-31": "30129.00000", "2007-12-31": "25712.00000", "2006-12-31": "23762.00000", "2005-12-31": "21776.00000"}, "Total Assets": {"2019-12-31": "58079.00000", "2018-12-31": "53920.00000", "2017-12-31": "48111.00000", "2016-12-31": "48255.00000", "2015-12-31": "45642.00000", "2014-12-31": "44071.00000", "2013-12-31": "40647.00000", "2012-12-31": "41209.00000", "2011-12-31": "39214.00000", "2010-12-31": "36348.00000", "2009-12-31": "33844.00000", "2008-12-31": "33498.00000", "2007-12-31": "28262.00000", "2006-12-31": "26699.00000", "2005-12-31": "24848.00000"}, "Total Current Liabilities": {"2019-12-31": "6287.00000", "2018-12-31": "6207.00000", "2017-12-31": "4902.00000", "2016-12-31": "3843.00000", "2015-12-31": "4720.00000", "2014-12-31": "3757.00000", "2013-12-31": "4730.00000", "2012-12-31": "3945.00000", "2011-12-31": "2987.00000", "2010-12-31": "2530.00000", "2009-12-31": "2940.00000", "2008-12-31": "3205.00000", "2007-12-31": "3851.00000", "2006-12-31": "2872.00000", "2005-12-31": "3321.00000"}, "Long Term Debt": {"2019-12-31": "18527.00000", "2018-12-31": "17495.00000", "2017-12-31": "14731.00000", "2016-12-31": "14735.00000", "2015-12-31": "12006.00000", "2014-12-31": "11546.00000", "2013-12-31": "10489.00000", "2012-12-31": "10064.00000", "2011-12-31": "10145.00000", "2010-12-31": "10678.00000", "2009-12-31": "9868.00000", "2008-12-31": "9249.00000", "2007-12-31": "7633.00000", "2006-12-31": "8324.00000", "2005-12-31": "7428.00000"}, "Other Non-Current Liabilities": {"2019-12-31": "6221.00000", "2018-12-31": "6032.00000", "2017-12-31": "5819.00000", "2016-12-31": "3104.00000", "2015-12-31": "3208.00000", "2014-12-31": "3140.00000", "2013-12-31": "2820.00000", "2012-12-31": "2086.00000", "2011-12-31": "1971.00000", "2010-12-31": "1764.00000", "2009-12-31": "1570.00000", "2008-12-31": "1588.00000", "2007-12-31": "2021.00000", "2006-12-31": "2391.00000", "2005-12-31": "2634.00000"}, "Total Long Term Liabilities": {"2019-12-31": "33579.00000", "2018-12-31": "30874.00000", "2017-12-31": "27784.00000", "2016-12-31": "30106.00000", "2015-12-31": "27861.00000", "2014-12-31": "27729.00000", "2013-12-31": "23672.00000", "2012-12-31": "25395.00000", "2011-12-31": "24578.00000", "2010-12-31": "22544.00000", "2009-12-31": "20442.00000", "2008-12-31": "20382.00000", "2007-12-31": "15122.00000", "2006-12-31": "15610.00000", "2005-12-31": "14004.00000"}, "Total Liabilities": {"2019-12-31": "39866.00000", "2018-12-31": "37081.00000", "2017-12-31": "32686.00000", "2016-12-31": "33949.00000", "2015-12-31": "32581.00000", "2014-12-31": "31486.00000", "2013-12-31": "28402.00000", "2012-12-31": "29340.00000", "2011-12-31": "27565.00000", "2010-12-31": "25074.00000", "2009-12-31": "23382.00000", "2008-12-31": "23587.00000", "2007-12-31": "18973.00000", "2006-12-31": "18482.00000", "2005-12-31": "17325.00000"}, "Common Stock Net": {"2019-12-31": "35.00000", "2018-12-31": "34.00000", "2017-12-31": "34.00000", "2016-12-31": "33.00000", "2015-12-31": "32.00000", "2014-12-31": "32.00000", "2013-12-31": "32.00000", "2012-12-31": "32.00000", "2011-12-31": "32.00000", "2010-12-31": "31.00000", "2009-12-31": "30.00000", "2008-12-31": "29.00000", "2007-12-31": "29.00000", "2006-12-31": "28.00000", "2005-12-31": "27.00000"}, "Retained Earnings (Accumulated Deficit)": {"2019-12-31": "11100.00000", "2018-12-31": "10728.00000", "2017-12-31": "10235.00000", "2016-12-31": "9559.00000", "2015-12-31": "9123.00000", "2014-12-31": "8691.00000", "2013-12-31": "8338.00000", "2012-12-31": "7997.00000", "2011-12-31": "7568.00000", "2010-12-31": "7220.00000", "2009-12-31": "6904.00000", "2008-12-31": "6685.00000", "2007-12-31": "6113.00000", "2006-12-31": "5804.00000", "2005-12-31": "5605.00000"}, "Comprehensive Income": {"2019-12-31": "-19.00000", "2018-12-31": "-16.00000", "2017-12-31": "-26.00000", "2016-12-31": "-27.00000", "2015-12-31": "-34.00000", "2014-12-31": "-45.00000", "2013-12-31": "-25.00000", "2012-12-31": "-53.00000", "2011-12-31": "-58.00000", "2010-12-31": "-40.00000", "2009-12-31": "-42.00000", "2008-12-31": "-67.00000", "2007-12-31": "-43.00000", "2006-12-31": "-83.00000", "2005-12-31": "-34.00000"}, "Other Share Holders Equity": {"2019-12-31": "-110.00000", "2018-12-31": "-99.00000", "2017-12-31": "-85.00000", "2016-12-31": "-83.00000", "2015-12-31": "-61.00000", "2014-12-31": "-61.00000", "2013-12-31": "-61.00000", "2012-12-31": "-61.00000", "2011-12-31": "-64.00000", "2010-12-31": "-64.00000", "2009-12-31": "-62.00000", "2008-12-31": "-60.00000", "2007-12-31": "-60.00000", "2006-12-31": "-58.00000", "2005-12-31": "-55.00000"}, "Share Holder Equity": {"2019-12-31": "18213.00000", "2018-12-31": "16839.00000", "2017-12-31": "15425.00000", "2016-12-31": "14306.00000", "2015-12-31": "13061.00000", "2014-12-31": "12585.00000", "2013-12-31": "12245.00000", "2012-12-31": "11869.00000", "2011-12-31": "11649.00000", "2010-12-31": "11274.00000", "2009-12-31": "10462.00000", "2008-12-31": "9911.00000", "2007-12-31": "9289.00000", "2006-12-31": "8217.00000", "2005-12-31": "7523.00000"}, "Total Liabilities And Share Holders Equity": {"2019-12-31": "58079.00000", "2018-12-31": "53920.00000", "2017-12-31": "48111.00000", "2016-12-31": "48255.00000", "2015-12-31": "45642.00000", "2014-12-31": "44071.00000", "2013-12-31": "40647.00000", "2012-12-31": "41209.00000", "2011-12-31": "39214.00000", "2010-12-31": "36348.00000", "2009-12-31": "33844.00000", "2008-12-31": "33498.00000", "2007-12-31": "28262.00000", "2006-12-31": "26699.00000", "2005-12-31": "24848.00000"}}, "balance sheet, quarterly": {"Cash On Hand": {"2020-09-30": "314.00000", "2020-06-30": "1345.00000", "2020-03-31": "1574.00000", "2019-12-31": "1217.00000", "2019-09-30": "253.00000", "2019-06-30": "970.00000", "2019-03-31": "474.00000", "2018-12-31": "1006.00000", "2018-09-30": "245.00000", "2018-06-30": "921.00000", "2018-03-31": "683.00000", "2017-12-31": "844.00000", "2017-09-30": "110.00000", "2017-06-30": "842.00000", "2017-03-31": "102.00000", "2016-12-31": "830.00000", "2016-09-30": "150.00000", "2016-06-30": "862.00000", "2016-03-31": "61.00000", "2015-12-31": "944.00000", "2015-09-30": "91.00000", "2015-06-30": "709.00000", "2015-03-31": "117.00000", "2014-12-31": "699.00000", "2014-09-30": "205.00000", "2014-06-30": "774.00000", "2014-03-31": "102.00000", "2013-12-31": "674.00000", "2013-09-30": "74.00000", "2013-06-30": "747.00000", "2013-03-31": "132.00000", "2012-12-31": "394.00000", "2012-09-30": "69.00000", "2012-06-30": "1381.00000", "2012-03-31": "769.00000", "2011-12-31": "648.00000", "2011-09-30": "398.00000", "2011-06-30": "492.00000", "2011-03-31": "516.00000", "2010-12-31": "338.00000", "2010-09-30": "198.00000", "2010-06-30": "178.00000", "2010-03-31": "87.00000", "2009-12-31": "260.00000", "2009-09-30": "75.00000", "2009-06-30": "311.00000", "2009-03-31": "651.00000", "2008-12-31": "74.00000", "2008-09-30": "69.00000", "2008-06-30": "1758.00000", "2008-03-31": "145.00000", "2007-12-31": "210.00000", "2007-09-30": "209.00000", "2007-06-30": "203.00000", "2007-03-31": "183.00000", "2006-12-31": "112.00000", "2006-09-30": "253.00000", "2006-06-30": "81.00000", "2006-03-31": "200.00000", "2005-12-31": "96.00000", "2005-09-30": "139.00000", "2005-06-30": "962.00000", "2005-03-31": "496.00000"}, "Receivables": {"2020-09-30": "1747.00000", "2020-06-30": "1703.00000", "2020-03-31": "1527.00000", "2019-12-31": "1440.00000", "2019-09-30": "1433.00000", "2019-06-30": "1404.00000", "2019-03-31": "1625.00000", "2018-12-31": "1601.00000", "2018-09-30": "1642.00000", "2018-06-30": "1388.00000", "2018-03-31": "1508.00000", "2017-12-31": "1339.00000", "2017-09-30": "1338.00000", "2017-06-30": "1199.00000", "2017-03-31": "1432.00000", "2016-12-31": "1380.00000", "2016-09-30": "1388.00000", "2016-06-30": "1213.00000", "2016-03-31": "1462.00000", "2015-12-31": "1522.00000", "2015-09-30": "1456.00000", "2015-06-30": "1339.00000", "2015-03-31": "1593.00000", "2014-12-31": "1558.00000", "2014-09-30": "1478.00000", "2014-06-30": "1460.00000", "2014-03-31": "1776.00000", "2013-12-31": "1491.00000", "2013-09-30": "1530.00000", "2013-06-30": "1521.00000", "2013-03-31": "1570.00000", "2012-12-31": "1450.00000", "2012-09-30": "1535.00000", "2012-06-30": "1262.00000", "2012-03-31": "1318.00000", "2011-12-31": "1426.00000", "2011-09-30": "1474.00000", "2011-06-30": "1439.00000", "2011-03-31": "1509.00000", "2010-12-31": "1466.00000", "2010-09-30": "1664.00000", "2010-06-30": "1483.00000", "2010-03-31": "1574.00000", "2009-12-31": "1426.00000", "2009-09-30": "1259.00000", "2009-06-30": "1093.00000", "2009-03-31": "1290.00000", "2008-12-31": "1292.00000", "2008-09-30": "1431.00000", "2008-06-30": "1326.00000", "2008-03-31": "1265.00000", "2007-12-31": "1258.00000", "2007-09-30": "1350.00000", "2007-06-30": "1313.00000", "2007-03-31": "1390.00000", "2006-12-31": "1474.00000", "2006-09-30": "1272.00000", "2006-06-30": "1066.00000", "2006-03-31": "1263.00000", "2005-12-31": "1373.00000", "2005-09-30": "1218.00000", "2005-06-30": "914.00000", "2005-03-31": "952.00000"}, "Inventory": {"2020-09-30": "353.00000", "2020-06-30": "336.00000", "2020-03-31": "326.00000", "2019-12-31": "352.00000", "2019-09-30": "358.00000", "2019-06-30": "344.00000", "2019-03-31": "327.00000", "2018-12-31": "358.00000", "2018-09-30": "338.00000", "2018-06-30": "318.00000", "2018-03-31": "301.00000", "2017-12-31": "334.00000", "2017-09-30": "337.00000", "2017-06-30": "357.00000", "2017-03-31": "313.00000", "2016-12-31": "339.00000", "2016-09-30": "335.00000", "2016-06-30": "321.00000", "2016-03-31": "342.00000", "2015-12-31": "350.00000", "2015-09-30": "338.00000", "2015-06-30": "321.00000", "2015-03-31": "332.00000", "2014-12-31": "372.00000", "2014-09-30": "343.00000", "2014-06-30": "322.00000", "2014-03-31": "303.00000", "2013-12-31": "363.00000", "2013-09-30": "368.00000", "2013-06-30": "321.00000", "2013-03-31": "270.00000", "2012-12-31": "330.00000", "2012-09-30": "355.00000", "2012-06-30": "337.00000", "2012-03-31": "325.00000", "2011-12-31": "356.00000", "2011-09-30": "375.00000", "2011-06-30": "310.00000", "2011-03-31": "245.00000", "2010-12-31": "348.00000", "2010-09-30": "364.00000", "2010-06-30": "328.00000", "2010-03-31": "303.00000", "2009-12-31": "355.00000", "2009-09-30": "398.00000", "2009-06-30": "357.00000", "2009-03-31": "334.00000", "2008-12-31": "516.00000", "2008-09-30": "578.00000", "2008-06-30": "440.00000", "2008-03-31": "318.00000", "2007-12-31": "405.00000", "2007-09-30": "464.00000", "2007-06-30": "381.00000", "2007-03-31": "301.00000", "2006-12-31": "466.00000", "2006-09-30": "458.00000", "2006-06-30": "403.00000", "2006-03-31": "334.00000", "2005-12-31": "425.00000", "2005-09-30": "394.00000", "2005-06-30": "268.00000", "2005-03-31": "190.00000"}, "Pre-Paid Expenses": {"2020-09-30": "777.00000", "2020-06-30": "291.00000", "2020-03-31": "739.00000", "2019-12-31": "260.00000", "2019-09-30": "707.00000", "2019-06-30": "222.00000", "2019-03-31": "635.00000", "2018-12-31": "187.00000", "2018-09-30": "665.00000", "2018-06-30": "214.00000", "2018-03-31": "600.00000", "2017-12-31": "178.00000", "2017-09-30": "592.00000", "2017-06-30": "195.00000", "2017-03-31": "553.00000", "2016-12-31": "159.00000", "2016-09-30": "580.00000", "2016-06-30": "192.00000", "2016-03-31": "550.00000", "2015-12-31": "177.00000", "2015-09-30": "731.00000", "2015-06-30": "307.00000", "2015-03-31": "470.00000", "2014-12-31": "163.00000", "2014-09-30": "644.00000", "2014-06-30": "146.00000", "2014-03-31": "489.00000", "2013-12-31": "136.00000", "2013-09-30": "521.00000", "2013-06-30": "119.00000", "2013-03-31": "422.00000", "2012-12-31": "159.00000", "2012-09-30": "433.00000", "2012-06-30": "151.00000", "2012-03-31": "431.00000", "2011-12-31": "145.00000", "2011-09-30": "469.00000", "2011-06-30": "147.00000", "2011-03-31": "558.00000", "2010-12-31": "341.00000", "2010-09-30": "604.00000", "2010-06-30": "131.00000", "2010-03-31": "420.00000", "2009-12-31": "131.00000", "2009-09-30": "440.00000", "2009-06-30": "175.00000", "2009-03-31": "482.00000", "2008-12-31": "697.00000", "2008-09-30": "809.00000", "2008-06-30": "103.00000", "2008-03-31": "342.00000", "2007-12-31": "119.00000", "2007-09-30": "346.00000", "2007-06-30": "125.00000", "2007-03-31": "331.00000", "2006-12-31": "157.00000", "2006-09-30": "507.00000", "2006-06-30": "148.00000", "2006-03-31": "256.00000", "2005-12-31": "434.00000", "2005-09-30": "632.00000", "2005-06-30": "788.00000", "2005-03-31": "245.00000"}, "Other Current Assets": {"2020-09-30": "1013.00000", "2020-06-30": "889.00000", "2020-03-31": "860.00000", "2019-12-31": "1003.00000", "2019-09-30": "830.00000", "2019-06-30": "767.00000", "2019-03-31": "720.00000", "2018-12-31": "712.00000", "2018-09-30": "466.00000", "2018-06-30": "595.00000", "2018-03-31": "681.00000", "2017-12-31": "842.00000", "2017-09-30": "719.00000", "2017-06-30": "687.00000", "2017-03-31": "617.00000", "2016-12-31": "698.00000", "2016-09-30": "701.00000", "2016-06-30": "911.00000", "2016-03-31": "770.00000", "2015-12-31": "843.00000", "2015-09-30": "829.00000", "2015-06-30": "830.00000", "2015-03-31": "791.00000", "2014-12-31": "924.00000", "2014-09-30": "816.00000", "2014-06-30": "712.00000", "2014-03-31": "732.00000", "2013-12-31": "1105.00000", "2013-09-30": "1025.00000", "2013-06-30": "1056.00000", "2013-03-31": "1100.00000", "2012-12-31": "822.00000", "2012-09-30": "735.00000", "2012-06-30": "835.00000", "2012-03-31": "776.00000", "2011-12-31": "797.00000", "2011-09-30": "742.00000", "2011-06-30": "821.00000", "2011-03-31": "762.00000", "2010-12-31": "1014.00000", "2010-09-30": "1060.00000", "2010-06-30": "1038.00000", "2010-03-31": "658.00000", "2009-12-31": "1042.00000", "2009-09-30": "852.00000", "2009-06-30": "762.00000", "2009-03-31": "642.00000", "2008-12-31": "330.00000", "2008-09-30": "259.00000", "2008-06-30": "557.00000", "2008-03-31": "430.00000", "2007-12-31": "300.00000", "2007-09-30": "226.00000", "2007-06-30": "246.00000", "2007-03-31": "230.00000", "2006-12-31": "256.00000", "2006-09-30": "567.00000", "2006-06-30": "435.00000", "2006-03-31": "389.00000", "2005-12-31": "514.00000", "2005-09-30": "1068.00000", "2005-06-30": "524.00000", "2005-03-31": "501.00000"}, "Total Current Assets": {"2020-09-30": "4204.00000", "2020-06-30": "4564.00000", "2020-03-31": "5026.00000", "2019-12-31": "4272.00000", "2019-09-30": "3581.00000", "2019-06-30": "3707.00000", "2019-03-31": "3781.00000", "2018-12-31": "3864.00000", "2018-09-30": "3356.00000", "2018-06-30": "3436.00000", "2018-03-31": "3773.00000", "2017-12-31": "3537.00000", "2017-09-30": "3096.00000", "2017-06-30": "3280.00000", "2017-03-31": "3017.00000", "2016-12-31": "3406.00000", "2016-09-30": "3154.00000", "2016-06-30": "3499.00000", "2016-03-31": "3185.00000", "2015-12-31": "3836.00000", "2015-09-30": "3505.00000", "2015-06-30": "3679.00000", "2015-03-31": "3398.00000", "2014-12-31": "3716.00000", "2014-09-30": "3519.00000", "2014-06-30": "3457.00000", "2014-03-31": "3484.00000", "2013-12-31": "3891.00000", "2013-09-30": "3704.00000", "2013-06-30": "4103.00000", "2013-03-31": "3934.00000", "2012-12-31": "3451.00000", "2012-09-30": "3240.00000", "2012-06-30": "4102.00000", "2012-03-31": "3904.00000", "2011-12-31": "3638.00000", "2011-09-30": "3458.00000", "2011-06-30": "3209.00000", "2011-03-31": "3590.00000", "2010-12-31": "3669.00000", "2010-09-30": "3890.00000", "2010-06-30": "3158.00000", "2010-03-31": "3386.00000", "2009-12-31": "3214.00000", "2009-09-30": "3227.00000", "2009-06-30": "2997.00000", "2009-03-31": "3748.00000", "2008-12-31": "3369.00000", "2008-09-30": "3352.00000", "2008-06-30": "4531.00000", "2008-03-31": "2669.00000", "2007-12-31": "2550.00000", "2007-09-30": "2979.00000", "2007-06-30": "2651.00000", "2007-03-31": "2730.00000", "2006-12-31": "2937.00000", "2006-09-30": "3408.00000", "2006-06-30": "2410.00000", "2006-03-31": "2607.00000", "2005-12-31": "3072.00000", "2005-09-30": "3451.00000", "2005-06-30": "3456.00000", "2005-03-31": "2384.00000"}, "Property, Plant, And Equipment": {"2020-09-30": "45564.00000", "2020-06-30": "44897.00000", "2020-03-31": "44435.00000", "2019-12-31": "43889.00000", "2019-09-30": "43234.00000", "2019-06-30": "42745.00000", "2019-03-31": "42152.00000", "2018-12-31": "41749.00000", "2018-09-30": "39383.00000", "2018-06-30": "38767.00000", "2018-03-31": "38075.00000", "2017-12-31": "37600.00000", "2017-09-30": "36728.00000", "2017-06-30": "36251.00000", "2017-03-31": "35663.00000", "2016-12-31": "35216.00000", "2016-09-30": "33906.00000", "2016-06-30": "33459.00000", "2016-03-31": "32971.00000", "2015-12-31": "32209.00000", "2015-09-30": "31473.00000", "2015-06-30": "30923.00000", "2015-03-31": "30212.00000", "2014-12-31": "29827.00000", "2014-09-30": "29239.00000", "2014-06-30": "28754.00000", "2014-03-31": "28682.00000", "2013-12-31": "28436.00000", "2013-09-30": "27955.00000", "2013-06-30": "27542.00000", "2013-03-31": "27283.00000", "2012-12-31": "26939.00000", "2012-09-30": "26324.00000", "2012-06-30": "25734.00000", "2012-03-31": "25353.00000", "2011-12-31": "25093.00000", "2011-09-30": "24698.00000", "2011-06-30": "24414.00000", "2011-03-31": "24068.00000", "2010-12-31": "23863.00000", "2010-09-30": "23469.00000", "2010-06-30": "23097.00000", "2010-03-31": "22739.00000", "2009-12-31": "22464.00000", "2009-09-30": "21949.00000", "2009-06-30": "21607.00000", "2009-03-31": "21206.00000", "2008-12-31": "20874.00000", "2008-09-30": "20286.00000", "2008-06-30": "19929.00000", "2008-03-31": "20285.00000", "2007-12-31": "19914.00000", "2007-09-30": "19455.00000", "2007-06-30": "19097.00000", "2007-03-31": "18770.00000", "2006-12-31": "18445.00000", "2006-09-30": "18021.00000", "2006-06-30": "17703.00000", "2006-03-31": "17321.00000", "2005-12-31": "17112.00000", "2005-09-30": "16663.00000", "2005-06-30": "16441.00000", "2005-03-31": "16336.00000"}, "Long-Term Investments": {"2020-09-30": "2124.00000", "2020-06-30": "2080.00000", "2020-03-31": "2011.00000", "2019-12-31": "2065.00000", "2019-09-30": "1983.00000", "2019-06-30": "1899.00000", "2019-03-31": "1832.00000", "2018-12-31": "1766.00000", "2018-09-30": "2131.00000", "2018-06-30": "2057.00000", "2018-03-31": "2012.00000", "2017-12-31": "2001.00000", "2017-09-30": "1977.00000", "2017-06-30": "1961.00000", "2017-03-31": "1914.00000", "2016-12-31": "1921.00000", "2016-09-30": "1931.00000", "2016-06-30": "1913.00000", "2016-03-31": "865.00000", "2015-12-31": "884.00000", "2015-09-30": "874.00000", "2015-06-30": "848.00000", "2015-03-31": "814.00000", "2014-12-31": "816.00000", "2014-09-30": "740.00000", "2014-06-30": "693.00000", "2014-03-31": "547.00000", "2013-12-31": "461.00000", "2013-09-30": "444.00000", "2013-06-30": "313.00000", "2013-03-31": "351.00000", "2012-12-31": "467.00000", "2012-09-30": "462.00000", "2012-06-30": "451.00000", "2012-03-31": "440.00000", "2011-12-31": "455.00000", "2011-09-30": "474.00000", "2011-06-30": "426.00000", "2011-03-31": "413.00000", "2010-12-31": "403.00000", "2010-09-30": "391.00000", "2010-06-30": "402.00000", "2010-03-31": "381.00000", "2009-12-31": "385.00000", "2009-09-30": "371.00000", "2009-06-30": "368.00000", "2009-03-31": "349.00000", "2008-12-31": "356.00000", "2008-09-30": "374.00000", "2008-06-30": "380.00000", "2008-03-31": "376.00000", "2007-12-31": "378.00000", "2007-09-30": "378.00000", "2007-06-30": "381.00000", "2007-03-31": "372.00000", "2006-12-31": "366.00000", "2006-09-30": "272.00000", "2006-06-30": "269.00000", "2006-03-31": "267.00000", "2005-12-31": "345.00000", "2005-09-30": "263.00000", "2005-06-30": "260.00000", "2005-03-31": "258.00000"}, "Goodwill And Intangible Assets": {"2020-09-30": "1931.00000", "2020-06-30": "1956.00000", "2020-03-31": "1978.00000", "2019-12-31": "2003.00000", "2019-09-30": "2026.00000", "2019-06-30": "2045.00000", "2019-03-31": "2070.00000", "2018-12-31": "2094.00000", "2018-09-30": "571.00000", "2018-06-30": "555.00000", "2018-03-31": "557.00000", "2017-12-31": "559.00000", "2017-09-30": "542.00000", "2017-06-30": "544.00000", "2017-03-31": "550.00000", "2016-12-31": "552.00000", "2016-09-30": "429.00000", "2016-06-30": "431.00000", "2016-03-31": "431.00000", "2015-12-31": "431.00000", "2015-09-30": "432.00000", "2015-06-30": "432.00000", "2015-03-31": "432.00000", "2014-12-31": "432.00000", "2014-09-30": "432.00000", "2014-06-30": "432.00000", "2014-03-31": "433.00000", "2013-12-31": "433.00000", "2013-09-30": "433.00000", "2013-06-30": "433.00000", "2013-03-31": "431.00000", "2012-12-31": "431.00000", "2012-09-30": "432.00000", "2012-06-30": "432.00000", "2012-03-31": "432.00000", "2011-12-31": "432.00000", "2011-09-30": "432.00000", "2011-06-30": "432.00000", "2011-03-31": "432.00000", "2010-12-31": "432.00000", "2010-09-30": "432.00000", "2010-06-30": "423.00000", "2010-03-31": "423.00000", "2009-12-31": "420.00000", "2009-09-30": "420.00000", "2009-06-30": "417.00000", "2009-03-31": "417.00000", "2008-12-31": "416.00000", "2008-09-30": "416.00000", "2008-06-30": "417.00000", "2008-03-31": "410.00000", "2007-12-31": "410.00000", "2007-09-30": "480.00000", "2007-06-30": "483.00000", "2007-03-31": "483.00000", "2006-12-31": "486.00000", "2006-09-30": "488.00000", "2006-06-30": "491.00000", "2006-03-31": "494.00000", "2005-12-31": "496.00000", "2005-09-30": "499.00000", "2005-06-30": "502.00000", "2005-03-31": "504.00000"}, "Other Long-Term Assets": {"2020-09-30": "", "2020-06-30": "", "2020-03-31": "", "2019-12-31": "", "2019-09-30": "", "2019-06-30": "", "2019-03-31": "", "2018-12-31": "", "2018-09-30": "", "2018-06-30": "", "2018-03-31": "", "2017-12-31": "", "2017-09-30": "", "2017-06-30": "", "2017-03-31": "", "2016-12-31": "", "2016-09-30": "", "2016-06-30": "", "2016-03-31": "", "2015-12-31": "", "2015-09-30": "", "2015-06-30": "", "2015-03-31": "", "2014-12-31": "", "2014-09-30": "", "2014-06-30": "", "2014-03-31": "", "2013-12-31": "", "2013-09-30": "", "2013-06-30": "", "2013-03-31": "", "2012-12-31": "", "2012-09-30": "", "2012-06-30": "", "2012-03-31": "", "2011-12-31": "", "2011-09-30": "", "2011-06-30": "", "2011-03-31": "", "2010-12-31": "", "2010-09-30": "", "2010-06-30": "", "2010-03-31": "", "2009-12-31": "", "2009-09-30": "", "2009-06-30": "", "2009-03-31": "", "2008-12-31": "", "2008-09-30": "", "2008-06-30": "", "2008-03-31": "108.00000", "2007-12-31": "88.00000", "2007-09-30": "", "2007-06-30": "", "2007-03-31": "", "2006-12-31": "", "2006-09-30": "", "2006-06-30": "", "2006-03-31": "", "2005-12-31": "", "2005-09-30": "", "2005-06-30": "", "2005-03-31": ""}, "Total Long-Term Assets": {"2020-09-30": "54547.00000", "2020-06-30": "53664.00000", "2020-03-31": "53285.00000", "2019-12-31": "52950.00000", "2019-09-30": "51525.00000", "2019-06-30": "51053.00000", "2019-03-31": "50433.00000", "2018-12-31": "50056.00000", "2018-09-30": "46188.00000", "2018-06-30": "45628.00000", "2018-03-31": "45127.00000", "2017-12-31": "44574.00000", "2017-09-30": "46150.00000", "2017-06-30": "45819.00000", "2017-03-31": "45348.00000", "2016-12-31": "44849.00000", "2016-09-30": "44162.00000", "2016-06-30": "43771.00000", "2016-03-31": "42395.00000", "2015-12-31": "41806.00000", "2015-09-30": "41466.00000", "2015-06-30": "41072.00000", "2015-03-31": "40579.00000", "2014-12-31": "40355.00000", "2014-09-30": "37148.00000", "2014-06-30": "36854.00000", "2014-03-31": "36997.00000", "2013-12-31": "36756.00000", "2013-09-30": "38260.00000", "2013-06-30": "37819.00000", "2013-03-31": "37802.00000", "2012-12-31": "37758.00000", "2012-09-30": "36393.00000", "2012-06-30": "35947.00000", "2012-03-31": "35797.00000", "2011-12-31": "35576.00000", "2011-09-30": "33077.00000", "2011-06-30": "32810.00000", "2011-03-31": "32596.00000", "2010-12-31": "32679.00000", "2010-09-30": "31562.00000", "2010-06-30": "31231.00000", "2010-03-31": "31063.00000", "2009-12-31": "30630.00000", "2009-09-30": "30985.00000", "2009-06-30": "30713.00000", "2009-03-31": "30476.00000", "2008-12-31": "30129.00000", "2008-09-30": "25970.00000", "2008-06-30": "25723.00000", "2008-03-31": "25996.00000", "2007-12-31": "25712.00000", "2007-09-30": "24929.00000", "2007-06-30": "24499.00000", "2007-03-31": "23973.00000", "2006-12-31": "23762.00000", "2006-09-30": "22733.00000", "2006-06-30": "22244.00000", "2006-03-31": "21869.00000", "2005-12-31": "21776.00000", "2005-09-30": "21317.00000", "2005-06-30": "20915.00000", "2005-03-31": "21046.00000"}, "Total Assets": {"2020-09-30": "59595.00000", "2020-06-30": "59081.00000", "2020-03-31": "59159.00000", "2019-12-31": "58079.00000", "2019-09-30": "55940.00000", "2019-06-30": "55602.00000", "2019-03-31": "55066.00000", "2018-12-31": "53920.00000", "2018-09-30": "49544.00000", "2018-06-30": "49064.00000", "2018-03-31": "48900.00000", "2017-12-31": "48111.00000", "2017-09-30": "49246.00000", "2017-06-30": "49099.00000", "2017-03-31": "48365.00000", "2016-12-31": "48255.00000", "2016-09-30": "47316.00000", "2016-06-30": "47270.00000", "2016-03-31": "45580.00000", "2015-12-31": "45642.00000", "2015-09-30": "44971.00000", "2015-06-30": "44751.00000", "2015-03-31": "43977.00000", "2014-12-31": "44071.00000", "2014-09-30": "40667.00000", "2014-06-30": "40311.00000", "2014-03-31": "40481.00000", "2013-12-31": "40647.00000", "2013-09-30": "41964.00000", "2013-06-30": "41922.00000", "2013-03-31": "41736.00000", "2012-12-31": "41209.00000", "2012-09-30": "39633.00000", "2012-06-30": "40049.00000", "2012-03-31": "39701.00000", "2011-12-31": "39214.00000", "2011-09-30": "36535.00000", "2011-06-30": "36019.00000", "2011-03-31": "36186.00000", "2010-12-31": "36348.00000", "2010-09-30": "35452.00000", "2010-06-30": "34389.00000", "2010-03-31": "34449.00000", "2009-12-31": "33844.00000", "2009-09-30": "34212.00000", "2009-06-30": "33710.00000", "2009-03-31": "34224.00000", "2008-12-31": "33498.00000", "2008-09-30": "29322.00000", "2008-06-30": "30254.00000", "2008-03-31": "28665.00000", "2007-12-31": "28262.00000", "2007-09-30": "27908.00000", "2007-06-30": "27150.00000", "2007-03-31": "26703.00000", "2006-12-31": "26699.00000", "2006-09-30": "26141.00000", "2006-06-30": "24654.00000", "2006-03-31": "24476.00000", "2005-12-31": "24848.00000", "2005-09-30": "24768.00000", "2005-06-30": "24371.00000", "2005-03-31": "23430.00000"}, "Total Current Liabilities": {"2020-09-30": "7160.00000", "2020-06-30": "6705.00000", "2020-03-31": "6311.00000", "2019-12-31": "6287.00000", "2019-09-30": "6219.00000", "2019-06-30": "5969.00000", "2019-03-31": "6348.00000", "2018-12-31": "6207.00000", "2018-09-30": "5401.00000", "2018-06-30": "5456.00000", "2018-03-31": "5651.00000", "2017-12-31": "4902.00000", "2017-09-30": "3915.00000", "2017-06-30": "4329.00000", "2017-03-31": "3441.00000", "2016-12-31": "3843.00000", "2016-09-30": "3591.00000", "2016-06-30": "3903.00000", "2016-03-31": "4436.00000", "2015-12-31": "4720.00000", "2015-09-30": "4429.00000", "2015-06-30": "3935.00000", "2015-03-31": "3407.00000", "2014-12-31": "3757.00000", "2014-09-30": "3873.00000", "2014-06-30": "3839.00000", "2014-03-31": "3576.00000", "2013-12-31": "4730.00000", "2013-09-30": "4373.00000", "2013-06-30": "4504.00000", "2013-03-31": "4243.00000", "2012-12-31": "3945.00000", "2012-09-30": "3724.00000", "2012-06-30": "4380.00000", "2012-03-31": "3840.00000", "2011-12-31": "2987.00000", "2011-09-30": "2959.00000", "2011-06-30": "2473.00000", "2011-03-31": "2676.00000", "2010-12-31": "2530.00000", "2010-09-30": "3147.00000", "2010-06-30": "2675.00000", "2010-03-31": "3518.00000", "2009-12-31": "2940.00000", "2009-09-30": "3512.00000", "2009-06-30": "2735.00000", "2009-03-31": "2831.00000", "2008-12-31": "3205.00000", "2008-09-30": "3014.00000", "2008-06-30": "3949.00000", "2008-03-31": "3744.00000", "2007-12-31": "3851.00000", "2007-09-30": "3335.00000", "2007-06-30": "3014.00000", "2007-03-31": "3131.00000", "2006-12-31": "2872.00000", "2006-09-30": "3114.00000", "2006-06-30": "2438.00000", "2006-03-31": "2458.00000", "2005-12-31": "3321.00000", "2005-09-30": "3548.00000", "2005-06-30": "3199.00000", "2005-03-31": "2210.00000"}, "Long Term Debt": {"2020-09-30": "19206.00000", "2020-06-30": "19149.00000", "2020-03-31": "19423.00000", "2019-12-31": "18527.00000", "2019-09-30": "17537.00000", "2019-06-30": "17496.00000", "2019-03-31": "16933.00000", "2018-12-31": "17495.00000", "2018-09-30": "15480.00000", "2018-06-30": "15225.00000", "2018-03-31": "14730.00000", "2017-12-31": "14731.00000", "2017-09-30": "14651.00000", "2017-06-30": "14703.00000", "2017-03-31": "14829.00000", "2016-12-31": "14735.00000", "2016-09-30": "13747.00000", "2016-06-30": "13747.00000", "2016-03-31": "12222.00000", "2015-12-31": "12006.00000", "2015-09-30": "11521.00000", "2015-06-30": "11925.00000", "2015-03-31": "11694.00000", "2014-12-31": "11546.00000", "2014-09-30": "10986.00000", "2014-06-30": "11085.00000", "2014-03-31": "11339.00000", "2013-12-31": "10489.00000", "2013-09-30": "10495.00000", "2013-06-30": "10496.00000", "2013-03-31": "10556.00000", "2012-12-31": "10064.00000", "2012-09-30": "9841.00000", "2012-06-30": "9842.00000", "2012-03-31": "10043.00000", "2011-12-31": "10145.00000", "2011-09-30": "10371.00000", "2011-06-30": "10673.00000", "2011-03-31": "10675.00000", "2010-12-31": "10678.00000", "2010-09-30": "10675.00000", "2010-06-30": "10562.00000", "2010-03-31": "9866.00000", "2009-12-31": "9868.00000", "2009-09-30": "9376.00000", "2009-06-30": "9678.00000", "2009-03-31": "9995.00000", "2008-12-31": "9249.00000", "2008-09-30": "8867.00000", "2008-06-30": "8821.00000", "2008-03-31": "7906.00000", "2007-12-31": "7633.00000", "2007-09-30": "8027.00000", "2007-06-30": "7802.00000", "2007-03-31": "7818.00000", "2006-12-31": "8324.00000", "2006-09-30": "8093.00000", "2006-06-30": "8091.00000", "2006-03-31": "7804.00000", "2005-12-31": "7428.00000", "2005-09-30": "7092.00000", "2005-06-30": "7221.00000", "2005-03-31": "6979.00000"}, "Other Non-Current Liabilities": {"2020-09-30": "6207.00000", "2020-06-30": "6187.00000", "2020-03-31": "6212.00000", "2019-12-31": "6221.00000", "2019-09-30": "6003.00000", "2019-06-30": "6075.00000", "2019-03-31": "6002.00000", "2018-12-31": "6032.00000", "2018-09-30": "5835.00000", "2018-06-30": "5786.00000", "2018-03-31": "5820.00000", "2017-12-31": "5819.00000", "2017-09-30": "3121.00000", "2017-06-30": "3128.00000", "2017-03-31": "3088.00000", "2016-12-31": "3104.00000", "2016-09-30": "3148.00000", "2016-06-30": "3160.00000", "2016-03-31": "3157.00000", "2015-12-31": "3208.00000", "2015-09-30": "3086.00000", "2015-06-30": "3101.00000", "2015-03-31": "3050.00000", "2014-12-31": "3140.00000", "2014-09-30": "2976.00000", "2014-06-30": "2942.00000", "2014-03-31": "2887.00000", "2013-12-31": "2820.00000", "2013-09-30": "2577.00000", "2013-06-30": "2370.00000", "2013-03-31": "2233.00000", "2012-12-31": "2086.00000", "2012-09-30": "2091.00000", "2012-06-30": "2043.00000", "2012-03-31": "1873.00000", "2011-12-31": "1971.00000", "2011-09-30": "1759.00000", "2011-06-30": "1821.00000", "2011-03-31": "1827.00000", "2010-12-31": "1764.00000", "2010-09-30": "1708.00000", "2010-06-30": "1752.00000", "2010-03-31": "1591.00000", "2009-12-31": "1570.00000", "2009-09-30": "1583.00000", "2009-06-30": "1650.00000", "2009-03-31": "1722.00000", "2008-12-31": "1588.00000", "2008-09-30": "1479.00000", "2008-06-30": "1701.00000", "2008-03-31": "1562.00000", "2007-12-31": "2021.00000", "2007-09-30": "2052.00000", "2007-06-30": "2145.00000", "2007-03-31": "2118.00000", "2006-12-31": "2391.00000", "2006-09-30": "2453.00000", "2006-06-30": "2462.00000", "2006-03-31": "2587.00000", "2005-12-31": "2634.00000", "2005-09-30": "2470.00000", "2005-06-30": "2550.00000", "2005-03-31": "2683.00000"}, "Total Long Term Liabilities": {"2020-09-30": "33724.00000", "2020-06-30": "33935.00000", "2020-03-31": "34381.00000", "2019-12-31": "33579.00000", "2019-09-30": "31587.00000", "2019-06-30": "31768.00000", "2019-03-31": "31217.00000", "2018-12-31": "30874.00000", "2018-09-30": "28245.00000", "2018-06-30": "27953.00000", "2018-03-31": "27588.00000", "2017-12-31": "27784.00000", "2017-09-30": "30221.00000", "2017-06-30": "30272.00000", "2017-03-31": "30418.00000", "2016-12-31": "30106.00000", "2016-09-30": "29450.00000", "2016-06-30": "29409.00000", "2016-03-31": "27943.00000", "2015-12-31": "27861.00000", "2015-09-30": "27493.00000", "2015-06-30": "28019.00000", "2015-03-31": "27800.00000", "2014-12-31": "27729.00000", "2014-09-30": "24078.00000", "2014-06-30": "24017.00000", "2014-03-31": "24479.00000", "2013-12-31": "23672.00000", "2013-09-30": "25425.00000", "2013-06-30": "25535.00000", "2013-03-31": "25604.00000", "2012-12-31": "25395.00000", "2012-09-30": "24067.00000", "2012-06-30": "24090.00000", "2012-03-31": "24316.00000", "2011-12-31": "24578.00000", "2011-09-30": "21909.00000", "2011-06-30": "22082.00000", "2011-03-31": "22066.00000", "2010-12-31": "22544.00000", "2010-09-30": "21462.00000", "2010-06-30": "21121.00000", "2010-03-31": "20379.00000", "2009-12-31": "20442.00000", "2009-09-30": "20544.00000", "2009-06-30": "21014.00000", "2009-03-31": "21443.00000", "2008-12-31": "20382.00000", "2008-09-30": "16372.00000", "2008-06-30": "16412.00000", "2008-03-31": "15444.00000", "2007-12-31": "15122.00000", "2007-09-30": "15370.00000", "2007-06-30": "15117.00000", "2007-03-31": "15152.00000", "2006-12-31": "15610.00000", "2006-09-30": "14886.00000", "2006-06-30": "14628.00000", "2006-03-31": "14443.00000", "2005-12-31": "14004.00000", "2005-09-30": "13671.00000", "2005-06-30": "13813.00000", "2005-03-31": "13868.00000"}, "Total Liabilities": {"2020-09-30": "40884.00000", "2020-06-30": "40640.00000", "2020-03-31": "40692.00000", "2019-12-31": "39866.00000", "2019-09-30": "37806.00000", "2019-06-30": "37737.00000", "2019-03-31": "37565.00000", "2018-12-31": "37081.00000", "2018-09-30": "33646.00000", "2018-06-30": "33409.00000", "2018-03-31": "33239.00000", "2017-12-31": "32686.00000", "2017-09-30": "34136.00000", "2017-06-30": "34601.00000", "2017-03-31": "33859.00000", "2016-12-31": "33949.00000", "2016-09-30": "33041.00000", "2016-06-30": "33312.00000", "2016-03-31": "32379.00000", "2015-12-31": "32581.00000", "2015-09-30": "31922.00000", "2015-06-30": "31954.00000", "2015-03-31": "31207.00000", "2014-12-31": "31486.00000", "2014-09-30": "27951.00000", "2014-06-30": "27856.00000", "2014-03-31": "28055.00000", "2013-12-31": "28402.00000", "2013-09-30": "29798.00000", "2013-06-30": "30039.00000", "2013-03-31": "29847.00000", "2012-12-31": "29340.00000", "2012-09-30": "27791.00000", "2012-06-30": "28470.00000", "2012-03-31": "28156.00000", "2011-12-31": "27565.00000", "2011-09-30": "24868.00000", "2011-06-30": "24555.00000", "2011-03-31": "24742.00000", "2010-12-31": "25074.00000", "2010-09-30": "24609.00000", "2010-06-30": "23796.00000", "2010-03-31": "23897.00000", "2009-12-31": "23382.00000", "2009-09-30": "24056.00000", "2009-06-30": "23749.00000", "2009-03-31": "24274.00000", "2008-12-31": "23587.00000", "2008-09-30": "19386.00000", "2008-06-30": "20361.00000", "2008-03-31": "19188.00000", "2007-12-31": "18973.00000", "2007-09-30": "18705.00000", "2007-06-30": "18131.00000", "2007-03-31": "18283.00000", "2006-12-31": "18482.00000", "2006-09-30": "18000.00000", "2006-06-30": "17066.00000", "2006-03-31": "16901.00000", "2005-12-31": "17325.00000", "2005-09-30": "17219.00000", "2005-06-30": "17012.00000", "2005-03-31": "16078.00000"}, "Common Stock Net": {"2020-09-30": "35.00000", "2020-06-30": "35.00000", "2020-03-31": "35.00000", "2019-12-31": "35.00000", "2019-09-30": "35.00000", "2019-06-30": "35.00000", "2019-03-31": "34.00000", "2018-12-31": "34.00000", "2018-09-30": "34.00000", "2018-06-30": "34.00000", "2018-03-31": "34.00000", "2017-12-31": "34.00000", "2017-09-30": "33.00000", "2017-06-30": "33.00000", "2017-03-31": "33.00000", "2016-12-31": "33.00000", "2016-09-30": "33.00000", "2016-06-30": "33.00000", "2016-03-31": "32.00000", "2015-12-31": "32.00000", "2015-09-30": "32.00000", "2015-06-30": "32.00000", "2015-03-31": "32.00000", "2014-12-31": "32.00000", "2014-09-30": "32.00000", "2014-06-30": "32.00000", "2014-03-31": "32.00000", "2013-12-31": "32.00000", "2013-09-30": "32.00000", "2013-06-30": "32.00000", "2013-03-31": "32.00000", "2012-12-31": "32.00000", "2012-09-30": "32.00000", "2012-06-30": "32.00000", "2012-03-31": "32.00000", "2011-12-31": "32.00000", "2011-09-30": "32.00000", "2011-06-30": "32.00000", "2011-03-31": "32.00000", "2010-12-31": "31.00000", "2010-09-30": "31.00000", "2010-06-30": "30.00000", "2010-03-31": "30.00000", "2009-12-31": "30.00000", "2009-09-30": "29.00000", "2009-06-30": "29.00000", "2009-03-31": "29.00000", "2008-12-31": "29.00000", "2008-09-30": "29.00000", "2008-06-30": "29.00000", "2008-03-31": "29.00000", "2007-12-31": "29.00000", "2007-09-30": "29.00000", "2007-06-30": "29.00000", "2007-03-31": "28.00000", "2006-12-31": "28.00000", "2006-09-30": "28.00000", "2006-06-30": "27.00000", "2006-03-31": "27.00000", "2005-12-31": "27.00000", "2005-09-30": "27.00000", "2005-06-30": "27.00000", "2005-03-31": "26.00000"}, "Retained Earnings (Accumulated Deficit)": {"2020-09-30": "11391.00000", "2020-06-30": "11154.00000", "2020-03-31": "11220.00000", "2019-12-31": "11100.00000", "2019-09-30": "11051.00000", "2019-06-30": "10825.00000", "2019-03-31": "10915.00000", "2018-12-31": "10728.00000", "2018-09-30": "10619.00000", "2018-06-30": "10407.00000", "2018-03-31": "10442.00000", "2017-12-31": "10235.00000", "2017-09-30": "9944.00000", "2017-06-30": "9701.00000", "2017-03-31": "9736.00000", "2016-12-31": "9559.00000", "2016-09-30": "9557.00000", "2016-06-30": "9264.00000", "2016-03-31": "9236.00000", "2015-12-31": "9123.00000", "2015-09-30": "9137.00000", "2015-06-30": "8900.00000", "2015-03-31": "8871.00000", "2014-12-31": "8691.00000", "2014-09-30": "8794.00000", "2014-06-30": "8543.00000", "2014-03-31": "8515.00000", "2013-12-31": "8338.00000", "2013-09-30": "8285.00000", "2013-06-30": "8001.00000", "2013-03-31": "8009.00000", "2012-12-31": "7997.00000", "2012-09-30": "7967.00000", "2012-06-30": "7704.00000", "2012-03-31": "7668.00000", "2011-12-31": "7568.00000", "2011-09-30": "7553.00000", "2011-06-30": "7346.00000", "2011-03-31": "7356.00000", "2010-12-31": "7220.00000", "2010-09-30": "7160.00000", "2010-06-30": "6978.00000", "2010-03-31": "6963.00000", "2009-12-31": "6904.00000", "2009-09-30": "6865.00000", "2009-06-30": "6691.00000", "2009-03-31": "6703.00000", "2008-12-31": "6685.00000", "2008-09-30": "6685.00000", "2008-06-30": "6663.00000", "2008-03-31": "6273.00000", "2007-12-31": "6113.00000", "2007-09-30": "6062.00000", "2007-06-30": "5908.00000", "2007-03-31": "5910.00000", "2006-12-31": "5804.00000", "2006-09-30": "5750.00000", "2006-06-30": "5662.00000", "2006-03-31": "5680.00000", "2005-12-31": "5605.00000", "2005-09-30": "5607.00000", "2005-06-30": "5466.00000", "2005-03-31": "5494.00000"}, "Comprehensive Income": {"2020-09-30": "-12.00000", "2020-06-30": "-14.00000", "2020-03-31": "-14.00000", "2019-12-31": "-19.00000", "2019-09-30": "-10.00000", "2019-06-30": "-11.00000", "2019-03-31": "-12.00000", "2018-12-31": "-16.00000", "2018-09-30": "-18.00000", "2018-06-30": "-20.00000", "2018-03-31": "-22.00000", "2017-12-31": "-26.00000", "2017-09-30": "-26.00000", "2017-06-30": "-27.00000", "2017-03-31": "-28.00000", "2016-12-31": "-27.00000", "2016-09-30": "-32.00000", "2016-06-30": "-33.00000", "2016-03-31": "-34.00000", "2015-12-31": "-34.00000", "2015-09-30": "-38.00000", "2015-06-30": "-39.00000", "2015-03-31": "-40.00000", "2014-12-31": "-45.00000", "2014-09-30": "-19.00000", "2014-06-30": "-61.00000", "2014-03-31": "-21.00000", "2013-12-31": "-25.00000", "2013-09-30": "-46.00000", "2013-06-30": "-48.00000", "2013-03-31": "-50.00000", "2012-12-31": "-53.00000", "2012-09-30": "-50.00000", "2012-06-30": "-52.00000", "2012-03-31": "-51.00000", "2011-12-31": "-58.00000", "2011-09-30": "-33.00000", "2011-06-30": "-35.00000", "2011-03-31": "-37.00000", "2010-12-31": "-40.00000", "2010-09-30": "-37.00000", "2010-06-30": "-38.00000", "2010-03-31": "-39.00000", "2009-12-31": "-42.00000", "2009-09-30": "-63.00000", "2009-06-30": "-64.00000", "2009-03-31": "-66.00000", "2008-12-31": "-67.00000", "2008-09-30": "-33.00000", "2008-06-30": "-33.00000", "2008-03-31": "-36.00000", "2007-12-31": "-43.00000", "2007-09-30": "-44.00000", "2007-06-30": "-56.00000", "2007-03-31": "-47.00000", "2006-12-31": "-83.00000", "2006-09-30": "-68.00000", "2006-06-30": "-55.00000", "2006-03-31": "-58.00000", "2005-12-31": "-34.00000", "2005-09-30": "12.00000", "2005-06-30": "4.00000", "2005-03-31": "13.00000"}, "Other Share Holders Equity": {"2020-09-30": "-110.00000", "2020-06-30": "-110.00000", "2020-03-31": "-110.00000", "2019-12-31": "-110.00000", "2019-09-30": "-110.00000", "2019-06-30": "-110.00000", "2019-03-31": "-107.00000", "2018-12-31": "-99.00000", "2018-09-30": "-85.00000", "2018-06-30": "-85.00000", "2018-03-31": "-85.00000", "2017-12-31": "-85.00000", "2017-09-30": "-85.00000", "2017-06-30": "-83.00000", "2017-03-31": "-83.00000", "2016-12-31": "-83.00000", "2016-09-30": "-83.00000", "2016-06-30": "-83.00000", "2016-03-31": "-61.00000", "2015-12-31": "-61.00000", "2015-09-30": "-61.00000", "2015-06-30": "-61.00000", "2015-03-31": "-61.00000", "2014-12-31": "-61.00000", "2014-09-30": "-61.00000", "2014-06-30": "-20.00000", "2014-03-31": "-61.00000", "2013-12-31": "-61.00000", "2013-09-30": "-61.00000", "2013-06-30": "-61.00000", "2013-03-31": "-61.00000", "2012-12-31": "-61.00000", "2012-09-30": "-61.00000", "2012-06-30": "-61.00000", "2012-03-31": "-60.00000", "2011-12-31": "-64.00000", "2011-09-30": "-64.00000", "2011-06-30": "-64.00000", "2011-03-31": "-64.00000", "2010-12-31": "-64.00000", "2010-09-30": "-62.00000", "2010-06-30": "-62.00000", "2010-03-31": "-62.00000", "2009-12-31": "-62.00000", "2009-09-30": "-60.00000", "2009-06-30": "-60.00000", "2009-03-31": "-60.00000", "2008-12-31": "-60.00000", "2008-09-30": "-60.00000", "2008-06-30": "-60.00000", "2008-03-31": "-60.00000", "2007-12-31": "-60.00000", "2007-09-30": "-60.00000", "2007-06-30": "-60.00000", "2007-03-31": "-58.00000", "2006-12-31": "-58.00000", "2006-09-30": "-58.00000", "2006-06-30": "-55.00000", "2006-03-31": "-55.00000", "2005-12-31": "-55.00000", "2005-09-30": "-55.00000", "2005-06-30": "-55.00000", "2005-03-31": "-55.00000"}, "Share Holder Equity": {"2020-09-30": "18711.00000", "2020-06-30": "18441.00000", "2020-03-31": "18467.00000", "2019-12-31": "18213.00000", "2019-09-30": "18134.00000", "2019-06-30": "17865.00000", "2019-03-31": "17501.00000", "2018-12-31": "16839.00000", "2018-09-30": "15898.00000", "2018-06-30": "15655.00000", "2018-03-31": "15661.00000", "2017-12-31": "15425.00000", "2017-09-30": "15110.00000", "2017-06-30": "14498.00000", "2017-03-31": "14506.00000", "2016-12-31": "14306.00000", "2016-09-30": "14275.00000", "2016-06-30": "13958.00000", "2016-03-31": "13201.00000", "2015-12-31": "13061.00000", "2015-09-30": "13049.00000", "2015-06-30": "12797.00000", "2015-03-31": "12770.00000", "2014-12-31": "12585.00000", "2014-09-30": "12716.00000", "2014-06-30": "12455.00000", "2014-03-31": "12426.00000", "2013-12-31": "12245.00000", "2013-09-30": "12166.00000", "2013-06-30": "11883.00000", "2013-03-31": "11889.00000", "2012-12-31": "11869.00000", "2012-09-30": "11842.00000", "2012-06-30": "11579.00000", "2012-03-31": "11545.00000", "2011-12-31": "11649.00000", "2011-09-30": "11667.00000", "2011-06-30": "11464.00000", "2011-03-31": "11444.00000", "2010-12-31": "11274.00000", "2010-09-30": "10843.00000", "2010-06-30": "10593.00000", "2010-03-31": "10552.00000", "2009-12-31": "10462.00000", "2009-09-30": "10156.00000", "2009-06-30": "9961.00000", "2009-03-31": "9950.00000", "2008-12-31": "9911.00000", "2008-09-30": "9936.00000", "2008-06-30": "9893.00000", "2008-03-31": "9477.00000", "2007-12-31": "9289.00000", "2007-09-30": "9203.00000", "2007-06-30": "9019.00000", "2007-03-31": "8420.00000", "2006-12-31": "8217.00000", "2006-09-30": "8141.00000", "2006-06-30": "7588.00000", "2006-03-31": "7575.00000", "2005-12-31": "7523.00000", "2005-09-30": "7549.00000", "2005-06-30": "7359.00000", "2005-03-31": "7352.00000"}, "Total Liabilities And Share Holders Equity": {"2020-09-30": "59595.00000", "2020-06-30": "59081.00000", "2020-03-31": "59159.00000", "2019-12-31": "58079.00000", "2019-09-30": "55940.00000", "2019-06-30": "55602.00000", "2019-03-31": "55066.00000", "2018-12-31": "53920.00000", "2018-09-30": "49544.00000", "2018-06-30": "49064.00000", "2018-03-31": "48900.00000", "2017-12-31": "48111.00000", "2017-09-30": "49246.00000", "2017-06-30": "49099.00000", "2017-03-31": "48365.00000", "2016-12-31": "48255.00000", "2016-09-30": "47316.00000", "2016-06-30": "47270.00000", "2016-03-31": "45580.00000", "2015-12-31": "45642.00000", "2015-09-30": "44971.00000", "2015-06-30": "44751.00000", "2015-03-31": "43977.00000", "2014-12-31": "44071.00000", "2014-09-30": "40667.00000", "2014-06-30": "40311.00000", "2014-03-31": "40481.00000", "2013-12-31": "40647.00000", "2013-09-30": "41964.00000", "2013-06-30": "41922.00000", "2013-03-31": "41736.00000", "2012-12-31": "41209.00000", "2012-09-30": "39633.00000", "2012-06-30": "40049.00000", "2012-03-31": "39701.00000", "2011-12-31": "39214.00000", "2011-09-30": "36535.00000", "2011-06-30": "36019.00000", "2011-03-31": "36186.00000", "2010-12-31": "36348.00000", "2010-09-30": "35452.00000", "2010-06-30": "34389.00000", "2010-03-31": "34449.00000", "2009-12-31": "33844.00000", "2009-09-30": "34212.00000", "2009-06-30": "33710.00000", "2009-03-31": "34224.00000", "2008-12-31": "33498.00000", "2008-09-30": "29322.00000", "2008-06-30": "30254.00000", "2008-03-31": "28665.00000", "2007-12-31": "28262.00000", "2007-09-30": "27908.00000", "2007-06-30": "27150.00000", "2007-03-31": "26703.00000", "2006-12-31": "26699.00000", "2006-09-30": "26141.00000", "2006-06-30": "24654.00000", "2006-03-31": "24476.00000", "2005-12-31": "24848.00000", "2005-09-30": "24768.00000", "2005-06-30": "24371.00000", "2005-03-31": "23430.00000"}}, "cash flow statement": {"Net Income/Loss": {"2019-12-31": "1440.00000", "2018-12-31": "1382.00000", "2017-12-31": "1525.00000", "2016-12-31": "1245.00000", "2015-12-31": "1193.00000", "2014-12-31": "1092.00000", "2013-12-31": "1062.00000", "2012-12-31": "1141.00000", "2011-12-31": "1062.00000", "2010-12-31": "1003.00000", "2009-12-31": "879.00000", "2008-12-31": "1207.00000", "2007-12-31": "940.00000", "2006-12-31": "737.00000", "2005-12-31": "719.00000"}, "Total Depreciation And Amortization - Cash Flow": {"2019-12-31": "1684.00000", "2018-12-31": "1438.00000", "2017-12-31": "1341.00000", "2016-12-31": "1216.00000", "2015-12-31": "1130.00000", "2014-12-31": "1071.00000", "2013-12-31": "1024.00000", "2012-12-31": "955.00000", "2011-12-31": "933.00000", "2010-12-31": "853.00000", "2009-12-31": "728.00000", "2008-12-31": "541.00000", "2007-12-31": "667.00000", "2006-12-31": "620.00000", "2005-12-31": "584.00000"}, "Other Non-Cash Items": {"2019-12-31": "170.00000", "2018-12-31": "289.00000", "2017-12-31": "237.00000", "2016-12-31": "580.00000", "2015-12-31": "676.00000", "2014-12-31": "685.00000", "2013-12-31": "-21.00000", "2012-12-31": "606.00000", "2011-12-31": "627.00000", "2010-12-31": "607.00000", "2009-12-31": "314.00000", "2008-12-31": "-275.00000", "2007-12-31": "-109.00000", "2006-12-31": "82.00000", "2005-12-31": "-251.00000"}, "Total Non-Cash Items": {"2019-12-31": "1854.00000", "2018-12-31": "1727.00000", "2017-12-31": "1578.00000", "2016-12-31": "1796.00000", "2015-12-31": "1806.00000", "2014-12-31": "1756.00000", "2013-12-31": "1003.00000", "2012-12-31": "1561.00000", "2011-12-31": "1560.00000", "2010-12-31": "1460.00000", "2009-12-31": "1042.00000", "2008-12-31": "266.00000", "2007-12-31": "558.00000", "2006-12-31": "702.00000", "2005-12-31": "333.00000"}, "Change In Accounts Receivable": {"2019-12-31": "52.00000", "2018-12-31": "-113.00000", "2017-12-31": "24.00000", "2016-12-31": "-69.00000", "2015-12-31": "96.00000", "2014-12-31": "44.00000", "2013-12-31": "5.00000", "2012-12-31": "-99.00000", "2011-12-31": "50.00000", "2010-12-31": "-126.00000", "2009-12-31": "51.00000", "2008-12-31": "18.00000", "2007-12-31": "-150.00000", "2006-12-31": "200.00000", "2005-12-31": "-284.00000"}, "Change In Inventories": {"2019-12-31": "6.00000", "2018-12-31": "-20.00000", "2017-12-31": "5.00000", "2016-12-31": "13.00000", "2015-12-31": "22.00000", "2014-12-31": "-10.00000", "2013-12-31": "-33.00000", "2012-12-31": "26.00000", "2011-12-31": "-8.00000", "2010-12-31": "7.00000", "2009-12-31": "161.00000", "2008-12-31": "-111.00000", "2007-12-31": "45.00000", "2006-12-31": "-41.00000", "2005-12-31": "-100.00000"}, "Change In Accounts Payable": {"2019-12-31": "10.00000", "2018-12-31": "-46.00000", "2017-12-31": "95.00000", "2016-12-31": "29.00000", "2015-12-31": "-79.00000", "2014-12-31": "-9.00000", "2013-12-31": "-118.00000", "2012-12-31": "111.00000", "2011-12-31": "-195.00000", "2010-12-31": "-22.00000", "2009-12-31": "-18.00000", "2008-12-31": "-92.00000", "2007-12-31": "64.00000", "2006-12-31": "-108.00000", "2005-12-31": "317.00000"}, "Change In Assets/Liabilities": {"2019-12-31": "-262.00000", "2018-12-31": "-151.00000", "2017-12-31": "103.00000", "2016-12-31": "342.00000", "2015-12-31": "187.00000", "2014-12-31": "699.00000", "2013-12-31": "223.00000", "2012-12-31": "-108.00000", "2011-12-31": "565.00000", "2010-12-31": "22.00000", "2009-12-31": "340.00000", "2008-12-31": "-669.00000", "2007-12-31": "102.00000", "2006-12-31": "-115.00000", "2005-12-31": "-260.00000"}, "Total Change In Assets/Liabilities": {"2019-12-31": "-160.00000", "2018-12-31": "-414.00000", "2017-12-31": "264.00000", "2016-12-31": "418.00000", "2015-12-31": "278.00000", "2014-12-31": "-17.00000", "2013-12-31": "487.00000", "2012-12-31": "-103.00000", "2011-12-31": "515.00000", "2010-12-31": "-82.00000", "2009-12-31": "545.00000", "2008-12-31": "-833.00000", "2007-12-31": "68.00000", "2006-12-31": "-85.00000", "2005-12-31": "-262.00000"}, "Cash Flow From Operating Activities": {"2019-12-31": "3134.00000", "2018-12-31": "2695.00000", "2017-12-31": "3367.00000", "2016-12-31": "3459.00000", "2015-12-31": "3277.00000", "2014-12-31": "2831.00000", "2013-12-31": "2552.00000", "2012-12-31": "2599.00000", "2011-12-31": "3137.00000", "2010-12-31": "2381.00000", "2009-12-31": "2466.00000", "2008-12-31": "640.00000", "2007-12-31": "1566.00000", "2006-12-31": "1354.00000", "2005-12-31": "790.00000"}, "Net Change In Property, Plant, And Equipment": {"2019-12-31": "-3589.00000", "2018-12-31": "-3750.00000", "2017-12-31": "-3657.00000", "2016-12-31": "-3634.00000", "2015-12-31": "-3273.00000", "2014-12-31": "-2527.00000", "2013-12-31": "-2755.00000", "2012-12-31": "-2244.00000", "2011-12-31": "-2134.00000", "2010-12-31": "-2163.00000", "2009-12-31": "-2360.00000", "2008-12-31": "-2524.00000", "2007-12-31": "-2094.00000", "2006-12-31": "-1960.00000", "2005-12-31": "-1286.00000"}, "Net Change In Intangible Assets": {"2019-12-31": "", "2018-12-31": "", "2017-12-31": "", "2016-12-31": "", "2015-12-31": "", "2014-12-31": "", "2013-12-31": "", "2012-12-31": "", "2011-12-31": "", "2010-12-31": "", "2009-12-31": "", "2008-12-31": "", "2007-12-31": "", "2006-12-31": "", "2005-12-31": ""}, "Net Acquisitions/Divestitures": {"2019-12-31": "-10.00000", "2018-12-31": "-1507.00000", "2017-12-31": "-45.00000", "2016-12-31": "-393.00000", "2015-12-31": "", "2014-12-31": "", "2013-12-31": "93.00000", "2012-12-31": "", "2011-12-31": "", "2010-12-31": "", "2009-12-31": "", "2008-12-31": "1477.00000", "2007-12-31": "", "2006-12-31": "", "2005-12-31": ""}, "Net Change In Short-term Investments": {"2019-12-31": "", "2018-12-31": "", "2017-12-31": "", "2016-12-31": "", "2015-12-31": "", "2014-12-31": "", "2013-12-31": "", "2012-12-31": "", "2011-12-31": "", "2010-12-31": "", "2009-12-31": "", "2008-12-31": "", "2007-12-31": "", "2006-12-31": "", "2005-12-31": ""}, "Net Change In Long-Term Investments": {"2019-12-31": "-205.00000", "2018-12-31": "-248.00000", "2017-12-31": "-45.00000", "2016-12-31": "-1076.00000", "2015-12-31": "-299.00000", "2014-12-31": "-293.00000", "2013-12-31": "-175.00000", "2012-12-31": "-309.00000", "2011-12-31": "-16.00000", "2010-12-31": "-12.00000", "2009-12-31": "", "2008-12-31": "-32.00000", "2007-12-31": "", "2006-12-31": "39.00000", "2005-12-31": ""}, "Net Change In Investments - Total": {"2019-12-31": "-205.00000", "2018-12-31": "-248.00000", "2017-12-31": "-45.00000", "2016-12-31": "-1076.00000", "2015-12-31": "-299.00000", "2014-12-31": "-293.00000", "2013-12-31": "-175.00000", "2012-12-31": "-309.00000", "2011-12-31": "-16.00000", "2010-12-31": "-12.00000", "2009-12-31": "", "2008-12-31": "-32.00000", "2007-12-31": "", "2006-12-31": "39.00000", "2005-12-31": ""}, "Investing Activities - Other": {"2019-12-31": "22.00000", "2018-12-31": "34.00000", "2017-12-31": "37.00000", "2016-12-31": "153.00000", "2015-12-31": "-85.00000", "2014-12-31": "61.00000", "2013-12-31": "178.00000", "2012-12-31": "30.00000", "2011-12-31": "", "2010-12-31": "", "2009-12-31": "", "2008-12-31": "8.00000", "2007-12-31": "8.00000", "2006-12-31": "3.00000", "2005-12-31": "12.00000"}, "Cash Flow From Investing Activities": {"2019-12-31": "-3782.00000", "2018-12-31": "-5471.00000", "2017-12-31": "-3710.00000", "2016-12-31": "-4950.00000", "2015-12-31": "-3657.00000", "2014-12-31": "-2759.00000", "2013-12-31": "-2659.00000", "2012-12-31": "-2523.00000", "2011-12-31": "-2150.00000", "2010-12-31": "-2175.00000", "2009-12-31": "-2360.00000", "2008-12-31": "-1071.00000", "2007-12-31": "-2086.00000", "2006-12-31": "-1918.00000", "2005-12-31": "-1274.00000"}, "Net Long-Term Debt": {"2019-12-31": "1822.00000", "2018-12-31": "1092.00000", "2017-12-31": "1263.00000", "2016-12-31": "1855.00000", "2015-12-31": "647.00000", "2014-12-31": "1370.00000", "2013-12-31": "210.00000", "2012-12-31": "95.00000", "2011-12-31": "-4.00000", "2010-12-31": "84.00000", "2009-12-31": "808.00000", "2008-12-31": "1363.00000", "2007-12-31": "-174.00000", "2006-12-31": "1252.00000", "2005-12-31": "394.00000"}, "Net Current Debt": {"2019-12-31": "-874.00000", "2018-12-31": "1989.00000", "2017-12-31": "-477.00000", "2016-12-31": "-475.00000", "2015-12-31": "729.00000", "2014-12-31": "-651.00000", "2013-12-31": "912.00000", "2012-12-31": "539.00000", "2011-12-31": "", "2010-12-31": "", "2009-12-31": "-363.00000", "2008-12-31": "-477.00000", "2007-12-31": "723.00000", "2006-12-31": "-638.00000", "2005-12-31": "598.00000"}, "Debt Issuance/Retirement Net - Total": {"2019-12-31": "948.00000", "2018-12-31": "3081.00000", "2017-12-31": "786.00000", "2016-12-31": "1380.00000", "2015-12-31": "1376.00000", "2014-12-31": "719.00000", "2013-12-31": "1122.00000", "2012-12-31": "634.00000", "2011-12-31": "-4.00000", "2010-12-31": "84.00000", "2009-12-31": "445.00000", "2008-12-31": "886.00000", "2007-12-31": "549.00000", "2006-12-31": "614.00000", "2005-12-31": "992.00000"}, "Net Common Equity Issued/Repurchased": {"2019-12-31": "879.00000", "2018-12-31": "758.00000", "2017-12-31": "394.00000", "2016-12-31": "753.00000", "2015-12-31": "1.00000", "2014-12-31": "-10.00000", "2013-12-31": "-8.00000", "2012-12-31": "-9.00000", "2011-12-31": "31.00000", "2010-12-31": "439.00000", "2009-12-31": "257.00000", "2008-12-31": "51.00000", "2007-12-31": "685.00000", "2006-12-31": "510.00000", "2005-12-31": "78.00000"}, "Net Total Equity Issued/Repurchased": {"2019-12-31": "879.00000", "2018-12-31": "758.00000", "2017-12-31": "394.00000", "2016-12-31": "753.00000", "2015-12-31": "1.00000", "2014-12-31": "-10.00000", "2013-12-31": "-8.00000", "2012-12-31": "-248.00000", "2011-12-31": "31.00000", "2010-12-31": "439.00000", "2009-12-31": "257.00000", "2008-12-31": "51.00000", "2007-12-31": "685.00000", "2006-12-31": "510.00000", "2005-12-31": "78.00000"}, "Total Common And Preferred Stock Dividends Paid": {"2019-12-31": "-924.00000", "2018-12-31": "-842.00000", "2017-12-31": "-803.00000", "2016-12-31": "-763.00000", "2015-12-31": "-733.00000", "2014-12-31": "-739.00000", "2013-12-31": "-721.00000", "2012-12-31": "-712.00000", "2011-12-31": "-704.00000", "2010-12-31": "-640.00000", "2009-12-31": "-612.00000", "2008-12-31": "-629.00000", "2007-12-31": "-593.00000", "2006-12-31": "-533.00000", "2005-12-31": "-518.00000"}, "Financial Activities - Other": {"2019-12-31": "-44.00000", "2018-12-31": "-59.00000", "2017-12-31": "-20.00000", "2016-12-31": "-25.00000", "2015-12-31": "-15.00000", "2014-12-31": "-17.00000", "2013-12-31": "-6.00000", "2012-12-31": "-4.00000", "2011-12-31": "", "2010-12-31": "-11.00000", "2009-12-31": "-10.00000", "2008-12-31": "-13.00000", "2007-12-31": "-5.00000", "2006-12-31": "-14.00000", "2005-12-31": "-13.00000"}, "Cash Flow From Financial Activities": {"2019-12-31": "859.00000", "2018-12-31": "2938.00000", "2017-12-31": "357.00000", "2016-12-31": "1345.00000", "2015-12-31": "629.00000", "2014-12-31": "-47.00000", "2013-12-31": "387.00000", "2012-12-31": "-330.00000", "2011-12-31": "-677.00000", "2010-12-31": "-128.00000", "2009-12-31": "80.00000", "2008-12-31": "295.00000", "2007-12-31": "636.00000", "2006-12-31": "577.00000", "2005-12-31": "539.00000"}, "Net Cash Flow": {"2019-12-31": "211.00000", "2018-12-31": "162.00000", "2017-12-31": "14.00000", "2016-12-31": "-142.00000", "2015-12-31": "245.00000", "2014-12-31": "25.00000", "2013-12-31": "280.00000", "2012-12-31": "-254.00000", "2011-12-31": "310.00000", "2010-12-31": "78.00000", "2009-12-31": "186.00000", "2008-12-31": "-136.00000", "2007-12-31": "116.00000", "2006-12-31": "13.00000", "2005-12-31": "55.00000"}, "Stock-Based Compensation": {"2019-12-31": "-14.00000", "2018-12-31": "-12.00000", "2017-12-31": "-11.00000", "2016-12-31": "-10.00000", "2015-12-31": "-5.00000", "2014-12-31": "-2.00000", "2013-12-31": "-4.00000", "2012-12-31": "-4.00000", "2011-12-31": "-11.00000", "2010-12-31": "-15.00000", "2009-12-31": "-14.00000", "2008-12-31": "-8.00000", "2007-12-31": "-8.00000", "2006-12-31": "-6.00000", "2005-12-31": "-9.00000"}, "Common Stock Dividends Paid": {"2019-12-31": "-924.00000", "2018-12-31": "-842.00000", "2017-12-31": "-803.00000", "2016-12-31": "-763.00000", "2015-12-31": "-733.00000", "2014-12-31": "-739.00000", "2013-12-31": "-721.00000", "2012-12-31": "-709.00000", "2011-12-31": "-693.00000", "2010-12-31": "-629.00000", "2009-12-31": "-601.00000", "2008-12-31": "-618.00000", "2007-12-31": "-582.00000", "2006-12-31": "-533.00000", "2005-12-31": "-518.00000"}}, "cash flow statement, quarterly": {"Net Income/Loss": {"2020-09-30": 501, "2020-06-30": 202, "2020-03-31": "392.00000", "2019-12-31": 313, "2019-09-30": 503, "2019-06-30": 179, "2019-03-31": "445.00000", "2018-12-31": 331, "2018-09-30": 435, "2018-06-30": 188, "2018-03-31": "428.00000", "2017-12-31": 505, "2017-09-30": 457, "2017-06-30": 175, "2017-03-31": "388.00000", "2016-12-31": 206, "2016-09-30": 497, "2016-06-30": 232, "2016-03-31": "310.00000", "2015-12-31": 176, "2015-09-30": 428, "2015-06-30": 219, "2015-03-31": "370.00000", "2014-12-31": 82, "2014-09-30": 436, "2014-06-30": 213, "2014-03-31": "361.00000", "2013-12-31": 234, "2013-09-30": 464, "2013-06-30": 172, "2013-03-31": "192.00000", "2012-12-31": 207, "2012-09-30": 440, "2012-06-30": 214, "2012-03-31": "280.00000", "2011-12-31": 193, "2011-09-30": 386, "2011-06-30": 169, "2011-03-31": "314.00000", "2010-12-31": 235, "2010-09-30": 353, "2010-06-30": 186, "2010-03-31": "229.00000", "2009-12-31": 204, "2009-09-30": 339, "2009-06-30": 153, "2009-03-31": "183.00000", "2008-12-31": 162, "2008-09-30": 185, "2008-06-30": 554, "2008-03-31": "306.00000", "2007-12-31": 218, "2007-09-30": 312, "2007-06-30": 154, "2007-03-31": "256.00000", "2006-12-31": 201, "2006-09-30": 231, "2006-06-30": 124, "2006-03-31": "181.00000", "2005-12-31": 138, "2005-09-30": 284, "2005-06-30": 116, "2005-03-31": "181.00000"}, "Total Depreciation And Amortization - Cash Flow": {"2020-09-30": 482, "2020-06-30": 476, "2020-03-31": "470.00000", "2019-12-31": 431, "2019-09-30": 422, "2019-06-30": 418, "2019-03-31": "413.00000", "2018-12-31": 377, "2018-09-30": 359, "2018-06-30": 354, "2018-03-31": "348.00000", "2017-12-31": 343, "2017-09-30": 336, "2017-06-30": 333, "2017-03-31": "329.00000", "2016-12-31": 311, "2016-09-30": 306, "2016-06-30": 302, "2016-03-31": "297.00000", "2015-12-31": 290, "2015-09-30": 285, "2015-06-30": 276, "2015-03-31": "279.00000", "2014-12-31": 275, "2014-09-30": 270, "2014-06-30": 265, "2014-03-31": "261.00000", "2013-12-31": 260, "2013-09-30": 258, "2013-06-30": 255, "2013-03-31": "251.00000", "2012-12-31": 246, "2012-09-30": 240, "2012-06-30": 205, "2012-03-31": "264.00000", "2011-12-31": 235, "2011-09-30": 232, "2011-06-30": 229, "2011-03-31": "237.00000", "2010-12-31": 227, "2010-09-30": 211, "2010-06-30": 211, "2010-03-31": "204.00000", "2009-12-31": 177, "2009-09-30": 175, "2009-06-30": 174, "2009-03-31": "202.00000", "2008-12-31": 145, "2008-09-30": 154, "2008-06-30": 145, "2008-03-31": "97.00000", "2007-12-31": 402, "2007-09-30": 90, "2007-06-30": 87, "2007-03-31": "88.00000", "2006-12-31": 347, "2006-09-30": 105, "2006-06-30": 67, "2006-03-31": "101.00000", "2005-12-31": 232, "2005-09-30": 102, "2005-06-30": 109, "2005-03-31": "141.00000"}, "Other Non-Cash Items": {"2020-09-30": 117, "2020-06-30": 2, "2020-03-31": "223.00000", "2019-12-31": -42, "2019-09-30": 147, "2019-06-30": -23, "2019-03-31": "88.00000", "2018-12-31": -19, "2018-09-30": 156, "2018-06-30": 59, "2018-03-31": "93.00000", "2017-12-31": -282, "2017-09-30": 269, "2017-06-30": 37, "2017-03-31": "213.00000", "2016-12-31": 232, "2016-09-30": 187, "2016-06-30": -47, "2016-03-31": "208.00000", "2015-12-31": 182, "2015-09-30": 288, "2015-06-30": 40, "2015-03-31": "166.00000", "2014-12-31": 224, "2014-09-30": 713, "2014-06-30": -462, "2014-03-31": "210.00000", "2013-12-31": -81, "2013-09-30": 149, "2013-06-30": 77, "2013-03-31": "-166.00000", "2012-12-31": 347, "2012-09-30": 209, "2012-06-30": -113, "2012-03-31": "163.00000", "2011-12-31": 286, "2011-09-30": 239, "2011-06-30": -72, "2011-03-31": "174.00000", "2010-12-31": 31, "2010-09-30": 500, "2010-06-30": -124, "2010-03-31": "200.00000", "2009-12-31": 109, "2009-09-30": 32, "2009-06-30": -63, "2009-03-31": "236.00000", "2008-12-31": 82, "2008-09-30": 536, "2008-06-30": -1009, "2008-03-31": "116.00000", "2007-12-31": -363, "2007-09-30": 250, "2007-06-30": -52, "2007-03-31": "56.00000", "2006-12-31": -219, "2006-09-30": 155, "2006-06-30": 55, "2006-03-31": "91.00000", "2005-12-31": -238, "2005-09-30": 92, "2005-06-30": -95, "2005-03-31": "-10.00000"}, "Total Non-Cash Items": {"2020-09-30": 599, "2020-06-30": 478, "2020-03-31": "693.00000", "2019-12-31": 389, "2019-09-30": 569, "2019-06-30": 395, "2019-03-31": "501.00000", "2018-12-31": 358, "2018-09-30": 515, "2018-06-30": 413, "2018-03-31": "441.00000", "2017-12-31": 61, "2017-09-30": 605, "2017-06-30": 370, "2017-03-31": "542.00000", "2016-12-31": 543, "2016-09-30": 493, "2016-06-30": 255, "2016-03-31": "505.00000", "2015-12-31": 472, "2015-09-30": 573, "2015-06-30": 316, "2015-03-31": "445.00000", "2014-12-31": 499, "2014-09-30": 983, "2014-06-30": -197, "2014-03-31": "471.00000", "2013-12-31": 179, "2013-09-30": 407, "2013-06-30": 332, "2013-03-31": "85.00000", "2012-12-31": 593, "2012-09-30": 449, "2012-06-30": 92, "2012-03-31": "427.00000", "2011-12-31": 521, "2011-09-30": 471, "2011-06-30": 157, "2011-03-31": "411.00000", "2010-12-31": 258, "2010-09-30": 711, "2010-06-30": 87, "2010-03-31": "404.00000", "2009-12-31": 286, "2009-09-30": 207, "2009-06-30": 111, "2009-03-31": "438.00000", "2008-12-31": 227, "2008-09-30": 690, "2008-06-30": -864, "2008-03-31": "213.00000", "2007-12-31": 39, "2007-09-30": 340, "2007-06-30": 35, "2007-03-31": "144.00000", "2006-12-31": 128, "2006-09-30": 260, "2006-06-30": 122, "2006-03-31": "192.00000", "2005-12-31": -6, "2005-09-30": 194, "2005-06-30": 14, "2005-03-31": "131.00000"}, "Change In Accounts Receivable": {"2020-09-30": -214, "2020-06-30": -26, "2020-03-31": "-88.00000", "2019-12-31": 5, "2019-09-30": -137, "2019-06-30": 227, "2019-03-31": "-43.00000", "2018-12-31": 86, "2018-09-30": -253, "2018-06-30": 183, "2018-03-31": "-129.00000", "2017-12-31": 23, "2017-09-30": -156, "2017-06-30": 197, "2017-03-31": "-40.00000", "2016-12-31": 69, "2016-09-30": -239, "2016-06-30": 131, "2016-03-31": "-30.00000", "2015-12-31": 178, "2015-09-30": -117, "2015-06-30": 278, "2015-03-31": "-243.00000", "2014-12-31": 79, "2014-09-30": -59, "2014-06-30": 331, "2014-03-31": "-307.00000", "2013-12-31": 64, "2013-09-30": -72, "2013-06-30": 148, "2013-03-31": "-135.00000", "2012-12-31": 43, "2012-09-30": -248, "2012-06-30": 52, "2012-03-31": "54.00000", "2011-12-31": -16, "2011-09-30": -75, "2011-06-30": 80, "2011-03-31": "61.00000", "2010-12-31": -12, "2010-09-30": -165, "2010-06-30": 182, "2010-03-31": "-131.00000", "2009-12-31": 167, "2009-09-30": -208, "2009-06-30": 149, "2009-03-31": "-57.00000", "2008-12-31": 162, "2008-09-30": -65, "2008-06-30": -93, "2008-03-31": "14.00000", "2007-12-31": -215, "2007-09-30": -36, "2007-06-30": 76, "2007-03-31": "25.00000", "2006-12-31": 260, "2006-09-30": -303, "2006-06-30": 159, "2006-03-31": "84.00000", "2005-12-31": 88, "2005-09-30": -347, "2005-06-30": 59, "2005-03-31": "-84.00000"}, "Change In Inventories": {"2020-09-30": -17, "2020-06-30": -10, "2020-03-31": "26.00000", "2019-12-31": 6, "2019-09-30": -14, "2019-06-30": -17, "2019-03-31": "31.00000", "2018-12-31": -16, "2018-09-30": -20, "2018-06-30": -17, "2018-03-31": "33.00000", "2017-12-31": 3, "2017-09-30": 20, "2017-06-30": -44, "2017-03-31": "26.00000", "2016-12-31": -2, "2016-09-30": -14, "2016-06-30": 21, "2016-03-31": "8.00000", "2015-12-31": -10, "2015-09-30": -16, "2015-06-30": 8, "2015-03-31": "40.00000", "2014-12-31": -29, "2014-09-30": -21, "2014-06-30": -20, "2014-03-31": "60.00000", "2013-12-31": 5, "2013-09-30": -47, "2013-06-30": -51, "2013-03-31": "60.00000", "2012-12-31": 25, "2012-09-30": -18, "2012-06-30": -12, "2012-03-31": "31.00000", "2011-12-31": 19, "2011-09-30": -65, "2011-06-30": -65, "2011-03-31": "103.00000", "2010-12-31": 16, "2010-09-30": -36, "2010-06-30": -25, "2010-03-31": "52.00000", "2009-12-31": 43, "2009-09-30": -41, "2009-06-30": -23, "2009-03-31": "182.00000", "2008-12-31": 62, "2008-09-30": -138, "2008-06-30": -122, "2008-03-31": "87.00000", "2007-12-31": 43, "2007-09-30": -83, "2007-06-30": -80, "2007-03-31": "165.00000", "2006-12-31": -8, "2006-09-30": -55, "2006-06-30": -69, "2006-03-31": "91.00000", "2005-12-31": -13, "2005-09-30": -126, "2005-06-30": -78, "2005-03-31": "117.00000"}, "Change In Accounts Payable": {"2020-09-30": 187, "2020-06-30": -12, "2020-03-31": "-156.00000", "2019-12-31": 77, "2019-09-30": 89, "2019-06-30": -48, "2019-03-31": "-108.00000", "2018-12-31": -38, "2018-09-30": 53, "2018-06-30": -91, "2018-03-31": "30.00000", "2017-12-31": 149, "2017-09-30": 40, "2017-06-30": -16, "2017-03-31": "-78.00000", "2016-12-31": -113, "2016-09-30": 163, "2016-06-30": 63, "2016-03-31": "-84.00000", "2015-12-31": -162, "2015-09-30": 241, "2015-06-30": -100, "2015-03-31": "-58.00000", "2014-12-31": -29, "2014-09-30": -1, "2014-06-30": -92, "2014-03-31": "113.00000", "2013-12-31": 75, "2013-09-30": -72, "2013-06-30": -37, "2013-03-31": "-84.00000", "2012-12-31": 93, "2012-09-30": 107, "2012-06-30": -11, "2012-03-31": "-78.00000", "2011-12-31": -145, "2011-09-30": 26, "2011-06-30": 78, "2011-03-31": "-154.00000", "2010-12-31": 83, "2010-09-30": -26, "2010-06-30": 21, "2010-03-31": "-100.00000", "2009-12-31": 150, "2009-09-30": -11, "2009-06-30": 93, "2009-03-31": "-250.00000", "2008-12-31": 143, "2008-09-30": -570, "2008-06-30": 411, "2008-03-31": "-76.00000", "2007-12-31": 88, "2007-09-30": -17, "2007-06-30": 105, "2007-03-31": "-112.00000", "2006-12-31": 192, "2006-09-30": -27, "2006-06-30": -26, "2006-03-31": "-247.00000", "2005-12-31": 53, "2005-09-30": 233, "2005-06-30": 79, "2005-03-31": "-48.00000"}, "Change In Assets/Liabilities": {"2020-09-30": -1007, "2020-06-30": 200, "2020-03-31": "-495.00000", "2019-12-31": 418, "2019-09-30": -646, "2019-06-30": 406, "2019-03-31": "-440.00000", "2018-12-31": 465, "2018-09-30": -244, "2018-06-30": 295, "2018-03-31": "-667.00000", "2017-12-31": 433, "2017-09-30": -424, "2017-06-30": 512, "2017-03-31": "-418.00000", "2016-12-31": 462, "2016-09-30": -202, "2016-06-30": 461, "2016-03-31": "-379.00000", "2015-12-31": 595, "2015-09-30": -416, "2015-06-30": 283, "2015-03-31": "-275.00000", "2014-12-31": 710, "2014-09-30": -818, "2014-06-30": 864, "2014-03-31": "-57.00000", "2013-12-31": 735, "2013-09-30": -411, "2013-06-30": 257, "2013-03-31": "-358.00000", "2012-12-31": -1, "2012-09-30": -320, "2012-06-30": 871, "2012-03-31": "-658.00000", "2011-12-31": 434, "2011-09-30": -238, "2011-06-30": 1032, "2011-03-31": "-663.00000", "2010-12-31": 898, "2010-09-30": -776, "2010-06-30": 467, "2010-03-31": "-567.00000", "2009-12-31": 180, "2009-09-30": -316, "2009-06-30": 351, "2009-03-31": "125.00000", "2008-12-31": -81, "2008-09-30": -1187, "2008-06-30": 585, "2008-03-31": "14.00000", "2007-12-31": 490, "2007-09-30": -422, "2007-06-30": 98, "2007-03-31": "-64.00000", "2006-12-31": -48, "2006-09-30": -299, "2006-06-30": -37, "2006-03-31": "269.00000", "2005-12-31": 98, "2005-09-30": 250, "2005-06-30": -587, "2005-03-31": "-21.00000"}, "Total Change In Assets/Liabilities": {"2020-09-30": -912, "2020-06-30": 88, "2020-03-31": "-673.00000", "2019-12-31": 472, "2019-09-30": -650, "2019-06-30": 500, "2019-03-31": "-482.00000", "2018-12-31": 406, "2018-09-30": -390, "2018-06-30": 296, "2018-03-31": "-726.00000", "2017-12-31": 574, "2017-09-30": -409, "2017-06-30": 581, "2017-03-31": "-482.00000", "2016-12-31": 374, "2016-09-30": -285, "2016-06-30": 620, "2016-03-31": "-291.00000", "2015-12-31": 430, "2015-09-30": -288, "2015-06-30": 392, "2015-03-31": "-256.00000", "2014-12-31": 499, "2014-09-30": -925, "2014-06-30": 1017, "2014-03-31": "-608.00000", "2013-12-31": 901, "2013-09-30": -498, "2013-06-30": 445, "2013-03-31": "-361.00000", "2012-12-31": 161, "2012-09-30": -498, "2012-06-30": 539, "2012-03-31": "-305.00000", "2011-12-31": 262, "2011-09-30": -285, "2011-06-30": 901, "2011-03-31": "-363.00000", "2010-12-31": 914, "2010-09-30": -885, "2010-06-30": 521, "2010-03-31": "-632.00000", "2009-12-31": 507, "2009-09-30": -520, "2009-06-30": 534, "2009-03-31": "24.00000", "2008-12-31": 201, "2008-09-30": -2115, "2008-06-30": 1040, "2008-03-31": "41.00000", "2007-12-31": 382, "2007-09-30": -546, "2007-06-30": 154, "2007-03-31": "78.00000", "2006-12-31": 379, "2006-09-30": -648, "2006-06-30": -33, "2006-03-31": "217.00000", "2005-12-31": 43, "2005-09-30": 99, "2005-06-30": -478, "2005-03-31": "74.00000"}, "Cash Flow From Operating Activities": {"2020-09-30": 188, "2020-06-30": 768, "2020-03-31": "412.00000", "2019-12-31": 1174, "2019-09-30": 422, "2019-06-30": 1074, "2019-03-31": "464.00000", "2018-12-31": 1095, "2018-09-30": 560, "2018-06-30": 897, "2018-03-31": "143.00000", "2017-12-31": 1140, "2017-09-30": 653, "2017-06-30": 1126, "2017-03-31": "448.00000", "2016-12-31": 1123, "2016-09-30": 705, "2016-06-30": 1107, "2016-03-31": "524.00000", "2015-12-31": 1078, "2015-09-30": 713, "2015-06-30": 927, "2015-03-31": "559.00000", "2014-12-31": 1080, "2014-09-30": 494, "2014-06-30": 1033, "2014-03-31": "224.00000", "2013-12-31": 1314, "2013-09-30": 373, "2013-06-30": 949, "2013-03-31": "-84.00000", "2012-12-31": 961, "2012-09-30": 391, "2012-06-30": 845, "2012-03-31": "402.00000", "2011-12-31": 976, "2011-09-30": 572, "2011-06-30": 1227, "2011-03-31": "362.00000", "2010-12-31": 1407, "2010-09-30": 179, "2010-06-30": 794, "2010-03-31": "1.00000", "2009-12-31": 997, "2009-09-30": 26, "2009-06-30": 798, "2009-03-31": "645.00000", "2008-12-31": 590, "2008-09-30": -1240, "2008-06-30": 730, "2008-03-31": "560.00000", "2007-12-31": 639, "2007-09-30": 106, "2007-06-30": 343, "2007-03-31": "478.00000", "2006-12-31": 708, "2006-09-30": -157, "2006-06-30": 213, "2006-03-31": "590.00000", "2005-12-31": 175, "2005-09-30": 577, "2005-06-30": -348, "2005-03-31": "386.00000"}, "Net Change In Property, Plant, And Equipment": {"2020-09-30": -1049, "2020-06-30": -962, "2020-03-31": "-965.00000", "2019-12-31": -847, "2019-09-30": -943, "2019-06-30": -944, "2019-03-31": "-855.00000", "2018-12-31": -912, "2018-09-30": -1006, "2018-06-30": -944, "2018-03-31": "-888.00000", "2017-12-31": -1070, "2017-09-30": -849, "2017-06-30": -871, "2017-03-31": "-867.00000", "2016-12-31": -1242, "2016-09-30": -622, "2016-06-30": -913, "2016-03-31": "-857.00000", "2015-12-31": -913, "2015-09-30": -903, "2015-06-30": -815, "2015-03-31": "-642.00000", "2014-12-31": -544, "2014-09-30": -698, "2014-06-30": -679, "2014-03-31": "-606.00000", "2013-12-31": -761, "2013-09-30": -658, "2013-06-30": -660, "2013-03-31": "-676.00000", "2012-12-31": -608, "2012-09-30": -478, "2012-06-30": -635, "2012-03-31": "-523.00000", "2011-12-31": -550, "2011-09-30": -501, "2011-06-30": -627, "2011-03-31": "-456.00000", "2010-12-31": -599, "2010-09-30": -548, "2010-06-30": -551, "2010-03-31": "-465.00000", "2009-12-31": -705, "2009-09-30": -531, "2009-06-30": -595, "2009-03-31": "-529.00000", "2008-12-31": -785, "2008-09-30": -584, "2008-06-30": -608, "2008-03-31": "-547.00000", "2007-12-31": -638, "2007-09-30": -519, "2007-06-30": -485, "2007-03-31": "-452.00000", "2006-12-31": -583, "2006-09-30": -480, "2006-06-30": -537, "2006-03-31": "-360.00000", "2005-12-31": -619, "2005-09-30": -385, "2005-06-30": -177, "2005-03-31": "-105.00000"}, "Net Change In Intangible Assets": {"2020-09-30": 0, "2020-06-30": 0, "2020-03-31": "", "2019-12-31": 0, "2019-09-30": 0, "2019-06-30": 0, "2019-03-31": "", "2018-12-31": 0, "2018-09-30": 0, "2018-06-30": 0, "2018-03-31": "", "2017-12-31": 0, "2017-09-30": 0, "2017-06-30": 0, "2017-03-31": "", "2016-12-31": 0, "2016-09-30": 0, "2016-06-30": 0, "2016-03-31": "", "2015-12-31": 0, "2015-09-30": 0, "2015-06-30": 0, "2015-03-31": "", "2014-12-31": 0, "2014-09-30": 0, "2014-06-30": 0, "2014-03-31": "", "2013-12-31": 0, "2013-09-30": 0, "2013-06-30": 0, "2013-03-31": "", "2012-12-31": 0, "2012-09-30": 0, "2012-06-30": 0, "2012-03-31": "", "2011-12-31": 0, "2011-09-30": 0, "2011-06-30": 0, "2011-03-31": "", "2010-12-31": 0, "2010-09-30": 0, "2010-06-30": 0, "2010-03-31": "", "2009-12-31": 0, "2009-09-30": 0, "2009-06-30": 0, "2009-03-31": "", "2008-12-31": 0, "2008-09-30": 0, "2008-06-30": 0, "2008-03-31": "", "2007-12-31": 0, "2007-09-30": 0, "2007-06-30": 0, "2007-03-31": "", "2006-12-31": 0, "2006-09-30": 0, "2006-06-30": 0, "2006-03-31": "", "2005-12-31": 0, "2005-09-30": 0, "2005-06-30": 0, "2005-03-31": ""}, "Net Acquisitions/Divestitures": {"2020-09-30": 0, "2020-06-30": 0, "2020-03-31": "", "2019-12-31": -10, "2019-09-30": 0, "2019-06-30": 0, "2019-03-31": "", "2018-12-31": -1507, "2018-09-30": 0, "2018-06-30": 0, "2018-03-31": "", "2017-12-31": -45, "2017-09-30": 0, "2017-06-30": 0, "2017-03-31": "", "2016-12-31": -152, "2016-09-30": 930, "2016-06-30": -1171, "2016-03-31": "", "2015-12-31": 286, "2015-09-30": -34, "2015-06-30": -252, "2015-03-31": "", "2014-12-31": -108, "2014-09-30": 215, "2014-06-30": -107, "2014-03-31": "", "2013-12-31": 93, "2013-09-30": 0, "2013-06-30": 0, "2013-03-31": "", "2012-12-31": 0, "2012-09-30": 0, "2012-06-30": 0, "2012-03-31": "", "2011-12-31": 0, "2011-09-30": 0, "2011-06-30": 0, "2011-03-31": "", "2010-12-31": 0, "2010-09-30": 0, "2010-06-30": 0, "2010-03-31": "", "2009-12-31": 0, "2009-09-30": 0, "2009-06-30": 0, "2009-03-31": "", "2008-12-31": 1477, "2008-09-30": 0, "2008-06-30": 0, "2008-03-31": "", "2007-12-31": 0, "2007-09-30": 0, "2007-06-30": 0, "2007-03-31": "", "2006-12-31": 0, "2006-09-30": -39, "2006-06-30": 39, "2006-03-31": "", "2005-12-31": 0, "2005-09-30": 0, "2005-06-30": 0, "2005-03-31": ""}, "Net Change In Short-term Investments": {"2020-09-30": 0, "2020-06-30": 0, "2020-03-31": "", "2019-12-31": 0, "2019-09-30": 0, "2019-06-30": 0, "2019-03-31": "", "2018-12-31": 0, "2018-09-30": 0, "2018-06-30": 0, "2018-03-31": "", "2017-12-31": 0, "2017-09-30": 0, "2017-06-30": 0, "2017-03-31": "", "2016-12-31": 0, "2016-09-30": 0, "2016-06-30": 0, "2016-03-31": "", "2015-12-31": 0, "2015-09-30": 0, "2015-06-30": 0, "2015-03-31": "", "2014-12-31": 0, "2014-09-30": 0, "2014-06-30": 0, "2014-03-31": "", "2013-12-31": 0, "2013-09-30": 0, "2013-06-30": 0, "2013-03-31": "", "2012-12-31": 0, "2012-09-30": 0, "2012-06-30": 0, "2012-03-31": "", "2011-12-31": 0, "2011-09-30": 0, "2011-06-30": 0, "2011-03-31": "", "2010-12-31": 0, "2010-09-30": 0, "2010-06-30": 0, "2010-03-31": "", "2009-12-31": 0, "2009-09-30": 0, "2009-06-30": 0, "2009-03-31": "", "2008-12-31": 0, "2008-09-30": 0, "2008-06-30": 0, "2008-03-31": "", "2007-12-31": 0, "2007-09-30": 0, "2007-06-30": 0, "2007-03-31": "", "2006-12-31": 0, "2006-09-30": 0, "2006-06-30": 0, "2006-03-31": "", "2005-12-31": 0, "2005-09-30": 0, "2005-06-30": 0, "2005-03-31": ""}, "Net Change In Long-Term Investments": {"2020-09-30": -9, "2020-06-30": -7, "2020-03-31": "-8.00000", "2019-12-31": -46, "2019-09-30": -71, "2019-06-30": -50, "2019-03-31": "-38.00000", "2018-12-31": -110, "2018-09-30": -87, "2018-06-30": -19, "2018-03-31": "-32.00000", "2017-12-31": -15, "2017-09-30": -13, "2017-06-30": -12, "2017-03-31": "-5.00000", "2016-12-31": -36, "2016-09-30": -961, "2016-06-30": 168, "2016-03-31": "-247.00000", "2015-12-31": -299, "2015-09-30": 0, "2015-06-30": 35, "2015-03-31": "-35.00000", "2014-12-31": -112, "2014-09-30": -289, "2014-06-30": 152, "2014-03-31": "-44.00000", "2013-12-31": -1, "2013-09-30": -172, "2013-06-30": -15, "2013-03-31": "13.00000", "2012-12-31": -78, "2012-09-30": -256, "2012-06-30": -8, "2012-03-31": "33.00000", "2011-12-31": 11, "2011-09-30": -31, "2011-06-30": 4, "2011-03-31": "", "2010-12-31": 3, "2010-09-30": -15, "2010-06-30": 0, "2010-03-31": "", "2009-12-31": 0, "2009-09-30": 0, "2009-06-30": 0, "2009-03-31": "", "2008-12-31": -1477, "2008-09-30": 0, "2008-06-30": 1465, "2008-03-31": "-20.00000", "2007-12-31": 0, "2007-09-30": 0, "2007-06-30": 0, "2007-03-31": "", "2006-12-31": 0, "2006-09-30": 39, "2006-06-30": -39, "2006-03-31": "39.00000", "2005-12-31": 0, "2005-09-30": 0, "2005-06-30": 0, "2005-03-31": ""}, "Net Change In Investments - Total": {"2020-09-30": -9, "2020-06-30": -7, "2020-03-31": "-8.00000", "2019-12-31": -46, "2019-09-30": -71, "2019-06-30": -50, "2019-03-31": "-38.00000", "2018-12-31": -110, "2018-09-30": -87, "2018-06-30": -19, "2018-03-31": "-32.00000", "2017-12-31": -15, "2017-09-30": -13, "2017-06-30": -12, "2017-03-31": "-5.00000", "2016-12-31": -36, "2016-09-30": -961, "2016-06-30": 168, "2016-03-31": "-247.00000", "2015-12-31": -299, "2015-09-30": 0, "2015-06-30": 35, "2015-03-31": "-35.00000", "2014-12-31": -112, "2014-09-30": -289, "2014-06-30": 152, "2014-03-31": "-44.00000", "2013-12-31": -1, "2013-09-30": -172, "2013-06-30": -15, "2013-03-31": "13.00000", "2012-12-31": -78, "2012-09-30": -256, "2012-06-30": -8, "2012-03-31": "33.00000", "2011-12-31": 11, "2011-09-30": -31, "2011-06-30": 4, "2011-03-31": "", "2010-12-31": 3, "2010-09-30": -15, "2010-06-30": 0, "2010-03-31": "", "2009-12-31": 0, "2009-09-30": 0, "2009-06-30": 0, "2009-03-31": "", "2008-12-31": -1477, "2008-09-30": 0, "2008-06-30": 1465, "2008-03-31": "-20.00000", "2007-12-31": 0, "2007-09-30": 0, "2007-06-30": 0, "2007-03-31": "", "2006-12-31": 0, "2006-09-30": 39, "2006-06-30": -39, "2006-03-31": "39.00000", "2005-12-31": 0, "2005-09-30": 0, "2005-06-30": 0, "2005-03-31": ""}, "Investing Activities - Other": {"2020-09-30": 6, "2020-06-30": 5, "2020-03-31": "5.00000", "2019-12-31": 5, "2019-09-30": 6, "2019-06-30": 6, "2019-03-31": "5.00000", "2018-12-31": 5, "2018-09-30": 12, "2018-06-30": 6, "2018-03-31": "11.00000", "2017-12-31": 5, "2017-09-30": 8, "2017-06-30": 8, "2017-03-31": "16.00000", "2016-12-31": 197, "2016-09-30": -78, "2016-06-30": 48, "2016-03-31": "-14.00000", "2015-12-31": -44, "2015-09-30": -25, "2015-06-30": -26, "2015-03-31": "10.00000", "2014-12-31": 1, "2014-09-30": 9, "2014-06-30": 35, "2014-03-31": "16.00000", "2013-12-31": -95, "2013-09-30": 147, "2013-06-30": 126, "2013-03-31": "", "2012-12-31": 30, "2012-09-30": -28, "2012-06-30": 28, "2012-03-31": "", "2011-12-31": 0, "2011-09-30": 50, "2011-06-30": -10, "2011-03-31": "-40.00000", "2010-12-31": -13, "2010-09-30": 4, "2010-06-30": 4, "2010-03-31": "5.00000", "2009-12-31": -9, "2009-09-30": 4, "2009-06-30": 2, "2009-03-31": "3.00000", "2008-12-31": 2, "2008-09-30": 2, "2008-06-30": 6, "2008-03-31": "-2.00000", "2007-12-31": 2, "2007-09-30": 2, "2007-06-30": 10, "2007-03-31": "-6.00000", "2006-12-31": 4, "2006-09-30": 0, "2006-06-30": 6, "2006-03-31": "-7.00000", "2005-12-31": 6, "2005-09-30": 124, "2005-06-30": -125, "2005-03-31": "7.00000"}, "Cash Flow From Investing Activities": {"2020-09-30": -1052, "2020-06-30": -964, "2020-03-31": "-968.00000", "2019-12-31": -898, "2019-09-30": -1008, "2019-06-30": -988, "2019-03-31": "-888.00000", "2018-12-31": -2524, "2018-09-30": -1081, "2018-06-30": -957, "2018-03-31": "-909.00000", "2017-12-31": -1125, "2017-09-30": -854, "2017-06-30": -875, "2017-03-31": "-856.00000", "2016-12-31": -1233, "2016-09-30": -731, "2016-06-30": -1868, "2016-03-31": "-1118.00000", "2015-12-31": -970, "2015-09-30": -962, "2015-06-30": -1058, "2015-03-31": "-667.00000", "2014-12-31": -763, "2014-09-30": -763, "2014-06-30": -599, "2014-03-31": "-634.00000", "2013-12-31": -764, "2013-09-30": -683, "2013-06-30": -549, "2013-03-31": "-663.00000", "2012-12-31": -656, "2012-09-30": -762, "2012-06-30": -615, "2012-03-31": "-490.00000", "2011-12-31": -539, "2011-09-30": -482, "2011-06-30": -633, "2011-03-31": "-496.00000", "2010-12-31": -609, "2010-09-30": -559, "2010-06-30": -547, "2010-03-31": "-460.00000", "2009-12-31": -714, "2009-09-30": -527, "2009-06-30": -593, "2009-03-31": "-526.00000", "2008-12-31": -783, "2008-09-30": -582, "2008-06-30": 863, "2008-03-31": "-569.00000", "2007-12-31": -636, "2007-09-30": -517, "2007-06-30": -475, "2007-03-31": "-458.00000", "2006-12-31": -579, "2006-09-30": -480, "2006-06-30": -531, "2006-03-31": "-328.00000", "2005-12-31": -613, "2005-09-30": -261, "2005-06-30": -302, "2005-03-31": "-98.00000"}, "Net Long-Term Debt": {"2020-09-30": 54, "2020-06-30": -404, "2020-03-31": "1562.00000", "2019-12-31": 535, "2019-09-30": -45, "2019-06-30": 518, "2019-03-31": "814.00000", "2018-12-31": 506, "2018-09-30": -435, "2018-06-30": 1031, "2018-03-31": "-10.00000", "2017-12-31": 695, "2017-09-30": -3, "2017-06-30": 482, "2017-03-31": "89.00000", "2016-12-31": 497, "2016-09-30": -401, "2016-06-30": 1542, "2016-03-31": "217.00000", "2015-12-31": 554, "2015-09-30": -100, "2015-06-30": 193, "2015-03-31": "", "2014-12-31": 998, "2014-09-30": 0, "2014-06-30": -278, "2014-03-31": "650.00000", "2013-12-31": -2, "2013-09-30": -1, "2013-06-30": 22, "2013-03-31": "191.00000", "2012-12-31": -1, "2012-09-30": -302, "2012-06-30": -1, "2012-03-31": "399.00000", "2011-12-31": -1, "2011-09-30": 0, "2011-06-30": -2, "2011-03-31": "-1.00000", "2010-12-31": -5, "2010-09-30": -185, "2010-06-30": 319, "2010-03-31": "-45.00000", "2009-12-31": 337, "2009-09-30": -1, "2009-06-30": -277, "2009-03-31": "749.00000", "2008-12-31": 598, "2008-09-30": -249, "2008-06-30": 1194, "2008-03-31": "-180.00000", "2007-12-31": -342, "2007-09-30": 527, "2007-06-30": -339, "2007-03-31": "-20.00000", "2006-12-31": 162, "2006-09-30": 399, "2006-06-30": 292, "2006-03-31": "399.00000", "2005-12-31": -10, "2005-09-30": -227, "2005-06-30": 241, "2005-03-31": "390.00000"}, "Net Current Debt": {"2020-09-30": 16, "2020-06-30": 605, "2020-03-31": "-484.00000", "2019-12-31": 392, "2019-09-30": 139, "2019-06-30": -274, "2019-03-31": "-1131.00000", "2018-12-31": 1214, "2018-09-30": 483, "2018-06-30": -520, "2018-03-31": "812.00000", "2017-12-31": 221, "2017-09-30": -680, "2017-06-30": 200, "2017-03-31": "-218.00000", "2016-12-31": 453, "2016-09-30": -107, "2016-06-30": -491, "2016-03-31": "-330.00000", "2015-12-31": 369, "2015-09-30": -85, "2015-06-30": 726, "2015-03-31": "-281.00000", "2014-12-31": -625, "2014-09-30": -106, "2014-06-30": 701, "2014-03-31": "-621.00000", "2013-12-31": 231, "2013-09-30": -180, "2013-06-30": 379, "2013-03-31": "482.00000", "2012-12-31": 199, "2012-09-30": -460, "2012-06-30": 800, "2012-03-31": "", "2011-12-31": 0, "2011-09-30": 0, "2011-06-30": -464, "2011-03-31": "464.00000", "2010-12-31": -846, "2010-09-30": 693, "2010-06-30": -322, "2010-03-31": "475.00000", "2009-12-31": -509, "2009-09-30": 409, "2009-06-30": -122, "2009-03-31": "-141.00000", "2008-12-31": -239, "2008-09-30": 525, "2008-06-30": -1028, "2008-03-31": "265.00000", "2007-12-31": 490, "2007-09-30": 35, "2007-06-30": 49, "2007-03-31": "149.00000", "2006-12-31": -314, "2006-09-30": 79, "2006-06-30": 37, "2006-03-31": "-440.00000", "2005-12-31": 530, "2005-09-30": 48, "2005-06-30": 126, "2005-03-31": "-106.00000"}, "Debt Issuance/Retirement Net - Total": {"2020-09-30": 70, "2020-06-30": 201, "2020-03-31": "1078.00000", "2019-12-31": 927, "2019-09-30": 94, "2019-06-30": 244, "2019-03-31": "-317.00000", "2018-12-31": 1720, "2018-09-30": 48, "2018-06-30": 511, "2018-03-31": "802.00000", "2017-12-31": 916, "2017-09-30": -683, "2017-06-30": 682, "2017-03-31": "-129.00000", "2016-12-31": 950, "2016-09-30": -508, "2016-06-30": 1051, "2016-03-31": "-113.00000", "2015-12-31": 923, "2015-09-30": -185, "2015-06-30": 919, "2015-03-31": "-281.00000", "2014-12-31": 373, "2014-09-30": -106, "2014-06-30": 423, "2014-03-31": "29.00000", "2013-12-31": 229, "2013-09-30": -181, "2013-06-30": 401, "2013-03-31": "673.00000", "2012-12-31": 198, "2012-09-30": -762, "2012-06-30": 799, "2012-03-31": "399.00000", "2011-12-31": -1, "2011-09-30": 0, "2011-06-30": -466, "2011-03-31": "463.00000", "2010-12-31": -851, "2010-09-30": 508, "2010-06-30": -3, "2010-03-31": "430.00000", "2009-12-31": -172, "2009-09-30": 408, "2009-06-30": -399, "2009-03-31": "608.00000", "2008-12-31": 359, "2008-09-30": 276, "2008-06-30": 166, "2008-03-31": "85.00000", "2007-12-31": 148, "2007-09-30": 562, "2007-06-30": -290, "2007-03-31": "129.00000", "2006-12-31": -152, "2006-09-30": 478, "2006-06-30": 329, "2006-03-31": "-41.00000", "2005-12-31": 520, "2005-09-30": -179, "2005-06-30": 367, "2005-03-31": "284.00000"}, "Net Common Equity Issued/Repurchased": {"2020-09-30": 15, "2020-06-30": 14, "2020-03-31": "102.00000", "2019-12-31": 14, "2019-09-30": 13, "2019-06-30": 414, "2019-03-31": "438.00000", "2018-12-31": 719, "2018-09-30": 13, "2018-06-30": 13, "2018-03-31": "13.00000", "2017-12-31": 14, "2017-09-30": 355, "2017-06-30": 13, "2017-03-31": "12.00000", "2016-12-31": 13, "2016-09-30": 11, "2016-06-30": 714, "2016-03-31": "15.00000", "2015-12-31": 10, "2015-09-30": -2, "2015-06-30": -5, "2015-03-31": "-2.00000", "2014-12-31": -2, "2014-09-30": -6, "2014-06-30": 183, "2014-03-31": "-185.00000", "2013-12-31": 536, "2013-09-30": -542, "2013-06-30": -1, "2013-03-31": "-1.00000", "2012-12-31": 7, "2012-09-30": -4, "2012-06-30": -4, "2012-03-31": "-8.00000", "2011-12-31": -10, "2011-09-30": -8, "2011-06-30": 24, "2011-03-31": "25.00000", "2010-12-31": 361, "2010-09-30": 53, "2010-06-30": 11, "2010-03-31": "14.00000", "2009-12-31": 232, "2009-09-30": 10, "2009-06-30": 7, "2009-03-31": "8.00000", "2008-12-31": 14, "2008-09-30": 18, "2008-06-30": 7, "2008-03-31": "12.00000", "2007-12-31": 25, "2007-09-30": 9, "2007-06-30": 597, "2007-03-31": "54.00000", "2006-12-31": 25, "2006-09-30": 465, "2006-06-30": 10, "2006-03-31": "10.00000", "2005-12-31": 8, "2005-09-30": 29, "2005-06-30": 31, "2005-03-31": "10.00000"}, "Net Total Equity Issued/Repurchased": {"2020-09-30": 15, "2020-06-30": 14, "2020-03-31": "102.00000", "2019-12-31": 14, "2019-09-30": 13, "2019-06-30": 414, "2019-03-31": "438.00000", "2018-12-31": 719, "2018-09-30": 13, "2018-06-30": 13, "2018-03-31": "13.00000", "2017-12-31": 14, "2017-09-30": 355, "2017-06-30": 13, "2017-03-31": "12.00000", "2016-12-31": 13, "2016-09-30": 11, "2016-06-30": 714, "2016-03-31": "15.00000", "2015-12-31": 10, "2015-09-30": -2, "2015-06-30": -5, "2015-03-31": "-2.00000", "2014-12-31": -2, "2014-09-30": -6, "2014-06-30": 183, "2014-03-31": "-185.00000", "2013-12-31": 536, "2013-09-30": -542, "2013-06-30": -1, "2013-03-31": "-1.00000", "2012-12-31": 7, "2012-09-30": -1, "2012-06-30": -246, "2012-03-31": "-8.00000", "2011-12-31": -10, "2011-09-30": -8, "2011-06-30": 24, "2011-03-31": "25.00000", "2010-12-31": 361, "2010-09-30": 53, "2010-06-30": 11, "2010-03-31": "14.00000", "2009-12-31": 232, "2009-09-30": 10, "2009-06-30": 7, "2009-03-31": "8.00000", "2008-12-31": 14, "2008-09-30": 18, "2008-06-30": 7, "2008-03-31": "12.00000", "2007-12-31": 25, "2007-09-30": 9, "2007-06-30": 597, "2007-03-31": "54.00000", "2006-12-31": 25, "2006-09-30": 465, "2006-06-30": 10, "2006-03-31": "10.00000", "2005-12-31": 8, "2005-09-30": 29, "2005-06-30": 31, "2005-03-31": "10.00000"}, "Total Common And Preferred Stock Dividends Paid": {"2020-09-30": -244, "2020-06-30": -244, "2020-03-31": "-243.00000", "2019-12-31": -234, "2019-09-30": -235, "2019-06-30": -229, "2019-03-31": "-226.00000", "2018-12-31": -211, "2018-09-30": -211, "2018-06-30": -211, "2018-03-31": "-209.00000", "2017-12-31": -203, "2017-09-30": -202, "2017-06-30": -199, "2017-03-31": "-199.00000", "2016-12-31": -193, "2016-09-30": -192, "2016-06-30": -193, "2016-03-31": "-185.00000", "2015-12-31": -173, "2015-09-30": -180, "2015-06-30": -190, "2015-03-31": "-190.00000", "2014-12-31": -186, "2014-09-30": -185, "2014-06-30": -368, "2014-03-31": "", "2013-12-31": -721, "2013-09-30": 360, "2013-06-30": -180, "2013-03-31": "-180.00000", "2012-12-31": -185, "2012-09-30": -178, "2012-06-30": -171, "2012-03-31": "-178.00000", "2011-12-31": -176, "2011-09-30": -176, "2011-06-30": -176, "2011-03-31": "-176.00000", "2010-12-31": -163, "2010-09-30": -160, "2010-06-30": -159, "2010-03-31": "-158.00000", "2009-12-31": -153, "2009-09-30": -153, "2009-06-30": -153, "2009-03-31": "-153.00000", "2008-12-31": -171, "2008-09-30": -160, "2008-06-30": -149, "2008-03-31": "-149.00000", "2007-12-31": -158, "2007-09-30": -149, "2007-06-30": -146, "2007-03-31": "-140.00000", "2006-12-31": -138, "2006-09-30": -132, "2006-06-30": -132, "2006-03-31": "-131.00000", "2005-12-31": -131, "2005-09-30": -130, "2005-06-30": -129, "2005-03-31": "-128.00000"}, "Financial Activities - Other": {"2020-09-30": -8, "2020-06-30": -4, "2020-03-31": "-24.00000", "2019-12-31": -19, "2019-09-30": -3, "2019-06-30": -19, "2019-03-31": "-3.00000", "2018-12-31": -38, "2018-09-30": -5, "2018-06-30": -15, "2018-03-31": "-1.00000", "2017-12-31": -8, "2017-09-30": -1, "2017-06-30": -7, "2017-03-31": "-4.00000", "2016-12-31": -8, "2016-09-30": -1, "2016-06-30": -12, "2016-03-31": "-4.00000", "2015-12-31": -13, "2015-09-30": 0, "2015-06-30": -1, "2015-03-31": "-1.00000", "2014-12-31": -8, "2014-09-30": -3, "2014-06-30": 0, "2014-03-31": "-6.00000", "2013-12-31": 6, "2013-09-30": 0, "2013-06-30": -5, "2013-03-31": "-7.00000", "2012-12-31": 0, "2012-09-30": 0, "2012-06-30": 0, "2012-03-31": "-4.00000", "2011-12-31": 0, "2011-09-30": 0, "2011-06-30": 0, "2011-03-31": "", "2010-12-31": -5, "2010-09-30": -1, "2010-06-30": -5, "2010-03-31": "", "2009-12-31": -5, "2009-09-30": 0, "2009-06-30": 0, "2009-03-31": "-5.00000", "2008-12-31": -3, "2008-09-30": -1, "2008-06-30": -9, "2008-03-31": "", "2007-12-31": 0, "2007-09-30": -5, "2007-06-30": 0, "2007-03-31": "", "2006-12-31": -4, "2006-09-30": -3, "2006-06-30": -3, "2006-03-31": "-4.00000", "2005-12-31": 3, "2005-09-30": -735, "2005-06-30": 722, "2005-03-31": "-3.00000"}, "Cash Flow From Financial Activities": {"2020-09-30": -167, "2020-06-30": -33, "2020-03-31": "913.00000", "2019-12-31": 688, "2019-09-30": -131, "2019-06-30": 410, "2019-03-31": "-108.00000", "2018-12-31": 2190, "2018-09-30": -155, "2018-06-30": 298, "2018-03-31": "605.00000", "2017-12-31": 719, "2017-09-30": -531, "2017-06-30": 489, "2017-03-31": "-320.00000", "2016-12-31": 762, "2016-09-30": -690, "2016-06-30": 1560, "2016-03-31": "-287.00000", "2015-12-31": 747, "2015-09-30": -367, "2015-06-30": 723, "2015-03-31": "-474.00000", "2014-12-31": 177, "2014-09-30": -300, "2014-06-30": 238, "2014-03-31": "-162.00000", "2013-12-31": 50, "2013-09-30": -363, "2013-06-30": 215, "2013-03-31": "485.00000", "2012-12-31": 20, "2012-09-30": -941, "2012-06-30": 382, "2012-03-31": "209.00000", "2011-12-31": -187, "2011-09-30": -184, "2011-06-30": -618, "2011-03-31": "312.00000", "2010-12-31": -658, "2010-09-30": 400, "2010-06-30": -156, "2010-03-31": "286.00000", "2009-12-31": -98, "2009-09-30": 265, "2009-06-30": -545, "2009-03-31": "458.00000", "2008-12-31": 199, "2008-09-30": 133, "2008-06-30": 15, "2008-03-31": "-52.00000", "2007-12-31": 15, "2007-09-30": 417, "2007-06-30": 161, "2007-03-31": "43.00000", "2006-12-31": -269, "2006-09-30": 808, "2006-06-30": 204, "2006-03-31": "-166.00000", "2005-12-31": 400, "2005-09-30": -1015, "2005-06-30": 991, "2005-03-31": "163.00000"}, "Net Cash Flow": {"2020-09-30": -1031, "2020-06-30": -229, "2020-03-31": "357.00000", "2019-12-31": 964, "2019-09-30": -717, "2019-06-30": 496, "2019-03-31": "-532.00000", "2018-12-31": 761, "2018-09-30": -676, "2018-06-30": 238, "2018-03-31": "-161.00000", "2017-12-31": 734, "2017-09-30": -732, "2017-06-30": 740, "2017-03-31": "-728.00000", "2016-12-31": 652, "2016-09-30": -712, "2016-06-30": 801, "2016-03-31": "-883.00000", "2015-12-31": 853, "2015-09-30": -618, "2015-06-30": 592, "2015-03-31": "-582.00000", "2014-12-31": 494, "2014-09-30": -569, "2014-06-30": 672, "2014-03-31": "-572.00000", "2013-12-31": 600, "2013-09-30": -673, "2013-06-30": 615, "2013-03-31": "-262.00000", "2012-12-31": 325, "2012-09-30": -1312, "2012-06-30": 612, "2012-03-31": "121.00000", "2011-12-31": 250, "2011-09-30": -94, "2011-06-30": -24, "2011-03-31": "178.00000", "2010-12-31": 140, "2010-09-30": 20, "2010-06-30": 91, "2010-03-31": "-173.00000", "2009-12-31": 185, "2009-09-30": -236, "2009-06-30": -340, "2009-03-31": "577.00000", "2008-12-31": 6, "2008-09-30": -1689, "2008-06-30": 1608, "2008-03-31": "-61.00000", "2007-12-31": 18, "2007-09-30": 6, "2007-06-30": 29, "2007-03-31": "63.00000", "2006-12-31": -140, "2006-09-30": 171, "2006-06-30": -114, "2006-03-31": "96.00000", "2005-12-31": -38, "2005-09-30": -699, "2005-06-30": 341, "2005-03-31": "451.00000"}, "Stock-Based Compensation": {"2020-09-30": -2, "2020-06-30": -5, "2020-03-31": "-5.00000", "2019-12-31": -3, "2019-09-30": -4, "2019-06-30": -4, "2019-03-31": "-3.00000", "2018-12-31": -1, "2018-09-30": -4, "2018-06-30": -3, "2018-03-31": "-4.00000", "2017-12-31": -3, "2017-09-30": -3, "2017-06-30": -3, "2017-03-31": "-2.00000", "2016-12-31": -3, "2016-09-30": -3, "2016-06-30": -2, "2016-03-31": "-2.00000", "2015-12-31": -2, "2015-09-30": -1, "2015-06-30": -1, "2015-03-31": "-1.00000", "2014-12-31": 2, "2014-09-30": -1, "2014-06-30": -2, "2014-03-31": "-1.00000", "2013-12-31": -2, "2013-09-30": -1, "2013-06-30": 0, "2013-03-31": "-1.00000", "2012-12-31": -1, "2012-09-30": -1, "2012-06-30": -2, "2012-03-31": "", "2011-12-31": -3, "2011-09-30": -2, "2011-06-30": -2, "2011-03-31": "-4.00000", "2010-12-31": -2, "2010-09-30": -4, "2010-06-30": -4, "2010-03-31": "-5.00000", "2009-12-31": -5, "2009-09-30": -4, "2009-06-30": -2, "2009-03-31": "-3.00000", "2008-12-31": -2, "2008-09-30": -2, "2008-06-30": -2, "2008-03-31": "-2.00000", "2007-12-31": -3, "2007-09-30": -2, "2007-06-30": -1, "2007-03-31": "-2.00000", "2006-12-31": -3, "2006-09-30": -1, "2006-06-30": -1, "2006-03-31": "-1.00000", "2005-12-31": -1, "2005-09-30": 0, "2005-06-30": -1, "2005-03-31": "-7.00000"}, "Common Stock Dividends Paid": {"2020-09-30": -244, "2020-06-30": -244, "2020-03-31": "-243.00000", "2019-12-31": -234, "2019-09-30": -235, "2019-06-30": -229, "2019-03-31": "-226.00000", "2018-12-31": -211, "2018-09-30": -211, "2018-06-30": -211, "2018-03-31": "-209.00000", "2017-12-31": -203, "2017-09-30": -202, "2017-06-30": -199, "2017-03-31": "-199.00000", "2016-12-31": -193, "2016-09-30": -192, "2016-06-30": -193, "2016-03-31": "-185.00000", "2015-12-31": -173, "2015-09-30": -180, "2015-06-30": -190, "2015-03-31": "-190.00000", "2014-12-31": -186, "2014-09-30": -185, "2014-06-30": -368, "2014-03-31": "", "2013-12-31": -721, "2013-09-30": 360, "2013-06-30": -180, "2013-03-31": "-180.00000", "2012-12-31": -185, "2012-09-30": -175, "2012-06-30": -174, "2012-03-31": "-175.00000", "2011-12-31": -174, "2011-09-30": -173, "2011-06-30": -173, "2011-03-31": "-173.00000", "2010-12-31": -161, "2010-09-30": -157, "2010-06-30": -156, "2010-03-31": "-155.00000", "2009-12-31": -151, "2009-09-30": -150, "2009-06-30": -150, "2009-03-31": "-150.00000", "2008-12-31": -160, "2008-09-30": -160, "2008-06-30": -149, "2008-03-31": "-149.00000", "2007-12-31": -147, "2007-09-30": -149, "2007-06-30": -146, "2007-03-31": "-140.00000", "2006-12-31": -138, "2006-09-30": -132, "2006-06-30": -132, "2006-03-31": "-131.00000", "2005-12-31": -131, "2005-09-30": -130, "2005-06-30": -129, "2005-03-31": "-128.00000"}}, "financial ratios": {"Current Ratio": {"2019-12-31": "0.67950", "2018-12-31": "0.62250", "2017-12-31": "0.72150", "2016-12-31": "0.88630", "2015-12-31": "0.81270", "2014-12-31": "0.98910", "2013-12-31": "0.82260", "2012-12-31": "0.87480", "2011-12-31": "1.21790", "2010-12-31": "1.45020", "2009-12-31": "1.09320", "2008-12-31": "1.05120", "2007-12-31": "0.66220", "2006-12-31": "1.02260", "2005-12-31": "0.92500"}, "Long-term Debt / Capital": {"2019-12-31": "0.50430", "2018-12-31": "0.50960", "2017-12-31": "0.48850", "2016-12-31": "0.50740", "2015-12-31": "0.47900", "2014-12-31": "0.47850", "2013-12-31": "0.46140", "2012-12-31": "0.45890", "2011-12-31": "0.46550", "2010-12-31": "0.48640", "2009-12-31": "0.48540", "2008-12-31": "0.48270", "2007-12-31": "0.45110", "2006-12-31": "0.50320", "2005-12-31": "0.49680"}, "Debt/Equity Ratio": {"2019-12-31": "1.18950", "2018-12-31": "1.22990", "2017-12-31": "1.07660", "2016-12-31": "1.10640", "2015-12-31": "1.09290", "2014-12-31": "1.02550", "2013-12-31": "1.01470", "2012-12-31": "0.95280", "2011-12-31": "0.91640", "2010-12-31": "0.94760", "2009-12-31": "1.01310", "2008-12-31": "1.01850", "2007-12-31": "0.99920", "2006-12-31": "1.07280", "2005-12-31": "1.09070"}, "Gross Margin": {"2019-12-31": "79.06000", "2018-12-31": "76.10440", "2017-12-31": "78.18500", "2016-12-31": "74.42650", "2015-12-31": "70.39990", "2014-12-31": "65.06700", "2013-12-31": "67.18470", "2012-12-31": "68.10800", "2011-12-31": "61.19040", "2010-12-31": "56.81800", "2009-12-31": "52.10250", "2008-12-31": "44.16550", "2007-12-31": "44.93140", "2006-12-31": "44.73330", "2005-12-31": "43.12790"}, "Operating Margin": {"2019-12-31": "21.28200", "2018-12-31": "21.59360", "2017-12-31": "23.05330", "2016-12-31": "23.02280", "2015-12-31": "19.33250", "2014-12-31": "17.09890", "2013-12-31": "18.16420", "2012-12-31": "19.19100", "2011-12-31": "17.37550", "2010-12-31": "15.90990", "2009-12-31": "14.57180", "2008-12-31": "14.13530", "2007-12-31": "14.07770", "2006-12-31": "13.60980", "2005-12-31": "13.16230"}, "EBIT Margin": {"2019-12-31": "21.28200", "2018-12-31": "21.59360", "2017-12-31": "23.05330", "2016-12-31": "23.02280", "2015-12-31": "19.33250", "2014-12-31": "17.09890", "2013-12-31": "18.16420", "2012-12-31": "19.19100", "2011-12-31": "17.37550", "2010-12-31": "15.90990", "2009-12-31": "14.57180", "2008-12-31": "14.13530", "2007-12-31": "14.07770", "2006-12-31": "13.60980", "2005-12-31": "13.16230"}, "EBITDA Margin": {"2019-12-31": "34.67470", "2018-12-31": "33.24960", "2017-12-31": "34.19760", "2016-12-31": "33.09320", "2015-12-31": "28.33360", "2014-12-31": "25.38900", "2013-12-31": "26.45300", "2012-12-31": "27.02660", "2011-12-31": "24.61590", "2010-12-31": "22.31150", "2009-12-31": "20.15810", "2008-12-31": "18.11820", "2007-12-31": "19.16160", "2006-12-31": "18.79280", "2005-12-31": "18.31090"}, "Pre-Tax Profit Margin": {"2019-12-31": "13.80630", "2018-12-31": "14.45250", "2017-12-31": "16.59600", "2016-12-31": "16.09110", "2015-12-31": "14.32210", "2014-12-31": "12.84930", "2013-12-31": "12.44940", "2012-12-31": "14.28450", "2011-12-31": "12.89770", "2010-12-31": "11.63980", "2009-12-31": "10.12120", "2008-12-31": "10.72660", "2007-12-31": "10.46490", "2006-12-31": "9.43820", "2005-12-31": "9.63590"}, "Net Profit Margin": {"2019-12-31": "10.68080", "2018-12-31": "11.20210", "2017-12-31": "12.67350", "2016-12-31": "10.31060", "2015-12-31": "9.50290", "2014-12-31": "8.45270", "2013-12-31": "8.59640", "2012-12-31": "9.33710", "2011-12-31": "8.15610", "2010-12-31": "7.44470", "2009-12-31": "6.66050", "2008-12-31": "8.80510", "2007-12-31": "7.08080", "2006-12-31": "6.16120", "2005-12-31": "6.33870"}, "Asset Turnover": {"2019-12-31": "0.21650", "2018-12-31": "0.22880", "2017-12-31": "0.25010", "2016-12-31": "0.25020", "2015-12-31": "0.27510", "2014-12-31": "0.29310", "2013-12-31": "0.30390", "2012-12-31": "0.29580", "2011-12-31": "0.32860", "2010-12-31": "0.36660", "2009-12-31": "0.38510", "2008-12-31": "0.40550", "2007-12-31": "0.46420", "2006-12-31": "0.44800", "2005-12-31": "0.45650"}, "Inventory Turnover Ratio": {"2019-12-31": "7.48010", "2018-12-31": "8.23460", "2017-12-31": "7.85930", "2016-12-31": "9.10910", "2015-12-31": "10.61710", "2014-12-31": "12.13170", "2013-12-31": "11.16800", "2012-12-31": "11.77880", "2011-12-31": "14.04780", "2010-12-31": "16.53450", "2009-12-31": "17.58310", "2008-12-31": "14.69770", "2007-12-31": "17.83950", "2006-12-31": "14.18670", "2005-12-31": "15.17880"}, "Receiveable Turnover": {"2019-12-31": "8.73190", "2018-12-31": "7.70580", "2017-12-31": "8.98660", "2016-12-31": "8.75000", "2015-12-31": "8.24840", "2014-12-31": "8.29200", "2013-12-31": "8.28570", "2012-12-31": "8.40550", "2011-12-31": "9.03650", "2010-12-31": "9.08940", "2009-12-31": "9.13890", "2008-12-31": "10.51320", "2007-12-31": "10.42930", "2006-12-31": "8.11530", "2005-12-31": "8.26150"}, "Days Sales In Receivables": {"2019-12-31": "41.80050", "2018-12-31": "47.36690", "2017-12-31": "40.61620", "2016-12-31": "41.71430", "2015-12-31": "44.25120", "2014-12-31": "44.01810", "2013-12-31": "44.05170", "2012-12-31": "43.42390", "2011-12-31": "40.39190", "2010-12-31": "40.15690", "2009-12-31": "39.93940", "2008-12-31": "34.71840", "2007-12-31": "34.99770", "2006-12-31": "44.97660", "2005-12-31": "44.18100"}, "ROE - Return On Equity": {"2019-12-31": "7.90640", "2018-12-31": "8.20710", "2017-12-31": "9.88650", "2016-12-31": "8.70260", "2015-12-31": "9.13410", "2014-12-31": "8.67700", "2013-12-31": "8.67290", "2012-12-31": "9.61330", "2011-12-31": "9.28650", "2010-12-31": "9.06790", "2009-12-31": "8.57640", "2008-12-31": "9.62050", "2007-12-31": "10.31290", "2006-12-31": "9.24540", "2005-12-31": "10.19150"}, "Return On Tangible Equity": {"2019-12-31": "8.88340", "2018-12-31": "9.37270", "2017-12-31": "10.25830", "2016-12-31": "9.05190", "2015-12-31": "9.44580", "2014-12-31": "8.98540", "2013-12-31": "8.99090", "2012-12-31": "9.97550", "2011-12-31": "9.46780", "2010-12-31": "9.25110", "2009-12-31": "8.75320", "2008-12-31": "9.82620", "2007-12-31": "10.54170", "2006-12-31": "9.57190", "2005-12-31": "10.60200"}, "ROA - Return On Assets": {"2019-12-31": "2.47940", "2018-12-31": "2.56310", "2017-12-31": "3.16980", "2016-12-31": "2.58000", "2015-12-31": "2.61380", "2014-12-31": "2.47780", "2013-12-31": "2.61270", "2012-12-31": "2.76880", "2011-12-31": "2.70820", "2010-12-31": "2.75940", "2009-12-31": "2.59720", "2008-12-31": "2.78520", "2007-12-31": "3.31190", "2006-12-31": "2.77160", "2005-12-31": "2.99820"}, "ROI - Return On Investment": {"2019-12-31": "3.91940", "2018-12-31": "4.02520", "2017-12-31": "5.05700", "2016-12-31": "4.28700", "2015-12-31": "4.75920", "2014-12-31": "4.52530", "2013-12-31": "4.67140", "2012-12-31": "5.20220", "2011-12-31": "4.87290", "2010-12-31": "4.56910", "2009-12-31": "4.32370", "2008-12-31": "4.86950", "2007-12-31": "5.53130", "2006-12-31": "4.47370", "2005-12-31": "4.98290"}, "Book Value Per Share": {"2019-12-31": "58.75160", "2018-12-31": "56.50670", "2017-12-31": "53.74560", "2016-12-31": "50.73050", "2015-12-31": "48.37410", "2014-12-31": "46.61110", "2013-12-31": "45.40870", "2012-12-31": "44.01450", "2011-12-31": "43.19340", "2010-12-31": "42.00370", "2009-12-31": "40.56360", "2008-12-31": "39.56310", "2007-12-31": "37.33330", "2006-12-31": "35.07850", "2005-12-31": "33.87590"}, "Operating Cash Flow Per Share": {"2019-12-31": 0.8984, "2018-12-31": -2.2905, "2017-12-31": -0.5539, "2016-12-31": 0.3263, "2015-12-31": 1.5018, "2014-12-31": 0.9608, "2013-12-31": -0.1566, "2012-12-31": -1.8305, "2011-12-31": 2.3275, "2010-12-31": -0.597, "2009-12-31": 6.5859, "2008-12-31": -3.5194, "2007-12-31": 0.4491, "2006-12-31": 2.1811, "2005-12-31": 3.2284}, "Free Cash Flow Per Share": {"2019-12-31": 1.9908, "2018-12-31": -2.4326, "2017-12-31": -0.3594, "2016-12-31": -0.5933, "2015-12-31": -1.0204, "2014-12-31": 1.7235, "2013-12-31": -1.8949, "2012-12-31": -2.2015, "2011-12-31": 2.6444, "2010-12-31": 0.3789, "2009-12-31": 7.2696, "2008-12-31": -4.9107, "2007-12-31": 0.4458, "2006-12-31": -0.3941, "2005-12-31": -2.027}}, "financial ratios, quarterly": {"Current Ratio": {"2020-09-30": "0.58720", "2020-06-30": "0.68070", "2020-03-31": "0.79640", "2019-12-31": "0.67950", "2019-09-30": "0.57580", "2019-06-30": "0.62100", "2019-03-31": "0.59560", "2018-12-31": "0.62250", "2018-09-30": "0.62140", "2018-06-30": "0.62980", "2018-03-31": "0.66770", "2017-12-31": "0.72150", "2017-09-30": "0.79080", "2017-06-30": "0.75770", "2017-03-31": "0.87680", "2016-12-31": "0.88630", "2016-09-30": "0.87830", "2016-06-30": "0.89650", "2016-03-31": "0.71800", "2015-12-31": "0.81270", "2015-09-30": "0.79140", "2015-06-30": "0.93490", "2015-03-31": "0.99740", "2014-12-31": "0.98910", "2014-09-30": "0.90860", "2014-06-30": "0.90050", "2014-03-31": "0.97430", "2013-12-31": "0.82260", "2013-09-30": "0.84700", "2013-06-30": "0.91100", "2013-03-31": "0.92720", "2012-12-31": "0.87480", "2012-09-30": "0.87000", "2012-06-30": "0.93650", "2012-03-31": "1.01670", "2011-12-31": "1.21790", "2011-09-30": "1.16860", "2011-06-30": "1.29760", "2011-03-31": "1.34160", "2010-12-31": "1.45020", "2010-09-30": "1.23610", "2010-06-30": "1.18060", "2010-03-31": "0.96250", "2009-12-31": "1.09320", "2009-09-30": "0.91880", "2009-06-30": "1.09580", "2009-03-31": "1.32390", "2008-12-31": "1.05120", "2008-09-30": "1.11210", "2008-06-30": "1.14740", "2008-03-31": "0.71290", "2007-12-31": "0.66220", "2007-09-30": "0.89330", "2007-06-30": "0.87960", "2007-03-31": "0.87190", "2006-12-31": "1.02260", "2006-09-30": "1.09440", "2006-06-30": "0.98850", "2006-03-31": "1.06060", "2005-12-31": "0.92500", "2005-09-30": "0.97270", "2005-06-30": "1.08030", "2005-03-31": "1.07870"}, "Long-term Debt / Capital": {"2020-09-30": "0.50650", "2020-06-30": "0.50940", "2020-03-31": "0.51260", "2019-12-31": "0.50430", "2019-09-30": "0.49160", "2019-06-30": "0.49480", "2019-03-31": "0.49180", "2018-12-31": "0.50960", "2018-09-30": "0.49330", "2018-06-30": "0.49300", "2018-03-31": "0.48470", "2017-12-31": "0.48850", "2017-09-30": "0.49230", "2017-06-30": "0.50350", "2017-03-31": "0.50550", "2016-12-31": "0.50740", "2016-09-30": "0.49060", "2016-06-30": "0.49620", "2016-03-31": "0.48070", "2015-12-31": "0.47900", "2015-09-30": "0.46890", "2015-06-30": "0.48240", "2015-03-31": "0.47800", "2014-12-31": "0.47850", "2014-09-30": "0.46350", "2014-06-30": "0.47090", "2014-03-31": "0.47710", "2013-12-31": "0.46140", "2013-09-30": "0.46310", "2013-06-30": "0.46900", "2013-03-31": "0.47030", "2012-12-31": "0.45890", "2012-09-30": "0.45390", "2012-06-30": "0.45950", "2012-03-31": "0.46520", "2011-12-31": "0.46550", "2011-09-30": "0.47060", "2011-06-30": "0.48210", "2011-03-31": "0.48260", "2010-12-31": "0.48640", "2010-09-30": "0.49610", "2010-06-30": "0.49930", "2010-03-31": "0.48320", "2009-12-31": "0.48540", "2009-09-30": "0.48000", "2009-06-30": "0.49280", "2009-03-31": "0.50110", "2008-12-31": "0.48270", "2008-09-30": "0.47160", "2008-06-30": "0.47140", "2008-03-31": "0.45480", "2007-12-31": "0.45110", "2007-09-30": "0.46590", "2007-06-30": "0.46380", "2007-03-31": "0.48150", "2006-12-31": "0.50320", "2006-09-30": "0.49850", "2006-06-30": "0.51600", "2006-03-31": "0.50740", "2005-12-31": "0.49680", "2005-09-30": "0.48440", "2005-06-30": "0.49530", "2005-03-31": "0.48700"}, "Debt/Equity Ratio": {"2020-09-30": "1.22920", "2020-06-30": "1.24330", "2020-03-31": "1.23050", "2019-12-31": "1.18950", "2019-09-30": "1.14430", "2019-06-30": "1.15470", "2019-03-31": "1.16550", "2018-12-31": "1.22990", "2018-09-30": "1.12970", "2018-06-30": "1.14400", "2018-03-31": "1.11170", "2017-12-31": "1.07660", "2017-09-30": "1.03870", "2017-06-30": "1.12950", "2017-03-31": "1.08220", "2016-12-31": "1.10640", "2016-09-30": "1.02940", "2016-06-30": "1.08910", "2016-03-31": "1.07260", "2015-12-31": "1.09290", "2015-09-30": "1.03010", "2015-06-30": "1.06510", "2015-03-31": "0.99520", "2014-12-31": "1.02550", "2014-09-30": "0.99250", "2014-06-30": "1.01650", "2014-03-31": "1.00230", "2013-12-31": "1.01470", "2013-09-30": "1.00260", "2013-06-30": "1.04170", "2013-03-31": "1.00780", "2012-12-31": "0.95280", "2012-09-30": "0.93830", "2012-06-30": "1.02540", "2012-03-31": "0.95910", "2011-12-31": "0.91640", "2011-09-30": "0.91510", "2011-06-30": "0.93140", "2011-03-31": "0.97380", "2010-12-31": "0.94760", "2010-09-30": "1.06300", "2010-06-30": "1.04030", "2010-03-31": "1.04500", "2009-12-31": "1.01310", "2009-09-30": "1.06080", "2009-06-30": "1.04070", "2009-03-31": "1.07530", "2008-12-31": "1.01850", "2008-09-30": "0.98140", "2008-06-30": "0.95830", "2008-03-31": "0.98800", "2007-12-31": "0.99920", "2007-09-30": "1.00110", "2007-06-30": "0.95940", "2007-03-31": "1.06210", "2006-12-31": "1.07280", "2006-09-30": "1.10160", "2006-06-30": "1.11850", "2006-03-31": "1.07750", "2005-12-31": "1.09070", "2005-09-30": "1.01830", "2005-06-30": "1.06920", "2005-03-31": "1.01990"}, "Gross Margin": {"2020-09-30": "82.53830", "2020-06-30": "82.34650", "2020-03-31": "80.89050", "2019-12-31": "79.80350", "2019-09-30": "81.81280", "2019-06-30": "81.45040", "2019-03-31": "73.93280", "2018-12-31": "75.41540", "2018-09-30": "77.52400", "2018-06-30": "77.00300", "2018-03-31": "74.58380", "2017-12-31": "79.09490", "2017-09-30": "81.15850", "2017-06-30": "77.40220", "2017-03-31": "75.03100", "2016-12-31": "78.28660", "2016-09-30": "73.42700", "2016-06-30": "75.94850", "2016-03-31": "70.84920", "2015-12-31": "74.84300", "2015-09-30": "72.26260", "2015-06-30": "72.02300", "2015-03-31": "64.04870", "2014-12-31": "63.45000", "2014-09-30": "70.73750", "2014-06-30": "66.74680", "2014-03-31": "59.91030", "2013-12-31": "67.57320", "2013-09-30": "69.11600", "2013-06-30": "66.50110", "2013-03-31": "65.32660", "2012-12-31": "68.28680", "2012-09-30": "69.60440", "2012-06-30": "69.79430", "2012-03-31": "64.74980", "2011-12-31": "63.36190", "2011-09-30": "61.83520", "2011-06-30": "59.93990", "2011-03-31": "59.71930", "2010-12-31": "61.13410", "2010-09-30": "56.73050", "2010-06-30": "57.10970", "2010-03-31": "52.74410", "2009-12-31": "51.96950", "2009-09-30": "56.72110", "2009-06-30": "54.76270", "2009-03-31": "45.31110", "2008-12-31": "48.68290", "2008-09-30": "39.68380", "2008-06-30": "45.09370", "2008-03-31": "44.39470", "2007-12-31": "45.77010", "2007-09-30": "44.56550", "2007-06-30": "44.53840", "2007-03-31": "44.86150", "2006-12-31": "48.05590", "2006-09-30": "45.16130", "2006-06-30": "47.04500", "2006-03-31": "39.85530", "2005-12-31": "39.77230", "2005-09-30": "43.75190", "2005-06-30": "45.80380", "2005-03-31": "43.46430"}, "Operating Margin": {"2020-09-30": "25.80260", "2020-06-30": "17.61680", "2020-03-31": "24.98450", "2019-12-31": "19.14610", "2019-09-30": "25.76520", "2019-06-30": "16.69100", "2019-03-31": "22.36770", "2018-12-31": "22.27870", "2018-09-30": "24.81970", "2018-06-30": "15.80120", "2018-03-31": "22.44350", "2017-12-31": "19.72310", "2017-09-30": "28.46470", "2017-06-30": "17.62250", "2017-03-31": "25.15490", "2016-12-31": "25.22160", "2016-09-30": "27.50950", "2016-06-30": "18.43240", "2016-03-31": "20.34220", "2015-12-31": "14.73960", "2015-09-30": "24.10690", "2015-06-30": "16.92970", "2015-03-31": "20.07740", "2014-12-31": "8.83700", "2014-09-30": "24.15930", "2014-06-30": "15.63040", "2014-03-31": "18.07870", "2013-12-31": "16.63180", "2013-09-30": "24.54080", "2013-06-30": "13.69770", "2013-03-31": "16.52010", "2012-12-31": "15.58080", "2012-09-30": "24.75280", "2012-06-30": "17.14180", "2012-03-31": "18.22610", "2011-12-31": "15.74610", "2011-09-30": "20.83220", "2011-06-30": "13.29770", "2011-03-31": "18.69220", "2010-12-31": "15.73750", "2010-09-30": "19.01810", "2010-06-30": "14.21940", "2010-03-31": "14.21140", "2009-12-31": "12.91600", "2009-09-30": "19.63310", "2009-06-30": "13.07560", "2009-03-31": "12.24070", "2008-12-31": "12.73760", "2008-09-30": "10.44580", "2008-06-30": "18.99020", "2008-03-31": "15.01260", "2007-12-31": "13.29410", "2007-09-30": "15.22770", "2007-06-30": "11.59960", "2007-03-31": "15.78790", "2006-12-31": "14.60930", "2006-09-30": "14.96660", "2006-06-30": "12.25050", "2006-03-31": "12.45100", "2005-12-31": "9.46280", "2005-09-30": "17.08120", "2005-06-30": "11.06470", "2005-03-31": "14.00000"}, "EBIT Margin": {"2020-09-30": "25.80260", "2020-06-30": "17.61680", "2020-03-31": "24.98450", "2019-12-31": "19.14610", "2019-09-30": "25.76520", "2019-06-30": "16.69100", "2019-03-31": "22.36770", "2018-12-31": "22.27870", "2018-09-30": "24.81970", "2018-06-30": "15.80120", "2018-03-31": "22.44350", "2017-12-31": "19.72310", "2017-09-30": "28.46470", "2017-06-30": "17.62250", "2017-03-31": "25.15490", "2016-12-31": "25.22160", "2016-09-30": "27.50950", "2016-06-30": "18.43240", "2016-03-31": "20.34220", "2015-12-31": "14.73960", "2015-09-30": "24.10690", "2015-06-30": "16.92970", "2015-03-31": "20.07740", "2014-12-31": "8.83700", "2014-09-30": "24.15930", "2014-06-30": "15.63040", "2014-03-31": "18.07870", "2013-12-31": "16.63180", "2013-09-30": "24.54080", "2013-06-30": "13.69770", "2013-03-31": "16.52010", "2012-12-31": "15.58080", "2012-09-30": "24.75280", "2012-06-30": "17.14180", "2012-03-31": "18.22610", "2011-12-31": "15.74610", "2011-09-30": "20.83220", "2011-06-30": "13.29770", "2011-03-31": "18.69220", "2010-12-31": "15.73750", "2010-09-30": "19.01810", "2010-06-30": "14.21940", "2010-03-31": "14.21140", "2009-12-31": "12.91600", "2009-09-30": "19.63310", "2009-06-30": "13.07560", "2009-03-31": "12.24070", "2008-12-31": "12.73760", "2008-09-30": "10.44580", "2008-06-30": "18.99020", "2008-03-31": "15.01260", "2007-12-31": "13.29410", "2007-09-30": "15.22770", "2007-06-30": "11.59960", "2007-03-31": "15.78790", "2006-12-31": "14.60930", "2006-09-30": "14.96660", "2006-06-30": "12.25050", "2006-03-31": "12.45100", "2005-12-31": "9.46280", "2005-09-30": "17.08120", "2005-06-30": "11.06470", "2005-03-31": "14.00000"}, "EBITDA Margin": {"2020-09-30": "", "2020-06-30": "", "2020-03-31": "", "2019-12-31": "", "2019-09-30": "", "2019-06-30": "", "2019-03-31": "", "2018-12-31": "", "2018-09-30": "", "2018-06-30": "", "2018-03-31": "", "2017-12-31": "", "2017-09-30": "", "2017-06-30": "", "2017-03-31": "", "2016-12-31": "", "2016-09-30": "", "2016-06-30": "", "2016-03-31": "", "2015-12-31": "", "2015-09-30": "", "2015-06-30": "", "2015-03-31": "", "2014-12-31": "", "2014-09-30": "", "2014-06-30": "", "2014-03-31": "", "2013-12-31": "", "2013-09-30": "", "2013-06-30": "", "2013-03-31": "", "2012-12-31": "", "2012-09-30": "", "2012-06-30": "", "2012-03-31": "", "2011-12-31": "", "2011-09-30": "", "2011-06-30": "", "2011-03-31": "", "2010-12-31": "", "2010-09-30": "", "2010-06-30": "", "2010-03-31": "", "2009-12-31": "", "2009-09-30": "", "2009-06-30": "", "2009-03-31": "", "2008-12-31": "", "2008-09-30": "", "2008-06-30": "", "2008-03-31": "", "2007-12-31": "", "2007-09-30": "", "2007-06-30": "", "2007-03-31": "", "2006-12-31": "", "2006-09-30": "", "2006-06-30": "", "2006-03-31": "", "2005-12-31": "", "2005-09-30": "", "2005-06-30": "", "2005-03-31": ""}, "Pre-Tax Profit Margin": {"2020-09-30": "18.63190", "2020-06-30": "7.76020", "2020-03-31": "13.82190", "2019-12-31": "12.40260", "2019-09-30": "18.39520", "2019-06-30": "7.21570", "2019-03-31": "15.73710", "2018-12-31": "13.63170", "2018-09-30": "18.32930", "2018-06-30": "8.38280", "2018-03-31": "16.20100", "2017-12-31": "12.76600", "2017-09-30": "22.64090", "2017-06-30": "10.52030", "2017-03-31": "19.05210", "2016-12-31": "11.15210", "2016-09-30": "23.73430", "2016-06-30": "12.74160", "2016-03-31": "15.01900", "2015-12-31": "8.57040", "2015-09-30": "19.66310", "2015-06-30": "11.47780", "2015-03-31": "15.73560", "2014-12-31": "3.25200", "2014-09-30": "20.50150", "2014-06-30": "10.78670", "2014-03-31": "14.75320", "2013-12-31": "11.78520", "2013-09-30": "20.49370", "2013-06-30": "8.41020", "2013-03-31": "7.82040", "2012-12-31": "10.54810", "2012-09-30": "20.38980", "2012-06-30": "11.54820", "2012-03-31": "13.45030", "2011-12-31": "10.87480", "2011-09-30": "16.83660", "2011-06-30": "8.38620", "2011-03-31": "14.42220", "2010-12-31": "11.15010", "2010-09-30": "15.05260", "2010-06-30": "9.67850", "2010-03-31": "10.13870", "2009-12-31": "8.39690", "2009-09-30": "15.30520", "2009-06-30": "8.18980", "2009-03-31": "8.09230", "2008-12-31": "8.00270", "2008-09-30": "7.07620", "2008-06-30": "15.17940", "2008-03-31": "13.02770", "2007-12-31": "9.63740", "2007-09-30": "12.12630", "2007-06-30": "7.50760", "2007-03-31": "12.09410", "2006-12-31": "10.98530", "2006-09-30": "10.46210", "2006-06-30": "7.24070", "2006-03-31": "8.83330", "2005-12-31": "6.97260", "2005-09-30": "13.63500", "2005-06-30": "6.47180", "2005-03-31": "10.25000"}, "Net Profit Margin": {"2020-09-30": "14.79150", "2020-06-30": "6.98790", "2020-03-31": "11.59560", "2019-12-31": "9.96270", "2019-09-30": "14.05650", "2019-06-30": "5.53940", "2019-03-31": "12.06600", "2018-12-31": "11.22410", "2018-09-30": "13.07090", "2018-06-30": "6.97330", "2018-03-31": "12.72300", "2017-12-31": "17.05510", "2017-09-30": "14.23230", "2017-06-30": "6.64640", "2017-03-31": "12.01980", "2016-12-31": "7.60710", "2016-09-30": "14.54490", "2016-06-30": "8.30350", "2016-03-31": "9.82260", "2015-12-31": "6.50170", "2015-09-30": "12.43100", "2015-06-30": "7.85510", "2015-03-31": "10.23230", "2014-12-31": "2.93390", "2014-09-30": "12.86140", "2014-06-30": "7.28270", "2014-03-31": "9.52760", "2013-12-31": "8.15900", "2013-09-30": "13.31800", "2013-06-30": "6.10360", "2013-03-31": "6.03020", "2012-12-31": "7.13550", "2012-09-30": "12.79810", "2012-06-30": "7.72280", "2012-03-31": "8.99940", "2011-12-31": "6.58660", "2011-09-30": "10.55390", "2011-06-30": "5.51290", "2011-03-31": "9.28640", "2010-12-31": "7.42270", "2010-09-30": "9.44160", "2010-06-30": "6.06560", "2010-03-31": "6.52800", "2009-12-31": "6.16790", "2009-09-30": "9.63030", "2009-06-30": "5.27240", "2009-03-31": "5.25850", "2008-12-31": "5.30180", "2008-09-30": "4.71750", "2008-06-30": "17.52940", "2008-03-31": "8.47080", "2007-12-31": "6.41460", "2007-09-30": "8.71750", "2007-06-30": "5.20800", "2007-03-31": "7.62590", "2006-12-31": "7.58780", "2006-09-30": "6.71320", "2006-06-30": "4.85320", "2006-03-31": "5.45670", "2005-12-31": "4.90930", "2005-09-30": "8.54060", "2005-06-30": "4.80170", "2005-03-31": "6.46430"}, "Asset Turnover": {"2020-09-30": "0.05590", "2020-06-30": "0.04600", "2020-03-31": "0.05470", "2019-12-31": "0.05080", "2019-09-30": "0.06020", "2019-06-30": "0.04940", "2019-03-31": "0.06380", "2018-12-31": "0.05470", "2018-09-30": "0.06720", "2018-06-30": "0.05490", "2018-03-31": "0.06880", "2017-12-31": "0.06150", "2017-09-30": "0.06520", "2017-06-30": "0.05360", "2017-03-31": "0.06670", "2016-12-31": "0.05610", "2016-09-30": "0.07220", "2016-06-30": "0.05910", "2016-03-31": "0.06920", "2015-12-31": "0.05930", "2015-09-30": "0.07660", "2015-06-30": "0.06230", "2015-03-31": "0.08220", "2014-12-31": "0.06420", "2014-09-30": "0.08340", "2014-06-30": "0.07220", "2014-03-31": "0.09360", "2013-12-31": "0.07060", "2013-09-30": "0.08300", "2013-06-30": "0.06720", "2013-03-31": "0.07630", "2012-12-31": "0.07040", "2012-09-30": "0.08670", "2012-06-30": "0.06920", "2012-03-31": "0.07750", "2011-12-31": "0.07430", "2011-09-30": "0.09930", "2011-06-30": "0.08310", "2011-03-31": "0.09250", "2010-12-31": "0.08640", "2010-09-30": "0.10460", "2010-06-30": "0.08770", "2010-03-31": "0.10050", "2009-12-31": "0.09680", "2009-09-30": "0.10200", "2009-06-30": "0.08440", "2009-03-31": "0.10000", "2008-12-31": "0.08950", "2008-09-30": "0.13160", "2008-06-30": "0.10410", "2008-03-31": "0.12480", "2007-12-31": "0.11420", "2007-09-30": "0.12820", "2007-06-30": "0.10890", "2007-03-31": "0.12570", "2006-12-31": "0.09920", "2006-09-30": "0.13160", "2006-06-30": "0.10360", "2006-03-31": "0.13550", "2005-12-31": "0.11310", "2005-09-30": "0.13470", "2005-06-30": "0.09830", "2005-03-31": "0.11950"}, "Inventory Turnover Ratio": {"2020-09-30": "1.64870", "2020-06-30": "1.42860", "2020-03-31": "1.89570", "2019-12-31": "1.69320", "2019-09-30": "1.70950", "2019-06-30": "1.47970", "2019-03-31": "2.80120", "2018-12-31": "2.02510", "2018-09-30": "2.21300", "2018-06-30": "1.94970", "2018-03-31": "2.84050", "2017-12-31": "1.85330", "2017-09-30": "1.79530", "2017-06-30": "1.66670", "2017-03-31": "2.57510", "2016-12-31": "1.73450", "2016-09-30": "2.71040", "2016-06-30": "2.09350", "2016-03-31": "2.69010", "2015-12-31": "1.94570", "2015-09-30": "2.82540", "2015-06-30": "2.42990", "2015-03-31": "3.91570", "2014-12-31": "2.77960", "2014-09-30": "2.89210", "2014-06-30": "3.00620", "2014-03-31": "5.01320", "2013-12-31": "2.56200", "2013-09-30": "2.92390", "2013-06-30": "2.94080", "2013-03-31": "4.08890", "2012-12-31": "2.78790", "2012-09-30": "2.94370", "2012-06-30": "2.48370", "2012-03-31": "3.33850", "2011-12-31": "3.00000", "2011-09-30": "3.69330", "2011-06-30": "3.86770", "2011-03-31": "5.50610", "2010-12-31": "3.50570", "2010-09-30": "4.40660", "2010-06-30": "3.94510", "2010-03-31": "5.39930", "2009-12-31": "4.43100", "2009-09-30": "3.79400", "2009-06-30": "3.60500", "2009-03-31": "5.60480", "2008-12-31": "2.98260", "2008-09-30": "4.02600", "2008-06-30": "3.92950", "2008-03-31": "6.25470", "2007-12-31": "4.32100", "2007-09-30": "4.27590", "2007-06-30": "4.30450", "2007-03-31": "6.14950", "2006-12-31": "2.95280", "2006-09-30": "4.12010", "2006-06-30": "3.35730", "2006-03-31": "5.97310", "2005-12-31": "3.98350", "2005-09-30": "4.76400", "2005-06-30": "4.84330", "2005-03-31": "8.33160"}, "Receiveable Turnover": {"2020-09-30": "1.90780", "2020-06-30": "1.59660", "2020-03-31": "2.11790", "2019-12-31": "2.04930", "2019-09-30": "2.34820", "2019-06-30": "1.95440", "2019-03-31": "2.16250", "2018-12-31": "1.84200", "2018-09-30": "2.02680", "2018-06-30": "1.94240", "2018-03-31": "2.23080", "2017-12-31": "2.21140", "2017-09-30": "2.39990", "2017-06-30": "2.19600", "2017-03-31": "2.25420", "2016-12-31": "1.96230", "2016-09-30": "2.46180", "2016-06-30": "2.30340", "2016-03-31": "2.15870", "2015-12-31": "1.77860", "2015-09-30": "2.36470", "2015-06-30": "2.08220", "2015-03-31": "2.26990", "2014-12-31": "1.81580", "2014-09-30": "2.29360", "2014-06-30": "1.99380", "2014-03-31": "2.13340", "2013-12-31": "1.92350", "2013-09-30": "2.27710", "2013-06-30": "1.85270", "2013-03-31": "2.02800", "2012-12-31": "2.00070", "2012-09-30": "2.23970", "2012-06-30": "2.19570", "2012-03-31": "2.33540", "2011-12-31": "2.04420", "2011-09-30": "2.46200", "2011-06-30": "2.07990", "2011-03-31": "2.21940", "2010-12-31": "2.14120", "2010-09-30": "2.22780", "2010-06-30": "2.03440", "2010-03-31": "2.19950", "2009-12-31": "2.29660", "2009-09-30": "2.77120", "2009-06-30": "2.60290", "2009-03-31": "2.65350", "2008-12-31": "2.32120", "2008-09-30": "2.69600", "2008-06-30": "2.37480", "2008-03-31": "2.82770", "2007-12-31": "2.56520", "2007-09-30": "2.65110", "2007-06-30": "2.25210", "2007-03-31": "2.41510", "2006-12-31": "1.79720", "2006-09-30": "2.70520", "2006-06-30": "2.39680", "2006-03-31": "2.62630", "2005-12-31": "2.04730", "2005-09-30": "2.73970", "2005-06-30": "2.62040", "2005-03-31": "2.94120"}, "Days Sales In Receivables": {"2020-09-30": "47.17370", "2020-06-30": "56.37000", "2020-03-31": "42.49540", "2019-12-31": "43.91730", "2019-09-30": "38.32690", "2019-06-30": "46.04960", "2019-03-31": "41.61920", "2018-12-31": "48.86060", "2018-09-30": "44.40510", "2018-06-30": "46.33530", "2018-03-31": "40.34480", "2017-12-31": "40.69910", "2017-09-30": "37.50230", "2017-06-30": "40.98370", "2017-03-31": "39.92570", "2016-12-31": "45.86410", "2016-09-30": "36.55840", "2016-06-30": "39.07300", "2016-03-31": "41.69200", "2015-12-31": "50.60210", "2015-09-30": "38.05980", "2015-06-30": "43.22450", "2015-03-31": "39.64880", "2014-12-31": "49.56520", "2014-09-30": "39.23890", "2014-06-30": "45.13910", "2014-03-31": "42.18530", "2013-12-31": "46.78870", "2013-09-30": "39.52350", "2013-06-30": "48.57700", "2013-03-31": "44.37810", "2012-12-31": "44.98450", "2012-09-30": "40.18330", "2012-06-30": "40.98880", "2012-03-31": "38.53800", "2011-12-31": "44.02750", "2011-09-30": "36.55550", "2011-06-30": "43.27100", "2011-03-31": "40.55240", "2010-12-31": "42.03250", "2010-09-30": "40.39930", "2010-06-30": "44.23930", "2010-03-31": "40.91850", "2009-12-31": "39.18780", "2009-09-30": "32.47640", "2009-06-30": "34.57650", "2009-03-31": "33.91760", "2008-12-31": "38.77290", "2008-09-30": "33.38260", "2008-06-30": "37.89780", "2008-03-31": "31.82840", "2007-12-31": "35.08520", "2007-09-30": "33.94800", "2007-06-30": "39.96280", "2007-03-31": "37.26540", "2006-12-31": "50.07930", "2006-09-30": "33.26940", "2006-06-30": "37.54990", "2006-03-31": "34.26890", "2005-12-31": "43.95950", "2005-09-30": "32.84990", "2005-06-30": "34.34660", "2005-03-31": "30.60000"}, "ROE - Return On Equity": {"2020-09-30": "2.68290", "2020-06-30": "1.09540", "2020-03-31": "2.12270", "2019-12-31": "1.71860", "2019-09-30": "2.77380", "2019-06-30": "1.00200", "2019-03-31": "2.54270", "2018-12-31": "1.96570", "2018-09-30": "2.73620", "2018-06-30": "1.20090", "2018-03-31": "2.73290", "2017-12-31": "3.27390", "2017-09-30": "3.02450", "2017-06-30": "1.20710", "2017-03-31": "2.67480", "2016-12-31": "1.44000", "2016-09-30": "3.48160", "2016-06-30": "1.66210", "2016-03-31": "2.34830", "2015-12-31": "1.34750", "2015-09-30": "3.27990", "2015-06-30": "1.71130", "2015-03-31": "2.89740", "2014-12-31": "0.65950", "2014-09-30": "3.42880", "2014-06-30": "1.70210", "2014-03-31": "2.90520", "2013-12-31": "1.91100", "2013-09-30": "3.81390", "2013-06-30": "1.44740", "2013-03-31": "1.61490", "2012-12-31": "1.74400", "2012-09-30": "3.71560", "2012-06-30": "1.84820", "2012-03-31": "2.42530", "2011-12-31": "1.69640", "2011-09-30": "3.37000", "2011-06-30": "1.49320", "2011-03-31": "2.79580", "2010-12-31": "2.12460", "2010-09-30": "3.32080", "2010-06-30": "1.79190", "2010-03-31": "2.21490", "2009-12-31": "1.99040", "2009-09-30": "3.40940", "2009-06-30": "1.56960", "2009-03-31": "1.87940", "2008-12-31": "1.67040", "2008-09-30": "1.90270", "2008-06-30": "2.92360", "2008-03-31": "3.27070", "2007-12-31": "2.39090", "2007-09-30": "3.44830", "2007-06-30": "1.71470", "2007-03-31": "3.14370", "2006-12-31": "2.53620", "2006-09-30": "2.91370", "2006-06-30": "1.70850", "2006-03-31": "2.44500", "2005-12-31": "2.17510", "2005-09-30": "3.91220", "2005-06-30": "1.65130", "2005-03-31": "2.53540"}, "Return On Tangible Equity": {"2020-09-30": "2.99170", "2020-06-30": "1.22540", "2020-03-31": "2.37730", "2019-12-31": "1.93090", "2019-09-30": "3.12270", "2019-06-30": "1.13150", "2019-03-31": "2.88380", "2018-12-31": "2.24480", "2018-09-30": "2.83810", "2018-06-30": "1.24500", "2018-03-31": "2.83370", "2017-12-31": "3.39700", "2017-09-30": "3.13700", "2017-06-30": "1.25410", "2017-03-31": "2.78020", "2016-12-31": "1.49770", "2016-09-30": "3.58950", "2016-06-30": "1.71510", "2016-03-31": "2.42760", "2015-12-31": "1.39350", "2015-09-30": "3.39220", "2015-06-30": "1.77110", "2015-03-31": "2.99890", "2014-12-31": "0.68300", "2014-09-30": "3.54930", "2014-06-30": "1.76330", "2014-03-31": "3.01010", "2013-12-31": "1.98100", "2013-09-30": "3.95470", "2013-06-30": "1.50220", "2013-03-31": "1.67570", "2012-12-31": "1.80980", "2012-09-30": "3.85630", "2012-06-30": "1.91980", "2012-03-31": "2.51960", "2011-12-31": "1.72950", "2011-09-30": "3.43570", "2011-06-30": "1.52280", "2011-03-31": "2.85140", "2010-12-31": "2.16750", "2010-09-30": "3.39060", "2010-06-30": "1.82890", "2010-03-31": "2.26080", "2009-12-31": "2.03150", "2009-09-30": "3.48190", "2009-06-30": "1.60310", "2009-03-31": "1.91960", "2008-12-31": "1.70620", "2008-09-30": "1.94330", "2008-06-30": "2.98650", "2008-03-31": "3.34180", "2007-12-31": "2.44400", "2007-09-30": "3.55380", "2007-06-30": "1.76900", "2007-03-31": "3.25060", "2006-12-31": "2.62580", "2006-09-30": "3.01840", "2006-06-30": "1.77540", "2006-03-31": "2.54200", "2005-12-31": "2.26270", "2005-09-30": "4.07090", "2005-06-30": "1.72090", "2005-03-31": "2.64310"}, "ROA - Return On Assets": {"2020-09-30": "0.84240", "2020-06-30": "0.34190", "2020-03-31": "0.66260", "2019-12-31": "0.53890", "2019-09-30": "0.89920", "2019-06-30": "0.32190", "2019-03-31": "0.80810", "2018-12-31": "0.61390", "2018-09-30": "0.87800", "2018-06-30": "0.38320", "2018-03-31": "0.87530", "2017-12-31": "1.04970", "2017-09-30": "0.92800", "2017-06-30": "0.35640", "2017-03-31": "0.80220", "2016-12-31": "0.42690", "2016-09-30": "1.05040", "2016-06-30": "0.49080", "2016-03-31": "0.68010", "2015-12-31": "0.38560", "2015-09-30": "0.95170", "2015-06-30": "0.48940", "2015-03-31": "0.84130", "2014-12-31": "0.18830", "2014-09-30": "1.07210", "2014-06-30": "0.52590", "2014-03-31": "0.89180", "2013-12-31": "0.57570", "2013-09-30": "1.10570", "2013-06-30": "0.41030", "2013-03-31": "0.46000", "2012-12-31": "0.50230", "2012-09-30": "1.11020", "2012-06-30": "0.53430", "2012-03-31": "0.70530", "2011-12-31": "0.49470", "2011-09-30": "1.05650", "2011-06-30": "0.46640", "2011-03-31": "0.86770", "2010-12-31": "0.64650", "2010-09-30": "0.99570", "2010-06-30": "0.54090", "2010-03-31": "0.66480", "2009-12-31": "0.60280", "2009-09-30": "0.99090", "2009-06-30": "0.45390", "2009-03-31": "0.53470", "2008-12-31": "0.48360", "2008-09-30": "0.63090", "2008-06-30": "0.93540", "2008-03-31": "1.05700", "2007-12-31": "0.76780", "2007-09-30": "1.11080", "2007-06-30": "0.55620", "2007-03-31": "0.96620", "2006-12-31": "0.76030", "2006-09-30": "0.88370", "2006-06-30": "0.51110", "2006-03-31": "0.73540", "2005-12-31": "0.63990", "2005-09-30": "1.15880", "2005-06-30": "0.48420", "2005-03-31": "0.77250"}, "ROI - Return On Investment": {"2020-09-30": "1.32390", "2020-06-30": "0.53740", "2020-03-31": "1.03460", "2019-12-31": "0.85190", "2019-09-30": "1.41010", "2019-06-30": "0.50620", "2019-03-31": "1.29230", "2018-12-31": "0.96410", "2018-09-30": "1.38630", "2018-06-30": "0.60880", "2018-03-31": "1.40830", "2017-12-31": "1.67460", "2017-09-30": "1.53560", "2017-06-30": "0.59930", "2017-03-31": "1.32270", "2016-12-31": "0.70930", "2016-09-30": "1.77360", "2016-06-30": "0.83740", "2016-03-31": "1.21940", "2015-12-31": "0.70210", "2015-09-30": "1.74200", "2015-06-30": "0.88590", "2015-03-31": "1.51240", "2014-12-31": "0.34400", "2014-09-30": "1.83950", "2014-06-30": "0.90060", "2014-03-31": "1.51900", "2013-12-31": "1.02930", "2013-09-30": "2.04760", "2013-06-30": "0.76860", "2013-03-31": "0.85540", "2012-12-31": "0.94380", "2012-09-30": "2.02920", "2012-06-30": "0.99900", "2012-03-31": "1.29700", "2011-12-31": "0.89020", "2011-09-30": "1.75150", "2011-06-30": "0.75890", "2011-03-31": "1.41960", "2010-12-31": "1.07050", "2010-09-30": "1.64050", "2010-06-30": "0.87920", "2010-03-31": "1.12160", "2009-12-31": "1.00340", "2009-09-30": "1.73560", "2009-06-30": "0.77910", "2009-03-31": "0.91750", "2008-12-31": "0.84550", "2008-09-30": "0.98390", "2008-06-30": "1.51220", "2008-03-31": "1.74310", "2007-12-31": "1.28240", "2007-09-30": "1.79920", "2007-06-30": "0.89770", "2007-03-31": "1.58890", "2006-12-31": "1.22730", "2006-09-30": "1.42290", "2006-06-30": "0.80360", "2006-03-31": "1.17040", "2005-12-31": "1.06350", "2005-09-30": "1.96020", "2005-06-30": "0.80930", "2005-03-31": "1.26300"}, "Book Value Per Share": {"2020-09-30": "60.16400", "2020-06-30": "59.29580", "2020-03-31": "59.37940", "2019-12-31": "58.75160", "2019-09-30": "58.68610", "2019-06-30": "57.81550", "2019-03-31": "57.56910", "2018-12-31": "56.50670", "2018-09-30": "55.20140", "2018-06-30": "54.35760", "2018-03-31": "54.37850", "2017-12-31": "53.74560", "2017-09-30": "52.64810", "2017-06-30": "51.22970", "2017-03-31": "51.43970", "2016-12-31": "50.73050", "2016-09-30": "50.62060", "2016-06-30": "49.67260", "2016-03-31": "48.71220", "2015-12-31": "48.37410", "2015-09-30": "48.35240", "2015-06-30": "47.45550", "2015-03-31": "47.34560", "2014-12-31": "46.61110", "2014-09-30": "47.15550", "2014-06-30": "46.18540", "2014-03-31": "46.06220", "2013-12-31": "45.40870", "2013-09-30": "45.09700", "2013-06-30": "44.03660", "2013-03-31": "44.05750", "2012-12-31": "44.01450", "2012-09-30": "43.91440", "2012-06-30": "42.93560", "2012-03-31": "42.81000", "2011-12-31": "43.19340", "2011-09-30": "43.26160", "2011-06-30": "42.51140", "2011-03-31": "42.53310", "2010-12-31": "42.00370", "2010-09-30": "42.04130", "2010-06-30": "40.88130", "2010-03-31": "40.81060", "2009-12-31": "40.56360", "2009-09-30": "40.27790", "2009-06-30": "36.24300", "2009-03-31": "36.28020", "2008-12-31": "39.56310", "2008-09-30": "39.69370", "2008-06-30": "39.68450", "2008-03-31": "38.01580", "2007-12-31": "37.33330", "2007-09-30": "37.10320", "2007-06-30": "36.41660", "2007-03-31": "35.74260", "2006-12-31": "35.07850", "2006-09-30": "34.88420", "2006-06-30": "34.02320", "2006-03-31": "34.04010", "2005-12-31": "33.87590", "2005-09-30": "34.05850", "2005-06-30": "33.33970", "2005-03-31": "33.45160"}, "Operating Cash Flow Per Share": {"2020-09-30": 0.5563, "2020-06-30": 2.2911, "2020-03-31": "1.23130", "2019-12-31": 3.629, "2019-09-30": 1.2105, "2019-06-30": 3.2371, "2019-03-31": "1.43480", "2018-12-31": 3.4897, "2018-09-30": 1.7889, "2018-06-30": 2.8755, "2018-03-31": "0.45890", "2017-12-31": 3.7034, "2017-09-30": 2.0697, "2017-06-30": 3.6678, "2017-03-31": "1.46260", "2016-12-31": 3.8209, "2016-09-30": 2.2071, "2016-06-30": 3.6519, "2016-03-31": "1.77750", "2015-12-31": 3.6566, "2015-09-30": 2.4201, "2015-06-30": 3.1524, "2015-03-31": "1.90200", "2014-12-31": 3.6735, "2014-09-30": 1.6803, "2014-06-30": 3.5139, "2014-03-31": "0.76160", "2013-12-31": 4.4619, "2013-09-30": 1.2674, "2013-06-30": 3.2247, "2013-03-31": "-0.28550", "2012-12-31": 3.265, "2012-09-30": 1.3244, "2012-06-30": 2.8707, "2012-03-31": "1.36500", "2011-12-31": 3.3202, "2011-09-30": 1.9361, "2011-06-30": 4.1663, "2011-03-31": "1.23300", "2010-12-31": 4.9058, "2010-09-30": 0.6181, "2010-06-30": 2.8007, "2010-03-31": "0.00350", "2009-12-31": 3.6026, "2009-09-30": 0.0809, "2009-06-30": 2.8919, "2009-03-31": "2.34970", "2008-12-31": 2.1566, "2008-09-30": -4.534, "2008-06-30": 2.6653, "2008-03-31": "2.05130", "2007-12-31": 2.4505, "2007-09-30": 0.324, "2007-06-30": 1.2393, "2007-03-31": "1.84480", "2006-12-31": 2.8255, "2006-09-30": -0.671, "2006-06-30": 0.8615, "2006-03-31": "2.39350", "2005-12-31": 0.7223, "2005-09-30": 2.3505, "2005-06-30": -1.4303, "2005-03-31": "1.58590"}, "Free Cash Flow Per Share": {"2020-09-30": -2.5644, "2020-06-30": -0.5772, "2020-03-31": "-1.65270", "2019-12-31": 0.966, "2019-09-30": -1.5541, "2019-06-30": 0.4162, "2019-03-31": "-1.20900", "2018-12-31": 0.5924, "2018-09-30": -1.4248, "2018-06-30": -0.1484, "2018-03-31": "-2.39090", "2017-12-31": 0.2248, "2017-09-30": -0.6293, "2017-06-30": 0.8333, "2017-03-31": "-1.36790", "2016-12-31": -0.3966, "2016-09-30": 0.2796, "2016-06-30": 0.6669, "2016-03-31": "-1.12960", "2015-12-31": 0.5608, "2015-09-30": -0.6458, "2015-06-30": 0.381, "2015-03-31": "-0.28240", "2014-12-31": 1.8231, "2014-09-30": -0.6939, "2014-06-30": 1.2037, "2014-03-31": "-1.29890", "2013-12-31": 1.8793, "2013-09-30": -0.9684, "2013-06-30": 0.9829, "2013-03-31": "-2.58330", "2012-12-31": 1.1986, "2012-09-30": -0.2955, "2012-06-30": 0.7132, "2012-03-31": "-0.41090", "2011-12-31": 1.4483, "2011-09-30": 0.2393, "2011-06-30": 2.0395, "2011-03-31": "-0.32020", "2010-12-31": 2.8356, "2010-09-30": -1.2936, "2010-06-30": 0.8618, "2010-03-31": "-1.64130", "2009-12-31": 1.0575, "2009-09-30": -1.8326, "2009-06-30": 0.7361, "2009-03-31": "0.42260", "2008-12-31": -0.7173, "2008-09-30": -6.6623, "2008-06-30": 0.446, "2008-03-31": "0.04760", "2007-12-31": -0.0304, "2007-09-30": -1.5091, "2007-06-30": -0.5361, "2007-03-31": "0.10030", "2006-12-31": 0.5029, "2006-09-30": -2.543, "2006-06-30": -1.3141, "2006-03-31": "0.93310", "2005-12-31": -1.8151, "2005-09-30": 0.7873, "2005-06-30": -2.1537, "2005-03-31": "1.15450"}}, "revenue": {"Consolidated Edison Inc Annual Revenue (Millions of US $)": {"2019": "$12,574", "2018": "$12,337", "2017": "$12,033", "2016": "$12,075", "2015": "$12,554", "2014": "$12,919", "2013": "$12,354", "2012": "$12,188", "2011": "$12,886", "2010": "$13,325", "2009": "$13,032", "2008": "$13,583", "2007": "$13,120", "2006": "$11,962", "2005": "$11,343"}, "Consolidated Edison Inc Quarterly Revenue (Millions of US $)": {"2020-09-30": "$3,333", "2020-06-30": "$2,719", "2020-03-31": "$3,234", "2019-12-31": "$2,951", "2019-09-30": "$3,365", "2019-06-30": "$2,744", "2019-03-31": "$3,514", "2018-12-31": "$2,949", "2018-09-30": "$3,328", "2018-06-30": "$2,696", "2018-03-31": "$3,364", "2017-12-31": "$2,961", "2017-09-30": "$3,211", "2017-06-30": "$2,633", "2017-03-31": "$3,228", "2016-12-31": "$2,708", "2016-09-30": "$3,417", "2016-06-30": "$2,794", "2016-03-31": "$3,156", "2015-12-31": "$2,707", "2015-09-30": "$3,443", "2015-06-30": "$2,788", "2015-03-31": "$3,616", "2014-12-31": "$2,829", "2014-09-30": "$3,390", "2014-06-30": "$2,911", "2014-03-31": "$3,789", "2013-12-31": "$2,868", "2013-09-30": "$3,484", "2013-06-30": "$2,818", "2013-03-31": "$3,184", "2012-12-31": "$2,901", "2012-09-30": "$3,438", "2012-06-30": "$2,771", "2012-03-31": "$3,078", "2011-12-31": "$2,915", "2011-09-30": "$3,629", "2011-06-30": "$2,993", "2011-03-31": "$3,349", "2010-12-31": "$3,139", "2010-09-30": "$3,707", "2010-06-30": "$3,017", "2010-03-31": "$3,462", "2009-12-31": "$3,275", "2009-09-30": "$3,489", "2009-06-30": "$2,845", "2009-03-31": "$3,423", "2008-12-31": "$2,999", "2008-09-30": "$3,858", "2008-06-30": "$3,149", "2008-03-31": "$3,577", "2007-12-31": "$3,227", "2007-09-30": "$3,579", "2007-06-30": "$2,957", "2007-03-31": "$3,357", "2006-12-31": "$2,649", "2006-09-30": "$3,441", "2006-06-30": "$2,555", "2006-03-31": "$3,317", "2005-12-31": "$2,811", "2005-09-30": "$3,337", "2005-06-30": "$2,395", "2005-03-31": "$2,800"}}, "gross-profit": {"Consolidated Edison Inc Annual Gross Profit (Millions of US $)": {"2019": "$9,941", "2018": "$9,389", "2017": "$9,408", "2016": "$8,987", "2015": "$8,838", "2014": "$8,406", "2013": "$8,300", "2012": "$8,301", "2011": "$7,885", "2010": "$7,571", "2009": "$6,790", "2008": "$5,999", "2007": "$5,895", "2006": "$5,351", "2005": "$4,892"}, "Consolidated Edison Inc Quarterly Gross Profit (Millions of US $)": {"2020-09-30": "$2,751", "2020-06-30": "$2,239", "2020-03-31": "$2,616", "2019-12-31": "$2,355", "2019-09-30": "$2,753", "2019-06-30": "$2,235", "2019-03-31": "$2,598", "2018-12-31": "$2,224", "2018-09-30": "$2,580", "2018-06-30": "$2,076", "2018-03-31": "$2,509", "2017-12-31": "$2,342", "2017-09-30": "$2,606", "2017-06-30": "$2,038", "2017-03-31": "$2,422", "2016-12-31": "$2,120", "2016-09-30": "$2,509", "2016-06-30": "$2,122", "2016-03-31": "$2,236", "2015-12-31": "$2,026", "2015-09-30": "$2,488", "2015-06-30": "$2,008", "2015-03-31": "$2,316", "2014-12-31": "$1,795", "2014-09-30": "$2,398", "2014-06-30": "$1,943", "2014-03-31": "$2,270", "2013-12-31": "$1,938", "2013-09-30": "$2,408", "2013-06-30": "$1,874", "2013-03-31": "$2,080", "2012-12-31": "$1,981", "2012-09-30": "$2,393", "2012-06-30": "$1,934", "2012-03-31": "$1,993", "2011-12-31": "$1,847", "2011-09-30": "$2,244", "2011-06-30": "$1,794", "2011-03-31": "$2,000", "2010-12-31": "$1,919", "2010-09-30": "$2,103", "2010-06-30": "$1,723", "2010-03-31": "$1,826", "2009-12-31": "$1,702", "2009-09-30": "$1,979", "2009-06-30": "$1,558", "2009-03-31": "$1,551", "2008-12-31": "$1,460", "2008-09-30": "$1,531", "2008-06-30": "$1,420", "2008-03-31": "$1,588", "2007-12-31": "$1,477", "2007-09-30": "$1,595", "2007-06-30": "$1,317", "2007-03-31": "$1,506", "2006-12-31": "$1,273", "2006-09-30": "$1,554", "2006-06-30": "$1,202", "2006-03-31": "$1,322", "2005-12-31": "$1,118", "2005-09-30": "$1,460", "2005-06-30": "$1,097", "2005-03-31": "$1,217"}}, "operating-income": {"Consolidated Edison Inc Annual Operating Income (Millions of US $)": {"2019": "$2,676", "2018": "$2,664", "2017": "$2,774", "2016": "$2,780", "2015": "$2,427", "2014": "$2,209", "2013": "$2,244", "2012": "$2,339", "2011": "$2,239", "2010": "$2,120", "2009": "$1,899", "2008": "$1,920", "2007": "$1,847", "2006": "$1,628", "2005": "$1,493"}, "Consolidated Edison Inc Quarterly Operating Income (Millions of US $)": {"2020-09-30": "$860", "2020-06-30": "$479", "2020-03-31": "$808", "2019-12-31": "$565", "2019-09-30": "$867", "2019-06-30": "$458", "2019-03-31": "$786", "2018-12-31": "$657", "2018-09-30": "$826", "2018-06-30": "$426", "2018-03-31": "$755", "2017-12-31": "$584", "2017-09-30": "$914", "2017-06-30": "$464", "2017-03-31": "$812", "2016-12-31": "$683", "2016-09-30": "$940", "2016-06-30": "$515", "2016-03-31": "$642", "2015-12-31": "$399", "2015-09-30": "$830", "2015-06-30": "$472", "2015-03-31": "$726", "2014-12-31": "$250", "2014-09-30": "$819", "2014-06-30": "$455", "2014-03-31": "$685", "2013-12-31": "$477", "2013-09-30": "$855", "2013-06-30": "$386", "2013-03-31": "$526", "2012-12-31": "$452", "2012-09-30": "$851", "2012-06-30": "$475", "2012-03-31": "$561", "2011-12-31": "$459", "2011-09-30": "$756", "2011-06-30": "$398", "2011-03-31": "$626", "2010-12-31": "$494", "2010-09-30": "$705", "2010-06-30": "$429", "2010-03-31": "$492", "2009-12-31": "$423", "2009-09-30": "$685", "2009-06-30": "$372", "2009-03-31": "$419", "2008-12-31": "$382", "2008-09-30": "$403", "2008-06-30": "$598", "2008-03-31": "$537", "2007-12-31": "$429", "2007-09-30": "$545", "2007-06-30": "$343", "2007-03-31": "$530", "2006-12-31": "$387", "2006-09-30": "$515", "2006-06-30": "$313", "2006-03-31": "$413", "2005-12-31": "$266", "2005-09-30": "$570", "2005-06-30": "$265", "2005-03-31": "$392"}}, "ebitda": {"Consolidated Edison Inc Annual EBITDA (Millions of US $)": {"2019": "$4,360", "2018": "$4,102", "2017": "$4,115", "2016": "$3,996", "2015": "$3,557", "2014": "$3,280", "2013": "$3,268", "2012": "$3,294", "2011": "$3,172", "2010": "$2,973", "2009": "$2,627", "2008": "$2,461", "2007": "$2,514", "2006": "$2,248", "2005": "$2,077"}, "Consolidated Edison Inc Quarterly EBITDA (Millions of US $)": {"2020-09-30": "$1,342", "2020-06-30": "$955", "2020-03-31": "$1,278", "2019-12-31": "$996", "2019-09-30": "$1,289", "2019-06-30": "$876", "2019-03-31": "$1,199", "2018-12-31": "$1,034", "2018-09-30": "$1,185", "2018-06-30": "$780", "2018-03-31": "$1,103", "2017-12-31": "$927", "2017-09-30": "$1,250", "2017-06-30": "$797", "2017-03-31": "$1,141", "2016-12-31": "$994", "2016-09-30": "$1,246", "2016-06-30": "$817", "2016-03-31": "$939", "2015-12-31": "$689", "2015-09-30": "$1,115", "2015-06-30": "$748", "2015-03-31": "$1,005", "2014-12-31": "$525", "2014-09-30": "$1,089", "2014-06-30": "$720", "2014-03-31": "$946", "2013-12-31": "$737", "2013-09-30": "$1,113", "2013-06-30": "$641", "2013-03-31": "$777", "2012-12-31": "$698", "2012-09-30": "$1,091", "2012-06-30": "$680", "2012-03-31": "$825", "2011-12-31": "$694", "2011-09-30": "$988", "2011-06-30": "$627", "2011-03-31": "$863", "2010-12-31": "$721", "2010-09-30": "$916", "2010-06-30": "$640", "2010-03-31": "$696", "2009-12-31": "$600", "2009-09-30": "$860", "2009-06-30": "$546", "2009-03-31": "$621", "2008-12-31": "$527", "2008-09-30": "$557", "2008-06-30": "$743", "2008-03-31": "$634", "2007-12-31": "$831", "2007-09-30": "$635", "2007-06-30": "$430", "2007-03-31": "$618", "2006-12-31": "$734", "2006-09-30": "$620", "2006-06-30": "$380", "2006-03-31": "$514", "2005-12-31": "$498", "2005-09-30": "$672", "2005-06-30": "$374", "2005-03-31": "$533"}}, "net-income": {"Consolidated Edison Inc Annual Net Income (Millions of US $)": {"2019": "$1,343", "2018": "$1,382", "2017": "$1,525", "2016": "$1,245", "2015": "$1,193", "2014": "$1,092", "2013": "$1,062", "2012": "$1,138", "2011": "$1,051", "2010": "$992", "2009": "$868", "2008": "$1,196", "2007": "$929", "2006": "$737", "2005": "$719"}, "Consolidated Edison Inc Quarterly Net Income (Millions of US $)": {"2020-09-30": "$493", "2020-06-30": "$190", "2020-03-31": "$375", "2019-12-31": "$294", "2019-09-30": "$473", "2019-06-30": "$152", "2019-03-31": "$424", "2018-12-31": "$331", "2018-09-30": "$435", "2018-06-30": "$188", "2018-03-31": "$428", "2017-12-31": "$505", "2017-09-30": "$457", "2017-06-30": "$175", "2017-03-31": "$388", "2016-12-31": "$206", "2016-09-30": "$497", "2016-06-30": "$232", "2016-03-31": "$310", "2015-12-31": "$176", "2015-09-30": "$428", "2015-06-30": "$219", "2015-03-31": "$370", "2014-12-31": "$83", "2014-09-30": "$436", "2014-06-30": "$212", "2014-03-31": "$361", "2013-12-31": "$234", "2013-09-30": "$464", "2013-06-30": "$172", "2013-03-31": "$192", "2012-12-31": "$207", "2012-09-30": "$440", "2012-06-30": "$214", "2012-03-31": "$277", "2011-12-31": "$192", "2011-09-30": "$383", "2011-06-30": "$165", "2011-03-31": "$311", "2010-12-31": "$233", "2010-09-30": "$350", "2010-06-30": "$183", "2010-03-31": "$226", "2009-12-31": "$202", "2009-09-30": "$336", "2009-06-30": "$150", "2009-03-31": "$180", "2008-12-31": "$159", "2008-09-30": "$182", "2008-06-30": "$552", "2008-03-31": "$303", "2007-12-31": "$207", "2007-09-30": "$312", "2007-06-30": "$154", "2007-03-31": "$256", "2006-12-31": "$201", "2006-09-30": "$231", "2006-06-30": "$124", "2006-03-31": "$181", "2005-12-31": "$138", "2005-09-30": "$285", "2005-06-30": "$115", "2005-03-31": "$181"}}, "eps-earnings-per-share-diluted": {"Consolidated Edison Inc Annual EPS": {"2019": "$4.08", "2018": "$4.42", "2017": "$4.94", "2016": "$4.12", "2015": "$4.05", "2014": "$3.71", "2013": "$3.61", "2012": "$3.86", "2011": "$3.57", "2010": "$3.47", "2009": "$3.14", "2008": "$4.37", "2007": "$3.47", "2006": "$2.95", "2005": "$2.94"}, "Consolidated Edison Inc Quarterly EPS": {"2020-09-30": "$1.47", "2020-06-30": "$0.57", "2020-03-31": "$1.12", "2019-12-31": "$0.89", "2019-09-30": "$1.42", "2019-06-30": "$0.46", "2019-03-31": "$1.31", "2018-12-31": "$1.05", "2018-09-30": "$1.40", "2018-06-30": "$0.60", "2018-03-31": "$1.37", "2017-12-31": "$1.62", "2017-09-30": "$1.48", "2017-06-30": "$0.57", "2017-03-31": "$1.27", "2016-12-31": "$0.68", "2016-09-30": "$1.62", "2016-06-30": "$0.77", "2016-03-31": "$1.05", "2015-12-31": "$0.60", "2015-09-30": "$1.45", "2015-06-30": "$0.74", "2015-03-31": "$1.26", "2014-12-31": "$0.28", "2014-09-30": "$1.48", "2014-06-30": "$0.72", "2014-03-31": "$1.23", "2013-12-31": "$0.79", "2013-09-30": "$1.58", "2013-06-30": "$0.59", "2013-03-31": "$0.65", "2012-12-31": "$0.70", "2012-09-30": "$1.49", "2012-06-30": "$0.73", "2012-03-31": "$0.94", "2011-12-31": "$0.65", "2011-09-30": "$1.30", "2011-06-30": "$0.56", "2011-03-31": "$1.06", "2010-12-31": "$0.80", "2010-09-30": "$1.23", "2010-06-30": "$0.64", "2010-03-31": "$0.80", "2009-12-31": "$0.71", "2009-09-30": "$1.22", "2009-06-30": "$0.55", "2009-03-31": "$0.66", "2008-12-31": "$0.58", "2008-09-30": "$0.66", "2008-06-30": "$2.02", "2008-03-31": "$1.11", "2007-12-31": "$0.75", "2007-09-30": "$1.15", "2007-06-30": "$0.58", "2007-03-31": "$0.99", "2006-12-31": "$0.79", "2006-09-30": "$0.92", "2006-06-30": "$0.50", "2006-03-31": "$0.74", "2005-12-31": "$0.56", "2005-09-30": "$1.16", "2005-06-30": "$0.47", "2005-03-31": "$0.75"}}, "shares-outstanding": {"Consolidated Edison Inc Annual Shares Outstanding (Millions of Shares)": {"2019": "330", "2018": "313", "2017": "309", "2016": "302", "2015": "294", "2014": "294", "2013": "294", "2012": "295", "2011": "294", "2010": "286", "2009": "276", "2008": "274", "2007": "267", "2006": "250", "2005": "245"}, "Consolidated Edison Inc Quarterly Shares Outstanding (Millions of Shares)": {"2020-09-30": "335", "2020-06-30": "335", "2020-03-31": "335", "2019-12-31": "330", "2019-09-30": "333", "2019-06-30": "329", "2019-03-31": "323", "2018-12-31": "313", "2018-09-30": "312", "2018-06-30": "312", "2018-03-31": "312", "2017-12-31": "309", "2017-09-30": "309", "2017-06-30": "307", "2017-03-31": "306", "2016-12-31": "302", "2016-09-30": "306", "2016-06-30": "300", "2016-03-31": "295", "2015-12-31": "294", "2015-09-30": "294", "2015-06-30": "294", "2015-03-31": "294", "2014-12-31": "294", "2014-09-30": "294", "2014-06-30": "294", "2014-03-31": "294", "2013-12-31": "294", "2013-09-30": "294", "2013-06-30": "294", "2013-03-31": "294", "2012-12-31": "295", "2012-09-30": "295", "2012-06-30": "294", "2012-03-31": "295", "2011-12-31": "294", "2011-09-30": "295", "2011-06-30": "294", "2011-03-31": "294", "2010-12-31": "286", "2010-09-30": "285", "2010-06-30": "284", "2010-03-31": "283", "2009-12-31": "276", "2009-09-30": "276", "2009-06-30": "275", "2009-03-31": "275", "2008-12-31": "274", "2008-09-30": "274", "2008-06-30": "274", "2008-03-31": "273", "2007-12-31": "267", "2007-09-30": "272", "2007-06-30": "266", "2007-03-31": "259", "2006-12-31": "250", "2006-09-30": "250", "2006-06-30": "247", "2006-03-31": "247", "2005-12-31": "245", "2005-09-30": "245", "2005-06-30": "244", "2005-03-31": "243"}}, "total-assets": {"Consolidated Edison Inc Annual Total Assets (Millions of US $)": {"2019": "$58,079", "2018": "$53,920", "2017": "$48,111", "2016": "$48,255", "2015": "$45,642", "2014": "$44,071", "2013": "$40,647", "2012": "$41,209", "2011": "$39,214", "2010": "$36,348", "2009": "$33,844", "2008": "$33,498", "2007": "$28,262", "2006": "$26,699", "2005": "$24,848"}, "Consolidated Edison Inc Quarterly Total Assets (Millions of US $)": {"2020-09-30": "$59,595", "2020-06-30": "$59,081", "2020-03-31": "$59,159", "2019-12-31": "$58,079", "2019-09-30": "$55,940", "2019-06-30": "$55,602", "2019-03-31": "$55,066", "2018-12-31": "$53,920", "2018-09-30": "$49,544", "2018-06-30": "$49,064", "2018-03-31": "$48,900", "2017-12-31": "$48,111", "2017-09-30": "$49,246", "2017-06-30": "$49,099", "2017-03-31": "$48,365", "2016-12-31": "$48,255", "2016-09-30": "$47,316", "2016-06-30": "$47,270", "2016-03-31": "$45,580", "2015-12-31": "$45,642", "2015-09-30": "$44,971", "2015-06-30": "$44,751", "2015-03-31": "$43,977", "2014-12-31": "$44,071", "2014-09-30": "$40,667", "2014-06-30": "$40,311", "2014-03-31": "$40,481", "2013-12-31": "$40,647", "2013-09-30": "$41,964", "2013-06-30": "$41,922", "2013-03-31": "$41,736", "2012-12-31": "$41,209", "2012-09-30": "$39,633", "2012-06-30": "$40,049", "2012-03-31": "$39,701", "2011-12-31": "$39,214", "2011-09-30": "$36,535", "2011-06-30": "$36,019", "2011-03-31": "$36,186", "2010-12-31": "$36,348", "2010-09-30": "$35,452", "2010-06-30": "$34,389", "2010-03-31": "$34,449", "2009-12-31": "$33,844", "2009-09-30": "$34,212", "2009-06-30": "$33,710", "2009-03-31": "$34,224", "2008-12-31": "$33,498", "2008-09-30": "$29,322", "2008-06-30": "$30,254", "2008-03-31": "$28,665", "2007-12-31": "$28,262", "2007-09-30": "$27,908", "2007-06-30": "$27,150", "2007-03-31": "$26,703", "2006-12-31": "$26,699", "2006-09-30": "$26,141", "2006-06-30": "$24,654", "2006-03-31": "$24,476", "2005-12-31": "$24,848", "2005-09-30": "$24,768", "2005-06-30": "$24,371", "2005-03-31": "$23,430"}}, "cash-on-hand": {"Consolidated Edison Inc Annual Cash on Hand (Millions of US $)": {"2019": "$1,217", "2018": "$1,006", "2017": "$844", "2016": "$830", "2015": "$944", "2014": "$699", "2013": "$674", "2012": "$394", "2011": "$648", "2010": "$338", "2009": "$260", "2008": "$74", "2007": "$210", "2006": "$112", "2005": "$96"}, "Consolidated Edison Inc Quarterly Cash on Hand (Millions of US $)": {"2020-09-30": "$314", "2020-06-30": "$1,345", "2020-03-31": "$1,574", "2019-12-31": "$1,217", "2019-09-30": "$253", "2019-06-30": "$970", "2019-03-31": "$474", "2018-12-31": "$1,006", "2018-09-30": "$245", "2018-06-30": "$921", "2018-03-31": "$683", "2017-12-31": "$844", "2017-09-30": "$110", "2017-06-30": "$842", "2017-03-31": "$102", "2016-12-31": "$830", "2016-09-30": "$150", "2016-06-30": "$862", "2016-03-31": "$61", "2015-12-31": "$944", "2015-09-30": "$91", "2015-06-30": "$709", "2015-03-31": "$117", "2014-12-31": "$699", "2014-09-30": "$205", "2014-06-30": "$774", "2014-03-31": "$102", "2013-12-31": "$674", "2013-09-30": "$74", "2013-06-30": "$747", "2013-03-31": "$132", "2012-12-31": "$394", "2012-09-30": "$69", "2012-06-30": "$1,381", "2012-03-31": "$769", "2011-12-31": "$648", "2011-09-30": "$398", "2011-06-30": "$492", "2011-03-31": "$516", "2010-12-31": "$338", "2010-09-30": "$198", "2010-06-30": "$178", "2010-03-31": "$87", "2009-12-31": "$260", "2009-09-30": "$75", "2009-06-30": "$311", "2009-03-31": "$651", "2008-12-31": "$74", "2008-09-30": "$69", "2008-06-30": "$1,758", "2008-03-31": "$145", "2007-12-31": "$210", "2007-09-30": "$209", "2007-06-30": "$203", "2007-03-31": "$183", "2006-12-31": "$112", "2006-09-30": "$253", "2006-06-30": "$81", "2006-03-31": "$200", "2005-12-31": "$96", "2005-09-30": "$139", "2005-06-30": "$962", "2005-03-31": "$496"}}, "long-term-debt": {"Consolidated Edison Inc Annual Long Term Debt (Millions of US $)": {"2019": "$18,527", "2018": "$17,495", "2017": "$14,731", "2016": "$14,735", "2015": "$12,006", "2014": "$11,546", "2013": "$10,489", "2012": "$10,064", "2011": "$10,145", "2010": "$10,678", "2009": "$9,868", "2008": "$9,249", "2007": "$7,633", "2006": "$8,324", "2005": "$7,428"}, "Consolidated Edison Inc Quarterly Long Term Debt (Millions of US $)": {"2020-09-30": "$19,206", "2020-06-30": "$19,149", "2020-03-31": "$19,423", "2019-12-31": "$18,527", "2019-09-30": "$17,537", "2019-06-30": "$17,496", "2019-03-31": "$16,933", "2018-12-31": "$17,495", "2018-09-30": "$15,480", "2018-06-30": "$15,225", "2018-03-31": "$14,730", "2017-12-31": "$14,731", "2017-09-30": "$14,651", "2017-06-30": "$14,703", "2017-03-31": "$14,829", "2016-12-31": "$14,735", "2016-09-30": "$13,747", "2016-06-30": "$13,747", "2016-03-31": "$12,222", "2015-12-31": "$12,006", "2015-09-30": "$11,521", "2015-06-30": "$11,925", "2015-03-31": "$11,694", "2014-12-31": "$11,546", "2014-09-30": "$10,986", "2014-06-30": "$11,085", "2014-03-31": "$11,339", "2013-12-31": "$10,489", "2013-09-30": "$10,495", "2013-06-30": "$10,496", "2013-03-31": "$10,556", "2012-12-31": "$10,064", "2012-09-30": "$9,841", "2012-06-30": "$9,842", "2012-03-31": "$10,043", "2011-12-31": "$10,145", "2011-09-30": "$10,371", "2011-06-30": "$10,673", "2011-03-31": "$10,675", "2010-12-31": "$10,678", "2010-09-30": "$10,675", "2010-06-30": "$10,562", "2010-03-31": "$9,866", "2009-12-31": "$9,868", "2009-09-30": "$9,376", "2009-06-30": "$9,678", "2009-03-31": "$9,995", "2008-12-31": "$9,249", "2008-09-30": "$8,867", "2008-06-30": "$8,821", "2008-03-31": "$7,906", "2007-12-31": "$7,633", "2007-09-30": "$8,027", "2007-06-30": "$7,802", "2007-03-31": "$7,818", "2006-12-31": "$8,324", "2006-09-30": "$8,093", "2006-06-30": "$8,091", "2006-03-31": "$7,804", "2005-12-31": "$7,428", "2005-09-30": "$7,092", "2005-06-30": "$7,221", "2005-03-31": "$6,979"}}, "total-liabilities": {"Consolidated Edison Inc Annual Total Liabilities (Millions of US $)": {"2019": "$39,866", "2018": "$37,081", "2017": "$32,686", "2016": "$33,949", "2015": "$32,581", "2014": "$31,486", "2013": "$28,402", "2012": "$29,340", "2011": "$27,565", "2010": "$25,074", "2009": "$23,382", "2008": "$23,587", "2007": "$18,973", "2006": "$18,482", "2005": "$17,325"}, "Consolidated Edison Inc Quarterly Total Liabilities (Millions of US $)": {"2020-09-30": "$40,884", "2020-06-30": "$40,640", "2020-03-31": "$40,692", "2019-12-31": "$39,866", "2019-09-30": "$37,806", "2019-06-30": "$37,737", "2019-03-31": "$37,565", "2018-12-31": "$37,081", "2018-09-30": "$33,646", "2018-06-30": "$33,409", "2018-03-31": "$33,239", "2017-12-31": "$32,686", "2017-09-30": "$34,136", "2017-06-30": "$34,601", "2017-03-31": "$33,859", "2016-12-31": "$33,949", "2016-09-30": "$33,041", "2016-06-30": "$33,312", "2016-03-31": "$32,379", "2015-12-31": "$32,581", "2015-09-30": "$31,922", "2015-06-30": "$31,954", "2015-03-31": "$31,207", "2014-12-31": "$31,486", "2014-09-30": "$27,951", "2014-06-30": "$27,856", "2014-03-31": "$28,055", "2013-12-31": "$28,402", "2013-09-30": "$29,798", "2013-06-30": "$30,039", "2013-03-31": "$29,847", "2012-12-31": "$29,340", "2012-09-30": "$27,791", "2012-06-30": "$28,470", "2012-03-31": "$28,156", "2011-12-31": "$27,565", "2011-09-30": "$24,868", "2011-06-30": "$24,555", "2011-03-31": "$24,742", "2010-12-31": "$25,074", "2010-09-30": "$24,609", "2010-06-30": "$23,796", "2010-03-31": "$23,897", "2009-12-31": "$23,382", "2009-09-30": "$24,056", "2009-06-30": "$23,749", "2009-03-31": "$24,274", "2008-12-31": "$23,587", "2008-09-30": "$19,386", "2008-06-30": "$20,361", "2008-03-31": "$19,188", "2007-12-31": "$18,973", "2007-09-30": "$18,705", "2007-06-30": "$18,131", "2007-03-31": "$18,283", "2006-12-31": "$18,482", "2006-09-30": "$18,000", "2006-06-30": "$17,066", "2006-03-31": "$16,901", "2005-12-31": "$17,325", "2005-09-30": "$17,219", "2005-06-30": "$17,012", "2005-03-31": "$16,078"}}, "total-share-holder-equity": {"Consolidated Edison Inc Annual Share Holder Equity (Millions of US $)": {"2019": "$18,213", "2018": "$16,839", "2017": "$15,425", "2016": "$14,306", "2015": "$13,061", "2014": "$12,585", "2013": "$12,245", "2012": "$11,869", "2011": "$11,649", "2010": "$11,274", "2009": "$10,462", "2008": "$9,911", "2007": "$9,289", "2006": "$8,217", "2005": "$7,523"}, "Consolidated Edison Inc Quarterly Share Holder Equity (Millions of US $)": {"2020-09-30": "$18,711", "2020-06-30": "$18,441", "2020-03-31": "$18,467", "2019-12-31": "$18,213", "2019-09-30": "$18,134", "2019-06-30": "$17,865", "2019-03-31": "$17,501", "2018-12-31": "$16,839", "2018-09-30": "$15,898", "2018-06-30": "$15,655", "2018-03-31": "$15,661", "2017-12-31": "$15,425", "2017-09-30": "$15,110", "2017-06-30": "$14,498", "2017-03-31": "$14,506", "2016-12-31": "$14,306", "2016-09-30": "$14,275", "2016-06-30": "$13,958", "2016-03-31": "$13,201", "2015-12-31": "$13,061", "2015-09-30": "$13,049", "2015-06-30": "$12,797", "2015-03-31": "$12,770", "2014-12-31": "$12,585", "2014-09-30": "$12,716", "2014-06-30": "$12,455", "2014-03-31": "$12,426", "2013-12-31": "$12,245", "2013-09-30": "$12,166", "2013-06-30": "$11,883", "2013-03-31": "$11,889", "2012-12-31": "$11,869", "2012-09-30": "$11,842", "2012-06-30": "$11,579", "2012-03-31": "$11,545", "2011-12-31": "$11,649", "2011-09-30": "$11,667", "2011-06-30": "$11,464", "2011-03-31": "$11,444", "2010-12-31": "$11,274", "2010-09-30": "$10,843", "2010-06-30": "$10,593", "2010-03-31": "$10,552", "2009-12-31": "$10,462", "2009-09-30": "$10,156", "2009-06-30": "$9,961", "2009-03-31": "$9,950", "2008-12-31": "$9,911", "2008-09-30": "$9,936", "2008-06-30": "$9,893", "2008-03-31": "$9,477", "2007-12-31": "$9,289", "2007-09-30": "$9,203", "2007-06-30": "$9,019", "2007-03-31": "$8,420", "2006-12-31": "$8,217", "2006-09-30": "$8,141", "2006-06-30": "$7,588", "2006-03-31": "$7,575", "2005-12-31": "$7,523", "2005-09-30": "$7,549", "2005-06-30": "$7,359", "2005-03-31": "$7,352"}}, "profit-margins": {"current": "11.06%"}, "gross margin": {"2020-09-30": "81.40%", "2020-06-30": "81.20%", "2020-03-31": "81.01%", "2019-12-31": "79.06%", "2019-09-30": "78.03%", "2019-06-30": "76.88%", "2019-03-31": "75.90%", "2018-12-31": "76.10%", "2018-09-30": "76.99%", "2018-06-30": "77.93%", "2018-03-31": "78.03%", "2017-12-31": "78.18%", "2017-09-30": "77.98%", "2017-06-30": "75.83%", "2017-03-31": "75.52%", "2016-12-31": "74.43%", "2016-09-30": "73.65%", "2016-06-30": "73.32%", "2016-03-31": "72.42%", "2015-12-31": "70.40%", "2015-09-30": "67.90%", "2015-06-30": "67.47%", "2015-03-31": "66.31%", "2014-12-31": "65.07%", "2014-09-30": "65.97%", "2014-06-30": "65.58%", "2014-03-31": "65.51%", "2013-12-31": "67.18%", "2013-09-30": "67.35%", "2013-06-30": "67.48%", "2013-03-31": "68.23%", "2012-12-31": "68.11%", "2012-09-30": "66.93%", "2012-06-30": "64.70%", "2012-03-31": "62.45%", "2011-12-31": "61.19%", "2011-09-30": "60.69%", "2011-06-30": "59.27%", "2011-03-31": "58.62%", "2010-12-31": "56.82%", "2010-09-30": "54.63%", "2010-06-30": "54.59%", "2010-03-31": "54.05%", "2009-12-31": "52.10%", "2009-09-30": "51.33%", "2009-06-30": "46.48%", "2009-03-31": "44.40%", "2008-12-31": "44.17%", "2008-09-30": "43.56%", "2008-06-30": "44.93%", "2008-03-31": "44.81%", "2007-12-31": "44.93%", "2007-09-30": "45.38%", "2007-06-30": "45.55%", "2007-03-31": "46.12%", "2006-12-31": "44.73%", "2006-09-30": "42.86%", "2006-06-30": "42.45%", "2006-03-31": "42.13%", "2005-12-31": "43.13%"}, "operating margin": {"2020-09-30": "22.16%", "2020-06-30": "22.16%", "2020-03-31": "21.95%", "2019-12-31": "21.28%", "2019-09-30": "22.02%", "2019-06-30": "21.76%", "2019-03-31": "21.58%", "2018-12-31": "21.59%", "2018-09-30": "20.98%", "2018-06-30": "21.90%", "2018-03-31": "22.33%", "2017-12-31": "23.05%", "2017-09-30": "24.39%", "2017-06-30": "24.19%", "2017-03-31": "24.29%", "2016-12-31": "23.02%", "2016-09-30": "20.67%", "2016-06-30": "19.72%", "2016-03-31": "19.37%", "2015-12-31": "19.33%", "2015-09-30": "17.97%", "2015-06-30": "17.96%", "2015-03-31": "17.65%", "2014-12-31": "17.10%", "2014-09-30": "18.80%", "2014-06-30": "18.94%", "2014-03-31": "18.54%", "2013-12-31": "18.16%", "2013-09-30": "17.91%", "2013-06-30": "17.95%", "2013-03-31": "18.74%", "2012-12-31": "19.19%", "2012-09-30": "19.23%", "2012-06-30": "18.16%", "2012-03-31": "17.23%", "2011-12-31": "17.38%", "2011-09-30": "17.35%", "2011-06-30": "16.86%", "2011-03-31": "17.06%", "2010-12-31": "15.91%", "2010-09-30": "15.22%", "2010-06-30": "15.32%", "2010-03-31": "15.09%", "2009-12-31": "14.57%", "2009-09-30": "14.57%", "2009-06-30": "12.01%", "2009-03-31": "13.42%", "2008-12-31": "14.14%", "2008-09-30": "14.24%", "2008-06-30": "15.59%", "2008-03-31": "13.90%", "2007-12-31": "14.08%", "2007-09-30": "14.39%", "2007-06-30": "14.31%", "2007-03-31": "14.54%", "2006-12-31": "13.61%", "2006-09-30": "12.43%", "2006-06-30": "13.00%", "2006-03-31": "12.77%", "2005-12-31": "13.16%"}, "ebitda margin": {"2020-09-30": "37.35%", "2020-06-30": "36.82%", "2020-03-31": "36.11%", "2019-12-31": "34.67%", "2019-09-30": "34.98%", "2019-06-30": "34.26%", "2019-03-31": "33.62%", "2018-12-31": "33.25%", "2018-09-30": "32.35%", "2018-06-30": "33.19%", "2018-03-31": "33.50%", "2017-12-31": "34.20%", "2017-09-30": "35.50%", "2017-06-30": "34.86%", "2017-03-31": "34.56%", "2016-12-31": "33.09%", "2016-09-30": "30.57%", "2016-06-30": "29.42%", "2016-03-31": "28.87%", "2015-12-31": "28.33%", "2015-09-30": "26.77%", "2015-06-30": "26.67%", "2015-03-31": "26.20%", "2014-12-31": "25.39%", "2014-09-30": "26.95%", "2014-06-30": "26.94%", "2014-03-31": "26.52%", "2013-12-31": "26.45%", "2013-09-30": "26.07%", "2013-06-30": "25.99%", "2013-03-31": "26.40%", "2012-12-31": "27.03%", "2012-09-30": "26.96%", "2012-06-30": "25.72%", "2012-03-31": "24.84%", "2011-12-31": "24.62%", "2011-09-30": "24.40%", "2011-06-30": "23.71%", "2011-03-31": "23.77%", "2010-12-31": "22.31%", "2010-09-30": "21.19%", "2010-06-30": "21.11%", "2010-03-31": "20.67%", "2009-12-31": "20.16%", "2009-09-30": "20.02%", "2009-06-30": "17.15%", "2009-03-31": "18.23%", "2008-12-31": "18.12%", "2008-09-30": "20.02%", "2008-06-30": "21.01%", "2008-03-31": "18.97%", "2007-12-31": "19.16%", "2007-09-30": "19.27%", "2007-06-30": "19.36%", "2007-03-31": "19.60%", "2006-12-31": "18.79%", "2006-09-30": "16.60%", "2006-06-30": "17.17%", "2006-03-31": "17.35%", "2005-12-31": "18.31%"}, "pre tax profit margin": {"2020-09-30": "13.44%", "2020-06-30": "13.39%", "2020-03-31": "13.26%", "2019-12-31": "13.81%", "2019-09-30": "14.09%", "2019-06-30": "14.06%", "2019-03-31": "14.34%", "2018-12-31": "14.45%", "2018-09-30": "14.24%", "2018-06-30": "15.34%", "2018-03-31": "15.84%", "2017-12-31": "16.60%", "2017-09-30": "16.31%", "2017-06-30": "16.73%", "2017-03-31": "17.16%", "2016-12-31": "16.09%", "2016-09-30": "15.51%", "2016-06-30": "14.37%", "2016-03-31": "14.08%", "2015-12-31": "14.32%", "2015-09-30": "13.08%", "2015-06-30": "13.28%", "2015-03-31": "13.10%", "2014-12-31": "12.85%", "2014-09-30": "14.71%", "2014-06-30": "14.75%", "2014-03-31": "14.26%", "2013-12-31": "12.45%", "2013-09-30": "12.16%", "2013-06-30": "12.10%", "2013-03-31": "12.82%", "2012-12-31": "14.28%", "2012-09-30": "14.36%", "2012-06-30": "13.41%", "2012-03-31": "12.63%", "2011-12-31": "12.90%", "2011-09-30": "12.93%", "2011-06-30": "12.45%", "2011-03-31": "12.74%", "2010-12-31": "11.64%", "2010-09-30": "10.97%", "2010-06-30": "10.96%", "2010-03-31": "10.66%", "2009-12-31": "10.12%", "2009-09-30": "10.07%", "2009-06-30": "7.79%", "2009-03-31": "9.44%", "2008-12-31": "10.73%", "2008-09-30": "11.06%", "2008-06-30": "12.48%", "2008-03-31": "10.74%", "2007-12-31": "10.46%", "2007-09-30": "10.79%", "2007-06-30": "10.31%", "2007-03-31": "10.35%", "2006-12-31": "9.44%", "2006-09-30": "8.53%", "2006-06-30": "9.39%", "2006-03-31": "9.27%", "2005-12-31": "9.64%"}, "net profit margin": {"2020-09-30": "11.05%", "2020-06-30": "10.86%", "2020-03-31": "10.53%", "2019-12-31": "10.68%", "2019-09-30": "10.98%", "2019-06-30": "10.71%", "2019-03-31": "11.04%", "2018-12-31": "11.20%", "2018-09-30": "12.60%", "2018-06-30": "12.90%", "2018-03-31": "12.86%", "2017-12-31": "12.67%", "2017-09-30": "10.41%", "2017-06-30": "10.56%", "2017-03-31": "10.89%", "2016-12-31": "10.31%", "2016-09-30": "10.06%", "2016-06-30": "9.47%", "2016-03-31": "9.37%", "2015-12-31": "9.50%", "2015-09-30": "8.68%", "2015-06-30": "8.78%", "2015-03-31": "8.64%", "2014-12-31": "8.45%", "2014-09-30": "9.59%", "2014-06-30": "9.74%", "2014-03-31": "9.50%", "2013-12-31": "8.60%", "2013-09-30": "8.36%", "2013-06-30": "8.19%", "2013-03-31": "8.57%", "2012-12-31": "9.34%", "2012-09-30": "9.20%", "2012-06-30": "8.60%", "2012-03-31": "8.06%", "2011-12-31": "8.16%", "2011-09-30": "8.33%", "2011-06-30": "8.03%", "2011-03-31": "8.15%", "2010-12-31": "7.44%", "2010-09-30": "7.14%", "2010-06-30": "7.15%", "2010-03-31": "6.99%", "2009-12-31": "6.66%", "2009-09-30": "6.47%", "2009-06-30": "5.11%", "2009-03-31": "7.99%", "2008-12-31": "8.81%", "2008-09-30": "9.01%", "2008-06-30": "10.15%", "2008-03-31": "7.32%", "2007-12-31": "7.08%", "2007-09-30": "7.36%", "2007-06-30": "6.79%", "2007-03-31": "6.77%", "2006-12-31": "6.16%", "2006-09-30": "5.56%", "2006-06-30": "6.06%", "2006-03-31": "6.06%", "2005-12-31": "6.34%"}, "pe ratio": {"current": "16.71", "2021-02-05": "17.70", "2020-09-30": "19.07", "2020-06-30": "17.67", "2020-03-31": "19.50", "2019-12-31": "21.38", "2019-09-30": "21.25", "2019-06-30": "19.70", "2019-03-31": "18.28", "2018-12-31": "16.11", "2018-09-30": "14.08", "2018-06-30": "14.03", "2018-03-31": "13.97", "2017-12-31": "15.40", "2017-09-30": "17.92", "2017-06-30": "17.20", "2017-03-31": "15.63", "2016-12-31": "15.48", "2016-09-30": "15.98", "2016-06-30": "17.66", "2016-03-31": "16.80", "2015-12-31": "13.24", "2015-09-30": "14.80", "2015-06-30": "12.59", "2015-03-31": "13.20", "2014-12-31": "14.25", "2014-09-30": "10.65", "2014-06-30": "10.48", "2014-03-31": "9.95", "2013-12-31": "11.77", "2013-09-30": "11.91", "2013-06-30": "12.79", "2013-03-31": "12.70", "2012-12-31": "10.57", "2012-09-30": "11.43", "2012-06-30": "12.37", "2012-03-31": "12.07", "2011-12-31": "12.26", "2011-09-30": "10.70", "2011-06-30": "10.05", "2011-03-31": "9.24", "2010-12-31": "9.58", "2010-09-30": "9.40", "2010-06-30": "8.35", "2010-03-31": "8.77", "2009-12-31": "9.21", "2009-09-30": "8.59", "2009-06-30": "9.51", "2009-03-31": "5.83", "2008-12-31": "5.06", "2008-09-30": "5.29", "2008-06-30": "4.29", "2008-03-31": "6.01", "2007-12-31": "7.55", "2007-09-30": "7.02", "2007-06-30": "7.23", "2007-03-31": "8.30", "2006-12-31": "8.38"}, "price sales": {"2021-02-05": "1.95", "2020-09-30": "2.10", "2020-06-30": "1.91", "2020-03-31": "2.04", "2019-12-31": "2.28", "2019-09-30": "2.33", "2019-06-30": "2.11", "2019-03-31": "2.01", "2018-12-31": "1.80", "2018-09-30": "1.77", "2018-06-30": "1.81", "2018-03-31": "1.79", "2017-12-31": "1.95", "2017-09-30": "1.86", "2017-06-30": "1.81", "2017-03-31": "1.70", "2016-12-31": "1.59", "2016-09-30": "1.60", "2016-06-30": "1.67", "2016-03-31": "1.57", "2015-12-31": "1.26", "2015-09-30": "1.28", "2015-06-30": "1.10", "2015-03-31": "1.14", "2014-12-31": "1.20", "2014-09-30": "1.02", "2014-06-30": "1.02", "2014-03-31": "0.94", "2013-12-31": "1.01", "2013-09-30": "0.99", "2013-06-30": "1.04", "2013-03-31": "1.09", "2012-12-31": "0.99", "2012-09-30": "1.05", "2012-06-30": "1.06", "2012-03-31": "0.97", "2011-12-31": "1.00", "2011-09-30": "0.89", "2011-06-30": "0.81", "2011-03-31": "0.75", "2010-12-31": "0.71", "2010-09-30": "0.67", "2010-06-30": "0.60", "2010-03-31": "0.61", "2009-12-31": "0.62", "2009-09-30": "0.56", "2009-06-30": "0.49", "2009-03-31": "0.47", "2008-12-31": "0.45", "2008-09-30": "0.47", "2008-06-30": "0.43", "2008-03-31": "0.44", "2007-12-31": "0.53", "2007-09-30": "0.51", "2007-06-30": "0.49", "2007-03-31": "0.56", "2006-12-31": "0.51"}, "price book": {"current": "1.28", "2021-02-05": "1.19", "2020-09-30": "1.28", "2020-06-30": "1.19", "2020-03-31": "1.27", "2019-12-31": "1.48", "2019-09-30": "1.54", "2019-06-30": "1.43", "2019-03-31": "1.38", "2018-12-31": "1.26", "2018-09-30": "1.27", "2018-06-30": "1.31", "2018-03-31": "1.30", "2017-12-31": "1.42", "2017-09-30": "1.36", "2017-06-30": "1.39", "2017-03-31": "1.32", "2016-12-31": "1.26", "2016-09-30": "1.28", "2016-06-30": "1.38", "2016-03-31": "1.32", "2015-12-31": "1.11", "2015-09-30": "1.14", "2015-06-30": "1.00", "2015-03-31": "1.04", "2014-12-31": "1.13", "2014-09-30": "0.95", "2014-06-30": "0.98", "2014-03-31": "0.90", "2013-12-31": "0.93", "2013-09-30": "0.93", "2013-06-30": "0.99", "2013-03-31": "1.03", "2012-12-31": "0.93", "2012-09-30": "0.99", "2012-06-30": "1.04", "2012-03-31": "0.97", "2011-12-31": "1.01", "2011-09-30": "0.92", "2011-06-30": "0.87", "2011-03-31": "0.81", "2010-12-31": "0.80", "2010-09-30": "0.76", "2010-06-30": "0.69", "2010-03-31": "0.71", "2009-12-31": "0.72", "2009-09-30": "0.64", "2009-06-30": "0.64", "2009-03-31": "0.63", "2008-12-31": "0.56", "2008-09-30": "0.61", "2008-06-30": "0.54", "2008-03-31": "0.57", "2007-12-31": "0.70", "2007-09-30": "0.66", "2007-06-30": "0.65", "2007-03-31": "0.74", "2006-12-31": "0.70", "2006-09-30": "0.67", "2006-06-30": "0.65", "2006-03-31": "0.63"}, "price fcf": {"2021-02-05": "", "2020-09-30": "$-3.83", "2020-06-30": "$-2.82", "2020-03-31": "$-1.82", "2019-12-31": "$-1.38", "2019-09-30": "$-1.75", "2019-06-30": "$-1.63", "2019-03-31": "$-2.19", "2018-12-31": "$-3.37", "2018-09-30": "$-3.74", "2018-06-30": "$-2.94", "2018-03-31": "$-1.96", "2017-12-31": "$-0.94", "2017-09-30": "$-1.56", "2017-06-30": "$-0.65", "2017-03-31": "$-0.82", "2016-12-31": "$-0.58", "2016-09-30": "$0.38", "2016-06-30": "$-0.55", "2016-03-31": "$-0.83", "2015-12-31": "$0.01", "2015-09-30": "$1.28", "2015-06-30": "$1.23", "2015-03-31": "$2.05", "2014-12-31": "$1.03", "2014-09-30": "$1.09", "2014-06-30": "$0.82", "2014-03-31": "$0.59", "2013-12-31": "$-0.69", "2013-09-30": "$-1.37", "2013-06-30": "$-0.70", "2013-03-31": "$-0.97", "2012-12-31": "$1.21", "2012-09-30": "$1.46", "2012-06-30": "$1.99", "2012-03-31": "$3.32", "2011-12-31": "$3.41", "2011-09-30": "$4.79", "2011-06-30": "$3.26", "2011-03-31": "$2.08", "2010-12-31": "$0.76", "2010-09-30": "$-1.02", "2010-06-30": "$-1.55", "2010-03-31": "$-1.68", "2009-12-31": "$0.38", "2009-09-30": "$-1.39", "2009-06-30": "$-6.22", "2009-03-31": "$-6.51", "2008-12-31": "$-6.89", "2008-09-30": "$-6.20", "2008-06-30": "$-1.05", "2008-03-31": "$-2.03", "2007-12-31": "$-1.98", "2007-09-30": "$-1.44", "2007-06-30": "$-2.48", "2007-03-31": "$-3.25", "2006-12-31": "$-2.42"}, "net worth": {"value": "$23.95B"}, "current ratio": {"current": "0.59", "2020-09-30": "0.59", "2020-06-30": "0.68", "2020-03-31": "0.80", "2019-12-31": "0.68", "2019-09-30": "0.58", "2019-06-30": "0.62", "2019-03-31": "0.60", "2018-12-31": "0.62", "2018-09-30": "0.62", "2018-06-30": "0.63", "2018-03-31": "0.67", "2017-12-31": "0.72", "2017-09-30": "0.79", "2017-06-30": "0.76", "2017-03-31": "0.88", "2016-12-31": "0.89", "2016-09-30": "0.88", "2016-06-30": "0.90", "2016-03-31": "0.72", "2015-12-31": "0.81", "2015-09-30": "0.79", "2015-06-30": "0.94", "2015-03-31": "1.00", "2014-12-31": "0.99", "2014-09-30": "0.91", "2014-06-30": "0.90", "2014-03-31": "0.97", "2013-12-31": "0.82", "2013-09-30": "0.85", "2013-06-30": "0.91", "2013-03-31": "0.93", "2012-12-31": "0.88", "2012-09-30": "0.87", "2012-06-30": "0.94", "2012-03-31": "1.02", "2011-12-31": "1.22", "2011-09-30": "1.17", "2011-06-30": "1.30", "2011-03-31": "1.34", "2010-12-31": "1.45", "2010-09-30": "1.24", "2010-06-30": "1.18", "2010-03-31": "0.96", "2009-12-31": "1.09", "2009-09-30": "0.92", "2009-06-30": "1.10", "2009-03-31": "1.32", "2008-12-31": "1.05", "2008-09-30": "1.11", "2008-06-30": "1.15", "2008-03-31": "0.71", "2007-12-31": "0.66", "2007-09-30": "0.89", "2007-06-30": "0.88", "2007-03-31": "0.87", "2006-12-31": "1.02", "2006-09-30": "1.09", "2006-06-30": "0.99", "2006-03-31": "1.06", "2005-12-31": "0.93", "2005-09-30": "0.97", "2005-06-30": "1.08", "2005-03-31": "1.08"}, "quick ratio": {"2020-09-30": "0.54", "2020-06-30": "0.63", "2020-03-31": "0.75", "2019-12-31": "0.62", "2019-09-30": "0.52", "2019-06-30": "0.56", "2019-03-31": "0.54", "2018-12-31": "0.57", "2018-09-30": "0.56", "2018-06-30": "0.57", "2018-03-31": "0.61", "2017-12-31": "0.65", "2017-09-30": "0.71", "2017-06-30": "0.68", "2017-03-31": "0.79", "2016-12-31": "0.80", "2016-09-30": "0.79", "2016-06-30": "0.81", "2016-03-31": "0.64", "2015-12-31": "0.74", "2015-09-30": "0.72", "2015-06-30": "0.85", "2015-03-31": "0.90", "2014-12-31": "0.89", "2014-09-30": "0.82", "2014-06-30": "0.82", "2014-03-31": "0.89", "2013-12-31": "0.75", "2013-09-30": "0.76", "2013-06-30": "0.84", "2013-03-31": "0.86", "2012-12-31": "0.79", "2012-09-30": "0.78", "2012-06-30": "0.86", "2012-03-31": "0.93", "2011-12-31": "1.10", "2011-09-30": "1.04", "2011-06-30": "1.17", "2011-03-31": "1.25", "2010-12-31": "1.31", "2010-09-30": "1.12", "2010-06-30": "1.06", "2010-03-31": "0.88", "2009-12-31": "0.97", "2009-09-30": "0.81", "2009-06-30": "0.97", "2009-03-31": "1.21", "2008-12-31": "0.89", "2008-09-30": "0.92", "2008-06-30": "1.04", "2008-03-31": "0.63", "2007-12-31": "0.56", "2007-09-30": "0.75", "2007-06-30": "0.75", "2007-03-31": "0.78", "2006-12-31": "0.86", "2006-09-30": "0.95", "2006-06-30": "0.82", "2006-03-31": "0.93", "2005-12-31": "0.80", "2005-09-30": "0.86", "2005-06-30": "1.00", "2005-03-31": "0.99"}, "debt equity ratio": {"current": "1.03", "2020-09-30": "2.19", "2020-06-30": "2.20", "2020-03-31": "2.20", "2019-12-31": "2.19", "2019-09-30": "2.09", "2019-06-30": "2.11", "2019-03-31": "2.15", "2018-12-31": "2.20", "2018-09-30": "2.12", "2018-06-30": "2.13", "2018-03-31": "2.12", "2017-12-31": "2.12", "2017-09-30": "2.26", "2017-06-30": "2.39", "2017-03-31": "2.33", "2016-12-31": "2.37", "2016-09-30": "2.32", "2016-06-30": "2.39", "2016-03-31": "2.45", "2015-12-31": "2.50", "2015-09-30": "2.45", "2015-06-30": "2.50", "2015-03-31": "2.44", "2014-12-31": "2.50", "2014-09-30": "2.20", "2014-06-30": "2.24", "2014-03-31": "2.26", "2013-12-31": "2.32", "2013-09-30": "2.45", "2013-06-30": "2.53", "2013-03-31": "2.51", "2012-12-31": "2.47", "2012-09-30": "2.35", "2012-06-30": "2.46", "2012-03-31": "2.44", "2011-12-31": "2.37", "2011-09-30": "2.13", "2011-06-30": "2.14", "2011-03-31": "2.16", "2010-12-31": "2.22", "2010-09-30": "2.27", "2010-06-30": "2.25", "2010-03-31": "2.27", "2009-12-31": "2.24", "2009-09-30": "2.37", "2009-06-30": "2.38", "2009-03-31": "2.44", "2008-12-31": "2.38", "2008-09-30": "1.95", "2008-06-30": "2.06", "2008-03-31": "2.03", "2007-12-31": "2.04", "2007-09-30": "2.03", "2007-06-30": "2.01", "2007-03-31": "2.17", "2006-12-31": "2.25", "2006-09-30": "2.21", "2006-06-30": "2.25", "2006-03-31": "2.23", "2005-12-31": "2.30", "2005-09-30": "2.28", "2005-06-30": "2.31", "2005-03-31": "2.19"}, "return on equity": {"2020-09-30": "7.32%", "2020-06-30": "7.27%", "2020-03-31": "7.12%", "2019-12-31": "7.49%", "2019-09-30": "7.85%", "2019-06-30": "7.88%", "2019-03-31": "8.37%", "2018-12-31": "8.63%", "2018-09-30": "9.94%", "2018-06-30": "10.21%", "2018-03-31": "10.31%", "2017-12-31": "10.25%", "2017-09-30": "8.39%", "2017-06-30": "8.79%", "2017-03-31": "9.28%", "2016-12-31": "8.93%", "2016-09-30": "8.92%", "2016-06-30": "8.61%", "2016-03-31": "8.70%", "2015-12-31": "9.23%", "2015-09-30": "8.59%", "2015-06-30": "8.71%", "2015-03-31": "8.72%", "2014-12-31": "8.70%", "2014-09-30": "9.98%", "2014-06-30": "10.31%", "2014-03-31": "10.11%", "2013-12-31": "8.82%", "2013-09-30": "8.66%", "2013-06-30": "8.52%", "2013-03-31": "8.93%", "2012-12-31": "9.72%", "2012-09-30": "9.64%", "2012-06-30": "9.18%", "2012-03-31": "8.78%", "2011-12-31": "9.09%", "2011-09-30": "9.53%", "2011-06-30": "9.41%", "2011-03-31": "9.76%", "2010-12-31": "9.17%", "2010-09-30": "9.06%", "2010-06-30": "9.07%", "2010-03-31": "8.89%", "2009-12-31": "8.57%", "2009-09-30": "8.25%", "2009-06-30": "6.75%", "2009-03-31": "10.81%", "2008-12-31": "12.20%", "2008-09-30": "12.89%", "2008-06-30": "14.52%", "2008-03-31": "10.55%", "2007-12-31": "10.34%", "2007-09-30": "10.59%", "2007-06-30": "9.97%", "2007-03-31": "10.04%", "2006-12-31": "9.35%", "2006-09-30": "8.75%", "2006-06-30": "9.63%", "2006-03-31": "9.58%", "2005-12-31": "9.66%"}, "return on assets": {"2020-09-30": "2.29%", "2020-06-30": "2.29%", "2020-03-31": "2.26%", "2019-12-31": "2.39%", "2019-09-30": "2.50%", "2019-06-30": "2.51%", "2019-03-31": "2.66%", "2018-12-31": "2.74%", "2018-09-30": "3.18%", "2018-06-30": "3.23%", "2018-03-31": "3.20%", "2017-12-31": "3.13%", "2017-09-30": "2.52%", "2017-06-30": "2.62%", "2017-03-31": "2.77%", "2016-12-31": "2.64%", "2016-09-30": "2.62%", "2016-06-30": "2.50%", "2016-03-31": "2.50%", "2015-12-31": "2.66%", "2015-09-30": "2.48%", "2015-06-30": "2.55%", "2015-03-31": "2.61%", "2014-12-31": "2.64%", "2014-09-30": "3.07%", "2014-06-30": "3.11%", "2014-03-31": "2.98%", "2013-12-31": "2.55%", "2013-09-30": "2.48%", "2013-06-30": "2.46%", "2013-03-31": "2.59%", "2012-12-31": "2.83%", "2012-09-30": "2.83%", "2012-06-30": "2.74%", "2012-03-31": "2.69%", "2011-12-31": "2.84%", "2011-09-30": "3.01%", "2011-06-30": "2.94%", "2011-03-31": "3.03%", "2010-12-31": "2.82%", "2010-09-30": "2.78%", "2010-06-30": "2.77%", "2010-03-31": "2.68%", "2009-12-31": "2.55%", "2009-09-30": "2.43%", "2009-06-30": "2.05%", "2009-03-31": "3.37%", "2008-12-31": "3.93%", "2008-09-30": "4.27%", "2008-06-30": "4.78%", "2008-03-31": "3.49%", "2007-12-31": "3.38%", "2007-09-30": "3.40%", "2007-06-30": "3.16%", "2007-03-31": "3.12%", "2006-12-31": "2.89%", "2006-09-30": "2.69%", "2006-06-30": "2.95%", "2006-03-31": "2.92%", "2005-12-31": "2.95%"}, "return on investments": {"2020-09-30": "7.23%", "2020-06-30": "7.35%", "2020-03-31": "7.41%", "2019-12-31": "7.53%", "2019-09-30": "7.92%", "2019-06-30": "8.05%", "2019-03-31": "8.23%", "2018-12-31": "8.39%", "2018-09-30": "8.44%", "2018-06-30": "8.84%", "2018-03-31": "9.09%", "2017-12-31": "9.37%", "2017-09-30": "9.79%", "2017-06-30": "10.03%", "2017-03-31": "10.34%", "2016-12-31": "10.09%", "2016-09-30": "9.40%", "2016-06-30": "9.29%", "2016-03-31": "9.39%", "2015-12-31": "9.82%", "2015-09-30": "9.31%", "2015-06-30": "9.35%", "2015-03-31": "9.39%", "2014-12-31": "9.29%", "2014-09-30": "10.39%", "2014-06-30": "10.67%", "2014-03-31": "10.50%", "2013-12-31": "9.95%", "2013-09-30": "9.93%", "2013-06-30": "10.02%", "2013-03-31": "10.53%", "2012-12-31": "10.80%", "2012-09-30": "10.85%", "2012-06-30": "10.37%", "2012-03-31": "9.93%", "2011-12-31": "10.17%", "2011-09-30": "10.31%", "2011-06-30": "10.14%", "2011-03-31": "10.39%", "2010-12-31": "9.97%", "2010-09-30": "9.82%", "2010-06-30": "9.97%", "2010-03-31": "9.87%", "2009-12-31": "9.56%", "2009-09-30": "9.49%", "2009-06-30": "8.13%", "2009-03-31": "9.41%", "2008-12-31": "10.37%", "2008-09-30": "10.95%", "2008-06-30": "12.01%", "2008-03-31": "10.85%", "2007-12-31": "10.99%", "2007-09-30": "10.80%", "2007-06-30": "10.78%", "2007-03-31": "10.79%", "2006-12-31": "10.20%", "2006-09-30": "9.68%", "2006-06-30": "10.30%", "2006-03-31": "10.17%", "2005-12-31": "10.21%"}, "return on tangible equity": {"2020-09-30": "8.20%", "2020-06-30": "8.16%", "2020-03-31": "8.01%", "2019-12-31": "8.45%", "2019-09-30": "8.89%", "2019-06-30": "8.75%", "2019-03-31": "9.10%", "2018-12-31": "9.17%", "2018-09-30": "10.31%", "2018-06-30": "10.58%", "2018-03-31": "10.70%", "2017-12-31": "10.64%", "2017-09-30": "8.72%", "2017-06-30": "9.12%", "2017-03-31": "9.61%", "2016-12-31": "9.24%", "2016-09-30": "9.21%", "2016-06-30": "8.89%", "2016-03-31": "9.00%", "2015-12-31": "9.55%", "2015-09-30": "8.89%", "2015-06-30": "9.02%", "2015-03-31": "9.02%", "2014-12-31": "9.01%", "2014-09-30": "10.33%", "2014-06-30": "10.69%", "2014-03-31": "10.48%", "2013-12-31": "9.14%", "2013-09-30": "8.98%", "2013-06-30": "8.84%", "2013-03-31": "9.27%", "2012-12-31": "10.09%", "2012-09-30": "10.01%", "2012-06-30": "9.54%", "2012-03-31": "9.12%", "2011-12-31": "9.45%", "2011-09-30": "9.90%", "2011-06-30": "9.78%", "2011-03-31": "10.15%", "2010-12-31": "9.55%", "2010-09-30": "9.43%", "2010-06-30": "9.45%", "2010-03-31": "9.27%", "2009-12-31": "8.94%", "2009-09-30": "8.61%", "2009-06-30": "7.05%", "2009-03-31": "11.29%", "2008-12-31": "12.74%", "2008-09-30": "13.47%", "2008-06-30": "15.21%", "2008-03-31": "11.09%", "2007-12-31": "10.91%", "2007-09-30": "11.21%", "2007-06-30": "10.57%", "2007-03-31": "10.68%", "2006-12-31": "9.97%", "2006-09-30": "9.34%", "2006-06-30": "10.31%", "2006-03-31": "10.27%", "2005-12-31": "10.35%"}, "dividend yield history": {"last payout": "$3.06", "last yield": "4.28%"}}