{"ticker": "CLR", "price": {"title": "Continental Resources Historical Annual Stock Price Data", "value": 20.99, "historical": {"2020": {"Average Stock Price": "16.8540", "Year Open": "34.1500", "Year High": "36.0200", "Year Low": "7.0500", "Year Close": "16.3000", "Annual % Change": "-52.48%"}, "2019": {"Average Stock Price": "37.9695", "Year Open": "41.9600", "Year High": "51.8200", "Year Low": "27.3000", "Year Close": "34.3000", "Annual % Change": "-14.66%"}, "2018": {"Average Stock Price": "58.2658", "Year Open": "54.2600", "Year High": "71.7900", "Year Low": "36.2000", "Year Close": "40.1900", "Annual % Change": "-24.13%"}, "2017": {"Average Stock Price": "41.0952", "Year Open": "52.2000", "Year High": "53.4100", "Year Low": "30.0300", "Year Close": "52.9700", "Annual % Change": "2.77%"}, "2016": {"Average Stock Price": "40.1804", "Year Open": "23.2900", "Year High": "58.0100", "Year Low": "16.0400", "Year Close": "51.5400", "Annual % Change": "124.28%"}, "2015": {"Average Stock Price": "38.5689", "Year Open": "38.7900", "Year High": "52.6300", "Year Low": "20.0000", "Year Close": "22.9800", "Annual % Change": "-40.09%"}, "2014": {"Average Stock Price": "62.6051", "Year Open": "53.8800", "Year High": "80.6450", "Year Low": "30.9500", "Year Close": "38.3600", "Annual % Change": "-31.82%"}, "2013": {"Average Stock Price": "46.9366", "Year Open": "38.0250", "Year High": "60.5000", "Year Low": "36.5350", "Year Close": "56.2600", "Annual % Change": "53.11%"}, "2012": {"Average Stock Price": "38.1629", "Year Open": "34.9300", "Year High": "47.4650", "Year Low": "31.2900", "Year Close": "36.7450", "Annual % Change": "10.16%"}, "2011": {"Average Stock Price": "31.1883", "Year Open": "29.4200", "Year High": "36.0600", "Year Low": "22.7150", "Year Close": "33.3550", "Annual % Change": "13.36%"}, "2010": {"Average Stock Price": "22.9994", "Year Open": "23.0900", "Year High": "29.5550", "Year Low": "18.6750", "Year Close": "29.4250", "Annual % Change": "37.21%"}, "2009": {"Average Stock Price": "15.2808", "Year Open": "11.2600", "Year High": "22.7350", "Year Low": "7.1400", "Year Close": "21.4450", "Annual % Change": "107.10%"}, "2008": {"Average Stock Price": "19.4998", "Year Open": "13.5000", "Year High": "40.8000", "Year Low": "6.7700", "Year Close": "10.3550", "Annual % Change": "-20.74%"}, "2007": {"Average Stock Price": "9.3166", "Year Open": "7.0500", "Year High": "13.5150", "Year Low": "7.0500", "Year Close": "13.0650", "Annual % Change": "0.00%"}}}, "market cap": {"value": "$7.67B"}, "income statement": {"Revenue": {"2019-12-31": "4631.94700", "2018-12-31": "4709.58600", "2017-12-31": "3120.82800", "2016-12-31": "1980.27300", "2015-12-31": "2680.16700", "2014-12-31": "4801.61800", "2013-12-31": "3421.80700", "2012-12-31": "2542.58700", "2011-12-31": "1649.78900", "2010-12-31": "839.06500", "2009-12-31": "626.21100", "2008-12-31": "960.49000", "2007-12-31": "582.21500", "2006-12-31": "483.65200", "2005-12-31": "375.76400"}, "Cost Of Goods Sold": {"2019-12-31": "", "2018-12-31": "", "2017-12-31": "", "2016-12-31": "", "2015-12-31": "", "2014-12-31": "", "2013-12-31": "", "2012-12-31": "", "2011-12-31": "", "2010-12-31": "", "2009-12-31": "", "2008-12-31": "", "2007-12-31": "", "2006-12-31": "", "2005-12-31": ""}, "Gross Profit": {"2019-12-31": "4631.94700", "2018-12-31": "4709.58600", "2017-12-31": "3120.82800", "2016-12-31": "1980.27300", "2015-12-31": "2680.16700", "2014-12-31": "4801.61800", "2013-12-31": "3421.80700", "2012-12-31": "2542.58700", "2011-12-31": "1649.78900", "2010-12-31": "839.06500", "2009-12-31": "626.21100", "2008-12-31": "960.49000", "2007-12-31": "582.21500", "2006-12-31": "483.65200", "2005-12-31": "375.76400"}, "Research And Development Expenses": {"2019-12-31": "14.66700", "2018-12-31": "7.64200", "2017-12-31": "12.39300", "2016-12-31": "16.97200", "2015-12-31": "19.41300", "2014-12-31": "50.06700", "2013-12-31": "34.94700", "2012-12-31": "23.50700", "2011-12-31": "27.92000", "2010-12-31": "12.76300", "2009-12-31": "12.61500", "2008-12-31": "40.16000", "2007-12-31": "9.16300", "2006-12-31": "19.73800", "2005-12-31": "5.23100"}, "SG&A Expenses": {"2019-12-31": "1256.81800", "2018-12-31": "1140.35800", "2017-12-31": "741.07800", "2016-12-31": "612.64300", "2015-12-31": "756.71700", "2014-12-31": "908.75790", "2013-12-31": "755.02800", "2012-12-31": "547.92800", "2011-12-31": "382.59800", "2010-12-31": "237.01700", "2009-12-31": "190.72100", "2008-12-31": "214.15200", "2007-12-31": "154.56200", "2006-12-31": "124.50100", "2005-12-31": "108.02800"}, "Other Operating Income Or Expenses": {"2019-12-31": "-85.66700", "2018-12-31": "-108.53900", "2017-12-31": "-243.05500", "2016-12-31": "70.55200", "2015-12-31": "-378.98200", "2014-12-31": "-616.28800", "2013-12-31": "-220.42000", "2012-12-31": "13.77300", "2011-12-31": "-87.62000", "2010-12-31": "-35.36300", "2009-12-31": "-82.98500", "2008-12-31": "-27.95300", "2007-12-31": "-16.89100", "2006-12-31": "-11.46100", "2005-12-31": "-3.90400"}, "Operating Expenses": {"2019-12-31": "3374.53500", "2018-12-31": "3115.86600", "2017-12-31": "2671.42700", "2016-12-31": "2267.80700", "2015-12-31": "2904.16800", "2014-12-31": "2933.78200", "2013-12-31": "1976.04000", "2012-12-31": "1249.78000", "2011-12-31": "889.03690", "2010-12-31": "528.74400", "2009-12-31": "493.92300", "2008-12-31": "431.16700", "2007-12-31": "274.24800", "2006-12-31": "221.12800", "2005-12-31": "166.96500"}, "Operating Income": {"2019-12-31": "1257.41200", "2018-12-31": "1593.72000", "2017-12-31": "449.40090", "2016-12-31": "-287.53420", "2015-12-31": "-224.00100", "2014-12-31": "1867.83600", "2013-12-31": "1445.76700", "2012-12-31": "1292.80700", "2011-12-31": "760.75200", "2010-12-31": "310.32100", "2009-12-31": "132.28800", "2008-12-31": "529.32300", "2007-12-31": "307.96700", "2006-12-31": "262.52400", "2005-12-31": "208.79900"}, "Total Non-Operating Income/Expense": {"2019-12-31": "-270.25000", "2018-12-31": "-296.91800", "2017-12-31": "-293.33400", "2016-12-31": "-344.92000", "2015-12-31": "-311.08400", "2014-12-31": "-305.79800", "2013-12-31": "-232.71800", "2012-12-31": "-137.61100", "2011-12-31": "-73.30700", "2010-12-31": "-51.85400", "2009-12-31": "-22.28000", "2008-12-31": "-10.79300", "2007-12-31": "-11.19000", "2006-12-31": "-9.56800", "2005-12-31": "-13.35300"}, "Pre-Tax Income": {"2019-12-31": "987.16200", "2018-12-31": "1296.80200", "2017-12-31": "156.06700", "2016-12-31": "-632.45400", "2015-12-31": "-535.08500", "2014-12-31": "1562.03800", "2013-12-31": "1213.04900", "2012-12-31": "1155.19600", "2011-12-31": "687.44500", "2010-12-31": "258.46700", "2009-12-31": "110.00800", "2008-12-31": "518.53000", "2007-12-31": "296.77700", "2006-12-31": "252.95600", "2005-12-31": "195.44600"}, "Income Taxes": {"2019-12-31": "212.68900", "2018-12-31": "307.10200", "2017-12-31": "-633.38000", "2016-12-31": "-232.77500", "2015-12-31": "-181.41700", "2014-12-31": "584.69700", "2013-12-31": "448.83000", "2012-12-31": "415.81100", "2011-12-31": "258.37300", "2010-12-31": "90.21200", "2009-12-31": "38.67000", "2008-12-31": "197.58000", "2007-12-31": "268.19700", "2006-12-31": "-0.13200", "2005-12-31": "1.13900"}, "Income After Taxes": {"2019-12-31": "774.47300", "2018-12-31": "989.70000", "2017-12-31": "789.44700", "2016-12-31": "-399.67900", "2015-12-31": "-353.66800", "2014-12-31": "977.34090", "2013-12-31": "764.21900", "2012-12-31": "739.38500", "2011-12-31": "429.07200", "2010-12-31": "168.25500", "2009-12-31": "71.33800", "2008-12-31": "320.95000", "2007-12-31": "28.58000", "2006-12-31": "253.08800", "2005-12-31": "194.30700"}, "Other Income": {"2019-12-31": "", "2018-12-31": "", "2017-12-31": "", "2016-12-31": "", "2015-12-31": "", "2014-12-31": "", "2013-12-31": "", "2012-12-31": "", "2011-12-31": "", "2010-12-31": "", "2009-12-31": "", "2008-12-31": "", "2007-12-31": "", "2006-12-31": "", "2005-12-31": ""}, "Income From Continuous Operations": {"2019-12-31": "774.47300", "2018-12-31": "989.70000", "2017-12-31": "789.44700", "2016-12-31": "-399.67900", "2015-12-31": "-353.66800", "2014-12-31": "977.34090", "2013-12-31": "764.21900", "2012-12-31": "739.38500", "2011-12-31": "429.07200", "2010-12-31": "168.25500", "2009-12-31": "71.33800", "2008-12-31": "320.95000", "2007-12-31": "28.58000", "2006-12-31": "253.08800", "2005-12-31": "194.30700"}, "Income From Discontinued Operations": {"2019-12-31": "", "2018-12-31": "", "2017-12-31": "", "2016-12-31": "", "2015-12-31": "", "2014-12-31": "", "2013-12-31": "", "2012-12-31": "", "2011-12-31": "", "2010-12-31": "", "2009-12-31": "", "2008-12-31": "", "2007-12-31": "", "2006-12-31": "", "2005-12-31": ""}, "Net Income": {"2019-12-31": "775.64100", "2018-12-31": "988.31700", "2017-12-31": "789.44700", "2016-12-31": "-399.67900", "2015-12-31": "-353.66800", "2014-12-31": "977.34100", "2013-12-31": "764.21900", "2012-12-31": "739.38500", "2011-12-31": "429.07200", "2010-12-31": "168.25500", "2009-12-31": "71.33800", "2008-12-31": "320.95000", "2007-12-31": "28.58000", "2006-12-31": "253.08800", "2005-12-31": "194.30700"}, "EBITDA": {"2019-12-31": "3277.11600", "2018-12-31": "3452.83800", "2017-12-31": "2120.23900", "2016-12-31": "1422.03300", "2015-12-31": "1522.45300", "2014-12-31": "3236.14700", "2013-12-31": "2411.20400", "2012-12-31": "1987.50500", "2011-12-31": "1152.59600", "2010-12-31": "553.06900", "2009-12-31": "341.17300", "2008-12-31": "677.89600", "2007-12-31": "403.57100", "2006-12-31": "328.06400", "2005-12-31": "260.26300"}, "EBIT": {"2019-12-31": "1257.41200", "2018-12-31": "1593.72000", "2017-12-31": "449.40090", "2016-12-31": "-287.53420", "2015-12-31": "-224.00100", "2014-12-31": "1867.83600", "2013-12-31": "1445.76700", "2012-12-31": "1292.80700", "2011-12-31": "760.75200", "2010-12-31": "310.32100", "2009-12-31": "132.28800", "2008-12-31": "529.32300", "2007-12-31": "307.96700", "2006-12-31": "262.52400", "2005-12-31": "208.79900"}, "Basic Shares Outstanding": {"2019-12-31": "370.69900", "2018-12-31": "371.85400", "2017-12-31": "371.06600", "2016-12-31": "370.38000", "2015-12-31": "369.54000", "2014-12-31": "368.82900", "2013-12-31": "368.15000", "2012-12-31": "362.68000", "2011-12-31": "355.18000", "2010-12-31": "337.97000", "2009-12-31": "337.11800", "2008-12-31": "336.17400", "2007-12-31": "328.11800", "2006-12-31": "316.22800", "2005-12-31": "316.11800"}, "Shares Outstanding": {"2019-12-31": "372.53800", "2018-12-31": "374.83800", "2017-12-31": "373.76800", "2016-12-31": "370.38000", "2015-12-31": "369.54000", "2014-12-31": "370.75800", "2013-12-31": "369.69800", "2012-12-31": "363.69200", "2011-12-31": "356.46000", "2010-12-31": "339.55800", "2009-12-31": "339.05800", "2008-12-31": "338.78400", "2007-12-31": "330.84400", "2006-12-31": "319.33000", "2005-12-31": "318.61400"}, "Basic EPS": {"2019-12-31": "2.09000", "2018-12-31": "2.66000", "2017-12-31": "2.13000", "2016-12-31": "-1.08000", "2015-12-31": "-0.96000", "2014-12-31": "2.65000", "2013-12-31": "2.08000", "2012-12-31": "2.04000", "2011-12-31": "1.21000", "2010-12-31": "0.50000", "2009-12-31": "0.21000", "2008-12-31": "0.95500", "2007-12-31": "0.08500", "2006-12-31": "0.80000", "2005-12-31": "0.61500"}, "EPS - Earnings Per Share": {"2019-12-31": "2.08000", "2018-12-31": "2.64000", "2017-12-31": "2.11000", "2016-12-31": "-1.08000", "2015-12-31": "-0.96000", "2014-12-31": "2.64000", "2013-12-31": "2.07000", "2012-12-31": "2.03000", "2011-12-31": "1.20500", "2010-12-31": "0.49500", "2009-12-31": "0.21000", "2008-12-31": "0.94500", "2007-12-31": "0.08500", "2006-12-31": "0.79500", "2005-12-31": "0.61000"}}, "income statement, quarterly": {"Revenue": {"2020-09-30": "692.37000", "2020-06-30": "175.65900", "2020-03-31": "880.80100", "2019-12-31": "1195.13400", "2019-09-30": "1104.19700", "2019-06-30": "1208.38200", "2019-03-31": "1124.23400", "2018-12-31": "1149.29400", "2018-09-30": "1282.15100", "2018-06-30": "1137.11300", "2018-03-31": "1141.02800", "2017-12-31": "1047.17200", "2017-09-30": "726.74300", "2017-06-30": "661.48600", "2017-03-31": "685.42700", "2016-12-31": "549.68900", "2016-09-30": "526.19900", "2016-06-30": "451.21100", "2016-03-31": "453.17400", "2015-12-31": "575.48000", "2015-09-30": "682.66900", "2015-06-30": "796.37400", "2015-03-31": "625.64400", "2014-12-31": "1297.70000", "2014-09-30": "1645.32800", "2014-06-30": "886.09500", "2014-03-31": "972.49500", "2013-12-31": "811.21990", "2013-09-30": "814.88700", "2013-06-30": "1093.05700", "2013-03-31": "702.64300", "2012-12-31": "659.03890", "2012-09-30": "483.72900", "2012-06-30": "1004.71900", "2012-03-31": "395.10000", "2011-12-31": "114.11790", "2011-09-30": "968.98900", "2011-06-30": "602.89200", "2011-03-31": "-36.21000", "2010-12-31": "91.37900", "2010-09-30": "219.45000", "2010-06-30": "279.96800", "2010-03-31": "248.26800", "2009-12-31": "207.63800", "2009-09-30": "170.20400", "2009-06-30": "151.76100", "2009-03-31": "96.60800", "2008-12-31": "135.79600", "2008-09-30": "293.60900", "2008-06-30": "303.43400", "2008-03-31": "227.65100", "2007-12-31": "158.99400", "2007-09-30": "156.77200", "2007-06-30": "145.32600", "2007-03-31": "121.12300", "2006-12-31": "113.91300", "2006-09-30": "140.87300", "2006-06-30": "125.10100", "2006-03-31": "103.76500"}, "Cost Of Goods Sold": {"2020-09-30": "", "2020-06-30": "", "2020-03-31": "", "2019-12-31": "", "2019-09-30": "", "2019-06-30": "", "2019-03-31": "", "2018-12-31": "", "2018-09-30": "", "2018-06-30": "", "2018-03-31": "", "2017-12-31": "", "2017-09-30": "", "2017-06-30": "", "2017-03-31": "", "2016-12-31": "", "2016-09-30": "", "2016-06-30": "", "2016-03-31": "", "2015-12-31": "", "2015-09-30": "", "2015-06-30": "", "2015-03-31": "", "2014-12-31": "", "2014-09-30": "", "2014-06-30": "", "2014-03-31": "", "2013-12-31": "", "2013-09-30": "", "2013-06-30": "", "2013-03-31": "", "2012-12-31": "", "2012-09-30": "7.62600", "2012-06-30": "", "2012-03-31": "9.84200", "2011-12-31": "", "2011-09-30": "6.19800", "2011-06-30": "", "2011-03-31": "5.45100", "2010-12-31": "", "2010-09-30": "4.93500", "2010-06-30": "4.09100", "2010-03-31": "3.95600", "2009-12-31": "", "2009-09-30": "", "2009-06-30": "", "2009-03-31": "", "2008-12-31": "", "2008-09-30": "", "2008-06-30": "", "2008-03-31": "", "2007-12-31": "", "2007-09-30": "", "2007-06-30": "", "2007-03-31": "", "2006-12-31": "", "2006-09-30": "", "2006-06-30": "", "2006-03-31": ""}, "Gross Profit": {"2020-09-30": "692.37000", "2020-06-30": "175.65900", "2020-03-31": "880.80100", "2019-12-31": "1195.13400", "2019-09-30": "1104.19700", "2019-06-30": "1208.38200", "2019-03-31": "1124.23400", "2018-12-31": "1149.29400", "2018-09-30": "1282.15100", "2018-06-30": "1137.11300", "2018-03-31": "1141.02800", "2017-12-31": "1047.17200", "2017-09-30": "726.74300", "2017-06-30": "661.48600", "2017-03-31": "685.42700", "2016-12-31": "549.68900", "2016-09-30": "526.19900", "2016-06-30": "451.21100", "2016-03-31": "453.17400", "2015-12-31": "575.48000", "2015-09-30": "682.66900", "2015-06-30": "796.37400", "2015-03-31": "625.64400", "2014-12-31": "1297.70000", "2014-09-30": "1645.32800", "2014-06-30": "886.09500", "2014-03-31": "972.49500", "2013-12-31": "811.21990", "2013-09-30": "814.88700", "2013-06-30": "1093.05700", "2013-03-31": "702.64300", "2012-12-31": "659.03890", "2012-09-30": "476.10300", "2012-06-30": "1004.71900", "2012-03-31": "385.25800", "2011-12-31": "114.11790", "2011-09-30": "962.79100", "2011-06-30": "602.89200", "2011-03-31": "-41.66100", "2010-12-31": "91.37900", "2010-09-30": "214.51500", "2010-06-30": "275.87700", "2010-03-31": "244.31200", "2009-12-31": "207.63800", "2009-09-30": "170.20400", "2009-06-30": "151.76100", "2009-03-31": "96.60800", "2008-12-31": "135.79600", "2008-09-30": "293.60900", "2008-06-30": "303.43400", "2008-03-31": "227.65100", "2007-12-31": "158.99400", "2007-09-30": "156.77200", "2007-06-30": "145.32600", "2007-03-31": "121.12300", "2006-12-31": "113.91300", "2006-09-30": "140.87300", "2006-06-30": "125.10100", "2006-03-31": "103.76500"}, "Research And Development Expenses": {"2020-09-30": "1.04100", "2020-06-30": "1.96000", "2020-03-31": "11.63700", "2019-12-31": "7.26800", "2019-09-30": "2.47200", "2019-06-30": "3.09000", "2019-03-31": "1.83700", "2018-12-31": "3.29500", "2018-09-30": "2.32400", "2018-06-30": "0.30300", "2018-03-31": "1.72000", "2017-12-31": "2.80200", "2017-09-30": "1.38900", "2017-06-30": "3.20400", "2017-03-31": "4.99800", "2016-12-31": "8.24500", "2016-09-30": "3.98700", "2016-06-30": "1.67400", "2016-03-31": "3.06600", "2015-12-31": "4.73200", "2015-09-30": "0.23200", "2015-06-30": "0.10900", "2015-03-31": "14.34000", "2014-12-31": "20.53500", "2014-09-30": "13.51400", "2014-06-30": "11.20500", "2014-03-31": "4.81300", "2013-12-31": "5.80900", "2013-09-30": "8.17300", "2013-06-30": "11.15100", "2013-03-31": "9.81400", "2012-12-31": "5.75500", "2012-09-30": "4.89900", "2012-06-30": "8.70200", "2012-03-31": "4.15100", "2011-12-31": "6.26000", "2011-09-30": "9.81400", "2011-06-30": "5.03400", "2011-03-31": "6.81200", "2010-12-31": "5.17800", "2010-09-30": "3.53000", "2010-06-30": "2.26900", "2010-03-31": "1.78600", "2009-12-31": "2.88900", "2009-09-30": "1.07700", "2009-06-30": "1.53000", "2009-03-31": "7.11900", "2008-12-31": "13.88200", "2008-09-30": "15.28500", "2008-06-30": "5.73100", "2008-03-31": "5.26200", "2007-12-31": "2.49900", "2007-09-30": "2.75800", "2007-06-30": "1.60200", "2007-03-31": "2.30400", "2006-12-31": "10.65300", "2006-09-30": "4.01800", "2006-06-30": "2.98500", "2006-03-31": "2.08200"}, "SG&A Expenses": {"2020-09-30": "242.71500", "2020-06-30": "155.63600", "2020-03-31": "299.02500", "2019-12-31": "323.11190", "2019-09-30": "318.23600", "2019-06-30": "318.12100", "2019-03-31": "297.34900", "2018-12-31": "297.08500", "2018-09-30": "296.92600", "2018-06-30": "275.88200", "2018-03-31": "270.46500", "2017-12-31": "225.69700", "2017-09-30": "183.13300", "2017-06-30": "168.10300", "2017-03-31": "164.14500", "2016-12-31": "166.41500", "2016-09-30": "148.59900", "2016-06-30": "153.04600", "2016-03-31": "144.58300", "2015-12-31": "172.00300", "2015-09-30": "189.57500", "2015-06-30": "204.56200", "2015-03-31": "190.57700", "2014-12-31": "224.42590", "2014-09-30": "243.09000", "2014-06-30": "234.44400", "2014-03-31": "206.79800", "2013-12-31": "202.67700", "2013-09-30": "192.10800", "2013-06-30": "191.18300", "2013-03-31": "169.06000", "2012-12-31": "153.04800", "2012-09-30": "149.04800", "2012-06-30": "130.05100", "2012-03-31": "115.78100", "2011-12-31": "124.43300", "2011-09-30": "93.86100", "2011-06-30": "91.12500", "2011-03-31": "73.17900", "2010-12-31": "77.96500", "2010-09-30": "56.52200", "2010-06-30": "52.07300", "2010-03-31": "50.45700", "2009-12-31": "53.60200", "2009-09-30": "47.47200", "2009-06-30": "47.71200", "2009-03-31": "41.93500", "2008-12-31": "46.85900", "2008-09-30": "58.29200", "2008-06-30": "61.39200", "2008-03-31": "47.60900", "2007-12-31": "37.62900", "2007-09-30": "37.91700", "2007-06-30": "40.67600", "2007-03-31": "38.34000", "2006-12-31": "30.51600", "2006-09-30": "26.75500", "2006-06-30": "32.49000", "2006-03-31": "34.74000"}, "Other Operating Income Or Expenses": {"2020-09-30": "-19.31800", "2020-06-30": "-24.54100", "2020-03-31": "-227.03100", "2019-12-31": "-18.16600", "2019-09-30": "-20.73400", "2019-06-30": "-21.70300", "2019-03-31": "-25.06400", "2018-12-31": "-30.08400", "2018-09-30": "-22.26000", "2018-06-30": "-22.45200", "2018-03-31": "-33.74300", "2017-12-31": "-32.47300", "2017-09-30": "-30.22500", "2017-06-30": "-123.45000", "2017-03-31": "-56.90700", "2016-12-31": "168.59000", "2016-09-30": "-52.12500", "2016-06-30": "34.72300", "2016-03-31": "-80.63600", "2015-12-31": "-80.78300", "2015-09-30": "-96.40900", "2015-06-30": "-56.29900", "2015-03-31": "-145.49100", "2014-12-31": "-392.25100", "2014-09-30": "-80.15000", "2014-06-30": "-77.18100", "2014-03-31": "-66.70600", "2013-12-31": "-58.57200", "2013-09-30": "-41.84200", "2013-06-30": "-80.06100", "2013-03-31": "-39.94500", "2012-12-31": "39.78700", "2012-09-30": "-27.26000", "2012-06-30": "-18.47400", "2012-03-31": "19.72000", "2011-12-31": "-36.69200", "2011-09-30": "-26.41300", "2011-06-30": "-18.92400", "2011-03-31": "-5.59100", "2010-12-31": "-18.83100", "2010-09-30": "-15.18900", "2010-06-30": "13.61000", "2010-03-31": "-14.95300", "2009-12-31": "-13.16700", "2009-09-30": "-11.33900", "2009-06-30": "-23.19000", "2009-03-31": "-35.28900", "2008-12-31": "-10.73900", "2008-09-30": "-9.75300", "2008-06-30": "-3.02000", "2008-03-31": "-4.44100", "2007-12-31": "-4.23700", "2007-09-30": "-4.16100", "2007-06-30": "-5.58400", "2007-03-31": "-2.90900", "2006-12-31": "-2.67300", "2006-09-30": "-1.26200", "2006-06-30": "-6.33300", "2006-03-31": "-1.19300"}, "Operating Expenses": {"2020-09-30": "724.26500", "2020-06-30": "472.43500", "2020-03-31": "1074.38900", "2019-12-31": "901.25800", "2019-09-30": "825.47300", "2019-06-30": "828.53500", "2019-03-31": "819.26900", "2018-12-31": "818.88030", "2018-09-30": "790.84300", "2018-06-30": "745.83700", "2018-03-31": "760.30600", "2017-12-31": "737.70400", "2017-09-30": "634.98990", "2017-06-30": "690.52700", "2017-03-31": "608.20600", "2016-12-31": "394.39030", "2016-09-30": "619.38200", "2016-06-30": "561.75790", "2016-03-31": "692.27690", "2015-12-31": "718.29600", "2015-09-30": "735.02500", "2015-06-30": "713.92700", "2015-03-31": "736.92000", "2014-12-31": "1032.47200", "2014-09-30": "700.43100", "2014-06-30": "649.70100", "2014-03-31": "551.17800", "2013-12-31": "537.51420", "2013-09-30": "486.84400", "2013-06-30": "519.18490", "2013-03-31": "432.49700", "2012-12-31": "293.81910", "2012-09-30": "378.20700", "2012-06-30": "318.24500", "2012-03-31": "259.50900", "2011-12-31": "282.39900", "2011-09-30": "241.37100", "2011-06-30": "198.58400", "2011-03-31": "166.68300", "2010-12-31": "158.26600", "2010-09-30": "143.09400", "2010-06-30": "103.64500", "2010-03-31": "123.73900", "2009-12-31": "122.38500", "2009-09-30": "110.91800", "2009-06-30": "125.58000", "2009-03-31": "135.04000", "2008-12-31": "124.55400", "2008-09-30": "122.45000", "2008-06-30": "98.20500", "2008-03-31": "85.95800", "2007-12-31": "70.69100", "2007-09-30": "68.40400", "2007-06-30": "71.19200", "2007-03-31": "63.96100", "2006-12-31": "62.89400", "2006-09-30": "50.43000", "2006-06-30": "56.49700", "2006-03-31": "51.30700"}, "Operating Income": {"2020-09-30": "-31.89500", "2020-06-30": "-296.77600", "2020-03-31": "-193.58800", "2019-12-31": "293.87570", "2019-09-30": "278.72400", "2019-06-30": "379.84690", "2019-03-31": "304.96500", "2018-12-31": "330.41380", "2018-09-30": "491.30800", "2018-06-30": "391.27610", "2018-03-31": "380.72200", "2017-12-31": "309.46780", "2017-09-30": "91.75310", "2017-06-30": "-29.04100", "2017-03-31": "77.22100", "2016-12-31": "155.29860", "2016-09-30": "-93.18300", "2016-06-30": "-110.54690", "2016-03-31": "-239.10290", "2015-12-31": "-142.81600", "2015-09-30": "-52.35600", "2015-06-30": "82.44700", "2015-03-31": "-111.27610", "2014-12-31": "265.22800", "2014-09-30": "944.89700", "2014-06-30": "236.39390", "2014-03-31": "421.31700", "2013-12-31": "273.70570", "2013-09-30": "328.04300", "2013-06-30": "573.87210", "2013-03-31": "270.14600", "2012-12-31": "365.21990", "2012-09-30": "105.52200", "2012-06-30": "686.47400", "2012-03-31": "135.59100", "2011-12-31": "-168.28110", "2011-09-30": "727.61800", "2011-06-30": "404.30800", "2011-03-31": "-202.89300", "2010-12-31": "-66.88700", "2010-09-30": "76.35600", "2010-06-30": "176.32300", "2010-03-31": "124.52900", "2009-12-31": "85.25310", "2009-09-30": "59.28600", "2009-06-30": "26.18100", "2009-03-31": "-38.43200", "2008-12-31": "11.24200", "2008-09-30": "171.15900", "2008-06-30": "205.22900", "2008-03-31": "141.69300", "2007-12-31": "88.30300", "2007-09-30": "88.36800", "2007-06-30": "74.13400", "2007-03-31": "57.16200", "2006-12-31": "51.01900", "2006-09-30": "90.44300", "2006-06-30": "68.60400", "2006-03-31": "52.45800"}, "Total Non-Operating Income/Expense": {"2020-09-30": "-63.66000", "2020-06-30": "-17.49800", "2020-03-31": "-45.43100", "2019-12-31": "-64.46500", "2019-09-30": "-71.55500", "2019-06-30": "-67.74800", "2019-03-31": "-66.48200", "2018-12-31": "-68.42500", "2018-09-30": "-79.67300", "2018-06-30": "-73.58000", "2018-03-31": "-75.24000", "2017-12-31": "-75.87100", "2017-09-30": "-74.36200", "2017-06-30": "-72.37100", "2017-03-31": "-70.73000", "2016-12-31": "-101.15000", "2016-09-30": "-81.71400", "2016-06-30": "-81.48700", "2016-03-31": "-80.56900", "2015-12-31": "-79.65500", "2015-09-30": "-78.81100", "2015-06-30": "-77.90200", "2015-03-31": "-74.71600", "2014-12-31": "-73.49800", "2014-09-30": "-98.03600", "2014-06-30": "-72.04800", "2014-03-31": "-62.21600", "2013-12-31": "-62.87300", "2013-09-30": "-62.17200", "2013-06-30": "-60.74400", "2013-03-31": "-46.92900", "2012-12-31": "-44.71700", "2012-09-30": "-38.49500", "2012-06-30": "-30.90200", "2012-03-31": "-23.49700", "2011-12-31": "-19.09500", "2011-09-30": "-17.98700", "2011-06-30": "-17.76300", "2011-03-31": "-18.46200", "2010-12-31": "-20.00000", "2010-09-30": "-12.37500", "2010-06-30": "-11.82500", "2010-03-31": "-7.65400", "2009-12-31": "-8.84900", "2009-09-30": "-4.56900", "2009-06-30": "-4.42200", "2009-03-31": "-4.44000", "2008-12-31": "-2.74300", "2008-09-30": "-2.32100", "2008-06-30": "-2.61700", "2008-03-31": "-3.11200", "2007-12-31": "-2.54300", "2007-09-30": "-2.45600", "2007-06-30": "-2.84300", "2007-03-31": "-3.34800", "2006-12-31": "-2.27600", "2006-09-30": "-2.58400", "2006-06-30": "-2.54300", "2006-03-31": "-2.16500"}, "Pre-Tax Income": {"2020-09-30": "-95.55500", "2020-06-30": "-314.27400", "2020-03-31": "-239.01900", "2019-12-31": "229.41100", "2019-09-30": "207.16900", "2019-06-30": "312.09900", "2019-03-31": "238.48300", "2018-12-31": "261.98900", "2018-09-30": "411.63500", "2018-06-30": "317.69600", "2018-03-31": "305.48200", "2017-12-31": "233.59700", "2017-09-30": "17.39100", "2017-06-30": "-101.41200", "2017-03-31": "6.49100", "2016-12-31": "54.14900", "2016-09-30": "-174.89700", "2016-06-30": "-192.03400", "2016-03-31": "-319.67200", "2015-12-31": "-222.47100", "2015-09-30": "-131.16700", "2015-06-30": "4.54500", "2015-03-31": "-185.99200", "2014-12-31": "191.72990", "2014-09-30": "846.86100", "2014-06-30": "164.34600", "2014-03-31": "359.10100", "2013-12-31": "210.83300", "2013-09-30": "265.87100", "2013-06-30": "513.12800", "2013-03-31": "223.21700", "2012-12-31": "320.50310", "2012-09-30": "67.02700", "2012-06-30": "655.57200", "2012-03-31": "112.09400", "2011-12-31": "-187.37600", "2011-09-30": "709.63100", "2011-06-30": "386.54500", "2011-03-31": "-221.35500", "2010-12-31": "-86.88700", "2010-09-30": "63.98100", "2010-06-30": "164.49800", "2010-03-31": "116.87500", "2009-12-31": "76.40400", "2009-09-30": "54.71700", "2009-06-30": "21.75900", "2009-03-31": "-42.87200", "2008-12-31": "8.49900", "2008-09-30": "168.83800", "2008-06-30": "202.61200", "2008-03-31": "138.58100", "2007-12-31": "85.76000", "2007-09-30": "85.91200", "2007-06-30": "71.29100", "2007-03-31": "53.81400", "2006-12-31": "48.74300", "2006-09-30": "87.85900", "2006-06-30": "66.06100", "2006-03-31": "50.29300"}, "Income Taxes": {"2020-09-30": "-13.97200", "2020-06-30": "-72.14300", "2020-03-31": "-52.23500", "2019-12-31": "35.30300", "2019-09-30": "49.74700", "2019-06-30": "75.64900", "2019-03-31": "51.99000", "2018-12-31": "62.86800", "2018-09-30": "97.46600", "2018-06-30": "75.23200", "2018-03-31": "71.53600", "2017-12-31": "-608.31700", "2017-09-30": "6.77000", "2017-06-30": "-37.85500", "2017-03-31": "6.02200", "2016-12-31": "26.47900", "2016-09-30": "-65.27600", "2016-06-30": "-72.63200", "2016-03-31": "-121.34600", "2015-12-31": "-82.79400", "2015-09-30": "-48.74400", "2015-06-30": "4.14200", "2015-03-31": "-54.02100", "2014-12-31": "77.68200", "2014-09-30": "313.34000", "2014-06-30": "60.80800", "2014-03-31": "132.86700", "2013-12-31": "78.00900", "2013-09-30": "98.37300", "2013-06-30": "189.85800", "2013-03-31": "82.59000", "2012-12-31": "99.99200", "2012-09-30": "22.93100", "2012-06-30": "249.88800", "2012-03-31": "43.00000", "2011-12-31": "-75.31200", "2011-09-30": "270.48800", "2011-06-30": "147.35100", "2011-03-31": "-84.15400", "2010-12-31": "-41.85900", "2010-09-30": "24.90400", "2010-06-30": "62.75700", "2010-03-31": "44.41000", "2009-12-31": "26.89000", "2009-09-30": "19.78800", "2009-06-30": "8.25100", "2009-03-31": "-16.25900", "2008-12-31": "8.08300", "2008-09-30": "63.58200", "2008-06-30": "75.30500", "2008-03-31": "50.61000", "2007-12-31": "24.86800", "2007-09-30": "29.54000", "2007-06-30": "213.78900", "2007-03-31": "", "2006-12-31": "", "2006-09-30": "-0.13200", "2006-06-30": "", "2006-03-31": ""}, "Income After Taxes": {"2020-09-30": "-81.58300", "2020-06-30": "-242.13100", "2020-03-31": "-186.78400", "2019-12-31": "194.10800", "2019-09-30": "157.42200", "2019-06-30": "236.45000", "2019-03-31": "186.49300", "2018-12-31": "199.12100", "2018-09-30": "314.16900", "2018-06-30": "242.46400", "2018-03-31": "233.94600", "2017-12-31": "841.91410", "2017-09-30": "10.62100", "2017-06-30": "-63.55700", "2017-03-31": "0.46900", "2016-12-31": "27.67000", "2016-09-30": "-109.62100", "2016-06-30": "-119.40200", "2016-03-31": "-198.32600", "2015-12-31": "-139.67700", "2015-09-30": "-82.42300", "2015-06-30": "0.40300", "2015-03-31": "-131.97100", "2014-12-31": "114.04790", "2014-09-30": "533.52100", "2014-06-30": "103.53800", "2014-03-31": "226.23400", "2013-12-31": "132.82400", "2013-09-30": "167.49800", "2013-06-30": "323.27000", "2013-03-31": "140.62700", "2012-12-31": "220.51100", "2012-09-30": "44.09600", "2012-06-30": "405.68400", "2012-03-31": "69.09400", "2011-12-31": "-112.06400", "2011-09-30": "439.14300", "2011-06-30": "239.19400", "2011-03-31": "-137.20100", "2010-12-31": "-45.02800", "2010-09-30": "39.07700", "2010-06-30": "101.74100", "2010-03-31": "72.46500", "2009-12-31": "49.51400", "2009-09-30": "34.92900", "2009-06-30": "13.50800", "2009-03-31": "-26.61300", "2008-12-31": "0.41600", "2008-09-30": "105.25600", "2008-06-30": "127.30700", "2008-03-31": "87.97100", "2007-12-31": "60.89200", "2007-09-30": "56.37200", "2007-06-30": "-142.49800", "2007-03-31": "53.81400", "2006-12-31": "48.74300", "2006-09-30": "87.99100", "2006-06-30": "66.06100", "2006-03-31": "50.29300"}, "Other Income": {"2020-09-30": "", "2020-06-30": "", "2020-03-31": "", "2019-12-31": "", "2019-09-30": "", "2019-06-30": "", "2019-03-31": "", "2018-12-31": "", "2018-09-30": "", "2018-06-30": "", "2018-03-31": "", "2017-12-31": "", "2017-09-30": "", "2017-06-30": "", "2017-03-31": "", "2016-12-31": "", "2016-09-30": "", "2016-06-30": "", "2016-03-31": "", "2015-12-31": "", "2015-09-30": "", "2015-06-30": "", "2015-03-31": "", "2014-12-31": "", "2014-09-30": "", "2014-06-30": "", "2014-03-31": "", "2013-12-31": "", "2013-09-30": "", "2013-06-30": "", "2013-03-31": "", "2012-12-31": "", "2012-09-30": "", "2012-06-30": "", "2012-03-31": "", "2011-12-31": "", "2011-09-30": "", "2011-06-30": "", "2011-03-31": "", "2010-12-31": "", "2010-09-30": "", "2010-06-30": "", "2010-03-31": "", "2009-12-31": "", "2009-09-30": "", "2009-06-30": "", "2009-03-31": "", "2008-12-31": "", "2008-09-30": "", "2008-06-30": "", "2008-03-31": "", "2007-12-31": "", "2007-09-30": "", "2007-06-30": "", "2007-03-31": "", "2006-12-31": "", "2006-09-30": "", "2006-06-30": "", "2006-03-31": ""}, "Income From Continuous Operations": {"2020-09-30": "-81.58300", "2020-06-30": "-242.13100", "2020-03-31": "-186.78400", "2019-12-31": "194.10800", "2019-09-30": "157.42200", "2019-06-30": "236.45000", "2019-03-31": "186.49300", "2018-12-31": "199.12100", "2018-09-30": "314.16900", "2018-06-30": "242.46400", "2018-03-31": "233.94600", "2017-12-31": "841.91410", "2017-09-30": "10.62100", "2017-06-30": "-63.55700", "2017-03-31": "0.46900", "2016-12-31": "27.67000", "2016-09-30": "-109.62100", "2016-06-30": "-119.40200", "2016-03-31": "-198.32600", "2015-12-31": "-139.67700", "2015-09-30": "-82.42300", "2015-06-30": "0.40300", "2015-03-31": "-131.97100", "2014-12-31": "114.04790", "2014-09-30": "533.52100", "2014-06-30": "103.53800", "2014-03-31": "226.23400", "2013-12-31": "132.82400", "2013-09-30": "167.49800", "2013-06-30": "323.27000", "2013-03-31": "140.62700", "2012-12-31": "220.51100", "2012-09-30": "44.09600", "2012-06-30": "405.68400", "2012-03-31": "69.09400", "2011-12-31": "-112.06400", "2011-09-30": "439.14300", "2011-06-30": "239.19400", "2011-03-31": "-137.20100", "2010-12-31": "-45.02800", "2010-09-30": "39.07700", "2010-06-30": "101.74100", "2010-03-31": "72.46500", "2009-12-31": "49.51400", "2009-09-30": "34.92900", "2009-06-30": "13.50800", "2009-03-31": "-26.61300", "2008-12-31": "0.41600", "2008-09-30": "105.25600", "2008-06-30": "127.30700", "2008-03-31": "87.97100", "2007-12-31": "60.89200", "2007-09-30": "56.37200", "2007-06-30": "-142.49800", "2007-03-31": "53.81400", "2006-12-31": "48.74300", "2006-09-30": "87.99100", "2006-06-30": "66.06100", "2006-03-31": "50.29300"}, "Income From Discontinued Operations": {"2020-09-30": "", "2020-06-30": "", "2020-03-31": "", "2019-12-31": "", "2019-09-30": "", "2019-06-30": "", "2019-03-31": "", "2018-12-31": "", "2018-09-30": "", "2018-06-30": "", "2018-03-31": "", "2017-12-31": "", "2017-09-30": "", "2017-06-30": "", "2017-03-31": "", "2016-12-31": "", "2016-09-30": "", "2016-06-30": "", "2016-03-31": "", "2015-12-31": "", "2015-09-30": "", "2015-06-30": "", "2015-03-31": "", "2014-12-31": "", "2014-09-30": "", "2014-06-30": "", "2014-03-31": "", "2013-12-31": "", "2013-09-30": "", "2013-06-30": "", "2013-03-31": "", "2012-12-31": "", "2012-09-30": "", "2012-06-30": "", "2012-03-31": "", "2011-12-31": "", "2011-09-30": "", "2011-06-30": "", "2011-03-31": "", "2010-12-31": "", "2010-09-30": "", "2010-06-30": "", "2010-03-31": "", "2009-12-31": "", "2009-09-30": "", "2009-06-30": "", "2009-03-31": "", "2008-12-31": "", "2008-09-30": "", "2008-06-30": "", "2008-03-31": "", "2007-12-31": "", "2007-09-30": "", "2007-06-30": "", "2007-03-31": "", "2006-12-31": "", "2006-09-30": "", "2006-06-30": "", "2006-03-31": ""}, "Net Income": {"2020-09-30": "-79.42200", "2020-06-30": "-239.28600", "2020-03-31": "-185.66400", "2019-12-31": "193.94600", "2019-09-30": "158.16200", "2019-06-30": "236.55700", "2019-03-31": "186.97600", "2018-12-31": "197.73800", "2018-09-30": "314.16900", "2018-06-30": "242.46400", "2018-03-31": "233.94600", "2017-12-31": "841.91410", "2017-09-30": "10.62100", "2017-06-30": "-63.55700", "2017-03-31": "0.46900", "2016-12-31": "27.67000", "2016-09-30": "-109.62100", "2016-06-30": "-119.40200", "2016-03-31": "-198.32600", "2015-12-31": "-139.67700", "2015-09-30": "-82.42300", "2015-06-30": "0.40300", "2015-03-31": "-131.97100", "2014-12-31": "114.04800", "2014-09-30": "533.52100", "2014-06-30": "103.53800", "2014-03-31": "226.23400", "2013-12-31": "132.82400", "2013-09-30": "167.49800", "2013-06-30": "323.27000", "2013-03-31": "140.62700", "2012-12-31": "220.51100", "2012-09-30": "44.09600", "2012-06-30": "405.68400", "2012-03-31": "69.09400", "2011-12-31": "-112.06400", "2011-09-30": "439.14300", "2011-06-30": "239.19400", "2011-03-31": "-137.20100", "2010-12-31": "-45.02800", "2010-09-30": "39.07700", "2010-06-30": "101.74100", "2010-03-31": "72.46500", "2009-12-31": "49.51400", "2009-09-30": "34.92900", "2009-06-30": "13.50800", "2009-03-31": "-26.61300", "2008-12-31": "0.41600", "2008-09-30": "105.25600", "2008-06-30": "127.30700", "2008-03-31": "87.97100", "2007-12-31": "60.89200", "2007-09-30": "56.37200", "2007-06-30": "-142.49800", "2007-03-31": "53.81400", "2006-12-31": "48.74300", "2006-09-30": "87.99100", "2006-06-30": "66.06100", "2006-03-31": "50.29300"}, "EBITDA": {"2020-09-30": "426.26600", "2020-06-30": "-4.83400", "2020-03-31": "343.19800", "2019-12-31": "847.72370", "2019-09-30": "761.39700", "2019-06-30": "866.46890", "2019-03-31": "801.52600", "2018-12-31": "818.85580", "2018-09-30": "959.76710", "2018-06-30": "837.93410", "2018-03-31": "836.28100", "2017-12-31": "780.59090", "2017-09-30": "516.65800", "2017-06-30": "364.38400", "2017-03-31": "458.60600", "2016-12-31": "542.58560", "2016-09-30": "321.07600", "2016-06-30": "332.02310", "2016-03-31": "226.34810", "2015-12-31": "317.48000", "2015-09-30": "395.58600", "2015-06-30": "529.63700", "2015-03-31": "279.74990", "2014-12-31": "663.26610", "2014-09-30": "1308.53200", "2014-06-30": "561.91690", "2014-03-31": "702.43200", "2013-12-31": "544.41380", "2013-09-30": "574.13300", "2013-06-30": "807.04710", "2013-03-31": "485.61000", "2012-12-31": "559.55880", "2012-09-30": "291.51400", "2012-06-30": "850.56800", "2012-03-31": "285.86400", "2011-12-31": "-42.71810", "2011-09-30": "832.71500", "2011-06-30": "488.73000", "2011-03-31": "-126.13100", "2010-12-31": "2.54000", "2010-09-30": "138.26000", "2010-06-30": "235.56100", "2010-03-31": "176.70800", "2009-12-31": "136.44200", "2009-09-30": "109.03400", "2009-06-30": "79.87200", "2009-03-31": "15.82500", "2008-12-31": "63.86900", "2008-09-30": "210.44900", "2008-06-30": "233.31700", "2008-03-31": "170.26100", "2007-12-31": "115.78300", "2007-09-30": "112.30000", "2007-06-30": "97.81000", "2007-03-31": "77.67800", "2006-12-31": "69.39500", "2006-09-30": "108.82700", "2006-06-30": "83.20600", "2006-03-31": "66.63600"}, "EBIT": {"2020-09-30": "-31.89500", "2020-06-30": "-296.77600", "2020-03-31": "-193.58800", "2019-12-31": "293.87590", "2019-09-30": "278.72400", "2019-06-30": "379.84690", "2019-03-31": "304.96500", "2018-12-31": "330.41360", "2018-09-30": "491.30800", "2018-06-30": "391.27610", "2018-03-31": "380.72200", "2017-12-31": "309.46780", "2017-09-30": "91.75310", "2017-06-30": "-29.04100", "2017-03-31": "77.22100", "2016-12-31": "155.29860", "2016-09-30": "-93.18300", "2016-06-30": "-110.54690", "2016-03-31": "-239.10290", "2015-12-31": "-142.81600", "2015-09-30": "-52.35600", "2015-06-30": "82.44700", "2015-03-31": "-111.27610", "2014-12-31": "265.22820", "2014-09-30": "944.89700", "2014-06-30": "236.39390", "2014-03-31": "421.31700", "2013-12-31": "273.70580", "2013-09-30": "328.04300", "2013-06-30": "573.87210", "2013-03-31": "270.14600", "2012-12-31": "365.21990", "2012-09-30": "105.52200", "2012-06-30": "686.47400", "2012-03-31": "135.59100", "2011-12-31": "-168.28110", "2011-09-30": "727.61800", "2011-06-30": "404.30800", "2011-03-31": "-202.89300", "2010-12-31": "-66.88700", "2010-09-30": "76.35600", "2010-06-30": "176.32300", "2010-03-31": "124.52900", "2009-12-31": "85.25300", "2009-09-30": "59.28600", "2009-06-30": "26.18100", "2009-03-31": "-38.43200", "2008-12-31": "11.24200", "2008-09-30": "171.15900", "2008-06-30": "205.22900", "2008-03-31": "141.69300", "2007-12-31": "88.30300", "2007-09-30": "88.36800", "2007-06-30": "74.13400", "2007-03-31": "57.16200", "2006-12-31": "51.01900", "2006-09-30": "90.44300", "2006-06-30": "68.60400", "2006-03-31": "52.45800"}, "Basic Shares Outstanding": {"2020-09-30": "360.25700", "2020-06-30": "360.20400", "2020-03-31": "365.40300", "2019-12-31": "370.69900", "2019-09-30": "369.73900", "2019-06-30": "372.83500", "2019-03-31": "372.56300", "2018-12-31": "371.85400", "2018-09-30": "371.96000", "2018-06-30": "371.92100", "2018-03-31": "371.54300", "2017-12-31": "371.06600", "2017-09-30": "371.14200", "2017-06-30": "371.11100", "2017-03-31": "370.83100", "2016-12-31": "370.38000", "2016-09-30": "370.48300", "2016-06-30": "370.43500", "2016-03-31": "370.06200", "2015-12-31": "369.54000", "2015-09-30": "369.59900", "2015-06-30": "369.51000", "2015-03-31": "369.38500", "2014-12-31": "368.82900", "2014-09-30": "368.81400", "2014-06-30": "368.74600", "2014-03-31": "368.65800", "2013-12-31": "368.15000", "2013-09-30": "368.13900", "2013-06-30": "368.07800", "2013-03-31": "367.99800", "2012-12-31": "362.68000", "2012-09-30": "363.81800", "2012-06-30": "359.56200", "2012-03-31": "359.41400", "2011-12-31": "355.18000", "2011-09-30": "358.91600", "2011-06-30": "358.84800", "2011-03-31": "343.45800", "2010-12-31": "337.97000", "2010-09-30": "337.85000", "2010-06-30": "337.77400", "2010-03-31": "337.71000", "2009-12-31": "337.11800", "2009-09-30": "337.03200", "2009-06-30": "336.98400", "2009-03-31": "336.93400", "2008-12-31": "336.17400", "2008-09-30": "336.19400", "2008-06-30": "336.11000", "2008-03-31": "335.78000", "2007-12-31": "328.11800", "2007-09-30": "334.46400", "2007-06-30": "325.86600", "2007-03-31": "316.68800", "2006-12-31": "316.22800", "2006-09-30": "316.21200", "2006-06-30": "316.11600", "2006-03-31": "316.11600"}, "Shares Outstanding": {"2020-09-30": "360.25700", "2020-06-30": "360.20400", "2020-03-31": "365.40300", "2019-12-31": "372.53800", "2019-09-30": "370.67600", "2019-06-30": "374.00900", "2019-03-31": "374.47400", "2018-12-31": "374.83800", "2018-09-30": "374.62300", "2018-06-30": "374.50500", "2018-03-31": "374.18100", "2017-12-31": "373.76800", "2017-09-30": "373.01500", "2017-06-30": "371.11100", "2017-03-31": "373.35300", "2016-12-31": "370.38000", "2016-09-30": "370.48300", "2016-06-30": "370.43500", "2016-03-31": "370.06200", "2015-12-31": "369.54000", "2015-09-30": "369.59900", "2015-06-30": "370.87300", "2015-03-31": "369.38500", "2014-12-31": "370.75800", "2014-09-30": "370.52800", "2014-06-30": "370.33400", "2014-03-31": "370.05600", "2013-12-31": "369.69800", "2013-09-30": "369.76100", "2013-06-30": "369.47800", "2013-03-31": "369.31200", "2012-12-31": "363.69200", "2012-09-30": "365.07400", "2012-06-30": "360.67000", "2012-03-31": "360.56600", "2011-12-31": "356.46000", "2011-09-30": "360.49000", "2011-06-30": "360.45800", "2011-03-31": "343.45800", "2010-12-31": "339.55800", "2010-09-30": "339.89800", "2010-06-30": "339.86400", "2010-03-31": "339.64000", "2009-12-31": "339.05800", "2009-09-30": "339.41200", "2009-06-30": "338.99600", "2009-03-31": "336.93400", "2008-12-31": "338.78400", "2008-09-30": "339.05200", "2008-06-30": "339.10400", "2008-03-31": "338.27600", "2007-12-31": "330.84400", "2007-09-30": "338.08600", "2007-06-30": "325.86600", "2007-03-31": "319.17000", "2006-12-31": "319.33000", "2006-09-30": "319.83800", "2006-06-30": "319.37000", "2006-03-31": "319.03800"}, "Basic EPS": {"2020-09-30": "-0.22000", "2020-06-30": "-0.66000", "2020-03-31": "-0.51000", "2019-12-31": "0.53000", "2019-09-30": "0.43000", "2019-06-30": "0.63000", "2019-03-31": "0.50000", "2018-12-31": "0.54000", "2018-09-30": "0.84000", "2018-06-30": "0.65000", "2018-03-31": "0.63000", "2017-12-31": "2.26870", "2017-09-30": "0.03000", "2017-06-30": "-0.17000", "2017-03-31": "0.00130", "2016-12-31": "0.08000", "2016-09-30": "-0.30000", "2016-06-30": "-0.32000", "2016-03-31": "-0.54000", "2015-12-31": "-0.38110", "2015-09-30": "-0.22000", "2015-06-30": "0.00110", "2015-03-31": "-0.36000", "2014-12-31": "0.31000", "2014-09-30": "1.45000", "2014-06-30": "0.28000", "2014-03-31": "0.61000", "2013-12-31": "0.37000", "2013-09-30": "0.45000", "2013-06-30": "0.88000", "2013-03-31": "0.38000", "2012-12-31": "0.60000", "2012-09-30": "0.12000", "2012-06-30": "1.13000", "2012-03-31": "0.19000", "2011-12-31": "-0.28000", "2011-09-30": "1.22500", "2011-06-30": "0.66500", "2011-03-31": "-0.40000", "2010-12-31": "-0.13000", "2010-09-30": "0.11500", "2010-06-30": "0.30000", "2010-03-31": "0.21500", "2009-12-31": "0.14500", "2009-09-30": "0.10500", "2009-06-30": "0.04000", "2009-03-31": "-0.08000", "2008-12-31": "", "2008-09-30": "0.31500", "2008-06-30": "0.38000", "2008-03-31": "0.26000", "2007-12-31": "0.18000", "2007-09-30": "0.17000", "2007-06-30": "-0.43500", "2007-03-31": "0.17000", "2006-12-31": "0.15000", "2006-09-30": "0.28000", "2006-06-30": "0.21000", "2006-03-31": "0.16000"}, "EPS - Earnings Per Share": {"2020-09-30": "-0.22000", "2020-06-30": "-0.66000", "2020-03-31": "-0.51000", "2019-12-31": "0.52000", "2019-09-30": "0.43000", "2019-06-30": "0.63000", "2019-03-31": "0.50000", "2018-12-31": "0.52000", "2018-09-30": "0.84000", "2018-06-30": "0.65000", "2018-03-31": "0.63000", "2017-12-31": "2.24870", "2017-09-30": "0.03000", "2017-06-30": "-0.17000", "2017-03-31": "0.00130", "2016-12-31": "0.08000", "2016-09-30": "-0.30000", "2016-06-30": "-0.32000", "2016-03-31": "-0.54000", "2015-12-31": "-0.38110", "2015-09-30": "-0.22000", "2015-06-30": "0.00110", "2015-03-31": "-0.36000", "2014-12-31": "0.31000", "2014-09-30": "1.44000", "2014-06-30": "0.28000", "2014-03-31": "0.61000", "2013-12-31": "0.36500", "2013-09-30": "0.45000", "2013-06-30": "0.87500", "2013-03-31": "0.38000", "2012-12-31": "0.59500", "2012-09-30": "0.12000", "2012-06-30": "1.12500", "2012-03-31": "0.19000", "2011-12-31": "-0.28000", "2011-09-30": "1.22000", "2011-06-30": "0.66500", "2011-03-31": "-0.40000", "2010-12-31": "-0.13500", "2010-09-30": "0.11500", "2010-06-30": "0.30000", "2010-03-31": "0.21500", "2009-12-31": "0.14500", "2009-09-30": "0.10500", "2009-06-30": "0.04000", "2009-03-31": "-0.08000", "2008-12-31": "0.00000", "2008-09-30": "0.31000", "2008-06-30": "0.37500", "2008-03-31": "0.26000", "2007-12-31": "0.18500", "2007-09-30": "0.16500", "2007-06-30": "-0.43500", "2007-03-31": "0.17000", "2006-12-31": "0.15500", "2006-09-30": "0.27500", "2006-06-30": "0.20500", "2006-03-31": "0.16000"}}, "balance sheet": {"Cash On Hand": {"2019-12-31": "39.40000", "2018-12-31": "282.74900", "2017-12-31": "43.90200", "2016-12-31": "16.64300", "2015-12-31": "11.46300", "2014-12-31": "24.38100", "2013-12-31": "28.48200", "2012-12-31": "35.72900", "2011-12-31": "53.54400", "2010-12-31": "7.91600", "2009-12-31": "14.22200", "2008-12-31": "5.22900", "2007-12-31": "8.76100", "2006-12-31": "7.01800", "2005-12-31": ""}, "Receivables": {"2019-12-31": "1041.48700", "2018-12-31": "1012.41500", "2017-12-31": "1098.31300", "2016-12-31": "769.69900", "2015-12-31": "611.03700", "2014-12-31": "1133.31200", "2013-12-31": "1006.18400", "2012-12-31": "837.17100", "2011-12-31": "777.54000", "2010-12-31": "482.83800", "2009-12-31": "183.35800", "2008-12-31": "229.07900", "2007-12-31": "163.09000", "2006-12-31": "89.08600", "2005-12-31": ""}, "Inventory": {"2019-12-31": "109.53600", "2018-12-31": "88.54400", "2017-12-31": "97.40600", "2016-12-31": "111.98700", "2015-12-31": "94.15100", "2014-12-31": "102.17900", "2013-12-31": "54.44000", "2012-12-31": "46.74300", "2011-12-31": "41.27000", "2010-12-31": "38.36200", "2009-12-31": "26.71100", "2008-12-31": "22.21000", "2007-12-31": "19.11900", "2006-12-31": "7.83100", "2005-12-31": ""}, "Pre-Paid Expenses": {"2019-12-31": "16.59200", "2018-12-31": "13.04100", "2017-12-31": "9.50100", "2016-12-31": "10.84300", "2015-12-31": "11.76600", "2014-12-31": "14.04000", "2013-12-31": "10.20700", "2012-12-31": "8.38600", "2011-12-31": "9.69200", "2010-12-31": "9.17300", "2009-12-31": "4.94400", "2008-12-31": "2.36700", "2007-12-31": "2.43500", "2006-12-31": "1.04600", "2005-12-31": ""}, "Other Current Assets": {"2019-12-31": "", "2018-12-31": "15.61200", "2017-12-31": "2.60300", "2016-12-31": "4.06100", "2015-12-31": "93.92200", "2014-12-31": "52.42300", "2013-12-31": "3.61600", "2012-12-31": "18.38900", "2011-12-31": "6.66900", "2010-12-31": "21.36500", "2009-12-31": "2.21800", "2008-12-31": "", "2007-12-31": "", "2006-12-31": "", "2005-12-31": ""}, "Total Current Assets": {"2019-12-31": "1207.01500", "2018-12-31": "1412.36100", "2017-12-31": "1251.72500", "2016-12-31": "913.23300", "2015-12-31": "822.33900", "2014-12-31": "1389.60100", "2013-12-31": "1147.26600", "2012-12-31": "946.78300", "2011-12-31": "936.37300", "2010-12-31": "582.32600", "2009-12-31": "236.02800", "2008-12-31": "277.69500", "2007-12-31": "205.56400", "2006-12-31": "104.98100", "2005-12-31": ""}, "Property, Plant, And Equipment": {"2019-12-31": "14497.73000", "2018-12-31": "13869.80000", "2017-12-31": "12933.79000", "2016-12-31": "12881.23000", "2015-12-31": "14063.33000", "2014-12-31": "13635.85000", "2013-12-31": "10721.27000", "2012-12-31": "8105.26900", "2011-12-31": "4681.73300", "2010-12-31": "2981.99100", "2009-12-31": "2068.05500", "2008-12-31": "1935.14300", "2007-12-31": "1157.92600", "2006-12-31": "751.74700", "2005-12-31": ""}, "Long-Term Investments": {"2019-12-31": "", "2018-12-31": "", "2017-12-31": "", "2016-12-31": "", "2015-12-31": "", "2014-12-31": "", "2013-12-31": "", "2012-12-31": "", "2011-12-31": "", "2010-12-31": "", "2009-12-31": "", "2008-12-31": "", "2007-12-31": "", "2006-12-31": "", "2005-12-31": ""}, "Goodwill And Intangible Assets": {"2019-12-31": "", "2018-12-31": "", "2017-12-31": "", "2016-12-31": "", "2015-12-31": "", "2014-12-31": "", "2013-12-31": "", "2012-12-31": "", "2011-12-31": "", "2010-12-31": "", "2009-12-31": "", "2008-12-31": "", "2007-12-31": "", "2006-12-31": "", "2005-12-31": ""}, "Other Long-Term Assets": {"2019-12-31": "14.03800", "2018-12-31": "15.78600", "2017-12-31": "14.13700", "2016-12-31": "17.31600", "2015-12-31": "34.14100", "2014-12-31": "50.58000", "2013-12-31": "72.64400", "2012-12-31": "87.95700", "2011-12-31": "27.98000", "2010-12-31": "27.46800", "2009-12-31": "10.84400", "2008-12-31": "3.04100", "2007-12-31": "1.68300", "2006-12-31": "2.20100", "2005-12-31": ""}, "Total Long-Term Assets": {"2019-12-31": "14511.76000", "2018-12-31": "13885.59000", "2017-12-31": "12947.93000", "2016-12-31": "12898.54000", "2015-12-31": "14097.47000", "2014-12-31": "13686.43000", "2013-12-31": "10793.92000", "2012-12-31": "8193.22600", "2011-12-31": "4709.71300", "2010-12-31": "3009.45900", "2009-12-31": "2078.89900", "2008-12-31": "1938.18400", "2007-12-31": "1159.60900", "2006-12-31": "753.94800", "2005-12-31": ""}, "Total Assets": {"2019-12-31": "15727.91000", "2018-12-31": "15297.95000", "2017-12-31": "14199.65000", "2016-12-31": "13811.78000", "2015-12-31": "14919.81000", "2014-12-31": "15076.03000", "2013-12-31": "11941.18000", "2012-12-31": "9140.00900", "2011-12-31": "5646.08600", "2010-12-31": "3591.78500", "2009-12-31": "2314.92700", "2008-12-31": "2215.87900", "2007-12-31": "1365.17300", "2006-12-31": "858.92900", "2005-12-31": "0.00000"}, "Total Current Liabilities": {"2019-12-31": "1336.02600", "2018-12-31": "1387.50900", "2017-12-31": "1330.24200", "2016-12-31": "932.39300", "2015-12-31": "923.02800", "2014-12-31": "1806.66400", "2013-12-31": "1473.15600", "2012-12-31": "1125.86500", "2011-12-31": "1111.80100", "2010-12-31": "702.22200", "2009-12-31": "219.71000", "2008-12-31": "403.59400", "2007-12-31": "266.10600", "2006-12-31": "188.63700", "2005-12-31": ""}, "Long Term Debt": {"2019-12-31": "5324.07900", "2018-12-31": "5765.98900", "2017-12-31": "6351.40500", "2016-12-31": "6577.69700", "2015-12-31": "7115.64400", "2014-12-31": "5926.80000", "2013-12-31": "4713.82100", "2012-12-31": "3537.77100", "2011-12-31": "1254.30100", "2010-12-31": "925.99100", "2009-12-31": "523.52400", "2008-12-31": "376.40000", "2007-12-31": "165.00000", "2006-12-31": "140.00000", "2005-12-31": ""}, "Other Non-Current Liabilities": {"2019-12-31": "166.89300", "2018-12-31": "148.15200", "2017-12-31": "127.24300", "2016-12-31": "109.38500", "2015-12-31": "122.00800", "2014-12-31": "87.92900", "2013-12-31": "64.27500", "2012-12-31": "50.09800", "2011-12-31": "121.57600", "2010-12-31": "172.57600", "2009-12-31": "52.17300", "2008-12-31": "41.42500", "2007-12-31": "39.51100", "2006-12-31": "39.83100", "2005-12-31": ""}, "Total Long Term Liabilities": {"2019-12-31": "7283.53000", "2018-12-31": "7488.57700", "2017-12-31": "7738.20600", "2016-12-31": "8577.38700", "2015-12-31": "9327.88000", "2014-12-31": "8301.52500", "2013-12-31": "6514.90800", "2012-12-31": "4850.44500", "2011-12-31": "2226.15900", "2010-12-31": "1681.40800", "2009-12-31": "1064.93800", "2008-12-31": "863.57700", "2007-12-31": "475.93500", "2006-12-31": "179.83100", "2005-12-31": ""}, "Total Liabilities": {"2019-12-31": "8619.55600", "2018-12-31": "8876.08600", "2017-12-31": "9068.44800", "2016-12-31": "9509.78000", "2015-12-31": "10250.91000", "2014-12-31": "10108.19000", "2013-12-31": "7988.06400", "2012-12-31": "5976.31000", "2011-12-31": "3337.96000", "2010-12-31": "2383.63000", "2009-12-31": "1284.64800", "2008-12-31": "1267.17100", "2007-12-31": "742.04100", "2006-12-31": "368.46800", "2005-12-31": ""}, "Common Stock Net": {"2019-12-31": "3.71100", "2018-12-31": "3.76000", "2017-12-31": "3.75200", "2016-12-31": "3.74500", "2015-12-31": "3.73000", "2014-12-31": "3.72000", "2013-12-31": "3.71300", "2012-12-31": "1.85600", "2011-12-31": "1.80900", "2010-12-31": "1.70400", "2009-12-31": "1.70000", "2008-12-31": "1.69600", "2007-12-31": "1.68900", "2006-12-31": "0.14400", "2005-12-31": ""}, "Retained Earnings (Accumulated Deficit)": {"2019-12-31": "5463.22400", "2018-12-31": "4706.13500", "2017-12-31": "3717.81800", "2016-12-31": "2923.22100", "2015-12-31": "3322.90000", "2014-12-31": "3676.56800", "2013-12-31": "2699.22700", "2012-12-31": "1935.00800", "2011-12-31": "1195.62300", "2010-12-31": "766.55100", "2009-12-31": "598.29600", "2008-12-31": "526.95800", "2007-12-31": "206.00800", "2006-12-31": "463.25500", "2005-12-31": ""}, "Comprehensive Income": {"2019-12-31": "", "2018-12-31": "0.41500", "2017-12-31": "0.30700", "2016-12-31": "-0.26000", "2015-12-31": "-3.35400", "2014-12-31": "-0.38500", "2013-12-31": "0.00000", "2012-12-31": "", "2011-12-31": "", "2010-12-31": "", "2009-12-31": "", "2008-12-31": "", "2007-12-31": "", "2006-12-31": "-0.02500", "2005-12-31": ""}, "Other Share Holders Equity": {"2019-12-31": "", "2018-12-31": "", "2017-12-31": "", "2016-12-31": "", "2015-12-31": "", "2014-12-31": "", "2013-12-31": "", "2012-12-31": "", "2011-12-31": "", "2010-12-31": "", "2009-12-31": "", "2008-12-31": "", "2007-12-31": "", "2006-12-31": "", "2005-12-31": ""}, "Share Holder Equity": {"2019-12-31": "7108.35100", "2018-12-31": "6421.86100", "2017-12-31": "5131.20300", "2016-12-31": "4301.99600", "2015-12-31": "4668.90000", "2014-12-31": "4967.84400", "2013-12-31": "3953.11800", "2012-12-31": "3163.69900", "2011-12-31": "2308.12600", "2010-12-31": "1208.15500", "2009-12-31": "1030.27900", "2008-12-31": "948.70800", "2007-12-31": "623.13200", "2006-12-31": "490.46100", "2005-12-31": ""}, "Total Liabilities And Share Holders Equity": {"2019-12-31": "15727.91000", "2018-12-31": "15297.95000", "2017-12-31": "14199.65000", "2016-12-31": "13811.78000", "2015-12-31": "14919.81000", "2014-12-31": "15076.03000", "2013-12-31": "11941.18000", "2012-12-31": "9140.00900", "2011-12-31": "5646.08600", "2010-12-31": "3591.78500", "2009-12-31": "2314.92700", "2008-12-31": "2215.87900", "2007-12-31": "1365.17300", "2006-12-31": "858.92900", "2005-12-31": ""}}, "balance sheet, quarterly": {"Cash On Hand": {"2020-09-30": "21.23700", "2020-06-30": "6.65600", "2020-03-31": "517.57100", "2019-12-31": "39.40000", "2019-09-30": "35.26000", "2019-06-30": "206.48200", "2019-03-31": "264.37100", "2018-12-31": "282.74900", "2018-09-30": "12.89600", "2018-06-30": "129.98900", "2018-03-31": "98.14500", "2017-12-31": "43.90200", "2017-09-30": "10.76500", "2017-06-30": "17.19000", "2017-03-31": "17.18800", "2016-12-31": "16.64300", "2016-09-30": "19.49600", "2016-06-30": "16.56000", "2016-03-31": "12.92700", "2015-12-31": "11.46300", "2015-09-30": "16.95500", "2015-06-30": "25.45800", "2015-03-31": "47.64500", "2014-12-31": "24.38100", "2014-09-30": "152.29000", "2014-06-30": "776.96300", "2014-03-31": "51.53500", "2013-12-31": "28.48200", "2013-09-30": "91.50700", "2013-06-30": "220.41300", "2013-03-31": "58.54600", "2012-12-31": "35.72900", "2012-09-30": "259.44500", "2012-06-30": "29.13700", "2012-03-31": "42.68300", "2011-12-31": "53.54400", "2011-09-30": "42.27500", "2011-06-30": "261.40800", "2011-03-31": "477.44000", "2010-12-31": "7.91600", "2010-09-30": "149.47700", "2010-06-30": "15.23200", "2010-03-31": "14.65800", "2009-12-31": "14.22200", "2009-09-30": "5.29500", "2009-06-30": "5.07100", "2009-03-31": "5.31500", "2008-12-31": "5.22900", "2008-09-30": "3.13300", "2008-06-30": "13.19000", "2008-03-31": "3.66300", "2007-12-31": "8.76100", "2007-09-30": "5.48300", "2007-06-30": "6.39300", "2007-03-31": "8.08000", "2006-12-31": "7.01800", "2006-09-30": "", "2006-06-30": "", "2006-03-31": ""}, "Receivables": {"2020-09-30": "599.10210", "2020-06-30": "324.89600", "2020-03-31": "692.02800", "2019-12-31": "1041.48700", "2019-09-30": "1045.91300", "2019-06-30": "1029.08500", "2019-03-31": "1094.37200", "2018-12-31": "1012.41500", "2018-09-30": "1237.35200", "2018-06-30": "1177.36300", "2018-03-31": "1060.03600", "2017-12-31": "1098.31300", "2017-09-30": "923.56600", "2017-06-30": "788.42400", "2017-03-31": "791.15200", "2016-12-31": "769.69900", "2016-09-30": "614.13300", "2016-06-30": "646.36300", "2016-03-31": "544.61500", "2015-12-31": "611.03700", "2015-09-30": "784.70400", "2015-06-30": "996.49000", "2015-03-31": "962.28500", "2014-12-31": "1133.31200", "2014-09-30": "1193.87300", "2014-06-30": "1148.16900", "2014-03-31": "1057.63700", "2013-12-31": "1006.18400", "2013-09-30": "1018.22100", "2013-06-30": "939.68200", "2013-03-31": "915.51300", "2012-12-31": "837.17100", "2012-09-30": "852.72400", "2012-06-30": "760.16500", "2012-03-31": "797.46200", "2011-12-31": "777.54000", "2011-09-30": "660.46500", "2011-06-30": "612.53900", "2011-03-31": "560.46900", "2010-12-31": "482.83800", "2010-09-30": "376.32800", "2010-06-30": "305.92300", "2010-03-31": "244.40200", "2009-12-31": "183.35800", "2009-09-30": "158.56100", "2009-06-30": "177.04600", "2009-03-31": "174.93900", "2008-12-31": "229.07900", "2008-09-30": "299.76400", "2008-06-30": "275.76500", "2008-03-31": "195.42700", "2007-12-31": "163.09000", "2007-09-30": "144.89200", "2007-06-30": "118.68100", "2007-03-31": "101.94300", "2006-12-31": "89.08600", "2006-09-30": "", "2006-06-30": "", "2006-03-31": ""}, "Inventory": {"2020-09-30": "63.17000", "2020-06-30": "68.28500", "2020-03-31": "62.60000", "2019-12-31": "109.53600", "2019-09-30": "110.32300", "2019-06-30": "110.89400", "2019-03-31": "103.28700", "2018-12-31": "88.54400", "2018-09-30": "104.23000", "2018-06-30": "115.31000", "2018-03-31": "107.16900", "2017-12-31": "97.40600", "2017-09-30": "105.21000", "2017-06-30": "97.00300", "2017-03-31": "98.69000", "2016-12-31": "111.98700", "2016-09-30": "92.89400", "2016-06-30": "102.89600", "2016-03-31": "92.83200", "2015-12-31": "94.15100", "2015-09-30": "93.01000", "2015-06-30": "100.17300", "2015-03-31": "108.34700", "2014-12-31": "102.17900", "2014-09-30": "82.56400", "2014-06-30": "77.95900", "2014-03-31": "72.10900", "2013-12-31": "54.44000", "2013-09-30": "55.27200", "2013-06-30": "42.08500", "2013-03-31": "61.73900", "2012-12-31": "46.74300", "2012-09-30": "47.29600", "2012-06-30": "51.27600", "2012-03-31": "43.16200", "2011-12-31": "41.27000", "2011-09-30": "61.69000", "2011-06-30": "50.84000", "2011-03-31": "52.24800", "2010-12-31": "38.36200", "2010-09-30": "31.05600", "2010-06-30": "39.21800", "2010-03-31": "27.07400", "2009-12-31": "26.71100", "2009-09-30": "35.24800", "2009-06-30": "40.15800", "2009-03-31": "38.66800", "2008-12-31": "22.21000", "2008-09-30": "34.01800", "2008-06-30": "27.03800", "2008-03-31": "20.05500", "2007-12-31": "19.11900", "2007-09-30": "13.11900", "2007-06-30": "10.36400", "2007-03-31": "8.25000", "2006-12-31": "7.83100", "2006-09-30": "", "2006-06-30": "", "2006-03-31": ""}, "Pre-Paid Expenses": {"2020-09-30": "15.90700", "2020-06-30": "19.11100", "2020-03-31": "22.97300", "2019-12-31": "16.59200", "2019-09-30": "17.25800", "2019-06-30": "21.01000", "2019-03-31": "20.05700", "2018-12-31": "13.04100", "2018-09-30": "14.65900", "2018-06-30": "18.42400", "2018-03-31": "17.02200", "2017-12-31": "9.50100", "2017-09-30": "10.23700", "2017-06-30": "13.61600", "2017-03-31": "14.95200", "2016-12-31": "10.84300", "2016-09-30": "11.76500", "2016-06-30": "14.70000", "2016-03-31": "15.01900", "2015-12-31": "11.76600", "2015-09-30": "11.49200", "2015-06-30": "14.69500", "2015-03-31": "16.94400", "2014-12-31": "14.04000", "2014-09-30": "15.48800", "2014-06-30": "19.28100", "2014-03-31": "12.38100", "2013-12-31": "10.20700", "2013-09-30": "9.28700", "2013-06-30": "8.54700", "2013-03-31": "9.52900", "2012-12-31": "8.38600", "2012-09-30": "6.31300", "2012-06-30": "8.18000", "2012-03-31": "9.72900", "2011-12-31": "9.69200", "2011-09-30": "27.07400", "2011-06-30": "8.81500", "2011-03-31": "9.72400", "2010-12-31": "9.17300", "2010-09-30": "6.29500", "2010-06-30": "5.62400", "2010-03-31": "4.08200", "2009-12-31": "4.94400", "2009-09-30": "3.22500", "2009-06-30": "4.76900", "2009-03-31": "2.52100", "2008-12-31": "2.36700", "2008-09-30": "1.92800", "2008-06-30": "3.01400", "2008-03-31": "4.00200", "2007-12-31": "2.43500", "2007-09-30": "0.87400", "2007-06-30": "3.37100", "2007-03-31": "0.76400", "2006-12-31": "1.04600", "2006-09-30": "", "2006-06-30": "", "2006-03-31": ""}, "Other Current Assets": {"2020-09-30": "0.34600", "2020-06-30": "9.44200", "2020-03-31": "", "2019-12-31": "", "2019-09-30": "16.93000", "2019-06-30": "46.20400", "2019-03-31": "1.97500", "2018-12-31": "15.61200", "2018-09-30": "", "2018-06-30": "0.20300", "2018-03-31": "8.68300", "2017-12-31": "2.60300", "2017-09-30": "11.19700", "2017-06-30": "17.80900", "2017-03-31": "7.52400", "2016-12-31": "4.06100", "2016-09-30": "12.58700", "2016-06-30": "16.69300", "2016-03-31": "94.72000", "2015-12-31": "93.92200", "2015-09-30": "78.61000", "2015-06-30": "50.21400", "2015-03-31": "52.39200", "2014-12-31": "52.42300", "2014-09-30": "143.26800", "2014-06-30": "", "2014-03-31": "0.79900", "2013-12-31": "3.61600", "2013-09-30": "17.38000", "2013-06-30": "76.47800", "2013-03-31": "3.55000", "2012-12-31": "18.38900", "2012-09-30": "6.58700", "2012-06-30": "79.58400", "2012-03-31": "14.12600", "2011-12-31": "6.66900", "2011-09-30": "114.32300", "2011-06-30": "13.70000", "2011-03-31": "17.36000", "2010-12-31": "21.36500", "2010-09-30": "34.84900", "2010-06-30": "47.27200", "2010-03-31": "16.59000", "2009-12-31": "2.21800", "2009-09-30": "", "2009-06-30": "", "2009-03-31": "", "2008-12-31": "", "2008-09-30": "", "2008-06-30": "", "2008-03-31": "", "2007-12-31": "", "2007-09-30": "", "2007-06-30": "", "2007-03-31": "", "2006-12-31": "", "2006-09-30": "", "2006-06-30": "", "2006-03-31": ""}, "Total Current Assets": {"2020-09-30": "699.76200", "2020-06-30": "428.39000", "2020-03-31": "1295.17200", "2019-12-31": "1207.01500", "2019-09-30": "1225.68400", "2019-06-30": "1413.67500", "2019-03-31": "1484.06200", "2018-12-31": "1412.36100", "2018-09-30": "1369.13700", "2018-06-30": "1441.28900", "2018-03-31": "1291.05500", "2017-12-31": "1251.72500", "2017-09-30": "1060.97500", "2017-06-30": "934.04200", "2017-03-31": "929.50600", "2016-12-31": "913.23300", "2016-09-30": "750.87500", "2016-06-30": "797.21200", "2016-03-31": "760.18100", "2015-12-31": "822.33900", "2015-09-30": "986.90800", "2015-06-30": "1200.31300", "2015-03-31": "1200.88000", "2014-12-31": "1389.60100", "2014-09-30": "1598.87600", "2014-06-30": "2123.03600", "2014-03-31": "1241.57500", "2013-12-31": "1147.26600", "2013-09-30": "1213.18100", "2013-06-30": "1293.63000", "2013-03-31": "1080.59200", "2012-12-31": "946.78300", "2012-09-30": "1194.28200", "2012-06-30": "930.57600", "2012-03-31": "985.37500", "2011-12-31": "936.37300", "2011-09-30": "907.82400", "2011-06-30": "991.50100", "2011-03-31": "1201.24500", "2010-12-31": "582.32600", "2010-09-30": "598.02000", "2010-06-30": "413.28900", "2010-03-31": "306.80600", "2009-12-31": "236.02800", "2009-09-30": "208.52400", "2009-06-30": "230.02600", "2009-03-31": "238.40100", "2008-12-31": "277.69500", "2008-09-30": "339.53300", "2008-06-30": "321.03500", "2008-03-31": "227.58700", "2007-12-31": "205.56400", "2007-09-30": "181.74000", "2007-06-30": "138.80900", "2007-03-31": "119.03700", "2006-12-31": "104.98100", "2006-09-30": "", "2006-06-30": "", "2006-03-31": ""}, "Property, Plant, And Equipment": {"2020-09-30": "14004.41000", "2020-06-30": "14312.98000", "2020-03-31": "14436.11000", "2019-12-31": "14497.73000", "2019-09-30": "14520.57000", "2019-06-30": "14387.96000", "2019-03-31": "14118.26000", "2018-12-31": "13869.80000", "2018-09-30": "13644.54000", "2018-06-30": "13339.57000", "2018-03-31": "13073.05000", "2017-12-31": "12933.79000", "2017-09-30": "12919.20000", "2017-06-30": "12921.88000", "2017-03-31": "12880.36000", "2016-12-31": "12881.23000", "2016-09-30": "13094.68000", "2016-06-30": "13541.13000", "2016-03-31": "13843.13000", "2015-12-31": "14063.33000", "2015-09-30": "14173.56000", "2015-06-30": "14169.20000", "2015-03-31": "14111.15000", "2014-12-31": "13635.85000", "2014-09-30": "12993.79000", "2014-06-30": "12166.11000", "2014-03-31": "11443.95000", "2013-12-31": "10721.27000", "2013-09-30": "10112.51000", "2013-06-30": "9440.21600", "2013-03-31": "8764.62400", "2012-12-31": "8105.26900", "2012-09-30": "6922.28300", "2012-06-30": "6178.66300", "2012-03-31": "5501.14200", "2011-12-31": "4681.73300", "2011-09-30": "4046.23500", "2011-06-30": "3635.04600", "2011-03-31": "3285.82400", "2010-12-31": "2981.99100", "2010-09-30": "2703.86700", "2010-06-30": "2442.25200", "2010-03-31": "2187.06800", "2009-12-31": "2068.05500", "2009-09-30": "2003.34800", "2009-06-30": "1990.04600", "2009-03-31": "1993.29100", "2008-12-31": "1935.14300", "2008-09-30": "1765.84800", "2008-06-30": "1492.00000", "2008-03-31": "1308.29400", "2007-12-31": "1157.92600", "2007-09-30": "1072.24500", "2007-06-30": "955.93100", "2007-03-31": "849.13100", "2006-12-31": "751.74700", "2006-09-30": "", "2006-06-30": "", "2006-03-31": ""}, "Long-Term Investments": {"2020-09-30": "", "2020-06-30": "", "2020-03-31": "", "2019-12-31": "", "2019-09-30": "", "2019-06-30": "", "2019-03-31": "", "2018-12-31": "", "2018-09-30": "", "2018-06-30": "", "2018-03-31": "", "2017-12-31": "", "2017-09-30": "", "2017-06-30": "", "2017-03-31": "", "2016-12-31": "", "2016-09-30": "", "2016-06-30": "", "2016-03-31": "", "2015-12-31": "", "2015-09-30": "", "2015-06-30": "", "2015-03-31": "", "2014-12-31": "", "2014-09-30": "", "2014-06-30": "", "2014-03-31": "", "2013-12-31": "", "2013-09-30": "", "2013-06-30": "", "2013-03-31": "", "2012-12-31": "", "2012-09-30": "", "2012-06-30": "", "2012-03-31": "", "2011-12-31": "", "2011-09-30": "", "2011-06-30": "", "2011-03-31": "", "2010-12-31": "", "2010-09-30": "", "2010-06-30": "", "2010-03-31": "", "2009-12-31": "", "2009-09-30": "", "2009-06-30": "", "2009-03-31": "", "2008-12-31": "", "2008-09-30": "", "2008-06-30": "", "2008-03-31": "", "2007-12-31": "", "2007-09-30": "", "2007-06-30": "", "2007-03-31": "", "2006-12-31": "", "2006-09-30": "", "2006-06-30": "", "2006-03-31": ""}, "Goodwill And Intangible Assets": {"2020-09-30": "", "2020-06-30": "", "2020-03-31": "", "2019-12-31": "", "2019-09-30": "", "2019-06-30": "", "2019-03-31": "", "2018-12-31": "", "2018-09-30": "", "2018-06-30": "", "2018-03-31": "", "2017-12-31": "", "2017-09-30": "", "2017-06-30": "", "2017-03-31": "", "2016-12-31": "", "2016-09-30": "", "2016-06-30": "", "2016-03-31": "", "2015-12-31": "", "2015-09-30": "", "2015-06-30": "", "2015-03-31": "", "2014-12-31": "", "2014-09-30": "", "2014-06-30": "", "2014-03-31": "", "2013-12-31": "", "2013-09-30": "", "2013-06-30": "", "2013-03-31": "", "2012-12-31": "", "2012-09-30": "", "2012-06-30": "", "2012-03-31": "", "2011-12-31": "", "2011-09-30": "", "2011-06-30": "", "2011-03-31": "", "2010-12-31": "", "2010-09-30": "", "2010-06-30": "", "2010-03-31": "", "2009-12-31": "", "2009-09-30": "", "2009-06-30": "", "2009-03-31": "", "2008-12-31": "", "2008-09-30": "", "2008-06-30": "", "2008-03-31": "", "2007-12-31": "", "2007-09-30": "", "2007-06-30": "", "2007-03-31": "", "2006-12-31": "", "2006-09-30": "", "2006-06-30": "", "2006-03-31": ""}, "Other Long-Term Assets": {"2020-09-30": "13.65200", "2020-06-30": "13.50800", "2020-03-31": "12.74300", "2019-12-31": "14.03800", "2019-09-30": "14.87900", "2019-06-30": "14.79000", "2019-03-31": "15.49800", "2018-12-31": "15.78600", "2018-09-30": "17.38500", "2018-06-30": "17.62000", "2018-03-31": "13.40800", "2017-12-31": "14.13700", "2017-09-30": "14.91000", "2017-06-30": "15.34000", "2017-03-31": "16.19700", "2016-12-31": "17.31600", "2016-09-30": "19.69400", "2016-06-30": "21.39500", "2016-03-31": "30.07600", "2015-12-31": "34.14100", "2015-09-30": "45.40600", "2015-06-30": "40.33600", "2015-03-31": "123.23000", "2014-12-31": "50.58000", "2014-09-30": "119.42200", "2014-06-30": "88.36400", "2014-03-31": "79.37500", "2013-12-31": "72.64400", "2013-09-30": "94.60100", "2013-06-30": "166.13600", "2013-03-31": "86.96000", "2012-12-31": "87.95700", "2012-09-30": "109.78500", "2012-06-30": "145.07300", "2012-03-31": "43.68000", "2011-12-31": "27.98000", "2011-09-30": "145.51800", "2011-06-30": "25.82400", "2011-03-31": "26.39100", "2010-12-31": "27.46800", "2010-09-30": "32.73800", "2010-06-30": "36.07800", "2010-03-31": "13.96000", "2009-12-31": "10.84400", "2009-09-30": "11.17700", "2009-06-30": "4.04900", "2009-03-31": "3.63500", "2008-12-31": "3.04100", "2008-09-30": "1.29600", "2008-06-30": "1.44400", "2008-03-31": "1.53300", "2007-12-31": "1.68300", "2007-09-30": "1.80800", "2007-06-30": "2.00000", "2007-03-31": "2.11500", "2006-12-31": "2.20100", "2006-09-30": "", "2006-06-30": "", "2006-03-31": ""}, "Total Long-Term Assets": {"2020-09-30": "14018.07000", "2020-06-30": "14326.49000", "2020-03-31": "14448.86000", "2019-12-31": "14511.76000", "2019-09-30": "14535.45000", "2019-06-30": "14402.75000", "2019-03-31": "14133.76000", "2018-12-31": "13885.59000", "2018-09-30": "13661.92000", "2018-06-30": "13357.19000", "2018-03-31": "13086.46000", "2017-12-31": "12947.93000", "2017-09-30": "12934.11000", "2017-06-30": "12937.21000", "2017-03-31": "12896.55000", "2016-12-31": "12898.54000", "2016-09-30": "13114.38000", "2016-06-30": "13562.52000", "2016-03-31": "13873.21000", "2015-12-31": "14097.47000", "2015-09-30": "14218.97000", "2015-06-30": "14209.54000", "2015-03-31": "14234.38000", "2014-12-31": "13686.43000", "2014-09-30": "13113.21000", "2014-06-30": "12254.47000", "2014-03-31": "11523.33000", "2013-12-31": "10793.92000", "2013-09-30": "10207.11000", "2013-06-30": "9606.35200", "2013-03-31": "8851.58400", "2012-12-31": "8193.22600", "2012-09-30": "7032.06800", "2012-06-30": "6323.73600", "2012-03-31": "5544.82200", "2011-12-31": "4709.71300", "2011-09-30": "4191.75300", "2011-06-30": "3660.87000", "2011-03-31": "3312.21500", "2010-12-31": "3009.45900", "2010-09-30": "2736.60500", "2010-06-30": "2478.33000", "2010-03-31": "2201.02800", "2009-12-31": "2078.89900", "2009-09-30": "2014.52500", "2009-06-30": "1994.09500", "2009-03-31": "1996.92600", "2008-12-31": "1938.18400", "2008-09-30": "1767.14400", "2008-06-30": "1493.44400", "2008-03-31": "1309.82700", "2007-12-31": "1159.60900", "2007-09-30": "1074.05300", "2007-06-30": "957.93100", "2007-03-31": "851.24600", "2006-12-31": "753.94800", "2006-09-30": "", "2006-06-30": "", "2006-03-31": ""}, "Total Assets": {"2020-09-30": "14728.22000", "2020-06-30": "14766.36000", "2020-03-31": "15756.71000", "2019-12-31": "15727.91000", "2019-09-30": "15771.36000", "2019-06-30": "15829.42000", "2019-03-31": "15633.92000", "2018-12-31": "15297.95000", "2018-09-30": "15031.06000", "2018-06-30": "14798.48000", "2018-03-31": "14377.52000", "2017-12-31": "14199.65000", "2017-09-30": "13995.09000", "2017-06-30": "13871.26000", "2017-03-31": "13826.06000", "2016-12-31": "13811.78000", "2016-09-30": "13865.25000", "2016-06-30": "14359.74000", "2016-03-31": "14633.39000", "2015-12-31": "14919.81000", "2015-09-30": "15205.88000", "2015-06-30": "15409.85000", "2015-03-31": "15435.26000", "2014-12-31": "15076.03000", "2014-09-30": "14712.09000", "2014-06-30": "14377.51000", "2014-03-31": "12764.90000", "2013-12-31": "11941.18000", "2013-09-30": "11420.29000", "2013-06-30": "10899.98000", "2013-03-31": "9932.17600", "2012-12-31": "9140.00900", "2012-09-30": "8226.35000", "2012-06-30": "7254.31200", "2012-03-31": "6530.19700", "2011-12-31": "5646.08600", "2011-09-30": "5099.57700", "2011-06-30": "4652.37100", "2011-03-31": "4513.46000", "2010-12-31": "3591.78500", "2010-09-30": "3334.62500", "2010-06-30": "2891.61900", "2010-03-31": "2507.83400", "2009-12-31": "2314.92700", "2009-09-30": "2223.04900", "2009-06-30": "2224.12100", "2009-03-31": "2235.32700", "2008-12-31": "2215.87900", "2008-09-30": "2106.67700", "2008-06-30": "1814.47900", "2008-03-31": "1537.41400", "2007-12-31": "1365.17300", "2007-09-30": "1255.79300", "2007-06-30": "1096.74000", "2007-03-31": "970.28300", "2006-12-31": "858.92900", "2006-09-30": "0.00000", "2006-06-30": "0.00000", "2006-03-31": "0.00000"}, "Total Current Liabilities": {"2020-09-30": "748.06000", "2020-06-30": "610.11400", "2020-03-31": "1082.20800", "2019-12-31": "1336.02600", "2019-09-30": "1371.76900", "2019-06-30": "1368.34600", "2019-03-31": "1445.45100", "2018-12-31": "1387.50900", "2018-09-30": "1490.44900", "2018-06-30": "1484.43900", "2018-03-31": "1391.27700", "2017-12-31": "1330.24200", "2017-09-30": "1129.45900", "2017-06-30": "1094.97800", "2017-03-31": "1005.32100", "2016-12-31": "932.39300", "2016-09-30": "802.35000", "2016-06-30": "818.05900", "2016-03-31": "865.35800", "2015-12-31": "923.02800", "2015-09-30": "1149.91700", "2015-06-30": "1315.56900", "2015-03-31": "1600.93900", "2014-12-31": "1806.66400", "2014-09-30": "1804.51700", "2014-06-30": "2129.14200", "2014-03-31": "1567.71400", "2013-12-31": "1473.15600", "2013-09-30": "1468.07100", "2013-06-30": "1257.42600", "2013-03-31": "1217.05800", "2012-12-31": "1125.86500", "2012-09-30": "1097.48400", "2012-06-30": "1081.99000", "2012-03-31": "1176.05100", "2011-12-31": "1111.80100", "2011-09-30": "880.72700", "2011-06-30": "858.55600", "2011-03-31": "946.20600", "2010-12-31": "702.22200", "2010-09-30": "527.30600", "2010-06-30": "451.37300", "2010-03-31": "333.00800", "2009-12-31": "219.71000", "2009-09-30": "184.52400", "2009-06-30": "207.21900", "2009-03-31": "291.23600", "2008-12-31": "403.59400", "2008-09-30": "467.47300", "2008-06-30": "350.21700", "2008-03-31": "266.60000", "2007-12-31": "266.10600", "2007-09-30": "238.73900", "2007-06-30": "194.06400", "2007-03-31": "182.95200", "2006-12-31": "188.63700", "2006-09-30": "", "2006-06-30": "", "2006-03-31": ""}, "Long Term Debt": {"2020-09-30": "5629.13300", "2020-06-30": "5740.55400", "2020-03-31": "5964.58900", "2019-12-31": "5324.07900", "2019-09-30": "5568.41300", "2019-06-30": "5767.31600", "2019-03-31": "5766.64700", "2018-12-31": "5765.98900", "2018-09-30": "5955.32600", "2018-06-30": "6164.22100", "2018-03-31": "6163.77500", "2017-12-31": "6351.40500", "2017-09-30": "6612.28100", "2017-06-30": "6553.74000", "2017-03-31": "6508.20900", "2016-12-31": "6577.69700", "2016-09-30": "6830.14100", "2016-06-30": "7149.27900", "2016-03-31": "7203.44000", "2015-12-31": "7115.64400", "2015-09-30": "7108.70200", "2015-06-30": "6988.04600", "2015-03-31": "6784.81600", "2014-12-31": "5926.80000", "2014-09-30": "5831.86000", "2014-06-30": "5832.87200", "2014-03-31": "5067.81400", "2013-12-31": "4713.82100", "2013-09-30": "4439.82500", "2013-06-30": "4440.82000", "2013-03-31": "3976.80100", "2012-12-31": "3537.77100", "2012-09-30": "2943.74100", "2012-06-30": "2252.91800", "2012-03-31": "1891.65100", "2011-12-31": "1254.30100", "2011-09-30": "896.22000", "2011-06-30": "896.14100", "2011-03-31": "896.06500", "2010-12-31": "925.99100", "2010-09-30": "895.91700", "2010-06-30": "609.84400", "2010-03-31": "495.56500", "2009-12-31": "523.52400", "2009-09-30": "546.30500", "2009-06-30": "592.00000", "2009-03-31": "544.00000", "2008-12-31": "376.40000", "2008-09-30": "229.40000", "2008-06-30": "220.00000", "2008-03-31": "211.50000", "2007-12-31": "165.00000", "2007-09-30": "156.50000", "2007-06-30": "137.50000", "2007-03-31": "224.50000", "2006-12-31": "140.00000", "2006-09-30": "", "2006-06-30": "", "2006-03-31": ""}, "Other Non-Current Liabilities": {"2020-09-30": "189.91400", "2020-06-30": "173.32000", "2020-03-31": "169.20400", "2019-12-31": "166.89300", "2019-09-30": "160.19400", "2019-06-30": "156.97300", "2019-03-31": "152.08900", "2018-12-31": "148.15200", "2018-09-30": "134.90600", "2018-06-30": "130.00600", "2018-03-31": "130.15000", "2017-12-31": "127.24300", "2017-09-30": "116.47400", "2017-06-30": "114.88300", "2017-03-31": "111.99900", "2016-12-31": "109.38500", "2016-09-30": "124.11600", "2016-06-30": "129.21100", "2016-03-31": "120.59500", "2015-12-31": "122.00800", "2015-09-30": "100.26800", "2015-06-30": "93.94100", "2015-03-31": "89.19000", "2014-12-31": "87.92900", "2014-09-30": "72.05800", "2014-06-30": "126.42900", "2014-03-31": "69.15500", "2013-12-31": "64.27500", "2013-09-30": "50.19000", "2013-06-30": "47.88500", "2013-03-31": "49.72000", "2012-12-31": "50.09800", "2012-09-30": "63.44100", "2012-06-30": "56.37100", "2012-03-31": "159.91100", "2011-12-31": "121.57600", "2011-09-30": "60.68000", "2011-06-30": "257.46800", "2011-03-31": "377.56700", "2010-12-31": "172.57600", "2010-09-30": "69.49000", "2010-06-30": "54.80500", "2010-03-31": "52.42400", "2009-12-31": "52.17300", "2009-09-30": "46.82400", "2009-06-30": "46.48500", "2009-03-31": "45.84600", "2008-12-31": "41.42500", "2008-09-30": "43.19400", "2008-06-30": "41.68600", "2008-03-31": "40.59600", "2007-12-31": "39.51100", "2007-09-30": "44.78600", "2007-06-30": "43.85400", "2007-03-31": "70.27800", "2006-12-31": "39.83100", "2006-09-30": "", "2006-06-30": "", "2006-03-31": ""}, "Total Long Term Liabilities": {"2020-09-30": "7476.05000", "2020-06-30": "7584.99200", "2020-03-31": "7877.24500", "2019-12-31": "7283.53000", "2019-09-30": "7485.40600", "2019-06-30": "7631.24100", "2019-03-31": "7550.16900", "2018-12-31": "7488.57700", "2018-09-30": "7601.80100", "2018-06-30": "7700.55300", "2018-03-31": "7625.01900", "2017-12-31": "7738.20600", "2017-09-30": "8588.84900", "2017-06-30": "8521.94400", "2017-03-31": "8511.38500", "2016-12-31": "8577.38700", "2016-09-30": "8802.20400", "2016-06-30": "9174.72800", "2016-03-31": "9292.91000", "2015-12-31": "9327.88000", "2015-09-30": "9257.38300", "2015-06-30": "9238.25600", "2015-03-31": "8993.28700", "2014-12-31": "8301.52500", "2014-09-30": "8059.36000", "2014-06-30": "7944.10400", "2014-03-31": "7009.42600", "2013-12-31": "6514.90800", "2013-09-30": "6131.60400", "2013-06-30": "5999.21600", "2013-03-31": "5403.03800", "2012-12-31": "4850.44500", "2012-09-30": "4203.49500", "2012-06-30": "3380.82500", "2012-03-31": "2974.77700", "2011-12-31": "2226.15900", "2011-09-30": "1800.23200", "2011-06-30": "1818.12700", "2011-03-31": "1833.56100", "2010-12-31": "1681.40800", "2010-09-30": "1558.56800", "2010-06-30": "1230.77300", "2010-03-31": "1069.34000", "2009-12-31": "1064.93800", "2009-09-30": "1059.97200", "2009-06-30": "1076.23000", "2009-03-31": "1019.33900", "2008-12-31": "863.57700", "2008-09-30": "688.00000", "2008-06-30": "620.86700", "2008-03-31": "557.17000", "2007-12-31": "475.93500", "2007-09-30": "455.15500", "2007-06-30": "397.80700", "2007-03-31": "294.77800", "2006-12-31": "179.83100", "2006-09-30": "", "2006-06-30": "", "2006-03-31": ""}, "Total Liabilities": {"2020-09-30": "8224.11000", "2020-06-30": "8195.10600", "2020-03-31": "8959.45200", "2019-12-31": "8619.55600", "2019-09-30": "8857.18000", "2019-06-30": "8999.58700", "2019-03-31": "8995.62000", "2018-12-31": "8876.08600", "2018-09-30": "9092.25000", "2018-06-30": "9184.99200", "2018-03-31": "9016.29600", "2017-12-31": "9068.44800", "2017-09-30": "9718.30800", "2017-06-30": "9616.92200", "2017-03-31": "9516.70600", "2016-12-31": "9509.78000", "2016-09-30": "9604.55400", "2016-06-30": "9992.78700", "2016-03-31": "10158.27000", "2015-12-31": "10250.91000", "2015-09-30": "10407.30000", "2015-06-30": "10553.82000", "2015-03-31": "10594.23000", "2014-12-31": "10108.19000", "2014-09-30": "9863.87700", "2014-06-30": "10073.25000", "2014-03-31": "8577.14000", "2013-12-31": "7988.06400", "2013-09-30": "7599.67500", "2013-06-30": "7256.64200", "2013-03-31": "6620.09600", "2012-12-31": "5976.31000", "2012-09-30": "5300.97900", "2012-06-30": "4462.81500", "2012-03-31": "4150.82800", "2011-12-31": "3337.96000", "2011-09-30": "2680.95900", "2011-06-30": "2676.68300", "2011-03-31": "2779.76700", "2010-12-31": "2383.63000", "2010-09-30": "2085.87400", "2010-06-30": "1682.14600", "2010-03-31": "1402.34800", "2009-12-31": "1284.64800", "2009-09-30": "1244.49600", "2009-06-30": "1283.44900", "2009-03-31": "1310.57500", "2008-12-31": "1267.17100", "2008-09-30": "1155.47300", "2008-06-30": "971.08400", "2008-03-31": "823.77000", "2007-12-31": "742.04100", "2007-09-30": "693.89400", "2007-06-30": "591.87100", "2007-03-31": "477.73000", "2006-12-31": "368.46800", "2006-09-30": "", "2006-06-30": "", "2006-03-31": ""}, "Common Stock Net": {"2020-09-30": "3.65100", "2020-06-30": "3.65100", "2020-03-31": "3.65100", "2019-12-31": "3.71100", "2019-09-30": "3.71700", "2019-06-30": "3.74900", "2019-03-31": "3.76800", "2018-12-31": "3.76000", "2018-09-30": "3.76000", "2018-06-30": "3.76000", "2018-03-31": "3.76000", "2017-12-31": "3.75200", "2017-09-30": "3.75200", "2017-06-30": "3.75200", "2017-03-31": "3.75300", "2016-12-31": "3.74500", "2016-09-30": "3.74500", "2016-06-30": "3.74600", "2016-03-31": "3.74600", "2015-12-31": "3.73000", "2015-09-30": "3.73000", "2015-06-30": "3.73100", "2015-03-31": "3.73100", "2014-12-31": "3.72000", "2014-09-30": "3.72000", "2014-06-30": "1.86100", "2014-03-31": "1.86100", "2013-12-31": "3.71300", "2013-09-30": "1.85700", "2013-06-30": "1.85600", "2013-03-31": "1.85600", "2012-12-31": "1.85600", "2012-09-30": "1.85100", "2012-06-30": "1.81200", "2012-03-31": "1.81000", "2011-12-31": "1.80900", "2011-09-30": "1.80500", "2011-06-30": "1.80500", "2011-03-31": "1.80500", "2010-12-31": "1.70400", "2010-09-30": "1.70100", "2010-06-30": "1.70000", "2010-03-31": "1.70000", "2009-12-31": "1.70000", "2009-09-30": "1.69900", "2009-06-30": "1.69600", "2009-03-31": "1.69600", "2008-12-31": "1.69600", "2008-09-30": "1.69200", "2008-06-30": "1.69200", "2008-03-31": "1.69100", "2007-12-31": "1.68900", "2007-09-30": "1.68100", "2007-06-30": "1.68000", "2007-03-31": "0.14400", "2006-12-31": "0.14400", "2006-09-30": "", "2006-06-30": "", "2006-03-31": ""}, "Retained Earnings (Accumulated Deficit)": {"2020-09-30": "4940.14200", "2020-06-30": "5019.56100", "2020-03-31": "5258.84500", "2019-12-31": "5463.22400", "2019-09-30": "5269.24300", "2019-06-30": "5110.92100", "2019-03-31": "4893.11100", "2018-12-31": "4706.13500", "2018-09-30": "4508.39800", "2018-06-30": "4194.22800", "2018-03-31": "3951.76400", "2017-12-31": "3717.81800", "2017-09-30": "2875.90400", "2017-06-30": "2865.28300", "2017-03-31": "2928.84000", "2016-12-31": "2923.22100", "2016-09-30": "2895.55200", "2016-06-30": "3005.17300", "2016-03-31": "3124.57400", "2015-12-31": "3322.90000", "2015-09-30": "3462.57600", "2015-06-30": "3545.00000", "2015-03-31": "3544.59700", "2014-12-31": "3676.56800", "2014-09-30": "3562.52000", "2014-06-30": "3028.99900", "2014-03-31": "2925.46100", "2013-12-31": "2699.22700", "2013-09-30": "2566.40300", "2013-06-30": "2398.90500", "2013-03-31": "2075.63500", "2012-12-31": "1935.00800", "2012-09-30": "1714.49700", "2012-06-30": "1670.40100", "2012-03-31": "1264.71700", "2011-12-31": "1195.62300", "2011-09-30": "1307.68700", "2011-06-30": "868.54400", "2011-03-31": "629.35000", "2010-12-31": "766.55100", "2010-09-30": "811.57900", "2010-06-30": "772.50200", "2010-03-31": "670.76100", "2009-12-31": "598.29600", "2009-09-30": "548.78200", "2009-06-30": "513.85300", "2009-03-31": "500.34500", "2008-12-31": "526.95800", "2008-09-30": "526.54200", "2008-06-30": "421.28600", "2008-03-31": "293.97900", "2007-12-31": "206.00800", "2007-09-30": "145.11600", "2007-06-30": "88.74400", "2007-03-31": "465.34100", "2006-12-31": "463.25500", "2006-09-30": "", "2006-06-30": "", "2006-03-31": ""}, "Comprehensive Income": {"2020-09-30": "", "2020-06-30": "", "2020-03-31": "", "2019-12-31": "", "2019-09-30": "0.54300", "2019-06-30": "0.56100", "2019-03-31": "0.53100", "2018-12-31": "0.41500", "2018-09-30": "0.43000", "2018-06-30": "0.32500", "2018-03-31": "0.30900", "2017-12-31": "0.30700", "2017-09-30": "0.26900", "2017-06-30": "0.06700", "2017-03-31": "-0.12200", "2016-12-31": "-0.26000", "2016-09-30": "-2.48500", "2016-06-30": "-2.90300", "2016-03-31": "-2.92800", "2015-12-31": "-3.35400", "2015-09-30": "-3.30300", "2015-06-30": "-2.86500", "2015-03-31": "-3.49000", "2014-12-31": "-0.38500", "2014-09-30": "", "2014-06-30": "", "2014-03-31": "", "2013-12-31": "", "2013-09-30": "", "2013-06-30": "", "2013-03-31": "", "2012-12-31": "", "2012-09-30": "", "2012-06-30": "", "2012-03-31": "", "2011-12-31": "", "2011-09-30": "", "2011-06-30": "", "2011-03-31": "", "2010-12-31": "", "2010-09-30": "", "2010-06-30": "", "2010-03-31": "", "2009-12-31": "", "2009-09-30": "", "2009-06-30": "", "2009-03-31": "", "2008-12-31": "", "2008-09-30": "", "2008-06-30": "", "2008-03-31": "", "2007-12-31": "", "2007-09-30": "0.13500", "2007-06-30": "0.07600", "2007-03-31": "-0.01900", "2006-12-31": "-0.02500", "2006-09-30": "", "2006-06-30": "", "2006-03-31": ""}, "Other Share Holders Equity": {"2020-09-30": "", "2020-06-30": "", "2020-03-31": "", "2019-12-31": "", "2019-09-30": "", "2019-06-30": "", "2019-03-31": "", "2018-12-31": "", "2018-09-30": "", "2018-06-30": "", "2018-03-31": "", "2017-12-31": "", "2017-09-30": "", "2017-06-30": "", "2017-03-31": "", "2016-12-31": "", "2016-09-30": "", "2016-06-30": "", "2016-03-31": "", "2015-12-31": "", "2015-09-30": "", "2015-06-30": "", "2015-03-31": "", "2014-12-31": "", "2014-09-30": "", "2014-06-30": "", "2014-03-31": "", "2013-12-31": "", "2013-09-30": "", "2013-06-30": "", "2013-03-31": "", "2012-12-31": "", "2012-09-30": "", "2012-06-30": "", "2012-03-31": "", "2011-12-31": "", "2011-09-30": "", "2011-06-30": "", "2011-03-31": "", "2010-12-31": "", "2010-09-30": "", "2010-06-30": "", "2010-03-31": "", "2009-12-31": "", "2009-09-30": "", "2009-06-30": "", "2009-03-31": "", "2008-12-31": "", "2008-09-30": "", "2008-06-30": "", "2008-03-31": "", "2007-12-31": "", "2007-09-30": "", "2007-06-30": "", "2007-03-31": "", "2006-12-31": "", "2006-09-30": "", "2006-06-30": "", "2006-03-31": ""}, "Share Holder Equity": {"2020-09-30": "6504.11400", "2020-06-30": "6571.25200", "2020-03-31": "6797.25800", "2019-12-31": "7108.35100", "2019-09-30": "6914.18000", "2019-06-30": "6829.83500", "2019-03-31": "6638.30300", "2018-12-31": "6421.86100", "2018-09-30": "5938.81000", "2018-06-30": "5613.48800", "2018-03-31": "5361.22100", "2017-12-31": "5131.20300", "2017-09-30": "4276.77900", "2017-06-30": "4254.33500", "2017-03-31": "4309.35400", "2016-12-31": "4301.99600", "2016-09-30": "4260.69800", "2016-06-30": "4366.94900", "2016-03-31": "4475.12000", "2015-12-31": "4668.90000", "2015-09-30": "4798.57700", "2015-06-30": "4856.02700", "2015-03-31": "4841.03800", "2014-12-31": "4967.84400", "2014-09-30": "4848.21000", "2014-06-30": "4304.26100", "2014-03-31": "4187.76100", "2013-12-31": "3953.11800", "2013-09-30": "3820.61300", "2013-06-30": "3643.34000", "2013-03-31": "3312.08000", "2012-12-31": "3163.69900", "2012-09-30": "2925.37100", "2012-06-30": "2791.49700", "2012-03-31": "2379.36900", "2011-12-31": "2308.12600", "2011-09-30": "2418.61800", "2011-06-30": "1975.68800", "2011-03-31": "1733.69300", "2010-12-31": "1208.15500", "2010-09-30": "1248.75100", "2010-06-30": "1209.47300", "2010-03-31": "1105.48600", "2009-12-31": "1030.27900", "2009-09-30": "978.55300", "2009-06-30": "940.67200", "2009-03-31": "924.75200", "2008-12-31": "948.70800", "2008-09-30": "951.20400", "2008-06-30": "843.39500", "2008-03-31": "713.64400", "2007-12-31": "623.13200", "2007-09-30": "561.89900", "2007-06-30": "504.86900", "2007-03-31": "492.55300", "2006-12-31": "490.46100", "2006-09-30": "", "2006-06-30": "", "2006-03-31": ""}, "Total Liabilities And Share Holders Equity": {"2020-09-30": "14728.22000", "2020-06-30": "14766.36000", "2020-03-31": "15756.71000", "2019-12-31": "15727.91000", "2019-09-30": "15771.36000", "2019-06-30": "15829.42000", "2019-03-31": "15633.92000", "2018-12-31": "15297.95000", "2018-09-30": "15031.06000", "2018-06-30": "14798.48000", "2018-03-31": "14377.52000", "2017-12-31": "14199.65000", "2017-09-30": "13995.09000", "2017-06-30": "13871.26000", "2017-03-31": "13826.06000", "2016-12-31": "13811.78000", "2016-09-30": "13865.25000", "2016-06-30": "14359.74000", "2016-03-31": "14633.39000", "2015-12-31": "14919.81000", "2015-09-30": "15205.88000", "2015-06-30": "15409.85000", "2015-03-31": "15435.26000", "2014-12-31": "15076.03000", "2014-09-30": "14712.09000", "2014-06-30": "14377.51000", "2014-03-31": "12764.90000", "2013-12-31": "11941.18000", "2013-09-30": "11420.29000", "2013-06-30": "10899.98000", "2013-03-31": "9932.17600", "2012-12-31": "9140.00900", "2012-09-30": "8226.35000", "2012-06-30": "7254.31200", "2012-03-31": "6530.19700", "2011-12-31": "5646.08600", "2011-09-30": "5099.57700", "2011-06-30": "4652.37100", "2011-03-31": "4513.46000", "2010-12-31": "3591.78500", "2010-09-30": "3334.62500", "2010-06-30": "2891.61900", "2010-03-31": "2507.83400", "2009-12-31": "2314.92700", "2009-09-30": "2223.04900", "2009-06-30": "2224.12100", "2009-03-31": "2235.32700", "2008-12-31": "2215.87900", "2008-09-30": "2106.67700", "2008-06-30": "1814.47900", "2008-03-31": "1537.41400", "2007-12-31": "1365.17300", "2007-09-30": "1255.79300", "2007-06-30": "1096.74000", "2007-03-31": "970.28300", "2006-12-31": "858.92900", "2006-09-30": "", "2006-06-30": "", "2006-03-31": ""}}, "cash flow statement": {"Net Income/Loss": {"2019-12-31": "774.47300", "2018-12-31": "989.70000", "2017-12-31": "789.44700", "2016-12-31": "-399.67900", "2015-12-31": "-353.66800", "2014-12-31": "977.34100", "2013-12-31": "764.21900", "2012-12-31": "739.38500", "2011-12-31": "429.07200", "2010-12-31": "168.25500", "2009-12-31": "71.33800", "2008-12-31": "320.95000", "2007-12-31": "28.58000", "2006-12-31": "253.08800", "2005-12-31": "194.30700"}, "Total Depreciation And Amortization - Cash Flow": {"2019-12-31": "2019.70400", "2018-12-31": "1859.11800", "2017-12-31": "1670.83800", "2016-12-31": "1709.56700", "2015-12-31": "1746.45400", "2014-12-31": "1368.31100", "2013-12-31": "965.43700", "2012-12-31": "694.69800", "2011-12-31": "391.84400", "2010-12-31": "242.74800", "2009-12-31": "208.88500", "2008-12-31": "148.57300", "2007-12-31": "95.60400", "2006-12-31": "65.54000", "2005-12-31": "51.46400"}, "Other Non-Cash Items": {"2019-12-31": "381.00400", "2018-12-31": "481.48200", "2017-12-31": "-382.59400", "2016-12-31": "-21.75300", "2015-12-31": "235.69300", "2014-12-31": "1136.74200", "2013-12-31": "844.51400", "2012-12-31": "210.99700", "2011-12-31": "356.94800", "2010-12-31": "292.83000", "2009-12-31": "138.81300", "2008-12-31": "215.22800", "2007-12-31": "321.37300", "2006-12-31": "36.63700", "2005-12-31": "19.05100"}, "Total Non-Cash Items": {"2019-12-31": "2400.70800", "2018-12-31": "2340.60000", "2017-12-31": "1288.24400", "2016-12-31": "1687.81400", "2015-12-31": "1982.14700", "2014-12-31": "2505.05300", "2013-12-31": "1809.95100", "2012-12-31": "905.69510", "2011-12-31": "748.79200", "2010-12-31": "535.57800", "2009-12-31": "347.69800", "2008-12-31": "363.80100", "2007-12-31": "416.97700", "2006-12-31": "102.17700", "2005-12-31": "70.51500"}, "Change In Accounts Receivable": {"2019-12-31": "-33.61900", "2018-12-31": "94.76500", "2017-12-31": "-329.81100", "2016-12-31": "-158.38300", "2015-12-31": "524.97300", "2014-12-31": "-129.63400", "2013-12-31": "-166.13800", "2012-12-31": "-91.79100", "2011-12-31": "-294.70200", "2010-12-31": "-299.48000", "2009-12-31": "48.73800", "2008-12-31": "-65.98900", "2007-12-31": "-74.00400", "2006-12-31": "-11.73900", "2005-12-31": "-39.19400"}, "Change In Inventories": {"2019-12-31": "-21.20400", "2018-12-31": "7.73500", "2017-12-31": "14.51700", "2016-12-31": "-17.83600", "2015-12-31": "7.99700", "2014-12-31": "-65.91900", "2013-12-31": "-7.69700", "2012-12-31": "-7.16500", "2011-12-31": "-3.41200", "2010-12-31": "-11.65100", "2009-12-31": "-4.50100", "2008-12-31": "-3.83400", "2007-12-31": "-11.28800", "2006-12-31": "-3.00500", "2005-12-31": "0.76600"}, "Change In Accounts Payable": {"2019-12-31": "-36.35900", "2018-12-31": "9.27400", "2017-12-31": "137.33900", "2016-12-31": "-14.40400", "2015-12-31": "-201.43400", "2014-12-31": "85.54000", "2013-12-31": "107.25000", "2012-12-31": "-8.48700", "2011-12-31": "83.90700", "2010-12-31": "146.47300", "2009-12-31": "-117.64300", "2008-12-31": "101.96700", "2007-12-31": "-7.76000", "2006-12-31": "77.42200", "2005-12-31": "12.20500"}, "Change In Assets/Liabilities": {"2019-12-31": "68.15600", "2018-12-31": "18.09600", "2017-12-31": "158.00200", "2016-12-31": "29.29000", "2015-12-31": "-18.85800", "2014-12-31": "-75.54600", "2013-12-31": "11.45000", "2012-12-31": "54.11900", "2011-12-31": "83.47400", "2010-12-31": "66.15000", "2009-12-31": "13.51400", "2008-12-31": "-5.52500", "2007-12-31": "36.13400", "2006-12-31": "-3.19900", "2005-12-31": "20.21000"}, "Total Change In Assets/Liabilities": {"2019-12-31": "-59.49300", "2018-12-31": "125.70800", "2017-12-31": "1.41500", "2016-12-31": "-162.21600", "2015-12-31": "228.62200", "2014-12-31": "-126.67900", "2013-12-31": "-10.87500", "2012-12-31": "-13.01500", "2011-12-31": "-109.94900", "2010-12-31": "-50.66600", "2009-12-31": "-46.05000", "2008-12-31": "35.16400", "2007-12-31": "-54.90900", "2006-12-31": "61.77600", "2005-12-31": "0.44300"}, "Cash Flow From Operating Activities": {"2019-12-31": "3115.68800", "2018-12-31": "3456.00800", "2017-12-31": "2079.10600", "2016-12-31": "1125.91900", "2015-12-31": "1857.10100", "2014-12-31": "3355.71500", "2013-12-31": "2563.29500", "2012-12-31": "1632.06500", "2011-12-31": "1067.91500", "2010-12-31": "653.16700", "2009-12-31": "372.98600", "2008-12-31": "719.91500", "2007-12-31": "390.64800", "2006-12-31": "417.04100", "2005-12-31": "265.26500"}, "Net Change In Property, Plant, And Equipment": {"2019-12-31": "11.19300", "2018-12-31": "-19.29200", "2017-12-31": "123.09700", "2016-12-31": "621.16600", "2015-12-31": "-3.50000", "2014-12-31": "17.06900", "2013-12-31": "-50.23800", "2012-12-31": "-409.71800", "2011-12-31": "-79.13700", "2010-12-31": "-7.91700", "2009-12-31": "-2.32600", "2008-12-31": "-86.13800", "2007-12-31": "-5.83500", "2006-12-31": "-11.45200", "2005-12-31": "6.87500"}, "Net Change In Intangible Assets": {"2019-12-31": "", "2018-12-31": "", "2017-12-31": "", "2016-12-31": "", "2015-12-31": "", "2014-12-31": "", "2013-12-31": "", "2012-12-31": "", "2011-12-31": "", "2010-12-31": "", "2009-12-31": "", "2008-12-31": "", "2007-12-31": "", "2006-12-31": "", "2005-12-31": ""}, "Net Acquisitions/Divestitures": {"2019-12-31": "", "2018-12-31": "", "2017-12-31": "", "2016-12-31": "", "2015-12-31": "", "2014-12-31": "", "2013-12-31": "", "2012-12-31": "", "2011-12-31": "", "2010-12-31": "", "2009-12-31": "", "2008-12-31": "", "2007-12-31": "", "2006-12-31": "", "2005-12-31": ""}, "Net Change In Short-term Investments": {"2019-12-31": "", "2018-12-31": "", "2017-12-31": "", "2016-12-31": "", "2015-12-31": "", "2014-12-31": "", "2013-12-31": "", "2012-12-31": "", "2011-12-31": "", "2010-12-31": "", "2009-12-31": "", "2008-12-31": "", "2007-12-31": "", "2006-12-31": "", "2005-12-31": ""}, "Net Change In Long-Term Investments": {"2019-12-31": "", "2018-12-31": "", "2017-12-31": "", "2016-12-31": "", "2015-12-31": "", "2014-12-31": "", "2013-12-31": "", "2012-12-31": "", "2011-12-31": "", "2010-12-31": "", "2009-12-31": "", "2008-12-31": "", "2007-12-31": "", "2006-12-31": "", "2005-12-31": ""}, "Net Change In Investments - Total": {"2019-12-31": "", "2018-12-31": "", "2017-12-31": "", "2016-12-31": "", "2015-12-31": "", "2014-12-31": "", "2013-12-31": "", "2012-12-31": "", "2011-12-31": "", "2010-12-31": "", "2009-12-31": "", "2008-12-31": "", "2007-12-31": "", "2006-12-31": "", "2005-12-31": ""}, "Investing Activities - Other": {"2019-12-31": "-2783.14900", "2018-12-31": "-2840.88000", "2017-12-31": "-1931.94200", "2016-12-31": "-1154.13100", "2015-12-31": "-3042.74700", "2014-12-31": "-4604.46800", "2013-12-31": "-3660.77300", "2012-12-31": "-3493.65200", "2011-12-31": "-1925.57700", "2010-12-31": "-1031.49900", "2009-12-31": "-497.49600", "2008-12-31": "-841.47900", "2007-12-31": "-477.66300", "2006-12-31": "-313.07100", "2005-12-31": "-140.59100"}, "Cash Flow From Investing Activities": {"2019-12-31": "-2771.95600", "2018-12-31": "-2860.17200", "2017-12-31": "-1808.84500", "2016-12-31": "-532.96500", "2015-12-31": "-3046.24700", "2014-12-31": "-4587.39900", "2013-12-31": "-3711.01100", "2012-12-31": "-3903.37000", "2011-12-31": "-2004.71400", "2010-12-31": "-1039.41600", "2009-12-31": "-499.82200", "2008-12-31": "-927.61700", "2007-12-31": "-483.49800", "2006-12-31": "-324.52300", "2005-12-31": "-133.71600"}, "Net Long-Term Debt": {"2019-12-31": "-504.16700", "2018-12-31": "-406.70000", "2017-12-31": "990.00000", "2016-12-31": "-619.16800", "2015-12-31": "497.92200", "2014-12-31": "1364.33700", "2013-12-31": "1479.37500", "2012-12-31": "2021.00000", "2011-12-31": "", "2010-12-31": "587.21000", "2009-12-31": "300.78400", "2008-12-31": "", "2007-12-31": "", "2006-12-31": "", "2005-12-31": "-48.00000"}, "Net Current Debt": {"2019-12-31": "52.64800", "2018-12-31": "-190.28590", "2017-12-31": "-1219.21400", "2016-12-31": "49.85600", "2015-12-31": "688.00000", "2014-12-31": "-112.01290", "2013-12-31": "-321.95100", "2012-12-31": "235.42100", "2011-12-31": "328.00000", "2010-12-31": "-196.00000", "2009-12-31": "-153.70400", "2008-12-31": "211.40000", "2007-12-31": "25.00000", "2006-12-31": "-3.00000", "2005-12-31": "-87.46400"}, "Debt Issuance/Retirement Net - Total": {"2019-12-31": "-451.51900", "2018-12-31": "-596.98590", "2017-12-31": "-229.21410", "2016-12-31": "-569.31210", "2015-12-31": "1185.92200", "2014-12-31": "1252.32400", "2013-12-31": "1157.42400", "2012-12-31": "2256.42100", "2011-12-31": "328.00000", "2010-12-31": "391.21000", "2009-12-31": "147.08000", "2008-12-31": "211.40000", "2007-12-31": "25.00000", "2006-12-31": "-3.00000", "2005-12-31": "-135.46400"}, "Net Common Equity Issued/Repurchased": {"2019-12-31": "-212.18200", "2018-12-31": "-16.89100", "2017-12-31": "-11.82100", "2016-12-31": "-8.59300", "2015-12-31": "-7.31300", "2014-12-31": "-16.58300", "2013-12-31": "-14.69000", "2012-12-31": "-11.17600", "2011-12-31": "654.83100", "2010-12-31": "-7.30400", "2009-12-31": "-4.05400", "2008-12-31": "-5.30600", "2007-12-31": "-4.43100", "2006-12-31": "0.02900", "2005-12-31": "-3.91500"}, "Net Total Equity Issued/Repurchased": {"2019-12-31": "-212.18200", "2018-12-31": "-16.89100", "2017-12-31": "-11.82100", "2016-12-31": "-8.59300", "2015-12-31": "-7.31300", "2014-12-31": "-16.58300", "2013-12-31": "-14.69000", "2012-12-31": "-11.17600", "2011-12-31": "654.83100", "2010-12-31": "-7.30400", "2009-12-31": "-4.05400", "2008-12-31": "-5.30600", "2007-12-31": "-4.43100", "2006-12-31": "0.02900", "2005-12-31": "-3.91500"}, "Total Common And Preferred Stock Dividends Paid": {"2019-12-31": "-18.38000", "2018-12-31": "", "2017-12-31": "", "2016-12-31": "", "2015-12-31": "", "2014-12-31": "", "2013-12-31": "", "2012-12-31": "", "2011-12-31": "", "2010-12-31": "-0.00200", "2009-12-31": "-0.04100", "2008-12-31": "-0.20700", "2007-12-31": "-52.03600", "2006-12-31": "-87.37300", "2005-12-31": "-2.00000"}, "Financial Activities - Other": {"2019-12-31": "94.97300", "2018-12-31": "256.94300", "2017-12-31": "-1.99900", "2016-12-31": "-9.86800", "2015-12-31": "8.58000", "2014-12-31": "-8.02600", "2013-12-31": "-2.26500", "2012-12-31": "8.24500", "2011-12-31": "-0.40400", "2010-12-31": "-3.96100", "2009-12-31": "-7.15600", "2008-12-31": "-1.71700", "2007-12-31": "126.03500", "2006-12-31": "-1.10700", "2005-12-31": "-0.08800"}, "Cash Flow From Financial Activities": {"2019-12-31": "-587.10800", "2018-12-31": "-356.93400", "2017-12-31": "-243.03400", "2016-12-31": "-587.77300", "2015-12-31": "1187.18900", "2014-12-31": "1227.71500", "2013-12-31": "1140.46900", "2012-12-31": "2253.49000", "2011-12-31": "982.42700", "2010-12-31": "379.94300", "2009-12-31": "135.82900", "2008-12-31": "204.17000", "2007-12-31": "94.56800", "2006-12-31": "-91.45100", "2005-12-31": "-141.46700"}, "Net Cash Flow": {"2019-12-31": "-243.34900", "2018-12-31": "238.84700", "2017-12-31": "27.25900", "2016-12-31": "5.18000", "2015-12-31": "-12.91800", "2014-12-31": "-4.10100", "2013-12-31": "-7.24700", "2012-12-31": "-17.81500", "2011-12-31": "45.62800", "2010-12-31": "-6.30600", "2009-12-31": "8.99300", "2008-12-31": "-3.53200", "2007-12-31": "1.74300", "2006-12-31": "1.00400", "2005-12-31": "-9.88000"}, "Stock-Based Compensation": {"2019-12-31": "52.04400", "2018-12-31": "47.23600", "2017-12-31": "45.86800", "2016-12-31": "48.09800", "2015-12-31": "51.83400", "2014-12-31": "54.35300", "2013-12-31": "39.89000", "2012-12-31": "29.05700", "2011-12-31": "16.57200", "2010-12-31": "11.69100", "2009-12-31": "11.40800", "2008-12-31": "9.08100", "2007-12-31": "12.79100", "2006-12-31": "10.93200", "2005-12-31": "13.71500"}, "Common Stock Dividends Paid": {"2019-12-31": "-18.38000", "2018-12-31": "", "2017-12-31": "", "2016-12-31": "", "2015-12-31": "", "2014-12-31": "", "2013-12-31": "", "2012-12-31": "", "2011-12-31": "", "2010-12-31": "-0.00200", "2009-12-31": "-0.04100", "2008-12-31": "-0.20700", "2007-12-31": "-52.03600", "2006-12-31": "-87.37300", "2005-12-31": "-2.00000"}}, "cash flow statement, quarterly": {"Net Income/Loss": {"2020-09-30": -81.583, "2020-06-30": -242.131, "2020-03-31": "-186.78400", "2019-12-31": 194.108, "2019-09-30": 157.422, "2019-06-30": 236.45, "2019-03-31": "186.49300", "2018-12-31": 199.12, "2018-09-30": 314.17, "2018-06-30": 242.464, "2018-03-31": "233.94600", "2017-12-31": 841.914, "2017-09-30": 10.621, "2017-06-30": -63.557, "2017-03-31": "0.46900", "2016-12-31": 27.669, "2016-09-30": -109.621, "2016-06-30": -119.401, "2016-03-31": "-198.32600", "2015-12-31": -139.676, "2015-09-30": -82.424, "2015-06-30": 0.403, "2015-03-31": "-131.97100", "2014-12-31": 114.048, "2014-09-30": 533.521, "2014-06-30": 103.538, "2014-03-31": "226.23400", "2013-12-31": 132.824, "2013-09-30": 167.498, "2013-06-30": 323.27, "2013-03-31": "140.62700", "2012-12-31": 220.511, "2012-09-30": 44.096, "2012-06-30": 405.684, "2012-03-31": "69.09400", "2011-12-31": -112.064, "2011-09-30": 439.143, "2011-06-30": 239.194, "2011-03-31": "-137.20100", "2010-12-31": -45.028, "2010-09-30": 39.077, "2010-06-30": 101.741, "2010-03-31": "72.46500", "2009-12-31": 49.514, "2009-09-30": 34.929, "2009-06-30": 13.508, "2009-03-31": "-26.61300", "2008-12-31": 0.416, "2008-09-30": 105.256, "2008-06-30": 127.307, "2008-03-31": "87.97100", "2007-12-31": 60.892, "2007-09-30": 56.372, "2007-06-30": -142.498, "2007-03-31": "53.81400", "2006-12-31": 48.743, "2006-09-30": 87.991, "2006-06-30": 66.061, "2006-03-31": "50.29300"}, "Total Depreciation And Amortization - Cash Flow": {"2020-09-30": 458.161, "2020-06-30": 291.942, "2020-03-31": "536.78600", "2019-12-31": 553.848, "2019-09-30": 482.673, "2019-06-30": 486.622, "2019-03-31": "496.56100", "2018-12-31": 488.442, "2018-09-30": 468.459, "2018-06-30": 446.658, "2018-03-31": "455.55900", "2017-12-31": 471.123, "2017-09-30": 424.905, "2017-06-30": 393.425, "2017-03-31": "381.38500", "2016-12-31": 387.287, "2016-09-30": 414.259, "2016-06-30": 442.57, "2016-03-31": "465.45100", "2015-12-31": 460.296, "2015-09-30": 447.942, "2015-06-30": 447.19, "2015-03-31": "391.02600", "2014-12-31": 398.038, "2014-09-30": 363.635, "2014-06-30": 325.523, "2014-03-31": "281.11500", "2013-12-31": 270.708, "2013-09-30": 246.09, "2013-06-30": 233.175, "2013-03-31": "215.46400", "2012-12-31": 194.339, "2012-09-30": 185.992, "2012-06-30": 164.094, "2012-03-31": "150.27300", "2011-12-31": 125.563, "2011-09-30": 105.097, "2011-06-30": 84.422, "2011-03-31": "76.76200", "2010-12-31": 69.427, "2010-09-30": 61.904, "2010-06-30": 59.238, "2010-03-31": "52.17900", "2009-12-31": 51.189, "2009-09-30": 49.748, "2009-06-30": 53.691, "2009-03-31": "54.25700", "2008-12-31": 52.627, "2008-09-30": 39.29, "2008-06-30": 28.088, "2008-03-31": "28.56800", "2007-12-31": 27.48, "2007-09-30": 23.932, "2007-06-30": 23.676, "2007-03-31": "20.51600", "2006-12-31": 18.376, "2006-09-30": 18.384, "2006-06-30": 14.602, "2006-03-31": "14.17800"}, "Other Non-Cash Items": {"2020-09-30": 31.744, "2020-06-30": -75.64, "2020-03-31": "184.99900", "2019-12-31": 87.647, "2019-09-30": 120.724, "2019-06-30": 65.603, "2019-03-31": "107.03000", "2018-12-31": 87.592, "2018-09-30": 150.824, "2018-06-30": 129.451, "2018-03-31": "113.61500", "2017-12-31": -541.518, "2017-09-30": 55.813, "2017-06-30": 72.541, "2017-03-31": "30.57000", "2016-12-31": -18.193, "2016-09-30": 1.431, "2016-06-30": 27.686, "2016-03-31": "-32.67700", "2015-12-31": 16.71, "2015-09-30": 17.665, "2015-06-30": 97.248, "2015-03-31": "104.07000", "2014-12-31": 597.9219, "2014-09-30": -35.2399, "2014-06-30": 356.836, "2014-03-31": "217.22400", "2013-12-31": 241.481, "2013-09-30": 312.669, "2013-06-30": 76.915, "2013-03-31": "213.44900", "2012-12-31": 29.465, "2012-09-30": 226.014, "2012-06-30": -201.175, "2012-03-31": "156.69300", "2011-12-31": 366.837, "2011-09-30": -242.063, "2011-06-30": -59.425, "2011-03-31": "291.59900", "2010-12-31": 174.125, "2010-09-30": 77.451, "2010-06-30": 4.096, "2010-03-31": "37.15800", "2009-12-31": 40.678, "2009-09-30": 37.088, "2009-06-30": 34.057, "2009-03-31": "26.99000", "2008-12-31": 59.8, "2008-09-30": 71.184, "2008-06-30": 55.863, "2008-03-31": "28.38100", "2007-12-31": 37.971, "2007-09-30": 48.629, "2007-06-30": 223.034, "2007-03-31": "11.73900", "2006-12-31": 12.974, "2006-09-30": 1.683, "2006-06-30": 12.09, "2006-03-31": "9.89000"}, "Total Non-Cash Items": {"2020-09-30": 489.905, "2020-06-30": 216.302, "2020-03-31": "721.78500", "2019-12-31": 641.495, "2019-09-30": 603.397, "2019-06-30": 552.225, "2019-03-31": "603.59100", "2018-12-31": 576.034, "2018-09-30": 619.283, "2018-06-30": 576.109, "2018-03-31": "569.17400", "2017-12-31": -70.395, "2017-09-30": 480.718, "2017-06-30": 465.966, "2017-03-31": "411.95500", "2016-12-31": 369.094, "2016-09-30": 415.69, "2016-06-30": 470.256, "2016-03-31": "432.77400", "2015-12-31": 477.006, "2015-09-30": 465.607, "2015-06-30": 544.438, "2015-03-31": "495.09600", "2014-12-31": 995.96, "2014-09-30": 328.395, "2014-06-30": 682.359, "2014-03-31": "498.33900", "2013-12-31": 512.189, "2013-09-30": 558.759, "2013-06-30": 310.09, "2013-03-31": "428.91300", "2012-12-31": 223.804, "2012-09-30": 412.006, "2012-06-30": -37.0809, "2012-03-31": "306.96600", "2011-12-31": 492.4, "2011-09-30": -136.966, "2011-06-30": 24.997, "2011-03-31": "368.36100", "2010-12-31": 243.552, "2010-09-30": 139.355, "2010-06-30": 63.334, "2010-03-31": "89.33700", "2009-12-31": 91.867, "2009-09-30": 86.836, "2009-06-30": 87.748, "2009-03-31": "81.24700", "2008-12-31": 112.427, "2008-09-30": 110.474, "2008-06-30": 83.951, "2008-03-31": "56.94900", "2007-12-31": 65.451, "2007-09-30": 72.561, "2007-06-30": 246.71, "2007-03-31": "32.25500", "2006-12-31": 31.35, "2006-09-30": 20.067, "2006-06-30": 26.692, "2006-03-31": "24.06800"}, "Change In Accounts Receivable": {"2020-09-30": -274.572, "2020-06-30": 365.589, "2020-03-31": "344.84500", "2019-12-31": 8.65, "2019-09-30": -27.125, "2019-06-30": 62.883, "2019-03-31": "-78.02700", "2018-12-31": 233.984, "2018-09-30": -60.176, "2018-06-30": -117.311, "2018-03-31": "38.26800", "2017-12-31": -175.021, "2017-09-30": -135.443, "2017-06-30": 2.706, "2017-03-31": "-22.05300", "2016-12-31": -155.749, "2016-09-30": 32.305, "2016-06-30": -101.778, "2016-03-31": "66.83900", "2015-12-31": 173.664, "2015-09-30": 212.427, "2015-06-30": -34.206, "2015-03-31": "173.08800", "2014-12-31": 62.544, "2014-09-30": -47.357, "2014-06-30": -90.964, "2014-03-31": "-53.85700", "2013-12-31": 12.033, "2013-09-30": -77.629, "2013-06-30": -22.424, "2013-03-31": "-78.11800", "2012-12-31": 20.525, "2012-09-30": -130.691, "2012-06-30": 38.296, "2012-03-31": "-19.92100", "2011-12-31": -117.075, "2011-09-30": -47.926, "2011-06-30": -52.07, "2011-03-31": "-77.63100", "2010-12-31": -106.51, "2010-09-30": -88.085, "2010-06-30": -43.841, "2010-03-31": "-61.04400", "2009-12-31": -21.78, "2009-09-30": 18.485, "2009-06-30": -2.107, "2009-03-31": "54.14000", "2008-12-31": 70.685, "2008-09-30": -23.999, "2008-06-30": -80.338, "2008-03-31": "-32.33700", "2007-12-31": -18.198, "2007-09-30": -26.211, "2007-06-30": -16.738, "2007-03-31": "-12.85700", "2006-12-31": 6.127, "2006-09-30": -9.75, "2006-06-30": -11.124, "2006-03-31": "3.00800"}, "Change In Inventories": {"2020-09-30": 5.115, "2020-06-30": -5.686, "2020-03-31": "22.41700", "2019-12-31": 0.663, "2019-09-30": 0.571, "2019-06-30": -7.696, "2019-03-31": "-14.74200", "2018-12-31": 15.587, "2018-09-30": 10.052, "2018-06-30": -8.141, "2018-03-31": "-9.76300", "2017-12-31": 7.781, "2017-09-30": -8.248, "2017-06-30": 1.687, "2017-03-31": "13.29700", "2016-12-31": -19.093, "2016-09-30": 10.002, "2016-06-30": -10.064, "2016-03-31": "1.31900", "2015-12-31": -1.14, "2015-09-30": 7.199, "2015-06-30": 8.174, "2015-03-31": "-6.23600", "2014-12-31": -37.795, "2014-09-30": -4.605, "2014-06-30": -5.85, "2014-03-31": "-17.66900", "2013-12-31": 0.832, "2013-09-30": -13.187, "2013-06-30": 19.653, "2013-03-31": "-14.99500", "2012-12-31": -0.88, "2012-09-30": 3.927, "2012-06-30": -7.578, "2012-03-31": "-2.63400", "2011-12-31": 20.131, "2011-09-30": -11.065, "2011-06-30": 1.408, "2011-03-31": "-13.88600", "2010-12-31": -7.306, "2010-09-30": 8.162, "2010-06-30": -12.144, "2010-03-31": "-0.36300", "2009-12-31": 8.537, "2009-09-30": 4.91, "2009-06-30": -1.49, "2009-03-31": "-16.45800", "2008-12-31": 11.065, "2008-09-30": -6.98, "2008-06-30": -6.983, "2008-03-31": "-0.93600", "2007-12-31": -6, "2007-09-30": -2.755, "2007-06-30": -2.114, "2007-03-31": "-0.41900", "2006-12-31": 0.494, "2006-09-30": 1.159, "2006-06-30": 1.617, "2006-03-31": "-6.27500"}, "Change In Accounts Payable": {"2020-09-30": 19.117, "2020-06-30": -239.846, "2020-03-31": "70.08400", "2019-12-31": -92.983, "2019-09-30": 18.448, "2019-06-30": 13.835, "2019-03-31": "24.34100", "2018-12-31": -23.434, "2018-09-30": -71.002, "2018-06-30": 55.403, "2018-03-31": "48.30700", "2017-12-31": 9.002, "2017-09-30": 22.896, "2017-06-30": 43.696, "2017-03-31": "61.74500", "2016-12-31": 28.727, "2016-09-30": 10.728, "2016-06-30": -22.328, "2016-03-31": "-31.53100", "2015-12-31": -23.434, "2015-09-30": -71.826, "2015-06-30": -111.359, "2015-03-31": "5.18500", "2014-12-31": 3.243, "2014-09-30": 37.792, "2014-06-30": 30.651, "2014-03-31": "13.85400", "2013-12-31": -44.016, "2013-09-30": 129.588, "2013-06-30": 16.61, "2013-03-31": "5.06800", "2012-12-31": 18.431, "2012-09-30": -5.257, "2012-06-30": -19.893, "2012-03-31": "-1.76800", "2011-12-31": 62.701, "2011-09-30": 4.494, "2011-06-30": 13.064, "2011-03-31": "3.64800", "2010-12-31": 46.604, "2010-09-30": -53.194, "2010-06-30": 83.344, "2010-03-31": "69.71900", "2009-12-31": -2.449, "2009-09-30": -18.321, "2009-06-30": -77.355, "2009-03-31": "-19.51800", "2008-12-31": -6.645, "2008-09-30": 90.694, "2008-06-30": 13.051, "2008-03-31": "4.86700", "2007-12-31": -6.096, "2007-09-30": 3.518, "2007-06-30": 20.398, "2007-03-31": "-25.58000", "2006-12-31": 51.163, "2006-09-30": 12.432, "2006-06-30": 3.016, "2006-03-31": "10.81100"}, "Change In Assets/Liabilities": {"2020-09-30": 104.814, "2020-06-30": -76.122, "2020-03-31": "-238.25500", "2019-12-31": 72.639, "2019-09-30": 64.234, "2019-06-30": -69.132, "2019-03-31": "0.41500", "2018-12-31": -61.539, "2018-09-30": 85.648, "2018-06-30": -18.12, "2018-03-31": "12.10700", "2017-12-31": 109.526, "2017-09-30": 29.847, "2017-06-30": 1.503, "2017-03-31": "17.12600", "2016-12-31": 34.677, "2016-09-30": -0.001, "2016-06-30": 16.593, "2016-03-31": "-21.97900", "2015-12-31": -39.702, "2015-09-30": -13.518, "2015-06-30": 29.874, "2015-03-31": "4.48800", "2014-12-31": -102.371, "2014-09-30": -9.807, "2014-06-30": 3.68, "2014-03-31": "32.95200", "2013-12-31": -31.489, "2013-09-30": 30.706, "2013-06-30": 13.277, "2013-03-31": "-1.04400", "2012-12-31": 9.708, "2012-09-30": 36.987, "2012-06-30": 0.165, "2012-03-31": "7.25900", "2011-12-31": 48.236, "2011-09-30": -7.065, "2011-06-30": 1.299, "2011-03-31": "41.00400", "2010-12-31": 32.681, "2010-09-30": 16.857, "2010-06-30": 4.97, "2010-03-31": "11.64200", "2009-12-31": 13.185, "2009-09-30": 5.361, "2009-06-30": 17.481, "2009-03-31": "-22.51300", "2008-12-31": -44.434, "2008-09-30": 20.979, "2008-06-30": 20.831, "2008-03-31": "-2.90100", "2007-12-31": 17.813, "2007-09-30": 8.917, "2007-06-30": 7.855, "2007-03-31": "1.54900", "2006-12-31": -7.985, "2006-09-30": 2.558, "2006-06-30": 6.612, "2006-03-31": "-4.38400"}, "Total Change In Assets/Liabilities": {"2020-09-30": -117.1251, "2020-06-30": 5.5811, "2020-03-31": "128.81700", "2019-12-31": -31.791, "2019-09-30": 46.153, "2019-06-30": -5.279, "2019-03-31": "-68.57600", "2018-12-31": 180.113, "2018-09-30": -72.705, "2018-06-30": -64.771, "2018-03-31": "83.07100", "2017-12-31": -40.394, "2017-09-30": -59.93, "2017-06-30": 43.962, "2017-03-31": "57.77700", "2016-12-31": -134.732, "2016-09-30": 60.098, "2016-06-30": -132.036, "2016-03-31": "44.45400", "2015-12-31": 104.279, "2015-09-30": 115.497, "2015-06-30": -150.219, "2015-03-31": "159.06500", "2014-12-31": -32.144, "2014-09-30": -16.518, "2014-06-30": -44.106, "2014-03-31": "-33.91100", "2013-12-31": -60.171, "2013-09-30": 95.251, "2013-06-30": 65.474, "2013-03-31": "-111.42900", "2012-12-31": 39.853, "2012-09-30": -79.035, "2012-06-30": 37.283, "2012-03-31": "-11.11600", "2011-12-31": 17.765, "2011-09-30": -61.329, "2011-06-30": -30.86, "2011-03-31": "-35.52500", "2010-12-31": -40.697, "2010-09-30": -73.317, "2010-06-30": 34.462, "2010-03-31": "28.88600", "2009-12-31": 15.61, "2009-09-30": 11.737, "2009-06-30": -58.866, "2009-03-31": "-14.53100", "2008-12-31": 17.14, "2008-09-30": 76.232, "2008-06-30": -38.094, "2008-03-31": "-20.11400", "2007-12-31": -14.051, "2007-09-30": -14.086, "2007-06-30": 10.982, "2007-03-31": "-37.75400", "2006-12-31": 47.949, "2006-09-30": 9.303, "2006-06-30": 3.996, "2006-03-31": "0.52800"}, "Cash Flow From Operating Activities": {"2020-09-30": 291.197, "2020-06-30": -20.248, "2020-03-31": "663.81800", "2019-12-31": 803.812, "2019-09-30": 806.972, "2019-06-30": 783.396, "2019-03-31": "721.50800", "2018-12-31": 955.267, "2018-09-30": 860.748, "2018-06-30": 753.802, "2018-03-31": "886.19100", "2017-12-31": 731.125, "2017-09-30": 431.409, "2017-06-30": 446.371, "2017-03-31": "470.20100", "2016-12-31": 262.031, "2016-09-30": 366.167, "2016-06-30": 218.819, "2016-03-31": "278.90200", "2015-12-31": 441.609, "2015-09-30": 498.68, "2015-06-30": 394.622, "2015-03-31": "522.19000", "2014-12-31": 1077.864, "2014-09-30": 845.398, "2014-06-30": 741.791, "2014-03-31": "690.66200", "2013-12-31": 584.842, "2013-09-30": 821.508, "2013-06-30": 698.834, "2013-03-31": "458.11100", "2012-12-31": 484.168, "2012-09-30": 377.067, "2012-06-30": 405.886, "2012-03-31": "364.94400", "2011-12-31": 398.101, "2011-09-30": 240.848, "2011-06-30": 233.331, "2011-03-31": "195.63500", "2010-12-31": 157.827, "2010-09-30": 105.115, "2010-06-30": 199.537, "2010-03-31": "190.68800", "2009-12-31": 156.991, "2009-09-30": 133.502, "2009-06-30": 42.39, "2009-03-31": "40.10300", "2008-12-31": 129.983, "2008-09-30": 291.962, "2008-06-30": 173.164, "2008-03-31": "124.80600", "2007-12-31": 112.292, "2007-09-30": 114.847, "2007-06-30": 115.194, "2007-03-31": "48.31500", "2006-12-31": 128.042, "2006-09-30": 117.361, "2006-06-30": 96.749, "2006-03-31": "74.88900"}, "Net Change In Property, Plant, And Equipment": {"2020-09-30": -7.906, "2020-06-30": -0.965, "2020-03-31": "-33.54800", "2019-12-31": -3.474, "2019-09-30": 44.39, "2019-06-30": -9.422, "2019-03-31": "-20.30100", "2018-12-31": -8.819, "2018-09-30": -1.551, "2018-06-30": 1.089, "2018-03-31": "-10.01100", "2017-12-31": 52.36, "2017-09-30": 72.942, "2017-06-30": -1.53, "2017-03-31": "-0.67500", "2016-12-31": 292.459, "2016-09-30": 221.375, "2016-06-30": 107.053, "2016-03-31": "0.27900", "2015-12-31": -4.168, "2015-09-30": -8.916, "2015-06-30": 20.736, "2015-03-31": "-11.15200", "2014-12-31": -11.998, "2014-09-30": 53.484, "2014-06-30": 1.381, "2014-03-31": "-25.79800", "2013-12-31": -18.298, "2013-09-30": -4.978, "2013-06-30": -11.332, "2013-03-31": "-15.63000", "2012-12-31": -403.025, "2012-09-30": -12.009, "2012-06-30": -11.877, "2012-03-31": "17.19300", "2011-12-31": -61.686, "2011-09-30": -11.249, "2011-06-30": 1.11, "2011-03-31": "-7.31200", "2010-12-31": -18.807, "2010-09-30": 3.97, "2010-06-30": 12.205, "2010-03-31": "-5.28500", "2009-12-31": 0.811, "2009-09-30": -3.463, "2009-06-30": 0.351, "2009-03-31": "-0.02500", "2008-12-31": -0.178, "2008-09-30": -12.735, "2008-06-30": -17.733, "2008-03-31": "-55.49200", "2007-12-31": -3.915, "2007-09-30": -0.559, "2007-06-30": -0.802, "2007-03-31": "-0.55900", "2006-12-31": -1.603, "2006-09-30": -1.851, "2006-06-30": -5.596, "2006-03-31": "-2.40200"}, "Net Change In Intangible Assets": {"2020-09-30": 0, "2020-06-30": 0, "2020-03-31": "", "2019-12-31": 0, "2019-09-30": 0, "2019-06-30": 0, "2019-03-31": "", "2018-12-31": 0, "2018-09-30": 0, "2018-06-30": 0, "2018-03-31": "", "2017-12-31": 0, "2017-09-30": 0, "2017-06-30": 0, "2017-03-31": "", "2016-12-31": 0, "2016-09-30": 0, "2016-06-30": 0, "2016-03-31": "", "2015-12-31": 0, "2015-09-30": 0, "2015-06-30": 0, "2015-03-31": "", "2014-12-31": 0, "2014-09-30": 0, "2014-06-30": 0, "2014-03-31": "", "2013-12-31": 0, "2013-09-30": 0, "2013-06-30": 0, "2013-03-31": "", "2012-12-31": 0, "2012-09-30": 0, "2012-06-30": 0, "2012-03-31": "", "2011-12-31": 0, "2011-09-30": 0, "2011-06-30": 0, "2011-03-31": "", "2010-12-31": 0, "2010-09-30": 0, "2010-06-30": 0, "2010-03-31": "", "2009-12-31": 0, "2009-09-30": 0, "2009-06-30": 0, "2009-03-31": "", "2008-12-31": 0, "2008-09-30": 0, "2008-06-30": 0, "2008-03-31": "", "2007-12-31": 0, "2007-09-30": 0, "2007-06-30": 0, "2007-03-31": "", "2006-12-31": 0, "2006-09-30": 0, "2006-06-30": 0, "2006-03-31": ""}, "Net Acquisitions/Divestitures": {"2020-09-30": 0, "2020-06-30": 0, "2020-03-31": "", "2019-12-31": 0, "2019-09-30": 0, "2019-06-30": 0, "2019-03-31": "", "2018-12-31": 0, "2018-09-30": 0, "2018-06-30": 0, "2018-03-31": "", "2017-12-31": 0, "2017-09-30": 0, "2017-06-30": 0, "2017-03-31": "", "2016-12-31": 0, "2016-09-30": 0, "2016-06-30": 0, "2016-03-31": "", "2015-12-31": 0, "2015-09-30": 0, "2015-06-30": 0, "2015-03-31": "", "2014-12-31": 0, "2014-09-30": 0, "2014-06-30": 0, "2014-03-31": "", "2013-12-31": 0, "2013-09-30": 0, "2013-06-30": 0, "2013-03-31": "", "2012-12-31": 0, "2012-09-30": 0, "2012-06-30": 0, "2012-03-31": "", "2011-12-31": 0, "2011-09-30": 0, "2011-06-30": 0, "2011-03-31": "", "2010-12-31": 0, "2010-09-30": 0, "2010-06-30": 0, "2010-03-31": "", "2009-12-31": 0, "2009-09-30": 0, "2009-06-30": 0, "2009-03-31": "", "2008-12-31": 0, "2008-09-30": 0, "2008-06-30": 0, "2008-03-31": "", "2007-12-31": 0, "2007-09-30": 0, "2007-06-30": 0, "2007-03-31": "", "2006-12-31": 0, "2006-09-30": 0, "2006-06-30": 0, "2006-03-31": ""}, "Net Change In Short-term Investments": {"2020-09-30": 0, "2020-06-30": 0, "2020-03-31": "", "2019-12-31": 0, "2019-09-30": 0, "2019-06-30": 0, "2019-03-31": "", "2018-12-31": 0, "2018-09-30": 0, "2018-06-30": 0, "2018-03-31": "", "2017-12-31": 0, "2017-09-30": 0, "2017-06-30": 0, "2017-03-31": "", "2016-12-31": 0, "2016-09-30": 0, "2016-06-30": 0, "2016-03-31": "", "2015-12-31": 0, "2015-09-30": 0, "2015-06-30": 0, "2015-03-31": "", "2014-12-31": 0, "2014-09-30": 0, "2014-06-30": 0, "2014-03-31": "", "2013-12-31": 0, "2013-09-30": 0, "2013-06-30": 0, "2013-03-31": "", "2012-12-31": 0, "2012-09-30": 0, "2012-06-30": 0, "2012-03-31": "", "2011-12-31": 0, "2011-09-30": 0, "2011-06-30": 0, "2011-03-31": "", "2010-12-31": 0, "2010-09-30": 0, "2010-06-30": 0, "2010-03-31": "", "2009-12-31": 0, "2009-09-30": 0, "2009-06-30": 0, "2009-03-31": "", "2008-12-31": 0, "2008-09-30": 0, "2008-06-30": 0, "2008-03-31": "", "2007-12-31": 0, "2007-09-30": 0, "2007-06-30": 0, "2007-03-31": "", "2006-12-31": 0, "2006-09-30": 0, "2006-06-30": 0, "2006-03-31": ""}, "Net Change In Long-Term Investments": {"2020-09-30": 0, "2020-06-30": 0, "2020-03-31": "", "2019-12-31": 0, "2019-09-30": 0, "2019-06-30": 0, "2019-03-31": "", "2018-12-31": 0, "2018-09-30": 0, "2018-06-30": 0, "2018-03-31": "", "2017-12-31": 0, "2017-09-30": 0, "2017-06-30": 0, "2017-03-31": "", "2016-12-31": 0, "2016-09-30": 0, "2016-06-30": 0, "2016-03-31": "", "2015-12-31": 0, "2015-09-30": 0, "2015-06-30": 0, "2015-03-31": "", "2014-12-31": 0, "2014-09-30": 0, "2014-06-30": 0, "2014-03-31": "", "2013-12-31": 0, "2013-09-30": 0, "2013-06-30": 0, "2013-03-31": "", "2012-12-31": 0, "2012-09-30": 0, "2012-06-30": 0, "2012-03-31": "", "2011-12-31": 0, "2011-09-30": 0, "2011-06-30": 0, "2011-03-31": "", "2010-12-31": 0, "2010-09-30": 0, "2010-06-30": 0, "2010-03-31": "", "2009-12-31": 0, "2009-09-30": 0, "2009-06-30": 0, "2009-03-31": "", "2008-12-31": 0, "2008-09-30": 0, "2008-06-30": 0, "2008-03-31": "", "2007-12-31": 0, "2007-09-30": 0, "2007-06-30": 0, "2007-03-31": "", "2006-12-31": 0, "2006-09-30": 0, "2006-06-30": 0, "2006-03-31": ""}, "Net Change In Investments - Total": {"2020-09-30": 0, "2020-06-30": 0, "2020-03-31": "", "2019-12-31": 0, "2019-09-30": 0, "2019-06-30": 0, "2019-03-31": "", "2018-12-31": 0, "2018-09-30": 0, "2018-06-30": 0, "2018-03-31": "", "2017-12-31": 0, "2017-09-30": 0, "2017-06-30": 0, "2017-03-31": "", "2016-12-31": 0, "2016-09-30": 0, "2016-06-30": 0, "2016-03-31": "", "2015-12-31": 0, "2015-09-30": 0, "2015-06-30": 0, "2015-03-31": "", "2014-12-31": 0, "2014-09-30": 0, "2014-06-30": 0, "2014-03-31": "", "2013-12-31": 0, "2013-09-30": 0, "2013-06-30": 0, "2013-03-31": "", "2012-12-31": 0, "2012-09-30": 0, "2012-06-30": 0, "2012-03-31": "", "2011-12-31": 0, "2011-09-30": 0, "2011-06-30": 0, "2011-03-31": "", "2010-12-31": 0, "2010-09-30": 0, "2010-06-30": 0, "2010-03-31": "", "2009-12-31": 0, "2009-09-30": 0, "2009-06-30": 0, "2009-03-31": "", "2008-12-31": 0, "2008-09-30": 0, "2008-06-30": 0, "2008-03-31": "", "2007-12-31": 0, "2007-09-30": 0, "2007-06-30": 0, "2007-03-31": "", "2006-12-31": 0, "2006-09-30": 0, "2006-06-30": 0, "2006-03-31": ""}, "Investing Activities - Other": {"2020-09-30": -155.017, "2020-06-30": -311.239, "2020-03-31": "-673.19100", "2019-12-31": -514.555, "2019-09-30": -740.572, "2019-06-30": -795.252, "2019-03-31": "-732.77000", "2018-12-31": -747.87, "2018-09-30": -758.329, "2018-06-30": -716.481, "2018-03-31": "-618.20000", "2017-12-31": -486.951, "2017-09-30": -567.876, "2017-06-30": -488.519, "2017-03-31": "-388.59600", "2016-12-31": -275.203, "2016-09-30": -253.802, "2016-06-30": -266.036, "2016-03-31": "-359.09000", "2015-12-31": -444.38, "2015-09-30": -625.48, "2015-06-30": -705.635, "2015-03-31": "-1267.25200", "2014-12-31": -1349.141, "2014-09-30": -1202.457, "2014-06-30": -1059.188, "2014-03-31": "-993.68200", "2013-12-31": -893.325, "2013-09-30": -944.233, "2013-06-30": -965.692, "2013-03-31": "-857.52300", "2012-12-31": -909.218, "2012-09-30": -805.626, "2012-06-30": -766.5, "2012-03-31": "-1012.30800", "2011-12-31": -679.889, "2011-09-30": -448.274, "2011-06-30": -449.403, "2011-03-31": "-348.01100", "2010-12-31": -311.656, "2010-09-30": -250.359, "2010-06-30": -312.859, "2010-03-31": "-156.62500", "2009-12-31": -125.212, "2009-09-30": -76.185, "2009-06-30": -89.791, "2009-03-31": "-206.30800", "2008-12-31": -267.323, "2008-09-30": -298.652, "2008-06-30": -154.27, "2008-03-31": "-121.23400", "2007-12-31": -111.65, "2007-09-30": -133.519, "2007-06-30": -120.488, "2007-03-31": "-112.00600", "2006-12-31": -103.484, "2006-09-30": -86.603, "2006-06-30": -66.622, "2006-03-31": "-56.36200"}, "Cash Flow From Investing Activities": {"2020-09-30": -162.923, "2020-06-30": -312.204, "2020-03-31": "-706.73900", "2019-12-31": -518.029, "2019-09-30": -696.182, "2019-06-30": -804.674, "2019-03-31": "-753.07100", "2018-12-31": -756.689, "2018-09-30": -759.88, "2018-06-30": -715.392, "2018-03-31": "-628.21100", "2017-12-31": -434.591, "2017-09-30": -494.934, "2017-06-30": -490.049, "2017-03-31": "-389.27100", "2016-12-31": 17.256, "2016-09-30": -32.427, "2016-06-30": -158.983, "2016-03-31": "-358.81100", "2015-12-31": -448.548, "2015-09-30": -634.396, "2015-06-30": -684.899, "2015-03-31": "-1278.40400", "2014-12-31": -1361.139, "2014-09-30": -1148.973, "2014-06-30": -1057.807, "2014-03-31": "-1019.48000", "2013-12-31": -911.623, "2013-09-30": -949.211, "2013-06-30": -977.024, "2013-03-31": "-873.15300", "2012-12-31": -1312.243, "2012-09-30": -817.635, "2012-06-30": -778.377, "2012-03-31": "-995.11500", "2011-12-31": -741.575, "2011-09-30": -459.523, "2011-06-30": -448.293, "2011-03-31": "-355.32300", "2010-12-31": -330.463, "2010-09-30": -246.389, "2010-06-30": -300.654, "2010-03-31": "-161.91000", "2009-12-31": -124.401, "2009-09-30": -79.648, "2009-06-30": -89.44, "2009-03-31": "-206.33300", "2008-12-31": -267.501, "2008-09-30": -311.387, "2008-06-30": -172.003, "2008-03-31": "-176.72600", "2007-12-31": -115.565, "2007-09-30": -134.078, "2007-06-30": -121.29, "2007-03-31": "-112.56500", "2006-12-31": -105.087, "2006-09-30": -88.454, "2006-06-30": -72.218, "2006-03-31": "-58.76400"}, "Net Long-Term Debt": {"2020-09-30": 0, "2020-06-30": -25.505, "2020-03-31": "-22.52700", "2019-12-31": 0, "2019-09-30": -504.167, "2019-06-30": 0, "2019-03-31": "", "2018-12-31": 0, "2018-09-30": -405.566, "2018-06-30": -0.568, "2018-03-31": "-0.56600", "2017-12-31": 991.654, "2017-09-30": -1.654, "2017-06-30": 0, "2017-03-31": "", "2016-12-31": -619.168, "2016-09-30": 0, "2016-06-30": 0, "2016-03-31": "", "2015-12-31": 499.474, "2015-09-30": -1.552, "2015-06-30": 0.515, "2015-03-31": "-0.51500", "2014-12-31": 0, "2014-09-30": -317.497, "2014-06-30": 1682.333, "2014-03-31": "-0.49900", "2013-12-31": 1.457, "2013-09-30": -1.457, "2013-06-30": 1479.375, "2013-03-31": "", "2012-12-31": 1.101, "2012-09-30": 1211.527, "2012-06-30": -0.628, "2012-03-31": "809.00000", "2011-12-31": 0, "2011-09-30": 0, "2011-06-30": 0, "2011-03-31": "", "2010-12-31": 0, "2010-09-30": 393, "2010-06-30": 194.21, "2010-03-31": "", "2009-12-31": 0.482, "2009-09-30": 300.302, "2009-06-30": 0, "2009-03-31": "", "2008-12-31": 0, "2008-09-30": 0, "2008-06-30": 0, "2008-03-31": "", "2007-12-31": 0, "2007-09-30": 0, "2007-06-30": 0, "2007-03-31": "", "2006-12-31": 0, "2006-09-30": 0, "2006-06-30": 0, "2006-03-31": ""}, "Net Current Debt": {"2020-09-30": -112.543, "2020-06-30": -152.984, "2020-03-31": "679.39700", "2019-12-31": -245.598, "2019-09-30": 299.408, "2019-06-30": -0.586, "2019-03-31": "-0.57600", "2018-12-31": -190.5789, "2018-09-30": 188.293, "2018-06-30": 0, "2018-03-31": "-188.00000", "2017-12-31": -1252.214, "2017-09-30": 59.099, "2017-06-30": 44.449, "2017-03-31": "-70.54800", "2016-12-31": 339.457, "2016-09-30": -320.537, "2016-06-30": -55.534, "2016-03-31": "86.47000", "2015-12-31": -492, "2015-09-30": 121.032, "2015-06-30": 268.968, "2015-03-31": "790.00000", "2014-12-31": 164.4902, "2014-09-30": -0.5041, "2014-06-30": -630.999, "2014-03-31": "355.00000", "2013-12-31": 273.049, "2013-09-30": 0.969, "2013-06-30": -1035.484, "2013-03-31": "439.51500", "2012-12-31": 593.421, "2012-09-30": -537, "2012-06-30": 361.159, "2012-03-31": "-182.15900", "2011-12-31": 358, "2011-09-30": 0, "2011-06-30": 0, "2011-03-31": "-30.00000", "2010-12-31": 30, "2010-09-30": -114, "2010-06-30": -84, "2010-03-31": "-28.00000", "2009-12-31": -23.304, "2009-09-30": -346, "2009-06-30": 48, "2009-03-31": "167.60000", "2008-12-31": 147, "2008-09-30": 9.4, "2008-06-30": 8.5, "2008-03-31": "46.50000", "2007-12-31": 8.5, "2007-09-30": 19, "2007-06-30": -87, "2007-03-31": "84.50000", "2006-12-31": -20, "2006-09-30": -15.5, "2006-06-30": 44, "2006-03-31": "-11.50000"}, "Debt Issuance/Retirement Net - Total": {"2020-09-30": -112.543, "2020-06-30": -178.489, "2020-03-31": "656.87000", "2019-12-31": -245.598, "2019-09-30": -204.759, "2019-06-30": -0.586, "2019-03-31": "-0.57600", "2018-12-31": -190.5789, "2018-09-30": -217.273, "2018-06-30": -0.568, "2018-03-31": "-188.56600", "2017-12-31": -260.5601, "2017-09-30": 57.445, "2017-06-30": 44.449, "2017-03-31": "-70.54800", "2016-12-31": -279.7111, "2016-09-30": -320.537, "2016-06-30": -55.534, "2016-03-31": "86.47000", "2015-12-31": 7.474, "2015-09-30": 119.48, "2015-06-30": 269.483, "2015-03-31": "789.48500", "2014-12-31": 164.49, "2014-09-30": -318.001, "2014-06-30": 1051.334, "2014-03-31": "354.50100", "2013-12-31": 274.506, "2013-09-30": -0.488, "2013-06-30": 443.891, "2013-03-31": "439.51500", "2012-12-31": 594.522, "2012-09-30": 674.527, "2012-06-30": 360.531, "2012-03-31": "626.84100", "2011-12-31": 358, "2011-09-30": 0, "2011-06-30": 0, "2011-03-31": "-30.00000", "2010-12-31": 30, "2010-09-30": 279, "2010-06-30": 110.21, "2010-03-31": "-28.00000", "2009-12-31": -22.822, "2009-09-30": -45.698, "2009-06-30": 48, "2009-03-31": "167.60000", "2008-12-31": 147, "2008-09-30": 9.4, "2008-06-30": 8.5, "2008-03-31": "46.50000", "2007-12-31": 8.5, "2007-09-30": 19, "2007-06-30": -87, "2007-03-31": "84.50000", "2006-12-31": -20, "2006-09-30": -15.5, "2006-06-30": 44, "2006-03-31": "-11.50000"}, "Net Common Equity Issued/Repurchased": {"2020-09-30": -0.371, "2020-06-30": -0.247, "2020-03-31": "-133.36000", "2019-12-31": -18.644, "2019-09-30": -102.693, "2019-06-30": -70.223, "2019-03-31": "-20.62200", "2018-12-31": -0.588, "2018-09-30": -0.684, "2018-06-30": -0.773, "2018-03-31": "-14.84600", "2017-12-31": -0.836, "2017-09-30": -0.365, "2017-06-30": -0.783, "2017-03-31": "-9.83700", "2016-12-31": -2.053, "2016-09-30": -0.805, "2016-06-30": -0.647, "2016-03-31": "-5.08800", "2015-12-31": -1.495, "2015-09-30": -0.626, "2015-06-30": -2.189, "2015-03-31": "-3.00300", "2014-12-31": -8.965, "2014-09-30": -2.972, "2014-06-30": -2.016, "2014-03-31": "-2.63000", "2013-12-31": -10.748, "2013-09-30": -0.683, "2013-06-30": -1.771, "2013-03-31": "-1.48800", "2012-12-31": -5.525, "2012-09-30": -0.617, "2012-06-30": -1.346, "2012-03-31": "-3.68800", "2011-12-31": -3.258, "2011-09-30": -0.458, "2011-06-30": -0.985, "2011-03-31": "659.53200", "2010-12-31": -3.897, "2010-09-30": -2.425, "2010-06-30": -0.872, "2010-03-31": "-0.11000", "2009-12-31": -3.478, "2009-09-30": -0.223, "2009-06-30": -0.291, "2009-03-31": "-0.06200", "2008-12-31": -2.123, "2008-09-30": -0.167, "2008-06-30": -3.131, "2008-03-31": "0.11500", "2007-12-31": -3.198, "2007-09-30": -0.735, "2007-06-30": -0.024, "2007-03-31": "-0.47400", "2006-12-31": 0.029, "2006-09-30": 0, "2006-06-30": 0, "2006-03-31": ""}, "Net Total Equity Issued/Repurchased": {"2020-09-30": -0.371, "2020-06-30": -0.247, "2020-03-31": "-133.36000", "2019-12-31": -18.644, "2019-09-30": -102.693, "2019-06-30": -70.223, "2019-03-31": "-20.62200", "2018-12-31": -0.588, "2018-09-30": -0.684, "2018-06-30": -0.773, "2018-03-31": "-14.84600", "2017-12-31": -0.836, "2017-09-30": -0.365, "2017-06-30": -0.783, "2017-03-31": "-9.83700", "2016-12-31": -2.053, "2016-09-30": -0.805, "2016-06-30": -0.647, "2016-03-31": "-5.08800", "2015-12-31": -1.495, "2015-09-30": -0.626, "2015-06-30": -2.189, "2015-03-31": "-3.00300", "2014-12-31": -8.965, "2014-09-30": -2.972, "2014-06-30": -2.016, "2014-03-31": "-2.63000", "2013-12-31": -10.748, "2013-09-30": -0.683, "2013-06-30": -1.771, "2013-03-31": "-1.48800", "2012-12-31": -5.525, "2012-09-30": -0.617, "2012-06-30": -1.346, "2012-03-31": "-3.68800", "2011-12-31": -3.258, "2011-09-30": -0.458, "2011-06-30": -0.985, "2011-03-31": "659.53200", "2010-12-31": -3.897, "2010-09-30": -2.425, "2010-06-30": -0.872, "2010-03-31": "-0.11000", "2009-12-31": -3.478, "2009-09-30": -0.223, "2009-06-30": -0.291, "2009-03-31": "-0.06200", "2008-12-31": -2.123, "2008-09-30": -0.167, "2008-06-30": -3.131, "2008-03-31": "0.11500", "2007-12-31": -3.198, "2007-09-30": -0.735, "2007-06-30": -0.024, "2007-03-31": "-0.47400", "2006-12-31": 0.029, "2006-09-30": 0, "2006-06-30": 0, "2006-03-31": ""}, "Total Common And Preferred Stock Dividends Paid": {"2020-09-30": 0, "2020-06-30": 0, "2020-03-31": "-18.46000", "2019-12-31": -18.38, "2019-09-30": 0, "2019-06-30": 0, "2019-03-31": "", "2018-12-31": 0, "2018-09-30": 0, "2018-06-30": 0, "2018-03-31": "", "2017-12-31": 0, "2017-09-30": 0, "2017-06-30": 0, "2017-03-31": "", "2016-12-31": 0, "2016-09-30": 0, "2016-06-30": 0, "2016-03-31": "", "2015-12-31": 0, "2015-09-30": 0, "2015-06-30": 0, "2015-03-31": "", "2014-12-31": 0, "2014-09-30": 0, "2014-06-30": 0, "2014-03-31": "", "2013-12-31": 0, "2013-09-30": 0, "2013-06-30": 0, "2013-03-31": "", "2012-12-31": 0, "2012-09-30": 0, "2012-06-30": 0, "2012-03-31": "", "2011-12-31": 0, "2011-09-30": 0, "2011-06-30": 0, "2011-03-31": "", "2010-12-31": 0.001, "2010-09-30": 0, "2010-06-30": -0.003, "2010-03-31": "", "2009-12-31": -0.033, "2009-09-30": -0.001, "2009-06-30": -0.005, "2009-03-31": "-0.00200", "2008-12-31": -0.198, "2008-09-30": -0.003, "2008-06-30": -0.005, "2008-03-31": "-0.00100", "2007-12-31": -0.201, "2007-09-30": -0.002, "2007-06-30": -33.113, "2007-03-31": "-18.72000", "2006-12-31": -0.298, "2006-09-30": -27.444, "2006-06-30": -59.631, "2006-03-31": ""}, "Financial Activities - Other": {"2020-09-30": -0.779, "2020-06-30": 0.273, "2020-03-31": "16.04200", "2019-12-31": 0.972, "2019-09-30": 25.45, "2019-06-30": 34.183, "2019-03-31": "34.36800", "2018-12-31": 262.486, "2018-09-30": -0.019, "2018-06-30": -5.212, "2018-03-31": "-0.31200", "2017-12-31": -1.999, "2017-09-30": 0, "2017-06-30": 0, "2017-03-31": "", "2016-12-31": -0.368, "2016-09-30": -9.46, "2016-06-30": 0, "2016-03-31": "-0.04000", "2015-12-31": -2.487, "2015-09-30": 13.177, "2015-06-30": -0.011, "2015-03-31": "-2.09900", "2014-12-31": -0.027, "2014-09-30": -0.125, "2014-06-30": -7.874, "2014-03-31": "", "2013-12-31": -0.002, "2013-09-30": -0.032, "2013-06-30": -2.063, "2013-03-31": "-0.16800", "2012-12-31": 15.362, "2012-09-30": -3.034, "2012-06-30": -0.24, "2012-03-31": "-3.84300", "2011-12-31": 0.001, "2011-09-30": 0, "2011-06-30": -0.085, "2011-03-31": "-0.32000", "2010-12-31": 4.971, "2010-09-30": -1.056, "2010-06-30": -7.644, "2010-03-31": "-0.23200", "2009-12-31": 2.67, "2009-09-30": -7.708, "2009-06-30": -0.898, "2009-03-31": "-1.22000", "2008-12-31": -5.065, "2008-09-30": 0.138, "2008-06-30": 3.002, "2008-03-31": "0.20800", "2007-12-31": 1.585, "2007-09-30": 0, "2007-06-30": 124.45, "2007-03-31": "", "2006-12-31": -0.02, "2006-09-30": -0.191, "2006-06-30": -0.896, "2006-03-31": ""}, "Cash Flow From Financial Activities": {"2020-09-30": -113.693, "2020-06-30": -178.463, "2020-03-31": "521.09200", "2019-12-31": -281.65, "2019-09-30": -282.002, "2019-06-30": -36.626, "2019-03-31": "13.17000", "2018-12-31": 71.319, "2018-09-30": -217.976, "2018-06-30": -6.553, "2018-03-31": "-203.72400", "2017-12-31": -263.395, "2017-09-30": 57.08, "2017-06-30": 43.666, "2017-03-31": "-80.38500", "2016-12-31": -282.132, "2016-09-30": -330.802, "2016-06-30": -56.181, "2016-03-31": "81.34200", "2015-12-31": 3.492, "2015-09-30": 132.031, "2015-06-30": 267.283, "2015-03-31": "784.38300", "2014-12-31": 155.498, "2014-09-30": -321.098, "2014-06-30": 1041.444, "2014-03-31": "351.87100", "2013-12-31": 263.756, "2013-09-30": -1.203, "2013-06-30": 440.057, "2013-03-31": "437.85900", "2012-12-31": 604.359, "2012-09-30": 670.876, "2012-06-30": 358.945, "2012-03-31": "619.31000", "2011-12-31": 354.743, "2011-09-30": -0.458, "2011-06-30": -1.07, "2011-03-31": "629.21200", "2010-12-31": 31.075, "2010-09-30": 275.519, "2010-06-30": 101.691, "2010-03-31": "-28.34200", "2009-12-31": -23.663, "2009-09-30": -53.63, "2009-06-30": 46.806, "2009-03-31": "166.31600", "2008-12-31": 139.614, "2008-09-30": 9.368, "2008-06-30": 8.366, "2008-03-31": "46.82200", "2007-12-31": 6.686, "2007-09-30": 18.263, "2007-06-30": 4.313, "2007-03-31": "65.30600", "2006-12-31": -20.289, "2006-09-30": -43.135, "2006-06-30": -16.527, "2006-03-31": "-11.50000"}, "Net Cash Flow": {"2020-09-30": 14.581, "2020-06-30": -510.915, "2020-03-31": "478.17100", "2019-12-31": 4.14, "2019-09-30": -171.222, "2019-06-30": -57.889, "2019-03-31": "-18.37800", "2018-12-31": 269.853, "2018-09-30": -117.093, "2018-06-30": 31.844, "2018-03-31": "54.24300", "2017-12-31": 33.137, "2017-09-30": -6.425, "2017-06-30": 0.002, "2017-03-31": "0.54500", "2016-12-31": -2.853, "2016-09-30": 2.936, "2016-06-30": 3.633, "2016-03-31": "1.46400", "2015-12-31": -5.492, "2015-09-30": -8.503, "2015-06-30": -22.187, "2015-03-31": "23.26400", "2014-12-31": -127.909, "2014-09-30": -624.673, "2014-06-30": 725.428, "2014-03-31": "23.05300", "2013-12-31": -63.025, "2013-09-30": -128.906, "2013-06-30": 161.867, "2013-03-31": "22.81700", "2012-12-31": -223.716, "2012-09-30": 230.308, "2012-06-30": -13.546, "2012-03-31": "-10.86100", "2011-12-31": 11.269, "2011-09-30": -219.133, "2011-06-30": -216.032, "2011-03-31": "469.52400", "2010-12-31": -141.561, "2010-09-30": 134.245, "2010-06-30": 0.574, "2010-03-31": "0.43600", "2009-12-31": 8.927, "2009-09-30": 0.224, "2009-06-30": -0.244, "2009-03-31": "0.08600", "2008-12-31": 2.096, "2008-09-30": -10.057, "2008-06-30": 9.527, "2008-03-31": "-5.09800", "2007-12-31": 3.278, "2007-09-30": -0.91, "2007-06-30": -1.687, "2007-03-31": "1.06200", "2006-12-31": 2.562, "2006-09-30": -14.228, "2006-06-30": 8.03, "2006-03-31": "4.64000"}, "Stock-Based Compensation": {"2020-09-30": 16.331, "2020-06-30": 15.314, "2020-03-31": "16.44100", "2019-12-31": 14.891, "2019-09-30": 12.87, "2019-06-30": 12.176, "2019-03-31": "12.10700", "2018-12-31": 14.027, "2018-09-30": 11.731, "2018-06-30": 10.562, "2018-03-31": "10.91600", "2017-12-31": 13.378, "2017-09-30": 11.919, "2017-06-30": 9.133, "2017-03-31": "11.43800", "2016-12-31": 13.824, "2016-09-30": 13.228, "2016-06-30": 11.84, "2016-03-31": "9.20600", "2015-12-31": 11.544, "2015-09-30": 12.861, "2015-06-30": 16.166, "2015-03-31": "11.26300", "2014-12-31": 14.934, "2014-09-30": 13.402, "2014-06-30": 14.978, "2014-03-31": "11.03900", "2013-12-31": 10.43, "2013-09-30": 10.462, "2013-06-30": 9.756, "2013-03-31": "9.24200", "2012-12-31": 8.253, "2012-09-30": 7.499, "2012-06-30": 7.79, "2012-03-31": "5.51500", "2011-12-31": 4.83, "2011-09-30": 4.245, "2011-06-30": 3.855, "2011-03-31": "3.64200", "2010-12-31": 3.095, "2010-09-30": 2.626, "2010-06-30": 3.118, "2010-03-31": "2.85200", "2009-12-31": 2.814, "2009-09-30": 3.172, "2009-06-30": 2.705, "2009-03-31": "2.71700", "2008-12-31": 2.602, "2008-09-30": 2.584, "2008-06-30": 2.527, "2008-03-31": "1.36800", "2007-12-31": 0.694, "2007-09-30": 1.164, "2007-06-30": 3.087, "2007-03-31": "7.84600", "2006-12-31": 1.199, "2006-09-30": -2.217, "2006-06-30": 3.892, "2006-03-31": "8.05800"}, "Common Stock Dividends Paid": {"2020-09-30": 0, "2020-06-30": 0, "2020-03-31": "-18.46000", "2019-12-31": -18.38, "2019-09-30": 0, "2019-06-30": 0, "2019-03-31": "", "2018-12-31": 0, "2018-09-30": 0, "2018-06-30": 0, "2018-03-31": "", "2017-12-31": 0, "2017-09-30": 0, "2017-06-30": 0, "2017-03-31": "", "2016-12-31": 0, "2016-09-30": 0, "2016-06-30": 0, "2016-03-31": "", "2015-12-31": 0, "2015-09-30": 0, "2015-06-30": 0, "2015-03-31": "", "2014-12-31": 0, "2014-09-30": 0, "2014-06-30": 0, "2014-03-31": "", "2013-12-31": 0, "2013-09-30": 0, "2013-06-30": 0, "2013-03-31": "", "2012-12-31": 0, "2012-09-30": 0, "2012-06-30": 0, "2012-03-31": "", "2011-12-31": 0, "2011-09-30": 0, "2011-06-30": 0, "2011-03-31": "", "2010-12-31": 0.001, "2010-09-30": 0, "2010-06-30": -0.003, "2010-03-31": "", "2009-12-31": -0.033, "2009-09-30": -0.001, "2009-06-30": -0.005, "2009-03-31": "-0.00200", "2008-12-31": -0.198, "2008-09-30": -0.003, "2008-06-30": -0.005, "2008-03-31": "-0.00100", "2007-12-31": -0.201, "2007-09-30": -0.002, "2007-06-30": -33.113, "2007-03-31": "-18.72000", "2006-12-31": -0.298, "2006-09-30": -27.444, "2006-06-30": -59.631, "2006-03-31": ""}}, "financial ratios": {"Current Ratio": {"2019-12-31": "0.90340", "2018-12-31": "1.01790", "2017-12-31": "0.94100", "2016-12-31": "0.97950", "2015-12-31": "0.89090", "2014-12-31": "0.76920", "2013-12-31": "0.77880", "2012-12-31": "0.84090", "2011-12-31": "0.84220", "2010-12-31": "0.82930", "2009-12-31": "1.07430", "2008-12-31": "0.68810", "2007-12-31": "0.77250", "2006-12-31": "0.55650", "2005-12-31": ""}, "Long-term Debt / Capital": {"2019-12-31": "0.42820", "2018-12-31": "0.47310", "2017-12-31": "0.55310", "2016-12-31": "0.60460", "2015-12-31": "0.60380", "2014-12-31": "0.54400", "2013-12-31": "0.54390", "2012-12-31": "0.52790", "2011-12-31": "0.35210", "2010-12-31": "0.43390", "2009-12-31": "0.33690", "2008-12-31": "0.28410", "2007-12-31": "0.20940", "2006-12-31": "0.22210", "2005-12-31": ""}, "Debt/Equity Ratio": {"2019-12-31": "0.74930", "2018-12-31": "0.89820", "2017-12-31": "1.23820", "2016-12-31": "1.52950", "2015-12-31": "1.52450", "2014-12-31": "1.19350", "2013-12-31": "1.19290", "2012-12-31": "1.11890", "2011-12-31": "0.54340", "2010-12-31": "0.76650", "2009-12-31": "0.50810", "2008-12-31": "0.39680", "2007-12-31": "0.26480", "2006-12-31": "0.28540", "2005-12-31": ""}, "Gross Margin": {"2019-12-31": "100.00000", "2018-12-31": "100.00000", "2017-12-31": "100.00000", "2016-12-31": "100.00000", "2015-12-31": "100.00000", "2014-12-31": "100.00000", "2013-12-31": "100.00000", "2012-12-31": "100.00000", "2011-12-31": "100.00000", "2010-12-31": "100.00000", "2009-12-31": "100.00000", "2008-12-31": "100.00000", "2007-12-31": "100.00000", "2006-12-31": "100.00000", "2005-12-31": "100.00000"}, "Operating Margin": {"2019-12-31": "27.14650", "2018-12-31": "33.83990", "2017-12-31": "14.40010", "2016-12-31": "-14.51990", "2015-12-31": "-8.35770", "2014-12-31": "38.90010", "2013-12-31": "42.25160", "2012-12-31": "50.84610", "2011-12-31": "46.11210", "2010-12-31": "36.98410", "2009-12-31": "21.12520", "2008-12-31": "55.10970", "2007-12-31": "52.89580", "2006-12-31": "54.27950", "2005-12-31": "55.56650"}, "EBIT Margin": {"2019-12-31": "27.14650", "2018-12-31": "33.83990", "2017-12-31": "14.40010", "2016-12-31": "-14.51990", "2015-12-31": "-8.35770", "2014-12-31": "38.90010", "2013-12-31": "42.25160", "2012-12-31": "50.84610", "2011-12-31": "46.11210", "2010-12-31": "36.98410", "2009-12-31": "21.12520", "2008-12-31": "55.10970", "2007-12-31": "52.89580", "2006-12-31": "54.27950", "2005-12-31": "55.56650"}, "EBITDA Margin": {"2019-12-31": "70.75030", "2018-12-31": "73.31510", "2017-12-31": "67.93840", "2016-12-31": "71.80990", "2015-12-31": "56.80440", "2014-12-31": "67.39700", "2013-12-31": "70.46580", "2012-12-31": "78.16860", "2011-12-31": "69.86320", "2010-12-31": "65.91490", "2009-12-31": "54.48210", "2008-12-31": "70.57810", "2007-12-31": "69.31650", "2006-12-31": "67.83060", "2005-12-31": "69.26240"}, "Pre-Tax Profit Margin": {"2019-12-31": "21.31200", "2018-12-31": "27.53540", "2017-12-31": "5.00080", "2016-12-31": "-31.93770", "2015-12-31": "-19.96460", "2014-12-31": "32.53150", "2013-12-31": "35.45050", "2012-12-31": "45.43390", "2011-12-31": "41.66870", "2010-12-31": "30.80420", "2009-12-31": "17.56720", "2008-12-31": "53.98600", "2007-12-31": "50.97380", "2006-12-31": "52.30120", "2005-12-31": "52.01300"}, "Net Profit Margin": {"2019-12-31": "16.74550", "2018-12-31": "20.98520", "2017-12-31": "25.29610", "2016-12-31": "-20.18300", "2015-12-31": "-13.19580", "2014-12-31": "20.35440", "2013-12-31": "22.33380", "2012-12-31": "29.08000", "2011-12-31": "26.00770", "2010-12-31": "20.05270", "2009-12-31": "11.39200", "2008-12-31": "33.41520", "2007-12-31": "4.90880", "2006-12-31": "52.32850", "2005-12-31": "51.70990"}, "Asset Turnover": {"2019-12-31": "0.29450", "2018-12-31": "0.30790", "2017-12-31": "0.21980", "2016-12-31": "0.14340", "2015-12-31": "0.17960", "2014-12-31": "0.31850", "2013-12-31": "0.28660", "2012-12-31": "0.27820", "2011-12-31": "0.29220", "2010-12-31": "0.23360", "2009-12-31": "0.27050", "2008-12-31": "0.43350", "2007-12-31": "0.42650", "2006-12-31": "0.56310", "2005-12-31": ""}, "Inventory Turnover Ratio": {"2019-12-31": "", "2018-12-31": "", "2017-12-31": "", "2016-12-31": "", "2015-12-31": "", "2014-12-31": "", "2013-12-31": "", "2012-12-31": "", "2011-12-31": "", "2010-12-31": "", "2009-12-31": "", "2008-12-31": "", "2007-12-31": "", "2006-12-31": "", "2005-12-31": ""}, "Receiveable Turnover": {"2019-12-31": "4.44740", "2018-12-31": "4.65180", "2017-12-31": "2.84150", "2016-12-31": "2.57280", "2015-12-31": "4.38630", "2014-12-31": "4.23680", "2013-12-31": "3.40080", "2012-12-31": "3.03710", "2011-12-31": "2.12180", "2010-12-31": "1.73780", "2009-12-31": "3.41520", "2008-12-31": "4.19280", "2007-12-31": "3.56990", "2006-12-31": "5.42900", "2005-12-31": ""}, "Days Sales In Receivables": {"2019-12-31": "82.06980", "2018-12-31": "78.46370", "2017-12-31": "128.45450", "2016-12-31": "141.86940", "2015-12-31": "83.21440", "2014-12-31": "86.14990", "2013-12-31": "107.32840", "2012-12-31": "120.17970", "2011-12-31": "172.02330", "2010-12-31": "210.03840", "2009-12-31": "106.87400", "2008-12-31": "87.05330", "2007-12-31": "102.24380", "2006-12-31": "67.23100", "2005-12-31": ""}, "ROE - Return On Equity": {"2019-12-31": "10.89530", "2018-12-31": "15.41140", "2017-12-31": "15.38520", "2016-12-31": "-9.29050", "2015-12-31": "-7.57500", "2014-12-31": "19.67330", "2013-12-31": "19.33210", "2012-12-31": "23.37090", "2011-12-31": "18.58960", "2010-12-31": "13.92660", "2009-12-31": "6.92410", "2008-12-31": "33.83020", "2007-12-31": "4.58650", "2006-12-31": "51.60210", "2005-12-31": ""}, "Return On Tangible Equity": {"2019-12-31": "10.89530", "2018-12-31": "15.41140", "2017-12-31": "15.38520", "2016-12-31": "-9.29050", "2015-12-31": "-7.57500", "2014-12-31": "19.67330", "2013-12-31": "19.33210", "2012-12-31": "23.37090", "2011-12-31": "18.58960", "2010-12-31": "13.92660", "2009-12-31": "6.92410", "2008-12-31": "33.83020", "2007-12-31": "4.58650", "2006-12-31": "51.60210", "2005-12-31": ""}, "ROA - Return On Assets": {"2019-12-31": "4.92420", "2018-12-31": "6.46950", "2017-12-31": "5.55960", "2016-12-31": "-2.89380", "2015-12-31": "-2.37050", "2014-12-31": "6.48270", "2013-12-31": "6.39990", "2012-12-31": "8.08950", "2011-12-31": "7.59950", "2010-12-31": "4.68440", "2009-12-31": "3.08170", "2008-12-31": "14.48410", "2007-12-31": "2.09350", "2006-12-31": "29.46550", "2005-12-31": ""}, "ROI - Return On Investment": {"2019-12-31": "6.22950", "2018-12-31": "8.12040", "2017-12-31": "6.87520", "2016-12-31": "-3.67360", "2015-12-31": "-3.00110", "2014-12-31": "8.97080", "2013-12-31": "8.81760", "2012-12-31": "11.03320", "2011-12-31": "12.04440", "2010-12-31": "7.88400", "2009-12-31": "4.59120", "2008-12-31": "24.22070", "2007-12-31": "3.62630", "2006-12-31": "40.14330", "2005-12-31": ""}, "Book Value Per Share": {"2019-12-31": "19.15620", "2018-12-31": "17.07840", "2017-12-31": "13.67520", "2016-12-31": "11.48760", "2015-12-31": "12.51850", "2014-12-31": "13.35420", "2013-12-31": "10.64620", "2012-12-31": "8.52270", "2011-12-31": "6.38060", "2010-12-31": "3.54490", "2009-12-31": "3.03150", "2008-12-31": "2.79760", "2007-12-31": "1.84510", "2006-12-31": "1.54130", "2005-12-31": ""}, "Operating Cash Flow Per Share": {"2019-12-31": -0.8566, "2018-12-31": 3.6574, "2017-12-31": 2.5227, "2016-12-31": -1.9855, "2015-12-31": -4.0256, "2014-12-31": 2.1175, "2013-12-31": 2.446, "2012-12-31": 1.4916, "2011-12-31": 1.0723, "2010-12-31": 0.8235, "2009-12-31": -1.0249, "2008-12-31": 0.9442, "2007-12-31": -0.1252, "2006-12-31": 0.4734, "2005-12-31": 0.8326}, "Free Cash Flow Per Share": {"2019-12-31": -0.775, "2018-12-31": 3.2766, "2017-12-31": 1.1749, "2016-12-31": -0.299, "2015-12-31": -4.081, "2014-12-31": 2.2994, "2013-12-31": 3.4367, "2012-12-31": 0.587, "2011-12-31": 0.8736, "2010-12-31": 0.8071, "2009-12-31": -0.7775, "2008-12-31": 0.7076, "2007-12-31": -0.107, "2006-12-31": 0.416, "2005-12-31": 0.8541}}, "financial ratios, quarterly": {"Current Ratio": {"2020-09-30": "0.93540", "2020-06-30": "0.70210", "2020-03-31": "1.19680", "2019-12-31": "0.90340", "2019-09-30": "0.89350", "2019-06-30": "1.03310", "2019-03-31": "1.02670", "2018-12-31": "1.01790", "2018-09-30": "0.91860", "2018-06-30": "0.97090", "2018-03-31": "0.92800", "2017-12-31": "0.94100", "2017-09-30": "0.93940", "2017-06-30": "0.85300", "2017-03-31": "0.92460", "2016-12-31": "0.97950", "2016-09-30": "0.93580", "2016-06-30": "0.97450", "2016-03-31": "0.87850", "2015-12-31": "0.89090", "2015-09-30": "0.85820", "2015-06-30": "0.91240", "2015-03-31": "0.75010", "2014-12-31": "0.76920", "2014-09-30": "0.88600", "2014-06-30": "0.99710", "2014-03-31": "0.79200", "2013-12-31": "0.77880", "2013-09-30": "0.82640", "2013-06-30": "1.02880", "2013-03-31": "0.88790", "2012-12-31": "0.84090", "2012-09-30": "1.08820", "2012-06-30": "0.86010", "2012-03-31": "0.83790", "2011-12-31": "0.84220", "2011-09-30": "1.03080", "2011-06-30": "1.15480", "2011-03-31": "1.26950", "2010-12-31": "0.82930", "2010-09-30": "1.13410", "2010-06-30": "0.91560", "2010-03-31": "0.92130", "2009-12-31": "1.07430", "2009-09-30": "1.13010", "2009-06-30": "1.11010", "2009-03-31": "0.81860", "2008-12-31": "0.68810", "2008-09-30": "0.72630", "2008-06-30": "0.91670", "2008-03-31": "0.85370", "2007-12-31": "0.77250", "2007-09-30": "0.76120", "2007-06-30": "0.71530", "2007-03-31": "0.65060", "2006-12-31": "0.55650", "2006-09-30": "", "2006-06-30": "", "2006-03-31": ""}, "Long-term Debt / Capital": {"2020-09-30": "0.46390", "2020-06-30": "0.46630", "2020-03-31": "0.46740", "2019-12-31": "0.42820", "2019-09-30": "0.44610", "2019-06-30": "0.45780", "2019-03-31": "0.46490", "2018-12-31": "0.47310", "2018-09-30": "0.50070", "2018-06-30": "0.52340", "2018-03-31": "0.53480", "2017-12-31": "0.55310", "2017-09-30": "0.60720", "2017-06-30": "0.60640", "2017-03-31": "0.60160", "2016-12-31": "0.60460", "2016-09-30": "0.61580", "2016-06-30": "0.62080", "2016-03-31": "0.61680", "2015-12-31": "0.60380", "2015-09-30": "0.59700", "2015-06-30": "0.59000", "2015-03-31": "0.58360", "2014-12-31": "0.54400", "2014-09-30": "0.54610", "2014-06-30": "0.57540", "2014-03-31": "0.54750", "2013-12-31": "0.54390", "2013-09-30": "0.53750", "2013-06-30": "0.54930", "2013-03-31": "0.54560", "2012-12-31": "0.52790", "2012-09-30": "0.50160", "2012-06-30": "0.44660", "2012-03-31": "0.44290", "2011-12-31": "0.35210", "2011-09-30": "0.27040", "2011-06-30": "0.31200", "2011-03-31": "0.34070", "2010-12-31": "0.43390", "2010-09-30": "0.41770", "2010-06-30": "0.33520", "2010-03-31": "0.30950", "2009-12-31": "0.33690", "2009-09-30": "0.35830", "2009-06-30": "0.38630", "2009-03-31": "0.37040", "2008-12-31": "0.28410", "2008-09-30": "0.19430", "2008-06-30": "0.20690", "2008-03-31": "0.22860", "2007-12-31": "0.20940", "2007-09-30": "0.21780", "2007-06-30": "0.21410", "2007-03-31": "0.31310", "2006-12-31": "0.22210", "2006-09-30": "", "2006-06-30": "", "2006-03-31": ""}, "Debt/Equity Ratio": {"2020-09-30": "0.86580", "2020-06-30": "0.87390", "2020-03-31": "0.87790", "2019-12-31": "0.74930", "2019-09-30": "0.80570", "2019-06-30": "0.84480", "2019-03-31": "0.86910", "2018-12-31": "0.89820", "2018-09-30": "1.00320", "2018-06-30": "1.09850", "2018-03-31": "1.15010", "2017-12-31": "1.23820", "2017-09-30": "1.54660", "2017-06-30": "1.54100", "2017-03-31": "1.51080", "2016-12-31": "1.52950", "2016-09-30": "1.60360", "2016-06-30": "1.63760", "2016-03-31": "1.61010", "2015-12-31": "1.52450", "2015-09-30": "1.48190", "2015-06-30": "1.43950", "2015-03-31": "1.40200", "2014-12-31": "1.19350", "2014-09-30": "1.20330", "2014-06-30": "1.42490", "2014-03-31": "1.21060", "2013-12-31": "1.19290", "2013-09-30": "1.16260", "2013-06-30": "1.21940", "2013-03-31": "1.20130", "2012-12-31": "1.11890", "2012-09-30": "1.00690", "2012-06-30": "0.80780", "2012-03-31": "0.79610", "2011-12-31": "0.54340", "2011-09-30": "0.37060", "2011-06-30": "0.45360", "2011-03-31": "0.51690", "2010-12-31": "0.76650", "2010-09-30": "0.71750", "2010-06-30": "0.50420", "2010-03-31": "0.44830", "2009-12-31": "0.50810", "2009-09-30": "0.55830", "2009-06-30": "0.62930", "2009-03-31": "0.58830", "2008-12-31": "0.39680", "2008-09-30": "0.24120", "2008-06-30": "0.26090", "2008-03-31": "0.29640", "2007-12-31": "0.26480", "2007-09-30": "0.27850", "2007-06-30": "0.27230", "2007-03-31": "0.45580", "2006-12-31": "0.28540", "2006-09-30": "", "2006-06-30": "", "2006-03-31": ""}, "Gross Margin": {"2020-09-30": "100.00000", "2020-06-30": "100.00000", "2020-03-31": "100.00000", "2019-12-31": "100.00000", "2019-09-30": "100.00000", "2019-06-30": "100.00000", "2019-03-31": "100.00000", "2018-12-31": "100.00000", "2018-09-30": "100.00000", "2018-06-30": "100.00000", "2018-03-31": "100.00000", "2017-12-31": "100.00000", "2017-09-30": "100.00000", "2017-06-30": "100.00000", "2017-03-31": "100.00000", "2016-12-31": "100.00000", "2016-09-30": "100.00000", "2016-06-30": "100.00000", "2016-03-31": "100.00000", "2015-12-31": "100.00000", "2015-09-30": "100.00000", "2015-06-30": "100.00000", "2015-03-31": "100.00000", "2014-12-31": "100.00000", "2014-09-30": "100.00000", "2014-06-30": "100.00000", "2014-03-31": "100.00000", "2013-12-31": "100.00000", "2013-09-30": "100.00000", "2013-06-30": "100.00000", "2013-03-31": "100.00000", "2012-12-31": "102.65050", "2012-09-30": "98.42350", "2012-06-30": "100.00000", "2012-03-31": "97.50900", "2011-12-31": "110.20790", "2011-09-30": "99.36040", "2011-06-30": "100.00000", "2011-03-31": "115.05390", "2010-12-31": "114.20680", "2010-09-30": "97.75120", "2010-06-30": "98.53880", "2010-03-31": "98.40660", "2009-12-31": "100.00000", "2009-09-30": "100.00000", "2009-06-30": "100.00000", "2009-03-31": "100.00000", "2008-12-31": "100.00000", "2008-09-30": "100.00000", "2008-06-30": "100.00000", "2008-03-31": "100.00000", "2007-12-31": "100.00000", "2007-09-30": "100.00000", "2007-06-30": "100.00000", "2007-03-31": "100.00000", "2006-12-31": "100.00000", "2006-09-30": "100.00000", "2006-06-30": "100.00000", "2006-03-31": "100.00000"}, "Operating Margin": {"2020-09-30": "-4.60660", "2020-06-30": "-168.95010", "2020-03-31": "-21.97860", "2019-12-31": "24.58940", "2019-09-30": "25.24220", "2019-06-30": "31.43430", "2019-03-31": "27.12650", "2018-12-31": "28.74930", "2018-09-30": "38.31910", "2018-06-30": "34.40960", "2018-03-31": "33.36660", "2017-12-31": "29.55270", "2017-09-30": "12.62520", "2017-06-30": "-4.39030", "2017-03-31": "11.26610", "2016-12-31": "28.25210", "2016-09-30": "-17.70870", "2016-06-30": "-24.50010", "2016-03-31": "-52.76180", "2015-12-31": "-24.81680", "2015-09-30": "-7.66930", "2015-06-30": "10.35280", "2015-03-31": "-17.78580", "2014-12-31": "20.43830", "2014-09-30": "57.42910", "2014-06-30": "26.67820", "2014-03-31": "43.32330", "2013-12-31": "33.74000", "2013-09-30": "40.25630", "2013-06-30": "52.50160", "2013-03-31": "38.44710", "2012-12-31": "55.41700", "2012-09-30": "21.81430", "2012-06-30": "68.32500", "2012-03-31": "34.31820", "2011-12-31": "-147.46250", "2011-09-30": "75.09040", "2011-06-30": "67.06140", "2011-03-31": "560.32310", "2010-12-31": "-73.19730", "2010-09-30": "34.79430", "2010-06-30": "62.97970", "2010-03-31": "50.15910", "2009-12-31": "41.05850", "2009-09-30": "34.83230", "2009-06-30": "17.25150", "2009-03-31": "-39.78140", "2008-12-31": "8.27860", "2008-09-30": "58.29490", "2008-06-30": "67.63550", "2008-03-31": "62.24130", "2007-12-31": "55.53860", "2007-09-30": "56.36720", "2007-06-30": "51.01220", "2007-03-31": "47.19340", "2006-12-31": "44.78770", "2006-09-30": "64.20180", "2006-06-30": "54.83890", "2006-03-31": "50.55460"}, "EBIT Margin": {"2020-09-30": "-4.60660", "2020-06-30": "-168.95010", "2020-03-31": "-21.97860", "2019-12-31": "24.58940", "2019-09-30": "25.24220", "2019-06-30": "31.43430", "2019-03-31": "27.12650", "2018-12-31": "28.74930", "2018-09-30": "38.31910", "2018-06-30": "34.40960", "2018-03-31": "33.36660", "2017-12-31": "29.55270", "2017-09-30": "12.62520", "2017-06-30": "-4.39030", "2017-03-31": "11.26610", "2016-12-31": "28.25210", "2016-09-30": "-17.70870", "2016-06-30": "-24.50010", "2016-03-31": "-52.76180", "2015-12-31": "-24.81680", "2015-09-30": "-7.66930", "2015-06-30": "10.35280", "2015-03-31": "-17.78580", "2014-12-31": "20.43830", "2014-09-30": "57.42910", "2014-06-30": "26.67820", "2014-03-31": "43.32330", "2013-12-31": "33.74000", "2013-09-30": "40.25630", "2013-06-30": "52.50160", "2013-03-31": "38.44710", "2012-12-31": "55.41700", "2012-09-30": "21.81430", "2012-06-30": "68.32500", "2012-03-31": "34.31820", "2011-12-31": "-147.46250", "2011-09-30": "75.09040", "2011-06-30": "67.06140", "2011-03-31": "560.32310", "2010-12-31": "-73.19730", "2010-09-30": "34.79430", "2010-06-30": "62.97970", "2010-03-31": "50.15910", "2009-12-31": "41.05850", "2009-09-30": "34.83230", "2009-06-30": "17.25150", "2009-03-31": "-39.78140", "2008-12-31": "8.27860", "2008-09-30": "58.29490", "2008-06-30": "67.63550", "2008-03-31": "62.24130", "2007-12-31": "55.53860", "2007-09-30": "56.36720", "2007-06-30": "51.01220", "2007-03-31": "47.19340", "2006-12-31": "44.78770", "2006-09-30": "64.20180", "2006-06-30": "54.83890", "2006-03-31": "50.55460"}, "EBITDA Margin": {"2020-09-30": "", "2020-06-30": "", "2020-03-31": "", "2019-12-31": "", "2019-09-30": "", "2019-06-30": "", "2019-03-31": "", "2018-12-31": "", "2018-09-30": "", "2018-06-30": "", "2018-03-31": "", "2017-12-31": "", "2017-09-30": "", "2017-06-30": "", "2017-03-31": "", "2016-12-31": "", "2016-09-30": "", "2016-06-30": "", "2016-03-31": "", "2015-12-31": "", "2015-09-30": "", "2015-06-30": "", "2015-03-31": "", "2014-12-31": "", "2014-09-30": "", "2014-06-30": "", "2014-03-31": "", "2013-12-31": "", "2013-09-30": "", "2013-06-30": "", "2013-03-31": "", "2012-12-31": "", "2012-09-30": "", "2012-06-30": "", "2012-03-31": "", "2011-12-31": "", "2011-09-30": "", "2011-06-30": "", "2011-03-31": "", "2010-12-31": "", "2010-09-30": "", "2010-06-30": "", "2010-03-31": "", "2009-12-31": "", "2009-09-30": "", "2009-06-30": "", "2009-03-31": "", "2008-12-31": "", "2008-09-30": "", "2008-06-30": "", "2008-03-31": "", "2007-12-31": "", "2007-09-30": "", "2007-06-30": "", "2007-03-31": "", "2006-12-31": "", "2006-09-30": "", "2006-06-30": "", "2006-03-31": ""}, "Pre-Tax Profit Margin": {"2020-09-30": "-13.80120", "2020-06-30": "-178.91140", "2020-03-31": "-27.13660", "2019-12-31": "19.19540", "2019-09-30": "18.76200", "2019-06-30": "25.82780", "2019-03-31": "21.21290", "2018-12-31": "22.79560", "2018-09-30": "32.10500", "2018-06-30": "27.93880", "2018-03-31": "26.77250", "2017-12-31": "22.30740", "2017-09-30": "2.39300", "2017-06-30": "-15.33090", "2017-03-31": "0.94700", "2016-12-31": "9.85080", "2016-09-30": "-33.23780", "2016-06-30": "-42.55970", "2016-03-31": "-70.54070", "2015-12-31": "-38.65830", "2015-09-30": "-19.21390", "2015-06-30": "0.57070", "2015-03-31": "-29.72810", "2014-12-31": "14.77460", "2014-09-30": "51.47070", "2014-06-30": "18.54720", "2014-03-31": "36.92570", "2013-12-31": "25.98960", "2013-09-30": "32.62670", "2013-06-30": "46.94430", "2013-03-31": "31.76820", "2012-12-31": "48.63190", "2012-09-30": "13.85630", "2012-06-30": "65.24930", "2012-03-31": "28.37100", "2011-12-31": "-164.19510", "2011-09-30": "73.23420", "2011-06-30": "64.11510", "2011-03-31": "611.30910", "2010-12-31": "-95.08420", "2010-09-30": "29.15520", "2010-06-30": "58.75600", "2010-03-31": "47.07610", "2009-12-31": "36.79670", "2009-09-30": "32.14790", "2009-06-30": "14.33770", "2009-03-31": "-44.37730", "2008-12-31": "6.25870", "2008-09-30": "57.50440", "2008-06-30": "66.77300", "2008-03-31": "60.87430", "2007-12-31": "53.93910", "2007-09-30": "54.80060", "2007-06-30": "49.05590", "2007-03-31": "44.42920", "2006-12-31": "42.78970", "2006-09-30": "62.36750", "2006-06-30": "52.80610", "2006-03-31": "48.46820"}, "Net Profit Margin": {"2020-09-30": "-11.47100", "2020-06-30": "-136.22190", "2020-03-31": "-21.07900", "2019-12-31": "16.22800", "2019-09-30": "14.32370", "2019-06-30": "19.57630", "2019-03-31": "16.63140", "2018-12-31": "17.20520", "2018-09-30": "24.50330", "2018-06-30": "21.32280", "2018-03-31": "20.50310", "2017-12-31": "80.39880", "2017-09-30": "1.46150", "2017-06-30": "-9.60820", "2017-03-31": "0.06840", "2016-12-31": "5.03380", "2016-09-30": "-20.83260", "2016-06-30": "-26.46260", "2016-03-31": "-43.76380", "2015-12-31": "-24.27140", "2015-09-30": "-12.07360", "2015-06-30": "0.05060", "2015-03-31": "-21.09360", "2014-12-31": "8.78850", "2014-09-30": "32.42640", "2014-06-30": "11.68480", "2014-03-31": "23.26330", "2013-12-31": "16.37340", "2013-09-30": "20.55480", "2013-06-30": "29.57490", "2013-03-31": "20.01400", "2012-12-31": "33.45950", "2012-09-30": "9.11580", "2012-06-30": "40.37790", "2012-03-31": "17.48770", "2011-12-31": "-98.20020", "2011-09-30": "45.31970", "2011-06-30": "39.67440", "2011-03-31": "378.90360", "2010-12-31": "-49.27610", "2010-09-30": "17.80680", "2010-06-30": "36.34020", "2010-03-31": "29.18820", "2009-12-31": "23.84630", "2009-09-30": "20.52180", "2009-06-30": "8.90080", "2009-03-31": "-27.54740", "2008-12-31": "0.30640", "2008-09-30": "35.84900", "2008-06-30": "41.95540", "2008-03-31": "38.64290", "2007-12-31": "38.29830", "2007-09-30": "35.95800", "2007-06-30": "-98.05400", "2007-03-31": "44.42920", "2006-12-31": "42.78970", "2006-09-30": "62.46120", "2006-06-30": "52.80610", "2006-03-31": "48.46820"}, "Asset Turnover": {"2020-09-30": "0.04700", "2020-06-30": "0.01190", "2020-03-31": "0.05590", "2019-12-31": "0.07600", "2019-09-30": "0.07000", "2019-06-30": "0.07630", "2019-03-31": "0.07190", "2018-12-31": "0.07510", "2018-09-30": "0.08530", "2018-06-30": "0.07680", "2018-03-31": "0.07940", "2017-12-31": "0.07370", "2017-09-30": "0.05190", "2017-06-30": "0.04770", "2017-03-31": "0.04960", "2016-12-31": "0.03980", "2016-09-30": "0.03800", "2016-06-30": "0.03140", "2016-03-31": "0.03100", "2015-12-31": "0.03860", "2015-09-30": "0.04490", "2015-06-30": "0.05170", "2015-03-31": "0.04050", "2014-12-31": "0.08610", "2014-09-30": "0.11180", "2014-06-30": "0.06160", "2014-03-31": "0.07620", "2013-12-31": "0.06790", "2013-09-30": "0.07140", "2013-06-30": "0.10030", "2013-03-31": "0.07070", "2012-12-31": "0.07210", "2012-09-30": "0.05880", "2012-06-30": "0.13850", "2012-03-31": "0.06050", "2011-12-31": "0.02020", "2011-09-30": "0.19000", "2011-06-30": "0.12960", "2011-03-31": "-0.00800", "2010-12-31": "0.02540", "2010-09-30": "0.06580", "2010-06-30": "0.09680", "2010-03-31": "0.09900", "2009-12-31": "0.08970", "2009-09-30": "0.07660", "2009-06-30": "0.06820", "2009-03-31": "0.04320", "2008-12-31": "0.06130", "2008-09-30": "0.13940", "2008-06-30": "0.16720", "2008-03-31": "0.14810", "2007-12-31": "0.11650", "2007-09-30": "0.12480", "2007-06-30": "0.13250", "2007-03-31": "0.12480", "2006-12-31": "0.13260", "2006-09-30": "", "2006-06-30": "", "2006-03-31": ""}, "Inventory Turnover Ratio": {"2020-09-30": "", "2020-06-30": "", "2020-03-31": "", "2019-12-31": "", "2019-09-30": "", "2019-06-30": "", "2019-03-31": "", "2018-12-31": "", "2018-09-30": "", "2018-06-30": "", "2018-03-31": "", "2017-12-31": "", "2017-09-30": "", "2017-06-30": "", "2017-03-31": "", "2016-12-31": "", "2016-09-30": "", "2016-06-30": "", "2016-03-31": "", "2015-12-31": "", "2015-09-30": "", "2015-06-30": "", "2015-03-31": "", "2014-12-31": "", "2014-09-30": "", "2014-06-30": "", "2014-03-31": "", "2013-12-31": "", "2013-09-30": "", "2013-06-30": "", "2013-03-31": "", "2012-12-31": "", "2012-09-30": "0.16120", "2012-06-30": "", "2012-03-31": "0.22800", "2011-12-31": "", "2011-09-30": "0.10050", "2011-06-30": "", "2011-03-31": "0.10430", "2010-12-31": "", "2010-09-30": "0.15890", "2010-06-30": "0.10430", "2010-03-31": "0.14610", "2009-12-31": "", "2009-09-30": "", "2009-06-30": "", "2009-03-31": "", "2008-12-31": "", "2008-09-30": "", "2008-06-30": "", "2008-03-31": "", "2007-12-31": "", "2007-09-30": "", "2007-06-30": "", "2007-03-31": "", "2006-12-31": "", "2006-09-30": "", "2006-06-30": "", "2006-03-31": ""}, "Receiveable Turnover": {"2020-09-30": "1.15570", "2020-06-30": "0.54070", "2020-03-31": "1.27280", "2019-12-31": "1.14750", "2019-09-30": "1.05570", "2019-06-30": "1.17420", "2019-03-31": "1.02730", "2018-12-31": "1.13520", "2018-09-30": "1.03620", "2018-06-30": "0.96580", "2018-03-31": "1.07640", "2017-12-31": "0.95340", "2017-09-30": "0.78690", "2017-06-30": "0.83900", "2017-03-31": "0.86640", "2016-12-31": "0.71420", "2016-09-30": "0.85680", "2016-06-30": "0.69810", "2016-03-31": "0.83210", "2015-12-31": "0.94180", "2015-09-30": "0.87000", "2015-06-30": "0.79920", "2015-03-31": "0.65020", "2014-12-31": "1.14510", "2014-09-30": "1.37810", "2014-06-30": "0.77170", "2014-03-31": "0.91950", "2013-12-31": "0.80620", "2013-09-30": "0.80030", "2013-06-30": "1.16320", "2013-03-31": "0.76750", "2012-12-31": "0.78720", "2012-09-30": "0.56730", "2012-06-30": "1.32170", "2012-03-31": "0.49540", "2011-12-31": "0.14680", "2011-09-30": "1.46710", "2011-06-30": "0.98430", "2011-03-31": "-0.06460", "2010-12-31": "0.18930", "2010-09-30": "0.58310", "2010-06-30": "0.91520", "2010-03-31": "1.01580", "2009-12-31": "1.13240", "2009-09-30": "1.07340", "2009-06-30": "0.85720", "2009-03-31": "0.55220", "2008-12-31": "0.59280", "2008-09-30": "0.97950", "2008-06-30": "1.10030", "2008-03-31": "1.16490", "2007-12-31": "0.97490", "2007-09-30": "1.08200", "2007-06-30": "1.22450", "2007-03-31": "1.18810", "2006-12-31": "1.27870", "2006-09-30": "", "2006-06-30": "", "2006-03-31": ""}, "Days Sales In Receivables": {"2020-09-30": "77.87630", "2020-06-30": "166.46250", "2020-03-31": "70.71120", "2019-12-31": "78.42960", "2019-09-30": "85.24940", "2019-06-30": "76.64600", "2019-03-31": "87.60940", "2018-12-31": "79.28110", "2018-09-30": "86.85540", "2018-06-30": "93.18570", "2018-03-31": "83.61170", "2017-12-31": "94.39540", "2017-09-30": "114.37460", "2017-06-30": "107.27080", "2017-03-31": "103.88220", "2016-12-31": "126.02200", "2016-09-30": "105.04010", "2016-06-30": "128.92570", "2016-03-31": "108.16010", "2015-12-31": "95.56080", "2015-09-30": "103.45180", "2015-06-30": "112.61560", "2015-03-31": "138.42640", "2014-12-31": "78.59910", "2014-09-30": "65.30530", "2014-06-30": "116.61870", "2014-03-31": "97.87950", "2013-12-31": "111.63010", "2013-09-30": "112.45720", "2013-06-30": "77.37140", "2013-03-31": "117.26610", "2012-12-31": "114.32620", "2012-09-30": "158.65320", "2012-06-30": "68.09350", "2012-03-31": "181.65420", "2011-12-31": "613.21330", "2011-09-30": "61.34420", "2011-06-30": "91.44010", "2011-03-31": "-1393.04600", "2010-12-31": "475.55150", "2010-09-30": "154.33820", "2010-06-30": "98.34360", "2010-03-31": "88.59850", "2009-12-31": "79.47590", "2009-09-30": "83.84350", "2009-06-30": "104.99500", "2009-03-31": "162.97310", "2008-12-31": "151.82410", "2008-09-30": "91.88670", "2008-06-30": "81.79320", "2008-03-31": "77.26050", "2007-12-31": "92.31860", "2007-09-30": "83.17990", "2007-06-30": "73.49880", "2007-03-31": "75.74840", "2006-12-31": "70.38480", "2006-09-30": "", "2006-06-30": "", "2006-03-31": ""}, "ROE - Return On Equity": {"2020-09-30": "-1.25430", "2020-06-30": "-3.68470", "2020-03-31": "-2.74790", "2019-12-31": "2.73070", "2019-09-30": "2.27680", "2019-06-30": "3.46200", "2019-03-31": "2.80930", "2018-12-31": "3.10070", "2018-09-30": "5.29010", "2018-06-30": "4.31930", "2018-03-31": "4.36370", "2017-12-31": "16.40770", "2017-09-30": "0.24830", "2017-06-30": "-1.49390", "2017-03-31": "0.01090", "2016-12-31": "0.64320", "2016-09-30": "-2.57280", "2016-06-30": "-2.73420", "2016-03-31": "-4.43170", "2015-12-31": "-2.99160", "2015-09-30": "-1.71770", "2015-06-30": "0.00830", "2015-03-31": "-2.72610", "2014-12-31": "2.29570", "2014-09-30": "11.00450", "2014-06-30": "2.40550", "2014-03-31": "5.40230", "2013-12-31": "3.36000", "2013-09-30": "4.38410", "2013-06-30": "8.87290", "2013-03-31": "4.24590", "2012-12-31": "6.97000", "2012-09-30": "1.50740", "2012-06-30": "14.53290", "2012-03-31": "2.90390", "2011-12-31": "-4.85520", "2011-09-30": "18.15680", "2011-06-30": "12.10690", "2011-03-31": "-7.91380", "2010-12-31": "-3.72700", "2010-09-30": "3.12930", "2010-06-30": "8.41200", "2010-03-31": "6.55500", "2009-12-31": "4.80590", "2009-09-30": "3.56950", "2009-06-30": "1.43600", "2009-03-31": "-2.87790", "2008-12-31": "0.04390", "2008-09-30": "11.06560", "2008-06-30": "15.09460", "2008-03-31": "12.32700", "2007-12-31": "9.77190", "2007-09-30": "10.03240", "2007-06-30": "-28.22480", "2007-03-31": "10.92550", "2006-12-31": "9.93820", "2006-09-30": "", "2006-06-30": "", "2006-03-31": ""}, "Return On Tangible Equity": {"2020-09-30": "-1.25430", "2020-06-30": "-3.68470", "2020-03-31": "-2.74790", "2019-12-31": "2.73070", "2019-09-30": "2.27680", "2019-06-30": "3.46200", "2019-03-31": "2.80930", "2018-12-31": "3.10070", "2018-09-30": "5.29010", "2018-06-30": "4.31930", "2018-03-31": "4.36370", "2017-12-31": "16.40770", "2017-09-30": "0.24830", "2017-06-30": "-1.49390", "2017-03-31": "0.01090", "2016-12-31": "0.64320", "2016-09-30": "-2.57280", "2016-06-30": "-2.73420", "2016-03-31": "-4.43170", "2015-12-31": "-2.99160", "2015-09-30": "-1.71770", "2015-06-30": "0.00830", "2015-03-31": "-2.72610", "2014-12-31": "2.29570", "2014-09-30": "11.00450", "2014-06-30": "2.40550", "2014-03-31": "5.40230", "2013-12-31": "3.36000", "2013-09-30": "4.38410", "2013-06-30": "8.87290", "2013-03-31": "4.24590", "2012-12-31": "6.97000", "2012-09-30": "1.50740", "2012-06-30": "14.53290", "2012-03-31": "2.90390", "2011-12-31": "-4.85520", "2011-09-30": "18.15680", "2011-06-30": "12.10690", "2011-03-31": "-7.91380", "2010-12-31": "-3.72700", "2010-09-30": "3.12930", "2010-06-30": "8.41200", "2010-03-31": "6.55500", "2009-12-31": "4.80590", "2009-09-30": "3.56950", "2009-06-30": "1.43600", "2009-03-31": "-2.87790", "2008-12-31": "0.04390", "2008-09-30": "11.06560", "2008-06-30": "15.09460", "2008-03-31": "12.32700", "2007-12-31": "9.77190", "2007-09-30": "10.03240", "2007-06-30": "-28.22470", "2007-03-31": "10.92550", "2006-12-31": "9.93820", "2006-09-30": "", "2006-06-30": "", "2006-03-31": ""}, "ROA - Return On Assets": {"2020-09-30": "-0.55390", "2020-06-30": "-1.63970", "2020-03-31": "-1.18540", "2019-12-31": "1.23420", "2019-09-30": "0.99820", "2019-06-30": "1.49370", "2019-03-31": "1.19290", "2018-12-31": "1.30160", "2018-09-30": "2.09010", "2018-06-30": "1.63840", "2018-03-31": "1.62720", "2017-12-31": "5.92910", "2017-09-30": "0.07590", "2017-06-30": "-0.45820", "2017-03-31": "0.00340", "2016-12-31": "0.20030", "2016-09-30": "-0.79060", "2016-06-30": "-0.83150", "2016-03-31": "-1.35530", "2015-12-31": "-0.93620", "2015-09-30": "-0.54200", "2015-06-30": "0.00260", "2015-03-31": "-0.85500", "2014-12-31": "0.75650", "2014-09-30": "3.62640", "2014-06-30": "0.72010", "2014-03-31": "1.77230", "2013-12-31": "1.11230", "2013-09-30": "1.46670", "2013-06-30": "2.96580", "2013-03-31": "1.41590", "2012-12-31": "2.41260", "2012-09-30": "0.53600", "2012-06-30": "5.59230", "2012-03-31": "1.05810", "2011-12-31": "-1.98480", "2011-09-30": "8.61140", "2011-06-30": "5.14130", "2011-03-31": "-3.03980", "2010-12-31": "-1.25360", "2010-09-30": "1.17190", "2010-06-30": "3.51850", "2010-03-31": "2.88950", "2009-12-31": "2.13890", "2009-09-30": "1.57120", "2009-06-30": "0.60730", "2009-03-31": "-1.19060", "2008-12-31": "0.01880", "2008-09-30": "4.99630", "2008-06-30": "7.01620", "2008-03-31": "5.72200", "2007-12-31": "4.46040", "2007-09-30": "4.48900", "2007-06-30": "-12.99290", "2007-03-31": "5.54620", "2006-12-31": "5.67490", "2006-09-30": "", "2006-06-30": "", "2006-03-31": ""}, "ROI - Return On Investment": {"2020-09-30": "-0.67240", "2020-06-30": "-1.96670", "2020-03-31": "-1.46360", "2019-12-31": "1.56130", "2019-09-30": "1.26110", "2019-06-30": "1.87700", "2019-03-31": "1.50340", "2018-12-31": "1.63380", "2018-09-30": "2.64140", "2018-06-30": "2.05870", "2018-03-31": "2.02990", "2017-12-31": "7.33210", "2017-09-30": "0.09750", "2017-06-30": "-0.58810", "2017-03-31": "0.00430", "2016-12-31": "0.25430", "2016-09-30": "-0.98840", "2016-06-30": "-1.03680", "2016-03-31": "-1.69820", "2015-12-31": "-1.18530", "2015-09-30": "-0.69220", "2015-06-30": "0.00340", "2015-03-31": "-1.13520", "2014-12-31": "1.04680", "2014-09-30": "4.99550", "2014-06-30": "1.02140", "2014-03-31": "2.44430", "2013-12-31": "1.53250", "2013-09-30": "2.02770", "2013-06-30": "3.99880", "2013-03-31": "1.92930", "2012-12-31": "3.29050", "2012-09-30": "0.75130", "2012-06-30": "8.04220", "2012-03-31": "1.61770", "2011-12-31": "-3.14570", "2011-09-30": "13.24780", "2011-06-30": "8.32900", "2011-03-31": "-5.21720", "2010-12-31": "-2.10990", "2010-09-30": "1.82210", "2010-06-30": "5.59230", "2010-03-31": "4.52610", "2009-12-31": "3.18660", "2009-09-30": "2.29060", "2009-06-30": "0.88130", "2009-03-31": "-1.81190", "2008-12-31": "0.03140", "2008-09-30": "8.91540", "2008-06-30": "11.97180", "2008-03-31": "9.50890", "2007-12-31": "7.72610", "2007-09-30": "7.84690", "2007-06-30": "-22.18320", "2007-03-31": "7.50490", "2006-12-31": "7.73130", "2006-09-30": "", "2006-06-30": "", "2006-03-31": ""}, "Book Value Per Share": {"2020-09-30": "17.81400", "2020-06-30": "17.99630", "2020-03-31": "18.61670", "2019-12-31": "19.15620", "2019-09-30": "18.60000", "2019-06-30": "18.21560", "2019-03-31": "17.61900", "2018-12-31": "17.07840", "2018-09-30": "15.79490", "2018-06-30": "14.92830", "2018-03-31": "14.25640", "2017-12-31": "13.67520", "2017-09-30": "11.39880", "2017-06-30": "11.33860", "2017-03-31": "11.48180", "2016-12-31": "11.48760", "2016-09-30": "11.37590", "2016-06-30": "11.65820", "2016-03-31": "11.94690", "2015-12-31": "12.51850", "2015-09-30": "12.86590", "2015-06-30": "13.01630", "2015-03-31": "12.97450", "2014-12-31": "13.35420", "2014-09-30": "13.03120", "2014-06-30": "11.56400", "2014-03-31": "11.25260", "2013-12-31": "10.64620", "2013-09-30": "10.28890", "2013-06-30": "9.81280", "2013-03-31": "8.92100", "2012-12-31": "8.52270", "2012-09-30": "7.90400", "2012-06-30": "7.70470", "2012-03-31": "6.57240", "2011-12-31": "6.38060", "2011-09-30": "6.69850", "2011-06-30": "5.47200", "2011-03-31": "4.80150", "2010-12-31": "3.54490", "2010-09-30": "3.67070", "2010-06-30": "3.55780", "2010-03-31": "3.25190", "2009-12-31": "3.03150", "2009-09-30": "2.87960", "2009-06-30": "2.77260", "2009-03-31": "2.72630", "2008-12-31": "2.79760", "2008-09-30": "2.81050", "2008-06-30": "2.49180", "2008-03-31": "2.11040", "2007-12-31": "1.84510", "2007-09-30": "1.76580", "2007-06-30": "1.58660", "2007-03-31": "1.54790", "2006-12-31": "1.54130", "2006-09-30": "", "2006-06-30": "", "2006-03-31": ""}, "Operating Cash Flow Per Share": {"2020-09-30": 0.808, "2020-06-30": -0.03, "2020-03-31": "1.81670", "2019-12-31": 2.1265, "2019-09-30": 2.2132, "2019-06-30": 2.097, "2019-03-31": "1.92670", "2018-12-31": 2.5446, "2018-09-30": 2.2963, "2018-06-30": 2.0108, "2018-03-31": "2.36830", "2017-12-31": 1.9489, "2017-09-30": 1.1439, "2017-06-30": 1.2104, "2017-03-31": "1.25940", "2016-12-31": 0.7081, "2016-09-30": 0.9882, "2016-06-30": 0.5899, "2016-03-31": "0.75370", "2015-12-31": 1.1956, "2015-09-30": 1.3578, "2015-06-30": 1.0583, "2015-03-31": "1.41370", "2014-12-31": 2.9034, "2014-09-30": 2.2796, "2014-06-30": 2.0016, "2014-03-31": "1.86640", "2013-12-31": 1.5829, "2013-09-30": 2.2193, "2013-06-30": 1.8909, "2013-03-31": "1.24040", "2012-12-31": 1.3432, "2012-09-30": 1.0071, "2012-06-30": 1.1251, "2012-03-31": "1.01210", "2011-12-31": 1.1378, "2011-09-30": 0.668, "2011-06-30": 0.6205, "2011-03-31": "0.56960", "2010-12-31": 0.4663, "2010-09-30": 0.3091, "2010-06-30": 0.5868, "2010-03-31": "0.56140", "2009-12-31": 0.4637, "2009-09-30": 0.3931, "2009-06-30": 0.1243, "2009-03-31": "0.11900", "2008-12-31": 0.3851, "2008-09-30": 0.8612, "2008-06-30": 0.5098, "2008-03-31": "0.36890", "2007-12-31": 0.3575, "2007-09-30": 0.3215, "2007-06-30": 0.3504, "2007-03-31": "0.15140", "2006-12-31": 0.4024, "2006-09-30": 0.3662, "2006-06-30": 0.3027, "2006-03-31": "0.23470"}, "Free Cash Flow Per Share": {"2020-09-30": 0.7861, "2020-06-30": -0.034, "2020-03-31": "1.72490", "2019-12-31": 2.117, "2019-09-30": 2.3323, "2019-06-30": 2.0717, "2019-03-31": "1.87250", "2018-12-31": 2.5211, "2018-09-30": 2.2921, "2018-06-30": 2.0137, "2018-03-31": "2.34160", "2017-12-31": 2.0885, "2017-09-30": 1.3395, "2017-06-30": 1.2063, "2017-03-31": "1.25760", "2016-12-31": 1.498, "2016-09-30": 1.5856, "2016-06-30": 0.879, "2016-03-31": "0.75440", "2015-12-31": 1.1844, "2015-09-30": 1.3337, "2015-06-30": 1.1144, "2015-03-31": "1.38350", "2014-12-31": 2.871, "2014-09-30": 2.4239, "2014-06-30": 2.0054, "2014-03-31": "1.79670", "2013-12-31": 1.5334, "2013-09-30": 2.2059, "2013-06-30": 1.8602, "2013-03-31": "1.19810", "2012-12-31": 0.2349, "2012-09-30": 0.974, "2012-06-30": 1.0922, "2012-03-31": "1.05980", "2011-12-31": 0.9642, "2011-09-30": 0.6368, "2011-06-30": 0.6246, "2011-03-31": "0.54830", "2010-12-31": 0.4109, "2010-09-30": 0.3209, "2010-06-30": 0.6226, "2010-03-31": "0.54590", "2009-12-31": 0.4661, "2009-09-30": 0.3828, "2009-06-30": 0.1254, "2009-03-31": "0.11890", "2008-12-31": 0.3843, "2008-09-30": 0.8236, "2008-06-30": 0.4579, "2008-03-31": "0.20490", "2007-12-31": 0.3455, "2007-09-30": 0.32, "2007-06-30": 0.348, "2007-03-31": "0.14960", "2006-12-31": 0.3973, "2006-09-30": 0.3604, "2006-06-30": 0.2852, "2006-03-31": "0.22720"}}, "revenue": {"Continental Resources Annual Revenue (Millions of US $)": {"2019": "$4,632", "2018": "$4,710", "2017": "$3,121", "2016": "$1,980", "2015": "$2,680", "2014": "$4,802", "2013": "$3,422", "2012": "$2,543", "2011": "$1,650", "2010": "$839", "2009": "$626", "2008": "$960", "2007": "$582", "2006": "$484", "2005": "$376"}, "Continental Resources Quarterly Revenue (Millions of US $)": {"2020-09-30": "$692", "2020-06-30": "$176", "2020-03-31": "$881", "2019-12-31": "$1,195", "2019-09-30": "$1,104", "2019-06-30": "$1,208", "2019-03-31": "$1,124", "2018-12-31": "$1,149", "2018-09-30": "$1,282", "2018-06-30": "$1,137", "2018-03-31": "$1,141", "2017-12-31": "$1,047", "2017-09-30": "$727", "2017-06-30": "$661", "2017-03-31": "$685", "2016-12-31": "$550", "2016-09-30": "$526", "2016-06-30": "$451", "2016-03-31": "$453", "2015-12-31": "$575", "2015-09-30": "$683", "2015-06-30": "$796", "2015-03-31": "$626", "2014-12-31": "$1,298", "2014-09-30": "$1,645", "2014-06-30": "$886", "2014-03-31": "$972", "2013-12-31": "$811", "2013-09-30": "$815", "2013-06-30": "$1,093", "2013-03-31": "$703", "2012-12-31": "$659", "2012-09-30": "$484", "2012-06-30": "$1,005", "2012-03-31": "$395", "2011-12-31": "$114", "2011-09-30": "$969", "2011-06-30": "$603", "2011-03-31": "$-36", "2010-12-31": "$91", "2010-09-30": "$219", "2010-06-30": "$280", "2010-03-31": "$248", "2009-12-31": "$208", "2009-09-30": "$170", "2009-06-30": "$152", "2009-03-31": "$97", "2008-12-31": "$136", "2008-09-30": "$294", "2008-06-30": "$303", "2008-03-31": "$228", "2007-12-31": "$159", "2007-09-30": "$157", "2007-06-30": "$145", "2007-03-31": "$121", "2006-12-31": "$114", "2006-09-30": "$141", "2006-06-30": "$125", "2006-03-31": "$104"}}, "gross-profit": {"Continental Resources Annual Gross Profit (Millions of US $)": {"2019": "$4,632", "2018": "$4,710", "2017": "$3,121", "2016": "$1,980", "2015": "$2,680", "2014": "$4,802", "2013": "$3,422", "2012": "$2,543", "2011": "$1,650", "2010": "$839", "2009": "$626", "2008": "$960", "2007": "$582", "2006": "$484", "2005": "$376"}, "Continental Resources Quarterly Gross Profit (Millions of US $)": {"2020-09-30": "$692", "2020-06-30": "$176", "2020-03-31": "$881", "2019-12-31": "$1,195", "2019-09-30": "$1,104", "2019-06-30": "$1,208", "2019-03-31": "$1,124", "2018-12-31": "$1,149", "2018-09-30": "$1,282", "2018-06-30": "$1,137", "2018-03-31": "$1,141", "2017-12-31": "$1,047", "2017-09-30": "$727", "2017-06-30": "$661", "2017-03-31": "$685", "2016-12-31": "$550", "2016-09-30": "$526", "2016-06-30": "$451", "2016-03-31": "$453", "2015-12-31": "$575", "2015-09-30": "$683", "2015-06-30": "$796", "2015-03-31": "$626", "2014-12-31": "$1,298", "2014-09-30": "$1,645", "2014-06-30": "$886", "2014-03-31": "$972", "2013-12-31": "$811", "2013-09-30": "$815", "2013-06-30": "$1,093", "2013-03-31": "$703", "2012-12-31": "$659", "2012-09-30": "$476", "2012-06-30": "$1,005", "2012-03-31": "$385", "2011-12-31": "$114", "2011-09-30": "$963", "2011-06-30": "$603", "2011-03-31": "$-42", "2010-12-31": "$91", "2010-09-30": "$215", "2010-06-30": "$276", "2010-03-31": "$244", "2009-12-31": "$208", "2009-09-30": "$170", "2009-06-30": "$152", "2009-03-31": "$97", "2008-12-31": "$136", "2008-09-30": "$294", "2008-06-30": "$303", "2008-03-31": "$228", "2007-12-31": "$159", "2007-09-30": "$157", "2007-06-30": "$145", "2007-03-31": "$121", "2006-12-31": "$114", "2006-09-30": "$141", "2006-06-30": "$125", "2006-03-31": "$104"}}, "operating-income": {"Continental Resources Annual Operating Income (Millions of US $)": {"2019": "$1,257", "2018": "$1,594", "2017": "$449", "2016": "$-288", "2015": "$-224", "2014": "$1,868", "2013": "$1,446", "2012": "$1,293", "2011": "$761", "2010": "$310", "2009": "$132", "2008": "$529", "2007": "$308", "2006": "$263", "2005": "$209"}, "Continental Resources Quarterly Operating Income (Millions of US $)": {"2020-09-30": "$-32", "2020-06-30": "$-297", "2020-03-31": "$-194", "2019-12-31": "$294", "2019-09-30": "$279", "2019-06-30": "$380", "2019-03-31": "$305", "2018-12-31": "$330", "2018-09-30": "$491", "2018-06-30": "$391", "2018-03-31": "$381", "2017-12-31": "$309", "2017-09-30": "$92", "2017-06-30": "$-29", "2017-03-31": "$77", "2016-12-31": "$155", "2016-09-30": "$-93", "2016-06-30": "$-111", "2016-03-31": "$-239", "2015-12-31": "$-143", "2015-09-30": "$-52", "2015-06-30": "$82", "2015-03-31": "$-111", "2014-12-31": "$265", "2014-09-30": "$945", "2014-06-30": "$236", "2014-03-31": "$421", "2013-12-31": "$274", "2013-09-30": "$328", "2013-06-30": "$574", "2013-03-31": "$270", "2012-12-31": "$365", "2012-09-30": "$106", "2012-06-30": "$686", "2012-03-31": "$136", "2011-12-31": "$-168", "2011-09-30": "$728", "2011-06-30": "$404", "2011-03-31": "$-203", "2010-12-31": "$-67", "2010-09-30": "$76", "2010-06-30": "$176", "2010-03-31": "$125", "2009-12-31": "$85", "2009-09-30": "$59", "2009-06-30": "$26", "2009-03-31": "$-38", "2008-12-31": "$11", "2008-09-30": "$171", "2008-06-30": "$205", "2008-03-31": "$142", "2007-12-31": "$88", "2007-09-30": "$88", "2007-06-30": "$74", "2007-03-31": "$57", "2006-12-31": "$51", "2006-09-30": "$90", "2006-06-30": "$69", "2006-03-31": "$52"}}, "ebitda": {"Continental Resources Annual EBITDA (Millions of US $)": {"2019": "$3,277", "2018": "$3,453", "2017": "$2,120", "2016": "$1,422", "2015": "$1,522", "2014": "$3,236", "2013": "$2,411", "2012": "$1,988", "2011": "$1,153", "2010": "$553", "2009": "$341", "2008": "$678", "2007": "$404", "2006": "$328", "2005": "$260"}, "Continental Resources Quarterly EBITDA (Millions of US $)": {"2020-09-30": "$426", "2020-06-30": "$-5", "2020-03-31": "$343", "2019-12-31": "$848", "2019-09-30": "$761", "2019-06-30": "$866", "2019-03-31": "$802", "2018-12-31": "$819", "2018-09-30": "$960", "2018-06-30": "$838", "2018-03-31": "$836", "2017-12-31": "$781", "2017-09-30": "$517", "2017-06-30": "$364", "2017-03-31": "$459", "2016-12-31": "$543", "2016-09-30": "$321", "2016-06-30": "$332", "2016-03-31": "$226", "2015-12-31": "$317", "2015-09-30": "$396", "2015-06-30": "$530", "2015-03-31": "$280", "2014-12-31": "$663", "2014-09-30": "$1,309", "2014-06-30": "$562", "2014-03-31": "$702", "2013-12-31": "$544", "2013-09-30": "$574", "2013-06-30": "$807", "2013-03-31": "$486", "2012-12-31": "$560", "2012-09-30": "$292", "2012-06-30": "$851", "2012-03-31": "$286", "2011-12-31": "$-43", "2011-09-30": "$833", "2011-06-30": "$489", "2011-03-31": "$-126", "2010-12-31": "$3", "2010-09-30": "$138", "2010-06-30": "$236", "2010-03-31": "$177", "2009-12-31": "$136", "2009-09-30": "$109", "2009-06-30": "$80", "2009-03-31": "$16", "2008-12-31": "$64", "2008-09-30": "$210", "2008-06-30": "$233", "2008-03-31": "$170", "2007-12-31": "$116", "2007-09-30": "$112", "2007-06-30": "$98", "2007-03-31": "$78", "2006-12-31": "$69", "2006-09-30": "$109", "2006-06-30": "$83", "2006-03-31": "$67"}}, "net-income": {"Continental Resources Annual Net Income (Millions of US $)": {"2019": "$776", "2018": "$988", "2017": "$789", "2016": "$-400", "2015": "$-354", "2014": "$977", "2013": "$764", "2012": "$739", "2011": "$429", "2010": "$168", "2009": "$71", "2008": "$321", "2007": "$29", "2006": "$253", "2005": "$194"}, "Continental Resources Quarterly Net Income (Millions of US $)": {"2020-09-30": "$-79", "2020-06-30": "$-239", "2020-03-31": "$-186", "2019-12-31": "$194", "2019-09-30": "$158", "2019-06-30": "$237", "2019-03-31": "$187", "2018-12-31": "$198", "2018-09-30": "$314", "2018-06-30": "$242", "2018-03-31": "$234", "2017-12-31": "$842", "2017-09-30": "$11", "2017-06-30": "$-64", "2017-03-31": "$0", "2016-12-31": "$28", "2016-09-30": "$-110", "2016-06-30": "$-119", "2016-03-31": "$-198", "2015-12-31": "$-140", "2015-09-30": "$-82", "2015-06-30": "$0", "2015-03-31": "$-132", "2014-12-31": "$114", "2014-09-30": "$534", "2014-06-30": "$104", "2014-03-31": "$226", "2013-12-31": "$133", "2013-09-30": "$167", "2013-06-30": "$323", "2013-03-31": "$141", "2012-12-31": "$221", "2012-09-30": "$44", "2012-06-30": "$406", "2012-03-31": "$69", "2011-12-31": "$-112", "2011-09-30": "$439", "2011-06-30": "$239", "2011-03-31": "$-137", "2010-12-31": "$-45", "2010-09-30": "$39", "2010-06-30": "$102", "2010-03-31": "$72", "2009-12-31": "$50", "2009-09-30": "$35", "2009-06-30": "$14", "2009-03-31": "$-27", "2008-12-31": "$0", "2008-09-30": "$105", "2008-06-30": "$127", "2008-03-31": "$88", "2007-12-31": "$61", "2007-09-30": "$56", "2007-06-30": "$-142", "2007-03-31": "$54", "2006-12-31": "$49", "2006-09-30": "$88", "2006-06-30": "$66", "2006-03-31": "$50"}}, "eps-earnings-per-share-diluted": {"Continental Resources Annual EPS": {"2019": "$2.08", "2018": "$2.64", "2017": "$2.11", "2016": "$-1.08", "2015": "$-0.96", "2014": "$2.64", "2013": "$2.07", "2012": "$2.03", "2011": "$1.21", "2010": "$0.50", "2009": "$0.21", "2008": "$0.95", "2007": "$0.09", "2006": "$0.80", "2005": "$0.61"}, "Continental Resources Quarterly EPS": {"2020-09-30": "$-0.22", "2020-06-30": "$-0.66", "2020-03-31": "$-0.51", "2019-12-31": "$0.52", "2019-09-30": "$0.43", "2019-06-30": "$0.63", "2019-03-31": "$0.50", "2018-12-31": "$0.52", "2018-09-30": "$0.84", "2018-06-30": "$0.65", "2018-03-31": "$0.63", "2017-12-31": "$2.25", "2017-09-30": "$0.03", "2017-06-30": "$-0.17", "2017-03-31": "$0.00", "2016-12-31": "$0.08", "2016-09-30": "$-0.30", "2016-06-30": "$-0.32", "2016-03-31": "$-0.54", "2015-12-31": "$-0.38", "2015-09-30": "$-0.22", "2015-06-30": "$0.00", "2015-03-31": "$-0.36", "2014-12-31": "$0.31", "2014-09-30": "$1.44", "2014-06-30": "$0.28", "2014-03-31": "$0.61", "2013-12-31": "$0.37", "2013-09-30": "$0.45", "2013-06-30": "$0.88", "2013-03-31": "$0.38", "2012-12-31": "$0.60", "2012-09-30": "$0.12", "2012-06-30": "$1.13", "2012-03-31": "$0.19", "2011-12-31": "$-0.28", "2011-09-30": "$1.22", "2011-06-30": "$0.67", "2011-03-31": "$-0.40", "2010-12-31": "$-0.14", "2010-09-30": "$0.12", "2010-06-30": "$0.30", "2010-03-31": "$0.22", "2009-12-31": "$0.15", "2009-09-30": "$0.11", "2009-06-30": "$0.04", "2009-03-31": "$-0.08", "2008-12-31": "$0.00", "2008-09-30": "$0.31", "2008-06-30": "$0.38", "2008-03-31": "$0.26", "2007-12-31": "$0.19", "2007-09-30": "$0.17", "2007-06-30": "$-0.44", "2007-03-31": "$0.17", "2006-12-31": "$0.16", "2006-09-30": "$0.28", "2006-06-30": "$0.21", "2006-03-31": "$0.16"}}, "shares-outstanding": {"Continental Resources Annual Shares Outstanding (Millions of Shares)": {"2019": "373", "2018": "375", "2017": "374", "2016": "370", "2015": "370", "2014": "371", "2013": "370", "2012": "364", "2011": "356", "2010": "340", "2009": "339", "2008": "339", "2007": "331", "2006": "319", "2005": "319"}, "Continental Resources Quarterly Shares Outstanding (Millions of Shares)": {"2020-09-30": "360", "2020-06-30": "360", "2020-03-31": "365", "2019-12-31": "373", "2019-09-30": "371", "2019-06-30": "374", "2019-03-31": "374", "2018-12-31": "375", "2018-09-30": "375", "2018-06-30": "375", "2018-03-31": "374", "2017-12-31": "374", "2017-09-30": "373", "2017-06-30": "371", "2017-03-31": "373", "2016-12-31": "370", "2016-09-30": "370", "2016-06-30": "370", "2016-03-31": "370", "2015-12-31": "370", "2015-09-30": "370", "2015-06-30": "371", "2015-03-31": "369", "2014-12-31": "371", "2014-09-30": "371", "2014-06-30": "370", "2014-03-31": "370", "2013-12-31": "370", "2013-09-30": "370", "2013-06-30": "369", "2013-03-31": "369", "2012-12-31": "364", "2012-09-30": "365", "2012-06-30": "361", "2012-03-31": "361", "2011-12-31": "356", "2011-09-30": "360", "2011-06-30": "360", "2011-03-31": "343", "2010-12-31": "340", "2010-09-30": "340", "2010-06-30": "340", "2010-03-31": "340", "2009-12-31": "339", "2009-09-30": "339", "2009-06-30": "339", "2009-03-31": "337", "2008-12-31": "339", "2008-09-30": "339", "2008-06-30": "339", "2008-03-31": "338", "2007-12-31": "331", "2007-09-30": "338", "2007-06-30": "326", "2007-03-31": "319", "2006-12-31": "319", "2006-09-30": "320", "2006-06-30": "319", "2006-03-31": "319"}}, "total-assets": {"Continental Resources Annual Total Assets (Millions of US $)": {"2019": "$15,728", "2018": "$15,298", "2017": "$14,200", "2016": "$13,812", "2015": "$14,920", "2014": "$15,076", "2013": "$11,941", "2012": "$9,140", "2011": "$5,646", "2010": "$3,592", "2009": "$2,315", "2008": "$2,216", "2007": "$1,365", "2006": "$859", "2005": "$0"}, "Continental Resources Quarterly Total Assets (Millions of US $)": {"2020-09-30": "$14,728", "2020-06-30": "$14,766", "2020-03-31": "$15,757", "2019-12-31": "$15,728", "2019-09-30": "$15,771", "2019-06-30": "$15,829", "2019-03-31": "$15,634", "2018-12-31": "$15,298", "2018-09-30": "$15,031", "2018-06-30": "$14,798", "2018-03-31": "$14,378", "2017-12-31": "$14,200", "2017-09-30": "$13,995", "2017-06-30": "$13,871", "2017-03-31": "$13,826", "2016-12-31": "$13,812", "2016-09-30": "$13,865", "2016-06-30": "$14,360", "2016-03-31": "$14,633", "2015-12-31": "$14,920", "2015-09-30": "$15,206", "2015-06-30": "$15,410", "2015-03-31": "$15,435", "2014-12-31": "$15,076", "2014-09-30": "$14,712", "2014-06-30": "$14,378", "2014-03-31": "$12,765", "2013-12-31": "$11,941", "2013-09-30": "$11,420", "2013-06-30": "$10,900", "2013-03-31": "$9,932", "2012-12-31": "$9,140", "2012-09-30": "$8,226", "2012-06-30": "$7,254", "2012-03-31": "$6,530", "2011-12-31": "$5,646", "2011-09-30": "$5,100", "2011-06-30": "$4,652", "2011-03-31": "$4,513", "2010-12-31": "$3,592", "2010-09-30": "$3,335", "2010-06-30": "$2,892", "2010-03-31": "$2,508", "2009-12-31": "$2,315", "2009-09-30": "$2,223", "2009-06-30": "$2,224", "2009-03-31": "$2,235", "2008-12-31": "$2,216", "2008-09-30": "$2,107", "2008-06-30": "$1,814", "2008-03-31": "$1,537", "2007-12-31": "$1,365", "2007-09-30": "$1,256", "2007-06-30": "$1,097", "2007-03-31": "$970", "2006-12-31": "$859", "2006-09-30": "$0", "2006-06-30": "$0", "2006-03-31": "$0"}}, "cash-on-hand": {"Continental Resources Annual Cash on Hand (Millions of US $)": {"2019": "$39", "2018": "$283", "2017": "$44", "2016": "$17", "2015": "$11", "2014": "$24", "2013": "$28", "2012": "$36", "2011": "$54", "2010": "$8", "2009": "$14", "2008": "$5", "2007": "$9", "2006": "$7", "2005": "$"}, "Continental Resources Quarterly Cash on Hand (Millions of US $)": {"2020-09-30": "$21", "2020-06-30": "$7", "2020-03-31": "$518", "2019-12-31": "$39", "2019-09-30": "$35", "2019-06-30": "$206", "2019-03-31": "$264", "2018-12-31": "$283", "2018-09-30": "$13", "2018-06-30": "$130", "2018-03-31": "$98", "2017-12-31": "$44", "2017-09-30": "$11", "2017-06-30": "$17", "2017-03-31": "$17", "2016-12-31": "$17", "2016-09-30": "$19", "2016-06-30": "$17", "2016-03-31": "$13", "2015-12-31": "$11", "2015-09-30": "$17", "2015-06-30": "$25", "2015-03-31": "$48", "2014-12-31": "$24", "2014-09-30": "$152", "2014-06-30": "$777", "2014-03-31": "$52", "2013-12-31": "$28", "2013-09-30": "$92", "2013-06-30": "$220", "2013-03-31": "$59", "2012-12-31": "$36", "2012-09-30": "$259", "2012-06-30": "$29", "2012-03-31": "$43", "2011-12-31": "$54", "2011-09-30": "$42", "2011-06-30": "$261", "2011-03-31": "$477", "2010-12-31": "$8", "2010-09-30": "$149", "2010-06-30": "$15", "2010-03-31": "$15", "2009-12-31": "$14", "2009-09-30": "$5", "2009-06-30": "$5", "2009-03-31": "$5", "2008-12-31": "$5", "2008-09-30": "$3", "2008-06-30": "$13", "2008-03-31": "$4", "2007-12-31": "$9", "2007-09-30": "$5", "2007-06-30": "$6", "2007-03-31": "$8", "2006-12-31": "$7", "2006-09-30": "", "2006-06-30": "", "2006-03-31": ""}}, "long-term-debt": {"Continental Resources Annual Long Term Debt (Millions of US $)": {"2019": "$5,324", "2018": "$5,766", "2017": "$6,351", "2016": "$6,578", "2015": "$7,116", "2014": "$5,927", "2013": "$4,714", "2012": "$3,538", "2011": "$1,254", "2010": "$926", "2009": "$524", "2008": "$376", "2007": "$165", "2006": "$140", "2005": "$"}, "Continental Resources Quarterly Long Term Debt (Millions of US $)": {"2020-09-30": "$5,629", "2020-06-30": "$5,741", "2020-03-31": "$5,965", "2019-12-31": "$5,324", "2019-09-30": "$5,568", "2019-06-30": "$5,767", "2019-03-31": "$5,767", "2018-12-31": "$5,766", "2018-09-30": "$5,955", "2018-06-30": "$6,164", "2018-03-31": "$6,164", "2017-12-31": "$6,351", "2017-09-30": "$6,612", "2017-06-30": "$6,554", "2017-03-31": "$6,508", "2016-12-31": "$6,578", "2016-09-30": "$6,830", "2016-06-30": "$7,149", "2016-03-31": "$7,203", "2015-12-31": "$7,116", "2015-09-30": "$7,109", "2015-06-30": "$6,988", "2015-03-31": "$6,785", "2014-12-31": "$5,927", "2014-09-30": "$5,832", "2014-06-30": "$5,833", "2014-03-31": "$5,068", "2013-12-31": "$4,714", "2013-09-30": "$4,440", "2013-06-30": "$4,441", "2013-03-31": "$3,977", "2012-12-31": "$3,538", "2012-09-30": "$2,944", "2012-06-30": "$2,253", "2012-03-31": "$1,892", "2011-12-31": "$1,254", "2011-09-30": "$896", "2011-06-30": "$896", "2011-03-31": "$896", "2010-12-31": "$926", "2010-09-30": "$896", "2010-06-30": "$610", "2010-03-31": "$496", "2009-12-31": "$524", "2009-09-30": "$546", "2009-06-30": "$592", "2009-03-31": "$544", "2008-12-31": "$376", "2008-09-30": "$229", "2008-06-30": "$220", "2008-03-31": "$212", "2007-12-31": "$165", "2007-09-30": "$157", "2007-06-30": "$138", "2007-03-31": "$225", "2006-12-31": "$140", "2006-09-30": "", "2006-06-30": "", "2006-03-31": ""}}, "total-liabilities": {"Continental Resources Annual Total Liabilities (Millions of US $)": {"2019": "$8,620", "2018": "$8,876", "2017": "$9,068", "2016": "$9,510", "2015": "$10,251", "2014": "$10,108", "2013": "$7,988", "2012": "$5,976", "2011": "$3,338", "2010": "$2,384", "2009": "$1,285", "2008": "$1,267", "2007": "$742", "2006": "$368", "2005": "$"}, "Continental Resources Quarterly Total Liabilities (Millions of US $)": {"2020-09-30": "$8,224", "2020-06-30": "$8,195", "2020-03-31": "$8,959", "2019-12-31": "$8,620", "2019-09-30": "$8,857", "2019-06-30": "$9,000", "2019-03-31": "$8,996", "2018-12-31": "$8,876", "2018-09-30": "$9,092", "2018-06-30": "$9,185", "2018-03-31": "$9,016", "2017-12-31": "$9,068", "2017-09-30": "$9,718", "2017-06-30": "$9,617", "2017-03-31": "$9,517", "2016-12-31": "$9,510", "2016-09-30": "$9,605", "2016-06-30": "$9,993", "2016-03-31": "$10,158", "2015-12-31": "$10,251", "2015-09-30": "$10,407", "2015-06-30": "$10,554", "2015-03-31": "$10,594", "2014-12-31": "$10,108", "2014-09-30": "$9,864", "2014-06-30": "$10,073", "2014-03-31": "$8,577", "2013-12-31": "$7,988", "2013-09-30": "$7,600", "2013-06-30": "$7,257", "2013-03-31": "$6,620", "2012-12-31": "$5,976", "2012-09-30": "$5,301", "2012-06-30": "$4,463", "2012-03-31": "$4,151", "2011-12-31": "$3,338", "2011-09-30": "$2,681", "2011-06-30": "$2,677", "2011-03-31": "$2,780", "2010-12-31": "$2,384", "2010-09-30": "$2,086", "2010-06-30": "$1,682", "2010-03-31": "$1,402", "2009-12-31": "$1,285", "2009-09-30": "$1,244", "2009-06-30": "$1,283", "2009-03-31": "$1,311", "2008-12-31": "$1,267", "2008-09-30": "$1,155", "2008-06-30": "$971", "2008-03-31": "$824", "2007-12-31": "$742", "2007-09-30": "$694", "2007-06-30": "$592", "2007-03-31": "$478", "2006-12-31": "$368", "2006-09-30": "", "2006-06-30": "", "2006-03-31": ""}}, "total-share-holder-equity": {"Continental Resources Annual Share Holder Equity (Millions of US $)": {"2019": "$7,108", "2018": "$6,422", "2017": "$5,131", "2016": "$4,302", "2015": "$4,669", "2014": "$4,968", "2013": "$3,953", "2012": "$3,164", "2011": "$2,308", "2010": "$1,208", "2009": "$1,030", "2008": "$949", "2007": "$623", "2006": "$490", "2005": "$"}, "Continental Resources Quarterly Share Holder Equity (Millions of US $)": {"2020-09-30": "$6,504", "2020-06-30": "$6,571", "2020-03-31": "$6,797", "2019-12-31": "$7,108", "2019-09-30": "$6,914", "2019-06-30": "$6,830", "2019-03-31": "$6,638", "2018-12-31": "$6,422", "2018-09-30": "$5,939", "2018-06-30": "$5,613", "2018-03-31": "$5,361", "2017-12-31": "$5,131", "2017-09-30": "$4,277", "2017-06-30": "$4,254", "2017-03-31": "$4,309", "2016-12-31": "$4,302", "2016-09-30": "$4,261", "2016-06-30": "$4,367", "2016-03-31": "$4,475", "2015-12-31": "$4,669", "2015-09-30": "$4,799", "2015-06-30": "$4,856", "2015-03-31": "$4,841", "2014-12-31": "$4,968", "2014-09-30": "$4,848", "2014-06-30": "$4,304", "2014-03-31": "$4,188", "2013-12-31": "$3,953", "2013-09-30": "$3,821", "2013-06-30": "$3,643", "2013-03-31": "$3,312", "2012-12-31": "$3,164", "2012-09-30": "$2,925", "2012-06-30": "$2,791", "2012-03-31": "$2,379", "2011-12-31": "$2,308", "2011-09-30": "$2,419", "2011-06-30": "$1,976", "2011-03-31": "$1,734", "2010-12-31": "$1,208", "2010-09-30": "$1,249", "2010-06-30": "$1,209", "2010-03-31": "$1,105", "2009-12-31": "$1,030", "2009-09-30": "$979", "2009-06-30": "$941", "2009-03-31": "$925", "2008-12-31": "$949", "2008-09-30": "$951", "2008-06-30": "$843", "2008-03-31": "$714", "2007-12-31": "$623", "2007-09-30": "$562", "2007-06-30": "$505", "2007-03-31": "$493", "2006-12-31": "$490", "2006-09-30": "", "2006-06-30": "", "2006-03-31": ""}}, "profit-margins": {"current": "-10.54%"}, "gross margin": {"2020-09-30": "100.00%", "2020-06-30": "100.00%", "2020-03-31": "100.00%", "2019-12-31": "100.00%", "2019-09-30": "100.00%", "2019-06-30": "100.00%", "2019-03-31": "100.00%", "2018-12-31": "100.00%", "2018-09-30": "100.00%", "2018-06-30": "100.00%", "2018-03-31": "100.00%", "2017-12-31": "100.00%", "2017-09-30": "100.00%", "2017-06-30": "100.00%", "2017-03-31": "100.00%", "2016-12-31": "100.00%", "2016-09-30": "100.00%", "2016-06-30": "100.00%", "2016-03-31": "100.00%", "2015-12-31": "100.00%", "2015-09-30": "100.00%", "2015-06-30": "100.00%", "2015-03-31": "100.00%", "2014-12-31": "100.00%", "2014-09-30": "100.00%", "2014-06-30": "100.00%", "2014-03-31": "100.00%", "2013-12-31": "100.00%", "2013-09-30": "100.00%", "2013-06-30": "99.73%", "2013-03-31": "99.72%", "2012-12-31": "99.29%", "2012-09-30": "99.10%", "2012-06-30": "99.36%", "2012-03-31": "99.23%", "2011-12-31": "99.27%", "2011-09-30": "99.26%", "2011-06-30": "98.86%", "2011-03-31": "97.47%", "2010-12-31": "98.57%", "2010-09-30": "98.74%", "2010-06-30": "99.12%", "2010-03-31": "99.49%", "2009-12-31": "100.00%", "2009-09-30": "100.00%", "2009-06-30": "100.00%", "2009-03-31": "100.00%", "2008-12-31": "100.00%", "2008-09-30": "100.00%", "2008-06-30": "100.00%", "2008-03-31": "100.00%", "2007-12-31": "100.00%", "2007-09-30": "100.00%", "2007-06-30": "100.00%", "2007-03-31": "100.00%", "2006-12-31": "100.00%"}, "operating margin": {"2020-09-30": "-7.78%", "2020-06-30": "2.44%", "2020-03-31": "17.30%", "2019-12-31": "27.16%", "2019-09-30": "28.22%", "2019-06-30": "31.62%", "2019-03-31": "32.33%", "2018-12-31": "33.83%", "2018-09-30": "34.12%", "2018-06-30": "28.95%", "2018-03-31": "21.06%", "2017-12-31": "14.39%", "2017-09-30": "11.25%", "2017-06-30": "4.54%", "2017-03-31": "1.27%", "2016-12-31": "-14.55%", "2016-09-30": "-29.23%", "2016-06-30": "-25.21%", "2016-03-31": "-14.04%", "2015-12-31": "-8.36%", "2015-09-30": "5.41%", "2015-06-30": "27.06%", "2015-03-31": "29.97%", "2014-12-31": "38.89%", "2014-09-30": "43.49%", "2014-06-30": "36.14%", "2014-03-31": "43.27%", "2013-12-31": "42.26%", "2013-09-30": "47.00%", "2013-06-30": "44.74%", "2013-03-31": "50.05%", "2012-12-31": "50.85%", "2012-09-30": "38.04%", "2012-06-30": "55.66%", "2012-03-31": "52.86%", "2011-12-31": "46.12%", "2011-09-30": "52.98%", "2011-06-30": "23.95%", "2011-03-31": "-3.25%", "2010-12-31": "36.99%", "2010-09-30": "48.38%", "2010-06-30": "49.12%", "2010-03-31": "37.92%", "2009-12-31": "21.05%", "2009-09-30": "10.45%", "2009-06-30": "25.04%", "2009-03-31": "42.05%", "2008-12-31": "55.05%", "2008-09-30": "61.59%", "2008-06-30": "61.75%", "2008-03-31": "56.89%", "2007-12-31": "52.75%", "2007-09-30": "50.28%", "2007-06-30": "52.21%", "2007-03-31": "53.29%", "2006-12-31": "54.13%"}, "ebitda margin": {"2020-09-30": "54.76%", "2020-06-30": "58.02%", "2020-03-31": "64.22%", "2019-12-31": "70.76%", "2019-09-30": "70.84%", "2019-06-30": "72.37%", "2019-03-31": "72.87%", "2018-12-31": "73.33%", "2018-09-30": "74.13%", "2018-06-30": "73.35%", "2018-03-31": "69.85%", "2017-12-31": "67.98%", "2017-09-30": "71.79%", "2017-06-30": "69.65%", "2017-03-31": "74.82%", "2016-12-31": "71.82%", "2016-09-30": "59.65%", "2016-06-30": "58.79%", "2016-03-31": "58.60%", "2015-12-31": "56.83%", "2015-09-30": "54.92%", "2015-06-30": "63.73%", "2015-03-31": "63.16%", "2014-12-31": "67.40%", "2014-09-30": "72.25%", "2014-06-30": "68.37%", "2014-03-31": "71.17%", "2013-12-31": "70.46%", "2013-09-30": "74.22%", "2013-06-30": "72.98%", "2013-03-31": "76.78%", "2012-12-31": "78.21%", "2012-09-30": "69.37%", "2012-06-30": "77.61%", "2012-03-31": "75.20%", "2011-12-31": "69.88%", "2011-09-30": "73.69%", "2011-06-30": "57.47%", "2011-03-31": "45.31%", "2010-12-31": "66.11%", "2010-09-30": "71.94%", "2010-06-30": "72.63%", "2010-03-31": "64.52%", "2009-12-31": "54.39%", "2009-09-30": "48.47%", "2009-06-30": "54.49%", "2009-03-31": "63.01%", "2008-12-31": "70.45%", "2008-09-30": "74.09%", "2008-06-30": "74.50%", "2008-03-31": "71.99%", "2007-12-31": "69.42%", "2007-09-30": "66.48%", "2007-06-30": "67.95%", "2007-03-31": "67.66%", "2006-12-31": "67.77%"}, "pre tax profit margin": {"2020-09-30": "-14.27%", "2020-06-30": "-3.49%", "2020-03-31": "11.60%", "2019-12-31": "21.29%", "2019-09-30": "22.22%", "2019-06-30": "25.70%", "2019-03-31": "26.21%", "2018-12-31": "27.54%", "2018-09-30": "27.55%", "2018-06-30": "21.57%", "2018-03-31": "12.72%", "2017-12-31": "5.00%", "2017-09-30": "-0.91%", "2017-06-30": "-8.92%", "2017-03-31": "-13.88%", "2016-12-31": "-31.97%", "2016-09-30": "-45.34%", "2016-06-30": "-40.01%", "2016-03-31": "-26.65%", "2015-12-31": "-19.93%", "2015-09-30": "-3.53%", "2015-06-30": "19.66%", "2015-03-31": "22.83%", "2014-12-31": "32.53%", "2014-09-30": "36.65%", "2014-06-30": "28.70%", "2014-03-31": "36.55%", "2013-12-31": "35.45%", "2013-09-30": "40.46%", "2013-06-30": "38.24%", "2013-03-31": "44.44%", "2012-12-31": "45.46%", "2012-09-30": "32.43%", "2012-06-30": "51.99%", "2012-03-31": "49.11%", "2011-12-31": "41.76%", "2011-09-30": "48.49%", "2011-06-30": "16.31%", "2011-03-31": "-14.44%", "2010-12-31": "30.79%", "2010-09-30": "44.08%", "2010-06-30": "45.47%", "2010-03-31": "34.70%", "2009-12-31": "17.54%", "2009-09-30": "7.57%", "2009-06-30": "22.97%", "2009-03-31": "40.60%", "2008-12-31": "54.01%", "2008-09-30": "60.67%", "2008-06-30": "60.68%", "2008-03-31": "55.44%", "2007-12-31": "51.03%", "2007-09-30": "48.42%", "2007-06-30": "50.29%", "2007-03-31": "51.30%", "2006-12-31": "52.27%"}, "net profit margin": {"2020-09-30": "-10.53%", "2020-06-30": "-2.18%", "2020-03-31": "9.18%", "2019-12-31": "16.76%", "2019-09-30": "17.01%", "2019-06-30": "19.65%", "2019-03-31": "20.06%", "2018-12-31": "20.98%", "2018-09-30": "35.42%", "2018-06-30": "32.80%", "2018-03-31": "28.61%", "2017-12-31": "25.29%", "2017-09-30": "-0.95%", "2017-06-30": "-6.03%", "2017-03-31": "-9.09%", "2016-12-31": "-20.15%", "2016-09-30": "-28.28%", "2016-06-30": "-24.93%", "2016-03-31": "-16.75%", "2015-12-31": "-13.21%", "2015-09-30": "-2.94%", "2015-06-30": "11.82%", "2015-03-31": "13.92%", "2014-12-31": "20.37%", "2014-09-30": "23.11%", "2014-06-30": "18.08%", "2014-03-31": "23.00%", "2013-12-31": "22.33%", "2013-09-30": "26.06%", "2013-06-30": "24.80%", "2013-03-31": "28.48%", "2012-12-31": "29.10%", "2012-09-30": "20.37%", "2012-06-30": "32.30%", "2012-03-31": "30.51%", "2011-12-31": "26.00%", "2011-09-30": "30.49%", "2011-06-30": "10.95%", "2011-03-31": "-7.40%", "2010-12-31": "20.05%", "2010-09-30": "27.54%", "2010-06-30": "28.59%", "2010-03-31": "21.98%", "2009-12-31": "11.48%", "2009-09-30": "3.96%", "2009-06-30": "13.55%", "2009-03-31": "24.70%", "2008-12-31": "33.30%", "2008-09-30": "38.72%", "2008-06-30": "39.20%", "2008-03-31": "9.14%", "2007-12-31": "4.98%", "2007-09-30": "3.17%", "2007-06-30": "9.40%", "2007-03-31": "51.30%", "2006-12-31": "52.27%"}, "pe ratio": {"current": "0.00", "2021-02-05": "0.00", "2020-09-30": "0.00", "2020-06-30": "0.00", "2020-03-31": "7.07", "2019-12-31": "16.38", "2019-09-30": "14.68", "2019-06-30": "16.78", "2019-03-31": "17.71", "2018-12-31": "15.11", "2018-09-30": "15.57", "2018-06-30": "18.13", "2018-03-31": "21.44", "2017-12-31": "25.02", "2017-09-30": "0.00", "2017-06-30": "0.00", "2017-03-31": "0.00", "2016-12-31": "0.00", "2016-09-30": "0.00", "2016-06-30": "0.00", "2016-03-31": "0.00", "2015-12-31": "0.00", "2015-09-30": "0.00", "2015-06-30": "30.39", "2015-03-31": "26.06", "2014-12-31": "14.48", "2014-09-30": "24.63", "2014-06-30": "46.19", "2014-03-31": "26.92", "2013-12-31": "27.09", "2013-09-30": "23.19", "2013-06-30": "21.77", "2013-03-31": "19.51", "2012-12-31": "18.04", "2012-09-30": "34.06", "2012-06-30": "14.92", "2012-03-31": "24.23", "2011-12-31": "28.29", "2011-09-30": "17.92", "2011-06-30": "134.77", "2011-03-31": "0.00", "2010-12-31": "59.85", "2010-09-30": "29.81", "2010-06-30": "29.06", "2010-03-31": "41.98", "2009-12-31": "101.77", "2009-09-30": "300.28", "2009-06-30": "51.21", "2009-03-31": "17.47", "2008-12-31": "10.92", "2008-09-30": "17.38", "2008-06-30": "35.25", "2008-03-31": "96.31"}, "price sales": {"2021-02-05": "2.61", "2020-09-30": "1.53", "2020-06-30": "1.93", "2020-03-31": "0.65", "2019-12-31": "2.76", "2019-09-30": "2.50", "2019-06-30": "3.30", "2019-03-31": "3.56", "2018-12-31": "3.19", "2018-09-30": "5.53", "2018-06-30": "5.96", "2018-03-31": "6.13", "2017-12-31": "6.31", "2017-09-30": "5.46", "2017-06-30": "4.94", "2017-03-31": "7.60", "2016-12-31": "9.61", "2016-09-30": "9.55", "2016-06-30": "7.72", "2016-03-31": "4.47", "2015-12-31": "3.16", "2015-09-30": "3.14", "2015-06-30": "3.59", "2015-03-31": "3.62", "2014-12-31": "2.95", "2014-09-30": "5.68", "2014-06-30": "8.36", "2014-03-31": "6.20", "2013-12-31": "6.06", "2013-09-30": "6.02", "2013-06-30": "5.36", "2013-03-31": "5.54", "2012-12-31": "5.22", "2012-09-30": "6.93", "2012-06-30": "4.82", "2012-03-31": "7.40", "2011-12-31": "7.27", "2011-09-30": "5.33", "2011-06-30": "13.03", "2011-03-31": "21.81", "2010-12-31": "11.87", "2010-09-30": "8.21", "2010-06-30": "8.33", "2010-03-31": "9.25", "2009-12-31": "11.56", "2009-09-30": "11.93", "2009-06-30": "6.91", "2009-03-31": "4.32", "2008-12-31": "3.64", "2008-09-30": "6.71", "2008-06-30": "13.75", "2008-03-31": "7.70"}, "price book": {"current": "1.18", "2021-02-05": "1.18", "2020-09-30": "0.69", "2020-06-30": "0.97", "2020-03-31": "0.41", "2019-12-31": "1.79", "2019-09-30": "1.65", "2019-06-30": "2.30", "2019-03-31": "2.53", "2018-12-31": "2.35", "2018-09-30": "4.31", "2018-06-30": "4.32", "2018-03-31": "4.12", "2017-12-31": "3.86", "2017-09-30": "3.38", "2017-06-30": "2.84", "2017-03-31": "3.94", "2016-12-31": "4.47", "2016-09-30": "4.55", "2016-06-30": "3.87", "2016-03-31": "2.53", "2015-12-31": "1.83", "2015-09-30": "2.24", "2015-06-30": "3.25", "2015-03-31": "3.35", "2014-12-31": "2.86", "2014-09-30": "5.08", "2014-06-30": "6.81", "2014-03-31": "5.50", "2013-12-31": "5.27", "2013-09-30": "5.19", "2013-06-30": "4.37", "2013-03-31": "4.86", "2012-12-31": "4.30", "2012-09-30": "4.85", "2012-06-30": "4.31", "2012-03-31": "6.51", "2011-12-31": "5.21", "2011-09-30": "3.60", "2011-06-30": "5.91", "2011-03-31": "7.42", "2010-12-31": "8.27", "2010-09-30": "6.29", "2010-06-30": "6.25", "2010-03-31": "6.52", "2009-12-31": "7.05", "2009-09-30": "6.78", "2009-06-30": "4.99", "2009-03-31": "3.88", "2008-12-31": "3.69", "2008-09-30": "6.96", "2008-06-30": "13.86", "2008-03-31": "7.53", "2007-12-31": "7.06", "2007-09-30": "5.12", "2007-06-30": "5.03"}, "price fcf": {"2021-02-05": "", "2020-09-30": "$4.59", "2020-06-30": "$6.14", "2020-03-31": "$8.25", "2019-12-31": "$8.39", "2019-09-30": "$8.80", "2019-06-30": "$8.76", "2019-03-31": "$8.70", "2018-12-31": "$9.17", "2018-09-30": "$8.74", "2018-06-30": "$7.78", "2018-03-31": "$6.98", "2017-12-31": "$5.89", "2017-09-30": "$5.30", "2017-06-30": "$5.55", "2017-03-31": "$5.22", "2016-12-31": "$4.72", "2016-09-30": "$4.40", "2016-06-30": "$4.15", "2016-03-31": "$4.39", "2015-12-31": "$5.02", "2015-09-30": "$6.70", "2015-06-30": "$7.79", "2015-03-31": "$8.68", "2014-12-31": "$9.10", "2014-09-30": "$7.76", "2014-06-30": "$7.54", "2014-03-31": "$7.40", "2013-12-31": "$6.80", "2013-09-30": "$5.50", "2013-06-30": "$4.27", "2013-03-31": "$3.50", "2012-12-31": "$3.36", "2012-09-30": "$4.09", "2012-06-30": "$3.75", "2012-03-31": "$3.29", "2011-12-31": "$2.77", "2011-09-30": "$2.22", "2011-06-30": "$1.90", "2011-03-31": "$1.90", "2010-12-31": "$1.90", "2010-09-30": "$1.96", "2010-06-30": "$2.02", "2010-03-31": "$1.52", "2009-12-31": "$1.09", "2009-09-30": "$1.01", "2009-06-30": "$1.45", "2009-03-31": "$1.78", "2008-12-31": "$1.87", "2008-09-30": "$1.83", "2008-06-30": "$1.33", "2008-03-31": "$1.37"}, "net worth": {"value": "$7.67B"}, "current ratio": {"current": "0.94", "2020-09-30": "0.94", "2020-06-30": "0.70", "2020-03-31": "1.20", "2019-12-31": "0.90", "2019-09-30": "0.89", "2019-06-30": "1.03", "2019-03-31": "1.03", "2018-12-31": "1.02", "2018-09-30": "0.92", "2018-06-30": "0.97", "2018-03-31": "0.93", "2017-12-31": "0.94", "2017-09-30": "0.94", "2017-06-30": "0.85", "2017-03-31": "0.93", "2016-12-31": "0.98", "2016-09-30": "0.94", "2016-06-30": "0.98", "2016-03-31": "0.88", "2015-12-31": "0.89", "2015-09-30": "0.86", "2015-06-30": "0.91", "2015-03-31": "0.75", "2014-12-31": "0.77", "2014-09-30": "0.89", "2014-06-30": "1.00", "2014-03-31": "0.79", "2013-12-31": "0.78", "2013-09-30": "0.83", "2013-06-30": "1.03", "2013-03-31": "0.89", "2012-12-31": "0.84", "2012-09-30": "1.09", "2012-06-30": "0.86", "2012-03-31": "0.84", "2011-12-31": "0.84", "2011-09-30": "1.03", "2011-06-30": "1.16", "2011-03-31": "1.27", "2010-12-31": "0.83", "2010-09-30": "1.13", "2010-06-30": "0.92", "2010-03-31": "0.92", "2009-12-31": "1.07", "2009-09-30": "1.13", "2009-06-30": "1.11", "2009-03-31": "0.82", "2008-12-31": "0.69", "2008-09-30": "0.73", "2008-06-30": "0.92", "2008-03-31": "0.85", "2007-12-31": "0.77", "2007-09-30": "0.76", "2007-06-30": "0.72", "2007-03-31": "0.65", "2006-12-31": "0.56", "2006-09-30": "0.00", "2006-06-30": "0.00", "2006-03-31": "0.00"}, "quick ratio": {"2020-09-30": "0.85", "2020-06-30": "0.59", "2020-03-31": "1.14", "2019-12-31": "0.82", "2019-09-30": "0.81", "2019-06-30": "0.95", "2019-03-31": "0.96", "2018-12-31": "0.95", "2018-09-30": "0.85", "2018-06-30": "0.89", "2018-03-31": "0.85", "2017-12-31": "0.87", "2017-09-30": "0.85", "2017-06-30": "0.76", "2017-03-31": "0.83", "2016-12-31": "0.86", "2016-09-30": "0.82", "2016-06-30": "0.85", "2016-03-31": "0.77", "2015-12-31": "0.79", "2015-09-30": "0.78", "2015-06-30": "0.84", "2015-03-31": "0.68", "2014-12-31": "0.71", "2014-09-30": "0.84", "2014-06-30": "0.96", "2014-03-31": "0.75", "2013-12-31": "0.74", "2013-09-30": "0.79", "2013-06-30": "1.00", "2013-03-31": "0.84", "2012-12-31": "0.80", "2012-09-30": "1.05", "2012-06-30": "0.81", "2012-03-31": "0.80", "2011-12-31": "0.81", "2011-09-30": "0.96", "2011-06-30": "1.10", "2011-03-31": "1.21", "2010-12-31": "0.78", "2010-09-30": "1.08", "2010-06-30": "0.83", "2010-03-31": "0.84", "2009-12-31": "0.95", "2009-09-30": "0.94", "2009-06-30": "0.92", "2009-03-31": "0.69", "2008-12-31": "0.63", "2008-09-30": "0.65", "2008-06-30": "0.84", "2008-03-31": "0.78", "2007-12-31": "0.70", "2007-09-30": "0.71", "2007-06-30": "0.66", "2007-03-31": "0.61", "2006-12-31": "0.52", "2006-09-30": "0.00", "2006-06-30": "0.00", "2006-03-31": "0.00"}, "debt equity ratio": {"current": "0.87", "2020-09-30": "1.26", "2020-06-30": "1.25", "2020-03-31": "1.32", "2019-12-31": "1.21", "2019-09-30": "1.28", "2019-06-30": "1.32", "2019-03-31": "1.36", "2018-12-31": "1.38", "2018-09-30": "1.53", "2018-06-30": "1.64", "2018-03-31": "1.68", "2017-12-31": "1.77", "2017-09-30": "2.27", "2017-06-30": "2.26", "2017-03-31": "2.21", "2016-12-31": "2.21", "2016-09-30": "2.25", "2016-06-30": "2.29", "2016-03-31": "2.27", "2015-12-31": "2.20", "2015-09-30": "2.17", "2015-06-30": "2.17", "2015-03-31": "2.19", "2014-12-31": "2.04", "2014-09-30": "2.04", "2014-06-30": "2.34", "2014-03-31": "2.05", "2013-12-31": "2.02", "2013-09-30": "1.99", "2013-06-30": "1.99", "2013-03-31": "2.00", "2012-12-31": "1.89", "2012-09-30": "1.81", "2012-06-30": "1.60", "2012-03-31": "1.75", "2011-12-31": "1.45", "2011-09-30": "1.11", "2011-06-30": "1.36", "2011-03-31": "1.60", "2010-12-31": "1.97", "2010-09-30": "1.67", "2010-06-30": "1.39", "2010-03-31": "1.27", "2009-12-31": "1.25", "2009-09-30": "1.27", "2009-06-30": "1.36", "2009-03-31": "1.42", "2008-12-31": "1.34", "2008-09-30": "1.22", "2008-06-30": "1.15", "2008-03-31": "1.15", "2007-12-31": "1.19", "2007-09-30": "1.24", "2007-06-30": "1.17", "2007-03-31": "0.97", "2006-12-31": "0.75", "2006-09-30": "0.00", "2006-06-30": "0.00", "2006-03-31": "0.00"}, "return on equity": {"2020-09-30": "-4.60%", "2020-06-30": "-1.07%", "2020-03-31": "5.83%", "2019-12-31": "11.29%", "2019-09-30": "11.64%", "2019-06-30": "14.50%", "2019-03-31": "15.29%", "2018-12-31": "16.94%", "2018-09-30": "29.61%", "2018-06-30": "26.08%", "2018-03-31": "21.51%", "2017-12-31": "17.56%", "2017-09-30": "-0.58%", "2017-06-30": "-3.41%", "2017-03-31": "-4.66%", "2016-12-31": "-9.17%", "2016-09-30": "-12.76%", "2016-06-30": "-11.77%", "2016-03-31": "-8.94%", "2015-12-31": "-7.39%", "2015-09-30": "-2.06%", "2015-06-30": "10.58%", "2015-03-31": "13.08%", "2014-12-31": "21.37%", "2014-09-30": "23.06%", "2014-06-30": "15.49%", "2014-03-31": "21.76%", "2013-12-31": "20.75%", "2013-09-30": "24.45%", "2013-06-30": "22.36%", "2013-03-31": "26.64%", "2012-12-31": "26.29%", "2012-09-30": "15.65%", "2012-06-30": "32.41%", "2012-03-31": "27.97%", "2011-12-31": "20.34%", "2011-09-30": "27.04%", "2011-06-30": "6.23%", "2011-03-31": "-3.04%", "2010-12-31": "14.09%", "2010-09-30": "22.90%", "2010-06-30": "23.96%", "2010-03-31": "16.87%", "2009-12-31": "7.43%", "2009-09-30": "2.32%", "2009-06-30": "9.77%", "2009-03-31": "22.36%", "2008-12-31": "37.03%", "2008-09-30": "48.67%", "2008-06-30": "48.43%", "2008-03-31": "10.48%", "2007-12-31": "5.31%", "2007-09-30": "3.32%", "2007-06-30": "13.17%", "2007-03-31": "104.58%", "2006-12-31": "206.53%"}, "return on assets": {"2020-09-30": "-2.03%", "2020-06-30": "-0.47%", "2020-03-31": "2.56%", "2019-12-31": "4.93%", "2019-09-30": "4.99%", "2019-06-30": "6.06%", "2019-03-31": "6.19%", "2018-12-31": "6.64%", "2018-09-30": "11.18%", "2018-06-30": "9.27%", "2018-03-31": "7.25%", "2017-12-31": "5.65%", "2017-09-30": "-0.18%", "2017-06-30": "-1.05%", "2017-03-31": "-1.44%", "2016-12-31": "-2.82%", "2016-09-30": "-3.93%", "2016-06-30": "-3.65%", "2016-03-31": "-2.79%", "2015-12-31": "-2.32%", "2015-09-30": "-0.65%", "2015-06-30": "3.40%", "2015-03-31": "4.16%", "2014-12-31": "6.87%", "2014-09-30": "7.41%", "2014-06-30": "4.99%", "2014-03-31": "7.22%", "2013-12-31": "6.92%", "2013-09-30": "8.23%", "2013-06-30": "7.63%", "2013-03-31": "9.40%", "2012-12-31": "9.50%", "2012-09-30": "5.89%", "2012-06-30": "13.08%", "2012-03-31": "11.58%", "2011-12-31": "8.62%", "2011-09-30": "11.11%", "2011-06-30": "2.39%", "2011-03-31": "-1.14%", "2010-12-31": "5.45%", "2010-09-30": "9.52%", "2010-06-30": "10.42%", "2010-03-31": "7.38%", "2009-12-31": "3.20%", "2009-09-30": "0.99%", "2009-06-30": "4.19%", "2009-03-31": "9.79%", "2008-12-31": "16.68%", "2008-09-30": "22.34%", "2008-06-30": "22.24%", "2008-03-31": "4.80%", "2007-12-31": "2.47%", "2007-09-30": "1.63%", "2007-06-30": "6.70%", "2007-03-31": "56.21%", "2006-12-31": "117.81%"}, "return on investments": {"2020-09-30": "-1.85%", "2020-06-30": "0.66%", "2020-03-31": "6.04%", "2019-12-31": "10.08%", "2019-09-30": "10.42%", "2019-06-30": "12.27%", "2019-03-31": "12.57%", "2018-12-31": "13.45%", "2018-09-30": "13.47%", "2018-06-30": "10.27%", "2018-03-31": "6.74%", "2017-12-31": "4.08%", "2017-09-30": "2.72%", "2017-06-30": "1.01%", "2017-03-31": "0.25%", "2016-12-31": "-2.55%", "2016-09-30": "-5.09%", "2016-06-30": "-4.65%", "2016-03-31": "-2.98%", "2015-12-31": "-1.90%", "2015-09-30": "1.59%", "2015-06-30": "10.49%", "2015-03-31": "12.32%", "2014-12-31": "18.23%", "2014-09-30": "19.37%", "2014-06-30": "13.87%", "2014-03-31": "18.64%", "2013-12-31": "17.91%", "2013-09-30": "20.27%", "2013-06-30": "18.82%", "2013-03-31": "22.92%", "2012-12-31": "23.63%", "2012-09-30": "16.22%", "2012-06-30": "34.14%", "2012-03-31": "31.38%", "2011-12-31": "24.59%", "2011-09-30": "31.49%", "2011-06-30": "8.59%", "2011-03-31": "-0.82%", "2010-12-31": "16.11%", "2010-09-30": "25.96%", "2010-06-30": "27.39%", "2010-03-31": "18.99%", "2009-12-31": "8.68%", "2009-09-30": "3.96%", "2009-06-30": "12.35%", "2009-03-31": "27.71%", "2008-12-31": "47.09%", "2008-09-30": "61.26%", "2008-06-30": "59.87%", "2008-03-31": "51.03%", "2007-12-31": "42.86%", "2007-09-30": "39.90%", "2007-06-30": "54.70%", "2007-03-31": "79.29%", "2006-12-31": "166.35%"}, "return on tangible equity": {"2020-09-30": "-4.60%", "2020-06-30": "-1.07%", "2020-03-31": "5.83%", "2019-12-31": "11.29%", "2019-09-30": "11.64%", "2019-06-30": "14.50%", "2019-03-31": "15.29%", "2018-12-31": "16.94%", "2018-09-30": "29.61%", "2018-06-30": "26.08%", "2018-03-31": "21.51%", "2017-12-31": "17.56%", "2017-09-30": "-0.58%", "2017-06-30": "-3.41%", "2017-03-31": "-4.66%", "2016-12-31": "-9.17%", "2016-09-30": "-12.76%", "2016-06-30": "-11.77%", "2016-03-31": "-8.94%", "2015-12-31": "-7.39%", "2015-09-30": "-2.06%", "2015-06-30": "10.58%", "2015-03-31": "13.08%", "2014-12-31": "21.37%", "2014-09-30": "23.06%", "2014-06-30": "15.49%", "2014-03-31": "21.76%", "2013-12-31": "20.75%", "2013-09-30": "24.45%", "2013-06-30": "22.36%", "2013-03-31": "26.64%", "2012-12-31": "26.29%", "2012-09-30": "15.65%", "2012-06-30": "32.41%", "2012-03-31": "27.97%", "2011-12-31": "20.34%", "2011-09-30": "27.04%", "2011-06-30": "6.23%", "2011-03-31": "-3.04%", "2010-12-31": "14.09%", "2010-09-30": "22.90%", "2010-06-30": "23.96%", "2010-03-31": "16.87%", "2009-12-31": "7.43%", "2009-09-30": "2.32%", "2009-06-30": "9.77%", "2009-03-31": "22.36%", "2008-12-31": "37.03%", "2008-09-30": "48.67%", "2008-06-30": "48.43%", "2008-03-31": "10.48%", "2007-12-31": "5.31%", "2007-09-30": "3.32%", "2007-06-30": "13.17%", "2007-03-31": "104.58%", "2006-12-31": "206.53%"}, "dividend yield history": {"last payout": "$0.00", "last yield": "0.00%"}}