{"ticker": "CPRT", "price": {"title": "Copart Historical Annual Stock Price Data", "value": 119.39, "historical": {"2021": {"Average Stock Price": "115.8738", "Year Open": "120.6500", "Year High": "122.1800", "Year Low": "108.2500", "Year Close": "119.3900", "Annual % Change": "-6.18%"}, "2020": {"Average Stock Price": "95.7982", "Year Open": "93.4800", "Year High": "127.2500", "Year Low": "58.7800", "Year Close": "127.2500", "Annual % Change": "39.93%"}, "2019": {"Average Stock Price": "71.7101", "Year Open": "47.6800", "Year High": "91.0200", "Year Low": "46.8900", "Year Close": "90.9400", "Annual % Change": "90.33%"}, "2018": {"Average Stock Price": "52.4516", "Year Open": "43.5950", "Year High": "66.4500", "Year Low": "40.7500", "Year Close": "47.7800", "Annual % Change": "10.63%"}, "2017": {"Average Stock Price": "32.7695", "Year Open": "27.8600", "Year High": "44.3800", "Year Low": "27.8300", "Year Close": "43.1900", "Annual % Change": "55.89%"}, "2016": {"Average Stock Price": "23.4488", "Year Open": "18.8350", "Year High": "28.3200", "Year Low": "16.5050", "Year Close": "27.7050", "Annual % Change": "45.78%"}, "2015": {"Average Stock Price": "18.1734", "Year Open": "18.2900", "Year High": "19.8350", "Year Low": "16.4500", "Year Close": "19.0050", "Annual % Change": "4.17%"}, "2014": {"Average Stock Price": "17.4867", "Year Open": "18.3050", "Year High": "18.8800", "Year Low": "15.1250", "Year Close": "18.2450", "Annual % Change": "-0.44%"}, "2013": {"Average Stock Price": "16.7220", "Year Open": "15.2300", "Year High": "19.0450", "Year Low": "15.0700", "Year Close": "18.3250", "Annual % Change": "24.24%"}, "2012": {"Average Stock Price": "13.0647", "Year Open": "11.7575", "Year High": "15.3000", "Year Low": "11.4175", "Year Close": "14.7500", "Annual % Change": "23.20%"}, "2011": {"Average Stock Price": "10.7126", "Year Open": "9.3850", "Year High": "11.9900", "Year Low": "9.2575", "Year Close": "11.9725", "Annual % Change": "28.22%"}, "2010": {"Average Stock Price": "8.8059", "Year Open": "9.1025", "Year High": "9.3725", "Year Low": "8.0475", "Year Close": "9.3375", "Annual % Change": "1.99%"}, "2009": {"Average Stock Price": "8.0183", "Year Open": "7.0075", "Year High": "9.5875", "Year Low": "6.0225", "Year Close": "9.1550", "Annual % Change": "34.68%"}, "2008": {"Average Stock Price": "9.7416", "Year Open": "10.3300", "Year High": "12.1100", "Year Low": "5.8200", "Year Close": "6.7975", "Annual % Change": "-36.10%"}, "2007": {"Average Stock Price": "7.8863", "Year Open": "7.6325", "Year High": "10.7050", "Year Low": "6.8750", "Year Close": "10.6375", "Annual % Change": "41.83%"}, "2006": {"Average Stock Price": "6.7579", "Year Open": "5.7550", "Year High": "7.6775", "Year Low": "5.7550", "Year Close": "7.5000", "Annual % Change": "30.10%"}, "2005": {"Average Stock Price": "5.9464", "Year Open": "6.2650", "Year High": "6.4750", "Year Low": "5.3475", "Year Close": "5.7650", "Annual % Change": "-12.39%"}, "2004": {"Average Stock Price": "5.2604", "Year Open": "4.2000", "Year High": "6.7200", "Year Low": "4.0600", "Year Close": "6.5800", "Annual % Change": "58.55%"}, "2003": {"Average Stock Price": "2.5756", "Year Open": "3.0600", "Year High": "4.2200", "Year Low": "1.7650", "Year Close": "4.1500", "Annual % Change": "40.20%"}, "2002": {"Average Stock Price": "3.8516", "Year Open": "5.8967", "Year High": "6.1033", "Year Low": "2.4525", "Year Close": "2.9600", "Annual % Change": "-51.17%"}, "2001": {"Average Stock Price": "4.2669", "Year Open": "3.1983", "Year High": "6.4167", "Year Low": "2.8017", "Year Close": "6.0617", "Annual % Change": "69.17%"}, "2000": {"Average Stock Price": "2.8247", "Year Open": "3.2500", "Year High": "3.6767", "Year Low": "2.0833", "Year Close": "3.5833", "Annual % Change": "-1.15%"}, "1999": {"Average Stock Price": "1.7567", "Year Open": "1.2138", "Year High": "3.6250", "Year Low": "1.1171", "Year Close": "3.6250", "Annual % Change": "168.68%"}, "1998": {"Average Stock Price": "0.8605", "Year Open": "0.7554", "Year High": "1.3492", "Year Low": "0.6250", "Year Close": "1.3492", "Annual % Change": "81.10%"}, "1997": {"Average Stock Price": "0.6814", "Year Open": "0.5392", "Year High": "0.7813", "Year Low": "0.5263", "Year Close": "0.7450", "Annual % Change": "36.27%"}, "1996": {"Average Stock Price": "0.8520", "Year Open": "1.1508", "Year High": "1.2448", "Year Low": "0.4429", "Year Close": "0.5467", "Annual % Change": "-50.02%"}, "1995": {"Average Stock Price": "0.8795", "Year Open": "0.7396", "Year High": "1.0938", "Year Low": "0.6979", "Year Close": "1.0938", "Annual % Change": "48.90%"}}}, "market cap": {"value": "$28.19B"}, "income statement": {"Revenue": {"2020-07-31": "2205.58300", "2019-07-31": "2041.95700", "2018-07-31": "1805.69500", "2017-07-31": "1447.98100", "2016-07-31": "1268.44900", "2015-07-31": "1146.07900", "2014-07-31": "1163.48900", "2013-07-31": "1046.38600", "2012-07-31": "924.19100", "2011-07-31": "872.24600", "2010-07-31": "772.87900", "2009-07-31": "743.08200", "2008-07-31": "784.84800", "2007-07-31": "560.68000", "2006-07-31": "528.57100", "2005-07-31": "447.73100"}, "Cost Of Goods Sold": {"2020-07-31": "1197.78100", "2019-07-31": "1143.61500", "2018-07-31": "1043.32900", "2017-07-31": "815.95300", "2016-07-31": "723.86300", "2015-07-31": "662.70300", "2014-07-31": "694.91600", "2013-07-31": "625.46400", "2012-07-31": "514.57500", "2011-07-31": "499.35100", "2010-07-31": "424.88500", "2009-07-31": "430.82200", "2008-07-31": "462.58900", "2007-07-31": "293.89800", "2006-07-31": "298.02300", "2005-07-31": "245.66600"}, "Gross Profit": {"2020-07-31": "1007.80200", "2019-07-31": "898.34200", "2018-07-31": "762.36600", "2017-07-31": "632.02800", "2016-07-31": "544.58600", "2015-07-31": "483.37600", "2014-07-31": "468.57310", "2013-07-31": "420.92200", "2012-07-31": "409.61600", "2011-07-31": "372.89500", "2010-07-31": "347.99400", "2009-07-31": "312.26000", "2008-07-31": "322.25900", "2007-07-31": "266.78200", "2006-07-31": "230.54800", "2005-07-31": "202.06500"}, "Research And Development Expenses": {"2020-07-31": "", "2019-07-31": "", "2018-07-31": "", "2017-07-31": "", "2016-07-31": "", "2015-07-31": "", "2014-07-31": "", "2013-07-31": "", "2012-07-31": "", "2011-07-31": "", "2010-07-31": "", "2009-07-31": "", "2008-07-31": "", "2007-07-31": "", "2006-07-31": "", "2005-07-31": ""}, "SG&A Expenses": {"2020-07-31": "191.70300", "2019-07-31": "181.86700", "2018-07-31": "176.89000", "2017-07-31": "151.36400", "2016-07-31": "138.11600", "2015-07-31": "138.97500", "2014-07-31": "164.53500", "2013-07-31": "137.93000", "2012-07-31": "114.49200", "2011-07-31": "107.60500", "2010-07-31": "108.92400", "2009-07-31": "86.93500", "2008-07-31": "84.34200", "2007-07-31": "63.63700", "2006-07-31": "58.98600", "2005-07-31": "45.62900"}, "Other Operating Income Or Expenses": {"2020-07-31": "", "2019-07-31": "", "2018-07-31": "-1.13100", "2017-07-31": "-19.36500", "2016-07-31": "0.00000", "2015-07-31": "", "2014-07-31": "-29.10400", "2013-07-31": "", "2012-07-31": "-8.77100", "2011-07-31": "0.00000", "2010-07-31": "0.00000", "2009-07-31": "", "2008-07-31": "", "2007-07-31": "", "2006-07-31": "", "2005-07-31": ""}, "Operating Expenses": {"2020-07-31": "1389.48400", "2019-07-31": "1325.48200", "2018-07-31": "1221.35000", "2017-07-31": "986.68200", "2016-07-31": "861.97900", "2015-07-31": "801.67800", "2014-07-31": "888.55490", "2013-07-31": "763.39400", "2012-07-31": "637.83800", "2011-07-31": "606.95600", "2010-07-31": "533.80900", "2009-07-31": "517.75700", "2008-07-31": "546.93100", "2007-07-31": "357.53500", "2006-07-31": "357.00900", "2005-07-31": "291.29500"}, "Operating Income": {"2020-07-31": "816.09900", "2019-07-31": "716.47510", "2018-07-31": "584.34500", "2017-07-31": "461.29900", "2016-07-31": "406.47000", "2015-07-31": "344.40100", "2014-07-31": "274.93410", "2013-07-31": "282.99200", "2012-07-31": "286.35300", "2011-07-31": "265.29000", "2010-07-31": "239.07000", "2009-07-31": "225.32500", "2008-07-31": "237.91700", "2007-07-31": "203.14500", "2006-07-31": "171.56200", "2005-07-31": "156.43600"}, "Total Non-Operating Income/Expense": {"2020-07-31": "-15.26000", "2019-07-31": "-11.52400", "2018-07-31": "-21.83400", "2017-07-31": "-21.19900", "2016-07-31": "-10.60500", "2015-07-31": "-12.33200", "2014-07-31": "-4.89900", "2013-07-31": "-6.12000", "2012-07-31": "-8.29700", "2011-07-31": "-1.41300", "2010-07-31": "0.42500", "2009-07-31": "2.40700", "2008-07-31": "11.73300", "2007-07-31": "14.27600", "2006-07-31": "2.96000", "2005-07-31": "8.15900"}, "Pre-Tax Income": {"2020-07-31": "800.83900", "2019-07-31": "704.95100", "2018-07-31": "562.51100", "2017-07-31": "440.10000", "2016-07-31": "395.86500", "2015-07-31": "332.06900", "2014-07-31": "270.03500", "2013-07-31": "276.87200", "2012-07-31": "278.05600", "2011-07-31": "263.87700", "2010-07-31": "239.49500", "2009-07-31": "227.73200", "2008-07-31": "249.65000", "2007-07-31": "217.42100", "2006-07-31": "174.52200", "2005-07-31": "164.59500"}, "Income Taxes": {"2020-07-31": "100.93200", "2019-07-31": "113.25800", "2018-07-31": "144.50400", "2017-07-31": "45.83900", "2016-07-31": "125.50500", "2015-07-31": "112.28600", "2014-07-31": "91.34800", "2013-07-31": "96.84700", "2012-07-31": "95.93700", "2011-07-31": "97.50200", "2010-07-31": "87.86800", "2009-07-31": "88.18600", "2008-07-31": "92.71800", "2007-07-31": "81.08300", "2006-07-31": "61.86200", "2005-07-31": "62.77200"}, "Income After Taxes": {"2020-07-31": "699.90700", "2019-07-31": "591.69300", "2018-07-31": "418.00700", "2017-07-31": "394.26100", "2016-07-31": "270.36000", "2015-07-31": "219.78300", "2014-07-31": "178.68700", "2013-07-31": "180.02500", "2012-07-31": "182.11900", "2011-07-31": "166.37500", "2010-07-31": "151.62700", "2009-07-31": "139.54600", "2008-07-31": "156.93200", "2007-07-31": "136.33800", "2006-07-31": "112.66000", "2005-07-31": "101.82300"}, "Other Income": {"2020-07-31": "", "2019-07-31": "", "2018-07-31": "", "2017-07-31": "", "2016-07-31": "", "2015-07-31": "", "2014-07-31": "", "2013-07-31": "", "2012-07-31": "", "2011-07-31": "", "2010-07-31": "", "2009-07-31": "", "2008-07-31": "", "2007-07-31": "", "2006-07-31": "", "2005-07-31": ""}, "Income From Continuous Operations": {"2020-07-31": "699.90700", "2019-07-31": "591.69300", "2018-07-31": "418.00700", "2017-07-31": "394.26100", "2016-07-31": "270.36000", "2015-07-31": "219.78300", "2014-07-31": "178.68700", "2013-07-31": "180.02500", "2012-07-31": "182.11900", "2011-07-31": "166.37500", "2010-07-31": "151.62700", "2009-07-31": "139.54600", "2008-07-31": "156.93200", "2007-07-31": "136.33800", "2006-07-31": "112.66000", "2005-07-31": "101.82300"}, "Income From Discontinued Operations": {"2020-07-31": "", "2019-07-31": "", "2018-07-31": "", "2017-07-31": "", "2016-07-31": "", "2015-07-31": "", "2014-07-31": "", "2013-07-31": "", "2012-07-31": "", "2011-07-31": "", "2010-07-31": "", "2009-07-31": "1.55700", "2008-07-31": "", "2007-07-31": "", "2006-07-31": "-15.71300", "2005-07-31": "0.29300"}, "Net Income": {"2020-07-31": "699.90700", "2019-07-31": "591.69300", "2018-07-31": "417.86700", "2017-07-31": "394.22700", "2016-07-31": "270.36000", "2015-07-31": "219.78300", "2014-07-31": "178.68700", "2013-07-31": "180.02500", "2012-07-31": "182.11900", "2011-07-31": "166.37500", "2010-07-31": "151.62700", "2009-07-31": "141.10300", "2008-07-31": "156.93200", "2007-07-31": "136.33800", "2006-07-31": "96.94700", "2005-07-31": "102.11600"}, "EBITDA": {"2020-07-31": "920.35600", "2019-07-31": "801.80910", "2018-07-31": "663.38490", "2017-07-31": "518.73990", "2016-07-31": "456.11300", "2015-07-31": "393.29400", "2014-07-31": "328.66010", "2013-07-31": "339.72000", "2012-07-31": "334.52000", "2011-07-31": "310.98400", "2010-07-31": "282.31200", "2009-07-31": "266.67900", "2008-07-31": "280.72100", "2007-07-31": "240.23400", "2006-07-31": "203.01800", "2005-07-31": "186.90200"}, "EBIT": {"2020-07-31": "816.09900", "2019-07-31": "716.47510", "2018-07-31": "584.34500", "2017-07-31": "461.29900", "2016-07-31": "406.47000", "2015-07-31": "344.40100", "2014-07-31": "274.93410", "2013-07-31": "282.99200", "2012-07-31": "286.35300", "2011-07-31": "265.29000", "2010-07-31": "239.07000", "2009-07-31": "225.32500", "2008-07-31": "237.91700", "2007-07-31": "203.14500", "2006-07-31": "171.56200", "2005-07-31": "156.43600"}, "Basic Shares Outstanding": {"2020-07-31": "233.20200", "2019-07-31": "230.48900", "2018-07-31": "231.79300", "2017-07-31": "228.68600", "2016-07-31": "228.84600", "2015-07-31": "251.82900", "2014-07-31": "251.38600", "2013-07-31": "249.82400", "2012-07-31": "256.24000", "2011-07-31": "302.59600", "2010-07-31": "336.66000", "2009-07-31": "334.14800", "2008-07-31": "349.64800", "2007-07-31": "362.60400", "2006-07-31": "361.48800", "2005-07-31": "360.64800"}, "Shares Outstanding": {"2020-07-31": "238.65600", "2019-07-31": "240.45300", "2018-07-31": "241.87700", "2017-07-31": "237.01900", "2016-07-31": "244.29500", "2015-07-31": "262.85100", "2014-07-31": "262.46000", "2013-07-31": "259.56200", "2012-07-31": "262.85600", "2011-07-31": "306.70400", "2010-07-31": "340.10800", "2009-07-31": "339.72000", "2008-07-31": "359.43200", "2007-07-31": "373.82000", "2006-07-31": "371.70000", "2005-07-31": "371.93600"}, "Basic EPS": {"2020-07-31": "3.00000", "2019-07-31": "2.57000", "2018-07-31": "1.80000", "2017-07-31": "1.72000", "2016-07-31": "1.18000", "2015-07-31": "0.87000", "2014-07-31": "0.71000", "2013-07-31": "0.72000", "2012-07-31": "0.71000", "2011-07-31": "0.55000", "2010-07-31": "0.45000", "2009-07-31": "0.42250", "2008-07-31": "0.45000", "2007-07-31": "0.37500", "2006-07-31": "0.26750", "2005-07-31": "0.28250"}, "EPS - Earnings Per Share": {"2020-07-31": "2.93000", "2019-07-31": "2.46000", "2018-07-31": "1.73000", "2017-07-31": "1.66000", "2016-07-31": "1.11000", "2015-07-31": "0.84000", "2014-07-31": "0.68000", "2013-07-31": "0.69500", "2012-07-31": "0.69500", "2011-07-31": "0.54000", "2010-07-31": "0.44500", "2009-07-31": "0.41500", "2008-07-31": "0.43750", "2007-07-31": "0.36500", "2006-07-31": "0.26000", "2005-07-31": "0.27500"}}, "income statement, quarterly": {"Revenue": {"2020-10-31": "592.94000", "2020-07-31": "525.65900", "2020-04-30": "550.36000", "2020-01-31": "575.14000", "2019-10-31": "554.42400", "2019-07-31": "542.57510", "2019-04-30": "553.11600", "2019-01-31": "484.89800", "2018-10-31": "461.36800", "2018-07-31": "449.22300", "2018-04-30": "478.19800", "2018-01-31": "459.10600", "2017-10-31": "419.16800", "2017-07-31": "378.59590", "2017-04-30": "373.86200", "2017-01-31": "349.53200", "2016-10-31": "345.99100", "2016-07-31": "332.65900", "2016-04-30": "347.24600", "2016-01-31": "299.70600", "2015-10-31": "288.83800", "2015-07-31": "282.29300", "2015-04-30": "297.14200", "2015-01-31": "276.25800", "2014-10-31": "290.38600", "2014-07-31": "287.45000", "2014-04-30": "309.72200", "2014-01-31": "286.43400", "2013-10-31": "279.88300", "2013-07-31": "263.69700", "2013-04-30": "277.63800", "2013-01-31": "266.18500", "2012-10-31": "238.86600", "2012-07-31": "226.55600", "2012-04-30": "244.10500", "2012-01-31": "227.90400", "2011-10-31": "225.62600", "2011-07-31": "215.44400", "2011-04-30": "236.75500", "2011-01-31": "207.38000", "2010-10-31": "212.66700", "2010-07-31": "190.46800", "2010-04-30": "220.34900", "2010-01-31": "176.60100", "2009-10-31": "185.46100", "2009-07-31": "184.33200", "2009-04-30": "197.32600", "2009-01-31": "169.85500", "2008-10-31": "191.56900", "2008-07-31": "206.28200", "2008-04-30": "221.15000", "2008-01-31": "173.45900", "2007-10-31": "183.95700", "2007-07-31": "153.98200", "2007-04-30": "145.65200", "2007-01-31": "128.92500", "2006-10-31": "132.12100", "2006-07-31": "137.22100", "2006-04-30": "149.51200", "2006-01-31": "125.09900", "2005-10-31": "116.73900", "2005-07-31": "108.14800", "2005-04-30": "127.77200", "2005-01-31": "107.70100"}, "Cost Of Goods Sold": {"2020-10-31": "296.17100", "2020-07-31": "275.22800", "2020-04-30": "307.74700", "2020-01-31": "315.25100", "2019-10-31": "299.55500", "2019-07-31": "299.95600", "2019-04-30": "301.53700", "2019-01-31": "276.67200", "2018-10-31": "265.45000", "2018-07-31": "260.79800", "2018-04-30": "259.13000", "2018-01-31": "267.49700", "2017-10-31": "255.90400", "2017-07-31": "211.13100", "2017-04-30": "201.35700", "2017-01-31": "202.76700", "2016-10-31": "200.69800", "2016-07-31": "191.19500", "2016-04-30": "189.59900", "2016-01-31": "175.09200", "2015-10-31": "167.97700", "2015-07-31": "163.50900", "2015-04-30": "169.72500", "2015-01-31": "161.39100", "2014-10-31": "168.07800", "2014-07-31": "170.51090", "2014-04-30": "177.47000", "2014-01-31": "174.88800", "2013-10-31": "172.04700", "2013-07-31": "160.62500", "2013-04-30": "162.04100", "2013-01-31": "169.36800", "2012-10-31": "133.43000", "2012-07-31": "127.13000", "2012-04-30": "128.83600", "2012-01-31": "128.20800", "2011-10-31": "130.40100", "2011-07-31": "126.21500", "2011-04-30": "127.84800", "2011-01-31": "121.47500", "2010-10-31": "123.81300", "2010-07-31": "104.24400", "2010-04-30": "119.85100", "2010-01-31": "97.91400", "2009-10-31": "102.87600", "2009-07-31": "104.40100", "2009-04-30": "111.85900", "2009-01-31": "102.56300", "2008-10-31": "111.99900", "2008-07-31": "119.18900", "2008-04-30": "132.98400", "2008-01-31": "104.85100", "2007-10-31": "105.56500", "2007-07-31": "82.46600", "2007-04-30": "72.66500", "2007-01-31": "68.53600", "2006-10-31": "70.23100", "2006-07-31": "74.24400", "2006-04-30": "80.04800", "2006-01-31": "74.52400", "2005-10-31": "69.20700", "2005-07-31": "57.42000", "2005-04-30": "68.83300", "2005-01-31": "60.03200"}, "Gross Profit": {"2020-10-31": "296.76900", "2020-07-31": "250.43100", "2020-04-30": "242.61300", "2020-01-31": "259.88900", "2019-10-31": "254.86900", "2019-07-31": "242.61910", "2019-04-30": "251.57900", "2019-01-31": "208.22600", "2018-10-31": "195.91800", "2018-07-31": "188.42500", "2018-04-30": "219.06800", "2018-01-31": "191.60900", "2017-10-31": "163.26400", "2017-07-31": "167.46490", "2017-04-30": "172.50500", "2017-01-31": "146.76500", "2016-10-31": "145.29300", "2016-07-31": "141.46400", "2016-04-30": "157.64700", "2016-01-31": "124.61400", "2015-10-31": "120.86100", "2015-07-31": "118.78400", "2015-04-30": "127.41700", "2015-01-31": "114.86700", "2014-10-31": "122.30800", "2014-07-31": "116.93910", "2014-04-30": "132.25200", "2014-01-31": "111.54600", "2013-10-31": "107.83600", "2013-07-31": "103.07200", "2013-04-30": "115.59700", "2013-01-31": "96.81700", "2012-10-31": "105.43600", "2012-07-31": "99.42600", "2012-04-30": "115.26900", "2012-01-31": "99.69600", "2011-10-31": "95.22500", "2011-07-31": "89.22900", "2011-04-30": "108.90700", "2011-01-31": "85.90500", "2010-10-31": "88.85400", "2010-07-31": "86.22400", "2010-04-30": "100.49800", "2010-01-31": "78.68700", "2009-10-31": "82.58500", "2009-07-31": "79.93100", "2009-04-30": "85.46700", "2009-01-31": "67.29200", "2008-10-31": "79.57000", "2008-07-31": "87.09300", "2008-04-30": "88.16600", "2008-01-31": "68.60800", "2007-10-31": "78.39200", "2007-07-31": "71.51600", "2007-04-30": "72.98700", "2007-01-31": "60.38900", "2006-10-31": "61.89000", "2006-07-31": "62.97700", "2006-04-30": "69.46400", "2006-01-31": "50.57500", "2005-10-31": "47.53200", "2005-07-31": "50.72800", "2005-04-30": "58.93900", "2005-01-31": "47.66900"}, "Research And Development Expenses": {"2020-10-31": "", "2020-07-31": "", "2020-04-30": "", "2020-01-31": "", "2019-10-31": "", "2019-07-31": "", "2019-04-30": "", "2019-01-31": "", "2018-10-31": "", "2018-07-31": "", "2018-04-30": "", "2018-01-31": "", "2017-10-31": "", "2017-07-31": "", "2017-04-30": "", "2017-01-31": "", "2016-10-31": "", "2016-07-31": "", "2016-04-30": "", "2016-01-31": "", "2015-10-31": "", "2015-07-31": "", "2015-04-30": "", "2015-01-31": "", "2014-10-31": "", "2014-07-31": "", "2014-04-30": "", "2014-01-31": "", "2013-10-31": "", "2013-07-31": "", "2013-04-30": "", "2013-01-31": "", "2012-10-31": "", "2012-07-31": "", "2012-04-30": "", "2012-01-31": "", "2011-10-31": "", "2011-07-31": "", "2011-04-30": "", "2011-01-31": "", "2010-10-31": "", "2010-07-31": "", "2010-04-30": "", "2010-01-31": "", "2009-10-31": "", "2009-07-31": "", "2009-04-30": "", "2009-01-31": "", "2008-10-31": "", "2008-07-31": "", "2008-04-30": "", "2008-01-31": "", "2007-10-31": "", "2007-07-31": "", "2007-04-30": "", "2007-01-31": "", "2006-10-31": "", "2006-07-31": "", "2006-04-30": "", "2006-01-31": "", "2005-10-31": "", "2005-07-31": "", "2005-04-30": "", "2005-01-31": ""}, "SG&A Expenses": {"2020-10-31": "48.17500", "2020-07-31": "44.71600", "2020-04-30": "47.51200", "2020-01-31": "49.99700", "2019-10-31": "49.47800", "2019-07-31": "49.81700", "2019-04-30": "44.08500", "2019-01-31": "43.48700", "2018-10-31": "44.47800", "2018-07-31": "52.45700", "2018-04-30": "44.44900", "2018-01-31": "40.66200", "2017-10-31": "39.32200", "2017-07-31": "37.29300", "2017-04-30": "35.71700", "2017-01-31": "37.88500", "2016-10-31": "40.46900", "2016-07-31": "35.27300", "2016-04-30": "35.69900", "2016-01-31": "32.52900", "2015-10-31": "34.61500", "2015-07-31": "32.01900", "2015-04-30": "32.65000", "2015-01-31": "34.39900", "2014-10-31": "39.90700", "2014-07-31": "41.08100", "2014-04-30": "40.51500", "2014-01-31": "40.06200", "2013-10-31": "42.87700", "2013-07-31": "40.02000", "2013-04-30": "32.78400", "2013-01-31": "34.04700", "2012-10-31": "31.07900", "2012-07-31": "29.93200", "2012-04-30": "27.32500", "2012-01-31": "27.38600", "2011-10-31": "29.84900", "2011-07-31": "25.77200", "2011-04-30": "26.86300", "2011-01-31": "25.71000", "2010-10-31": "29.26000", "2010-07-31": "29.00400", "2010-04-30": "28.37200", "2010-01-31": "25.45500", "2009-10-31": "26.09300", "2009-07-31": "24.54000", "2009-04-30": "20.58700", "2009-01-31": "21.72300", "2008-10-31": "20.08500", "2008-07-31": "21.72200", "2008-04-30": "19.48200", "2008-01-31": "21.37300", "2007-10-31": "21.76500", "2007-07-31": "17.65700", "2007-04-30": "15.75800", "2007-01-31": "15.22500", "2006-10-31": "14.99700", "2006-07-31": "15.78000", "2006-04-30": "16.11300", "2006-01-31": "13.56000", "2005-10-31": "13.53300", "2005-07-31": "13.31600", "2005-04-30": "11.48300", "2005-01-31": "11.16900"}, "Other Operating Income Or Expenses": {"2020-10-31": "", "2020-07-31": "", "2020-04-30": "", "2020-01-31": "", "2019-10-31": "", "2019-07-31": "", "2019-04-30": "", "2019-01-31": "", "2018-10-31": "", "2018-07-31": "", "2018-04-30": "", "2018-01-31": "", "2017-10-31": "", "2017-07-31": "", "2017-04-30": "", "2017-01-31": "", "2016-10-31": "", "2016-07-31": "", "2016-04-30": "", "2016-01-31": "", "2015-10-31": "", "2015-07-31": "", "2015-04-30": "", "2015-01-31": "", "2014-10-31": "", "2014-07-31": "", "2014-04-30": "-29.10400", "2014-01-31": "", "2013-10-31": "", "2013-07-31": "", "2013-04-30": "0.00000", "2013-01-31": "", "2012-10-31": "", "2012-07-31": "", "2012-04-30": "", "2012-01-31": "-8.77100", "2011-10-31": "", "2011-07-31": "", "2011-04-30": "", "2011-01-31": "0.00000", "2010-10-31": "", "2010-07-31": "", "2010-04-30": "", "2010-01-31": "", "2009-10-31": "", "2009-07-31": "", "2009-04-30": "", "2009-01-31": "", "2008-10-31": "", "2008-07-31": "", "2008-04-30": "", "2008-01-31": "", "2007-10-31": "", "2007-07-31": "", "2007-04-30": "", "2007-01-31": "", "2006-10-31": "", "2006-07-31": "", "2006-04-30": "", "2006-01-31": "", "2005-10-31": "", "2005-07-31": "", "2005-04-30": "", "2005-01-31": ""}, "Operating Expenses": {"2020-10-31": "344.34600", "2020-07-31": "319.94390", "2020-04-30": "355.25900", "2020-01-31": "365.24800", "2019-10-31": "349.03300", "2019-07-31": "349.77300", "2019-04-30": "345.62200", "2019-01-31": "320.15900", "2018-10-31": "309.92800", "2018-07-31": "314.38600", "2018-04-30": "303.57900", "2018-01-31": "308.15900", "2017-10-31": "295.22600", "2017-07-31": "267.78910", "2017-04-30": "237.07400", "2017-01-31": "240.65200", "2016-10-31": "241.16700", "2016-07-31": "226.46800", "2016-04-30": "225.29800", "2016-01-31": "207.62100", "2015-10-31": "202.59200", "2015-07-31": "195.52800", "2015-04-30": "202.37500", "2015-01-31": "195.79000", "2014-10-31": "207.98500", "2014-07-31": "211.59190", "2014-04-30": "247.08900", "2014-01-31": "214.95000", "2013-10-31": "214.92400", "2013-07-31": "200.64500", "2013-04-30": "194.82500", "2013-01-31": "203.41500", "2012-10-31": "164.50900", "2012-07-31": "157.06200", "2012-04-30": "156.16100", "2012-01-31": "164.36500", "2011-10-31": "160.25000", "2011-07-31": "151.98700", "2011-04-30": "154.71100", "2011-01-31": "147.18500", "2010-10-31": "153.07300", "2010-07-31": "133.24800", "2010-04-30": "148.22300", "2010-01-31": "123.36900", "2009-10-31": "128.96900", "2009-07-31": "128.94100", "2009-04-30": "132.44600", "2009-01-31": "124.28600", "2008-10-31": "132.08400", "2008-07-31": "140.91100", "2008-04-30": "152.46600", "2008-01-31": "126.22400", "2007-10-31": "127.33000", "2007-07-31": "100.12300", "2007-04-30": "88.42300", "2007-01-31": "83.76100", "2006-10-31": "85.22800", "2006-07-31": "90.02400", "2006-04-30": "96.16100", "2006-01-31": "88.08400", "2005-10-31": "82.74000", "2005-07-31": "70.73600", "2005-04-30": "80.31600", "2005-01-31": "71.20100"}, "Operating Income": {"2020-10-31": "248.59400", "2020-07-31": "205.71510", "2020-04-30": "195.10100", "2020-01-31": "209.89200", "2019-10-31": "205.39100", "2019-07-31": "192.80210", "2019-04-30": "207.49400", "2019-01-31": "164.73900", "2018-10-31": "151.44000", "2018-07-31": "134.83700", "2018-04-30": "174.61900", "2018-01-31": "150.94700", "2017-10-31": "123.94200", "2017-07-31": "110.80690", "2017-04-30": "136.78800", "2017-01-31": "108.88000", "2016-10-31": "104.82400", "2016-07-31": "106.19100", "2016-04-30": "121.94800", "2016-01-31": "92.08500", "2015-10-31": "86.24600", "2015-07-31": "86.76500", "2015-04-30": "94.76700", "2015-01-31": "80.46800", "2014-10-31": "82.40100", "2014-07-31": "75.85810", "2014-04-30": "62.63300", "2014-01-31": "71.48400", "2013-10-31": "64.95900", "2013-07-31": "63.05200", "2013-04-30": "82.81300", "2013-01-31": "62.77000", "2012-10-31": "74.35700", "2012-07-31": "69.49400", "2012-04-30": "87.94400", "2012-01-31": "63.53900", "2011-10-31": "65.37600", "2011-07-31": "63.45700", "2011-04-30": "82.04400", "2011-01-31": "60.19500", "2010-10-31": "59.59400", "2010-07-31": "57.22000", "2010-04-30": "72.12600", "2010-01-31": "53.23200", "2009-10-31": "56.49200", "2009-07-31": "55.39100", "2009-04-30": "64.88000", "2009-01-31": "45.56900", "2008-10-31": "59.48500", "2008-07-31": "65.37100", "2008-04-30": "68.68400", "2008-01-31": "47.23500", "2007-10-31": "56.62700", "2007-07-31": "53.85900", "2007-04-30": "57.22900", "2007-01-31": "45.16400", "2006-10-31": "46.89300", "2006-07-31": "47.19700", "2006-04-30": "53.35100", "2006-01-31": "37.01500", "2005-10-31": "33.99900", "2005-07-31": "37.41200", "2005-04-30": "47.45600", "2005-01-31": "36.50000"}, "Total Non-Operating Income/Expense": {"2020-10-31": "-1.77900", "2020-07-31": "-3.83200", "2020-04-30": "-3.30100", "2020-01-31": "-4.81800", "2019-10-31": "-3.30900", "2019-07-31": "-5.73200", "2019-04-30": "-3.36500", "2019-01-31": "0.22700", "2018-10-31": "-2.65400", "2018-07-31": "-2.10800", "2018-04-30": "-3.40300", "2018-01-31": "-6.50900", "2017-10-31": "-9.81400", "2017-07-31": "-4.42800", "2017-04-30": "-5.70000", "2017-01-31": "-8.78100", "2016-10-31": "-2.29000", "2016-07-31": "-0.20600", "2016-04-30": "-5.38000", "2016-01-31": "-0.53300", "2015-10-31": "-4.48600", "2015-07-31": "-5.31900", "2015-04-30": "-6.47100", "2015-01-31": "-0.36400", "2014-10-31": "-0.17800", "2014-07-31": "-1.97400", "2014-04-30": "-1.31500", "2014-01-31": "-0.89600", "2013-10-31": "-0.71400", "2013-07-31": "-0.89000", "2013-04-30": "-0.80800", "2013-01-31": "-1.65300", "2012-10-31": "-2.76900", "2012-07-31": "-2.01600", "2012-04-30": "-3.39700", "2012-01-31": "-1.32300", "2011-10-31": "-1.56100", "2011-07-31": "-0.81000", "2011-04-30": "-1.69400", "2011-01-31": "0.52200", "2010-10-31": "0.56900", "2010-07-31": "0.46700", "2010-04-30": "-0.54200", "2010-01-31": "-0.06000", "2009-10-31": "0.56000", "2009-07-31": "0.94700", "2009-04-30": "1.01600", "2009-01-31": "-1.39100", "2008-10-31": "1.83500", "2008-07-31": "2.65000", "2008-04-30": "2.19000", "2008-01-31": "3.35400", "2007-10-31": "3.53900", "2007-07-31": "4.49000", "2007-04-30": "4.79600", "2007-01-31": "3.52800", "2006-10-31": "1.46200", "2006-07-31": "-1.50000", "2006-04-30": "0.33800", "2006-01-31": "1.70900", "2005-10-31": "2.41300", "2005-07-31": "2.42700", "2005-04-30": "1.91500", "2005-01-31": "1.84300"}, "Pre-Tax Income": {"2020-10-31": "246.81500", "2020-07-31": "201.88300", "2020-04-30": "191.80000", "2020-01-31": "205.07400", "2019-10-31": "202.08200", "2019-07-31": "187.07000", "2019-04-30": "204.12900", "2019-01-31": "164.96600", "2018-10-31": "148.78600", "2018-07-31": "132.72900", "2018-04-30": "171.21600", "2018-01-31": "144.43800", "2017-10-31": "114.12800", "2017-07-31": "106.37900", "2017-04-30": "131.08800", "2017-01-31": "100.09900", "2016-10-31": "102.53400", "2016-07-31": "105.98500", "2016-04-30": "116.56800", "2016-01-31": "91.55200", "2015-10-31": "81.76000", "2015-07-31": "81.44600", "2015-04-30": "88.29600", "2015-01-31": "80.10400", "2014-10-31": "82.22300", "2014-07-31": "73.88400", "2014-04-30": "61.31800", "2014-01-31": "70.58800", "2013-10-31": "64.24500", "2013-07-31": "62.16200", "2013-04-30": "82.00500", "2013-01-31": "61.11700", "2012-10-31": "71.58800", "2012-07-31": "67.47800", "2012-04-30": "84.54700", "2012-01-31": "62.21600", "2011-10-31": "63.81500", "2011-07-31": "62.64700", "2011-04-30": "80.35000", "2011-01-31": "60.71700", "2010-10-31": "60.16300", "2010-07-31": "57.68700", "2010-04-30": "71.58400", "2010-01-31": "53.17200", "2009-10-31": "57.05200", "2009-07-31": "56.33800", "2009-04-30": "65.89600", "2009-01-31": "44.17800", "2008-10-31": "61.32000", "2008-07-31": "68.02100", "2008-04-30": "70.87400", "2008-01-31": "50.58900", "2007-10-31": "60.16600", "2007-07-31": "58.34900", "2007-04-30": "62.02500", "2007-01-31": "48.69200", "2006-10-31": "48.35500", "2006-07-31": "45.69700", "2006-04-30": "53.68900", "2006-01-31": "38.72400", "2005-10-31": "36.41200", "2005-07-31": "39.83900", "2005-04-30": "49.37100", "2005-01-31": "38.34300"}, "Income Taxes": {"2020-10-31": "46.53000", "2020-07-31": "36.35000", "2020-04-30": "44.31300", "2020-01-31": "36.36700", "2019-10-31": "-16.09800", "2019-07-31": "33.57400", "2019-04-30": "11.38800", "2019-01-31": "33.59300", "2018-10-31": "34.70300", "2018-07-31": "22.98800", "2018-04-30": "43.81100", "2018-01-31": "41.13700", "2017-10-31": "36.56800", "2017-07-31": "36.01000", "2017-04-30": "40.54200", "2017-01-31": "34.03300", "2016-10-31": "-64.74600", "2016-07-31": "21.86300", "2016-04-30": "41.94400", "2016-01-31": "32.54800", "2015-10-31": "29.15000", "2015-07-31": "24.03400", "2015-04-30": "30.73300", "2015-01-31": "27.91100", "2014-10-31": "29.60800", "2014-07-31": "22.84100", "2014-04-30": "20.44100", "2014-01-31": "25.24300", "2013-10-31": "22.82300", "2013-07-31": "20.85800", "2013-04-30": "28.76900", "2013-01-31": "21.47700", "2012-10-31": "25.74300", "2012-07-31": "22.58200", "2012-04-30": "29.07600", "2012-01-31": "21.61300", "2011-10-31": "22.66600", "2011-07-31": "22.12400", "2011-04-30": "30.21400", "2011-01-31": "22.82400", "2010-10-31": "22.34000", "2010-07-31": "21.45300", "2010-04-30": "27.19400", "2010-01-31": "17.43900", "2009-10-31": "21.78200", "2009-07-31": "21.70800", "2009-04-30": "25.38400", "2009-01-31": "17.02800", "2008-10-31": "24.06600", "2008-07-31": "27.20200", "2008-04-30": "24.39700", "2008-01-31": "18.56300", "2007-10-31": "22.55600", "2007-07-31": "21.61500", "2007-04-30": "23.15800", "2007-01-31": "18.30000", "2006-10-31": "18.01000", "2006-07-31": "15.00100", "2006-04-30": "20.50900", "2006-01-31": "12.60600", "2005-10-31": "13.74600", "2005-07-31": "14.86500", "2005-04-30": "18.65800", "2005-01-31": "14.87700"}, "Income After Taxes": {"2020-10-31": "200.28500", "2020-07-31": "165.53300", "2020-04-30": "147.48700", "2020-01-31": "168.70700", "2019-10-31": "218.18000", "2019-07-31": "153.49600", "2019-04-30": "192.74100", "2019-01-31": "131.37300", "2018-10-31": "114.08300", "2018-07-31": "109.74100", "2018-04-30": "127.40500", "2018-01-31": "103.30100", "2017-10-31": "77.56000", "2017-07-31": "70.36900", "2017-04-30": "90.54600", "2017-01-31": "66.06600", "2016-10-31": "167.28000", "2016-07-31": "84.12200", "2016-04-30": "74.62400", "2016-01-31": "59.00400", "2015-10-31": "52.61000", "2015-07-31": "57.41200", "2015-04-30": "57.56300", "2015-01-31": "52.19300", "2014-10-31": "52.61500", "2014-07-31": "51.04300", "2014-04-30": "40.87700", "2014-01-31": "45.34500", "2013-10-31": "41.42200", "2013-07-31": "41.30400", "2013-04-30": "53.23600", "2013-01-31": "39.64000", "2012-10-31": "45.84500", "2012-07-31": "44.89600", "2012-04-30": "55.47100", "2012-01-31": "40.60300", "2011-10-31": "41.14900", "2011-07-31": "40.52300", "2011-04-30": "50.13600", "2011-01-31": "37.89300", "2010-10-31": "37.82300", "2010-07-31": "36.23400", "2010-04-30": "44.39000", "2010-01-31": "35.73300", "2009-10-31": "35.27000", "2009-07-31": "34.63000", "2009-04-30": "40.51200", "2009-01-31": "27.15000", "2008-10-31": "37.25400", "2008-07-31": "40.81900", "2008-04-30": "46.47700", "2008-01-31": "32.02600", "2007-10-31": "37.61000", "2007-07-31": "36.73400", "2007-04-30": "38.86700", "2007-01-31": "30.39200", "2006-10-31": "30.34500", "2006-07-31": "30.69600", "2006-04-30": "33.18000", "2006-01-31": "26.11800", "2005-10-31": "22.66600", "2005-07-31": "24.97400", "2005-04-30": "30.71300", "2005-01-31": "23.46600"}, "Other Income": {"2020-10-31": "", "2020-07-31": "", "2020-04-30": "", "2020-01-31": "", "2019-10-31": "", "2019-07-31": "", "2019-04-30": "", "2019-01-31": "", "2018-10-31": "", "2018-07-31": "", "2018-04-30": "", "2018-01-31": "", "2017-10-31": "", "2017-07-31": "", "2017-04-30": "", "2017-01-31": "", "2016-10-31": "", "2016-07-31": "", "2016-04-30": "", "2016-01-31": "", "2015-10-31": "", "2015-07-31": "", "2015-04-30": "", "2015-01-31": "", "2014-10-31": "", "2014-07-31": "", "2014-04-30": "", "2014-01-31": "", "2013-10-31": "", "2013-07-31": "", "2013-04-30": "", "2013-01-31": "", "2012-10-31": "", "2012-07-31": "", "2012-04-30": "", "2012-01-31": "", "2011-10-31": "", "2011-07-31": "", "2011-04-30": "", "2011-01-31": "", "2010-10-31": "", "2010-07-31": "", "2010-04-30": "", "2010-01-31": "", "2009-10-31": "", "2009-07-31": "", "2009-04-30": "", "2009-01-31": "", "2008-10-31": "", "2008-07-31": "", "2008-04-30": "", "2008-01-31": "", "2007-10-31": "", "2007-07-31": "", "2007-04-30": "", "2007-01-31": "", "2006-10-31": "", "2006-07-31": "", "2006-04-30": "", "2006-01-31": "", "2005-10-31": "", "2005-07-31": "", "2005-04-30": "", "2005-01-31": ""}, "Income From Continuous Operations": {"2020-10-31": "200.28500", "2020-07-31": "165.53300", "2020-04-30": "147.48700", "2020-01-31": "168.70700", "2019-10-31": "218.18000", "2019-07-31": "153.49600", "2019-04-30": "192.74100", "2019-01-31": "131.37300", "2018-10-31": "114.08300", "2018-07-31": "109.74100", "2018-04-30": "127.40500", "2018-01-31": "103.30100", "2017-10-31": "77.56000", "2017-07-31": "70.36900", "2017-04-30": "90.54600", "2017-01-31": "66.06600", "2016-10-31": "167.28000", "2016-07-31": "84.12200", "2016-04-30": "74.62400", "2016-01-31": "59.00400", "2015-10-31": "52.61000", "2015-07-31": "57.41200", "2015-04-30": "57.56300", "2015-01-31": "52.19300", "2014-10-31": "52.61500", "2014-07-31": "51.04300", "2014-04-30": "40.87700", "2014-01-31": "45.34500", "2013-10-31": "41.42200", "2013-07-31": "41.30400", "2013-04-30": "53.23600", "2013-01-31": "39.64000", "2012-10-31": "45.84500", "2012-07-31": "44.89600", "2012-04-30": "55.47100", "2012-01-31": "40.60300", "2011-10-31": "41.14900", "2011-07-31": "40.52300", "2011-04-30": "50.13600", "2011-01-31": "37.89300", "2010-10-31": "37.82300", "2010-07-31": "36.23400", "2010-04-30": "44.39000", "2010-01-31": "35.73300", "2009-10-31": "35.27000", "2009-07-31": "34.63000", "2009-04-30": "40.51200", "2009-01-31": "27.15000", "2008-10-31": "37.25400", "2008-07-31": "40.81900", "2008-04-30": "46.47700", "2008-01-31": "32.02600", "2007-10-31": "37.61000", "2007-07-31": "36.73400", "2007-04-30": "38.86700", "2007-01-31": "30.39200", "2006-10-31": "30.34500", "2006-07-31": "30.69600", "2006-04-30": "33.18000", "2006-01-31": "26.11800", "2005-10-31": "22.66600", "2005-07-31": "24.97400", "2005-04-30": "30.71300", "2005-01-31": "23.46600"}, "Income From Discontinued Operations": {"2020-10-31": "", "2020-07-31": "", "2020-04-30": "", "2020-01-31": "", "2019-10-31": "", "2019-07-31": "", "2019-04-30": "", "2019-01-31": "", "2018-10-31": "", "2018-07-31": "", "2018-04-30": "", "2018-01-31": "", "2017-10-31": "", "2017-07-31": "", "2017-04-30": "", "2017-01-31": "", "2016-10-31": "", "2016-07-31": "", "2016-04-30": "", "2016-01-31": "", "2015-10-31": "", "2015-07-31": "", "2015-04-30": "", "2015-01-31": "", "2014-10-31": "", "2014-07-31": "", "2014-04-30": "", "2014-01-31": "", "2013-10-31": "", "2013-07-31": "", "2013-04-30": "", "2013-01-31": "", "2012-10-31": "", "2012-07-31": "", "2012-04-30": "", "2012-01-31": "", "2011-10-31": "", "2011-07-31": "", "2011-04-30": "", "2011-01-31": "", "2010-10-31": "", "2010-07-31": "", "2010-04-30": "", "2010-01-31": "", "2009-10-31": "", "2009-07-31": "", "2009-04-30": "1.55700", "2009-01-31": "", "2008-10-31": "", "2008-07-31": "", "2008-04-30": "", "2008-01-31": "", "2007-10-31": "", "2007-07-31": "", "2007-04-30": "", "2007-01-31": "", "2006-10-31": "", "2006-07-31": "0.87500", "2006-04-30": "1.53000", "2006-01-31": "-18.26500", "2005-10-31": "0.14700", "2005-07-31": "0.01400", "2005-04-30": "0.19200", "2005-01-31": "0.08700"}, "Net Income": {"2020-10-31": "200.28500", "2020-07-31": "165.53300", "2020-04-30": "147.48700", "2020-01-31": "168.70700", "2019-10-31": "218.18000", "2019-07-31": "153.49600", "2019-04-30": "192.74100", "2019-01-31": "131.37300", "2018-10-31": "114.08300", "2018-07-31": "109.74800", "2018-04-30": "127.34800", "2018-01-31": "103.25600", "2017-10-31": "77.51500", "2017-07-31": "70.33500", "2017-04-30": "90.54600", "2017-01-31": "66.06600", "2016-10-31": "167.28000", "2016-07-31": "84.12200", "2016-04-30": "74.62400", "2016-01-31": "59.00400", "2015-10-31": "52.61000", "2015-07-31": "57.41200", "2015-04-30": "57.56300", "2015-01-31": "52.19300", "2014-10-31": "52.61500", "2014-07-31": "51.04300", "2014-04-30": "40.87700", "2014-01-31": "45.34500", "2013-10-31": "41.42200", "2013-07-31": "41.30400", "2013-04-30": "53.23600", "2013-01-31": "39.64000", "2012-10-31": "45.84500", "2012-07-31": "44.89600", "2012-04-30": "55.47100", "2012-01-31": "40.60300", "2011-10-31": "41.14900", "2011-07-31": "40.52300", "2011-04-30": "50.13600", "2011-01-31": "37.89300", "2010-10-31": "37.82300", "2010-07-31": "36.23400", "2010-04-30": "44.39000", "2010-01-31": "35.73300", "2009-10-31": "35.27000", "2009-07-31": "34.63000", "2009-04-30": "42.06900", "2009-01-31": "27.15000", "2008-10-31": "37.25400", "2008-07-31": "40.81900", "2008-04-30": "46.47700", "2008-01-31": "32.02600", "2007-10-31": "37.61000", "2007-07-31": "36.73400", "2007-04-30": "38.86700", "2007-01-31": "30.39200", "2006-10-31": "30.34500", "2006-07-31": "31.57100", "2006-04-30": "34.71000", "2006-01-31": "7.85300", "2005-10-31": "22.81300", "2005-07-31": "24.98800", "2005-04-30": "30.90500", "2005-01-31": "23.55300"}, "EBITDA": {"2020-10-31": "277.82100", "2020-07-31": "233.21610", "2020-04-30": "223.76000", "2020-01-31": "234.28500", "2019-10-31": "229.09500", "2019-07-31": "214.42710", "2019-04-30": "228.71600", "2019-01-31": "185.24800", "2018-10-31": "173.41800", "2018-07-31": "163.19900", "2018-04-30": "191.30300", "2018-01-31": "168.92900", "2017-10-31": "139.95400", "2017-07-31": "124.29690", "2017-04-30": "150.59300", "2017-01-31": "124.20600", "2016-10-31": "119.64400", "2016-07-31": "119.93400", "2016-04-30": "134.55400", "2016-01-31": "103.81700", "2015-10-31": "97.80800", "2015-07-31": "98.07900", "2015-04-30": "106.97900", "2015-01-31": "91.86800", "2014-10-31": "96.36800", "2014-07-31": "89.23510", "2014-04-30": "75.40200", "2014-01-31": "84.56000", "2013-10-31": "79.46300", "2013-07-31": "77.53200", "2013-04-30": "97.61000", "2013-01-31": "77.38200", "2012-10-31": "87.19600", "2012-07-31": "81.34500", "2012-04-30": "100.01300", "2012-01-31": "75.75900", "2011-10-31": "77.40300", "2011-07-31": "74.78800", "2011-04-30": "93.31800", "2011-01-31": "71.56200", "2010-10-31": "71.31600", "2010-07-31": "68.37100", "2010-04-30": "83.13900", "2010-01-31": "63.69600", "2009-10-31": "67.10600", "2009-07-31": "65.44900", "2009-04-30": "75.34200", "2009-01-31": "55.69400", "2008-10-31": "70.19400", "2008-07-31": "76.41900", "2008-04-30": "78.35400", "2008-01-31": "58.31700", "2007-10-31": "67.63100", "2007-07-31": "64.18800", "2007-04-30": "66.45000", "2007-01-31": "53.96300", "2006-10-31": "55.63300", "2006-07-31": "55.73300", "2006-04-30": "61.45400", "2006-01-31": "44.72300", "2005-10-31": "41.10800", "2005-07-31": "44.25200", "2005-04-30": "56.04800", "2005-01-31": "43.92900"}, "EBIT": {"2020-10-31": "248.59400", "2020-07-31": "205.71500", "2020-04-30": "195.10100", "2020-01-31": "209.89200", "2019-10-31": "205.39100", "2019-07-31": "192.80200", "2019-04-30": "207.49400", "2019-01-31": "164.73900", "2018-10-31": "151.44000", "2018-07-31": "134.83700", "2018-04-30": "174.61900", "2018-01-31": "150.94700", "2017-10-31": "123.94200", "2017-07-31": "110.80690", "2017-04-30": "136.78800", "2017-01-31": "108.88000", "2016-10-31": "104.82400", "2016-07-31": "106.19100", "2016-04-30": "121.94800", "2016-01-31": "92.08500", "2015-10-31": "86.24600", "2015-07-31": "86.76500", "2015-04-30": "94.76700", "2015-01-31": "80.46800", "2014-10-31": "82.40100", "2014-07-31": "75.85810", "2014-04-30": "62.63300", "2014-01-31": "71.48400", "2013-10-31": "64.95900", "2013-07-31": "63.05200", "2013-04-30": "82.81300", "2013-01-31": "62.77000", "2012-10-31": "74.35700", "2012-07-31": "69.49390", "2012-04-30": "87.94400", "2012-01-31": "63.53900", "2011-10-31": "65.37600", "2011-07-31": "63.45700", "2011-04-30": "82.04400", "2011-01-31": "60.19500", "2010-10-31": "59.59400", "2010-07-31": "57.22000", "2010-04-30": "72.12600", "2010-01-31": "53.23200", "2009-10-31": "56.49200", "2009-07-31": "55.39100", "2009-04-30": "64.88000", "2009-01-31": "45.56900", "2008-10-31": "59.48500", "2008-07-31": "65.37100", "2008-04-30": "68.68400", "2008-01-31": "47.23500", "2007-10-31": "56.62700", "2007-07-31": "53.85900", "2007-04-30": "57.22900", "2007-01-31": "45.16400", "2006-10-31": "46.89300", "2006-07-31": "47.19700", "2006-04-30": "53.35100", "2006-01-31": "37.01500", "2005-10-31": "33.99900", "2005-07-31": "37.41200", "2005-04-30": "47.45600", "2005-01-31": "36.50000"}, "Basic Shares Outstanding": {"2020-10-31": "235.79100", "2020-07-31": "233.20200", "2020-04-30": "234.13300", "2020-01-31": "232.67100", "2019-10-31": "231.16900", "2019-07-31": "230.48900", "2019-04-30": "227.98400", "2019-01-31": "230.79800", "2018-10-31": "233.88800", "2018-07-31": "231.79300", "2018-04-30": "232.01000", "2018-01-31": "231.47800", "2017-10-31": "230.69400", "2017-07-31": "228.68600", "2017-04-30": "229.92000", "2017-01-31": "229.14200", "2016-10-31": "225.43600", "2016-07-31": "228.84600", "2016-04-30": "221.08800", "2016-01-31": "234.61200", "2015-10-31": "240.31000", "2015-07-31": "251.82900", "2015-04-30": "252.83000", "2015-01-31": "252.60000", "2014-10-31": "252.43400", "2014-07-31": "251.38600", "2014-04-30": "251.58800", "2014-01-31": "251.12800", "2013-10-31": "250.92000", "2013-07-31": "249.82400", "2013-04-30": "250.54000", "2013-01-31": "249.41800", "2012-10-31": "248.60400", "2012-07-31": "256.24000", "2012-04-30": "253.19200", "2012-01-31": "256.61200", "2011-10-31": "262.86400", "2011-07-31": "302.59600", "2011-04-30": "279.22600", "2011-01-31": "324.96000", "2010-10-31": "334.98000", "2010-07-31": "336.66000", "2010-04-30": "336.89600", "2010-01-31": "336.43200", "2009-10-31": "336.18000", "2009-07-31": "334.14800", "2009-04-30": "334.52400", "2009-01-31": "333.77200", "2008-10-31": "333.13200", "2008-07-31": "349.64800", "2008-04-30": "348.47600", "2008-01-31": "355.20800", "2007-10-31": "354.23200", "2007-07-31": "362.60400", "2007-04-30": "365.08400", "2007-01-31": "363.00800", "2006-10-31": "362.00000", "2006-07-31": "361.48800", "2006-04-30": "361.17200", "2006-01-31": "361.60400", "2005-10-31": "361.54000", "2005-07-31": "360.64800", "2005-04-30": "360.71600", "2005-01-31": "360.49200"}, "Shares Outstanding": {"2020-10-31": "239.96800", "2020-07-31": "238.65600", "2020-04-30": "238.59100", "2020-01-31": "238.47000", "2019-10-31": "238.66200", "2019-07-31": "240.45300", "2019-04-30": "237.89200", "2019-01-31": "240.66000", "2018-10-31": "244.82600", "2018-07-31": "241.87700", "2018-04-30": "242.96000", "2018-01-31": "241.36000", "2017-10-31": "238.79100", "2017-07-31": "237.01900", "2017-04-30": "237.13500", "2017-01-31": "235.58800", "2016-10-31": "237.75800", "2016-07-31": "244.29500", "2016-04-30": "236.41200", "2016-01-31": "249.22400", "2015-10-31": "254.28800", "2015-07-31": "262.85100", "2015-04-30": "264.24800", "2015-01-31": "263.74400", "2014-10-31": "263.03400", "2014-07-31": "262.46000", "2014-04-30": "262.97200", "2014-01-31": "262.20200", "2013-10-31": "261.41200", "2013-07-31": "259.56200", "2013-04-30": "261.06000", "2013-01-31": "259.04000", "2012-10-31": "256.94600", "2012-07-31": "262.85600", "2012-04-30": "260.90200", "2012-01-31": "263.18000", "2011-10-31": "267.60400", "2011-07-31": "306.70400", "2011-04-30": "284.13000", "2011-01-31": "327.82000", "2010-10-31": "337.62400", "2010-07-31": "340.10800", "2010-04-30": "340.59200", "2010-01-31": "339.70800", "2009-10-31": "339.79200", "2009-07-31": "339.72000", "2009-04-30": "339.12800", "2009-01-31": "336.82400", "2008-10-31": "341.28000", "2008-07-31": "359.43200", "2008-04-30": "358.82800", "2008-01-31": "365.33200", "2007-10-31": "362.74400", "2007-07-31": "373.82000", "2007-04-30": "375.14000", "2007-01-31": "374.72800", "2006-10-31": "373.50000", "2006-07-31": "371.70000", "2006-04-30": "371.53600", "2006-01-31": "370.54400", "2005-10-31": "370.92000", "2005-07-31": "371.93600", "2005-04-30": "372.40000", "2005-01-31": "372.48400"}, "Basic EPS": {"2020-10-31": "0.85000", "2020-07-31": "0.70000", "2020-04-30": "0.63000", "2020-01-31": "0.73000", "2019-10-31": "0.94000", "2019-07-31": "0.66000", "2019-04-30": "0.85000", "2019-01-31": "0.57000", "2018-10-31": "0.49000", "2018-07-31": "0.46000", "2018-04-30": "0.55000", "2018-01-31": "0.45000", "2017-10-31": "0.34000", "2017-07-31": "0.30000", "2017-04-30": "0.39000", "2017-01-31": "0.29000", "2016-10-31": "0.74000", "2016-07-31": "0.37000", "2016-04-30": "0.34000", "2016-01-31": "0.25000", "2015-10-31": "0.22000", "2015-07-31": "0.22500", "2015-04-30": "0.23000", "2015-01-31": "0.20500", "2014-10-31": "0.21000", "2014-07-31": "0.20500", "2014-04-30": "0.16000", "2014-01-31": "0.18000", "2013-10-31": "0.16500", "2013-07-31": "0.16500", "2013-04-30": "0.21000", "2013-01-31": "0.16000", "2012-10-31": "0.18500", "2012-07-31": "0.17500", "2012-04-30": "0.22000", "2012-01-31": "0.16000", "2011-10-31": "0.15500", "2011-07-31": "0.14000", "2011-04-30": "0.18000", "2011-01-31": "0.11750", "2010-10-31": "0.11250", "2010-07-31": "0.10750", "2010-04-30": "0.13250", "2010-01-31": "0.10500", "2009-10-31": "0.10500", "2009-07-31": "0.10250", "2009-04-30": "0.12500", "2009-01-31": "0.08250", "2008-10-31": "0.11250", "2008-07-31": "0.12250", "2008-04-30": "0.13250", "2008-01-31": "0.09000", "2007-10-31": "0.10500", "2007-07-31": "0.10000", "2007-04-30": "0.10750", "2007-01-31": "0.08250", "2006-10-31": "0.08500", "2006-07-31": "0.08750", "2006-04-30": "0.09500", "2006-01-31": "0.02250", "2005-10-31": "0.06250", "2005-07-31": "0.07000", "2005-04-30": "0.08500", "2005-01-31": "0.06500"}, "EPS - Earnings Per Share": {"2020-10-31": "0.83000", "2020-07-31": "0.69000", "2020-04-30": "0.62000", "2020-01-31": "0.71000", "2019-10-31": "0.91000", "2019-07-31": "0.63000", "2019-04-30": "0.81000", "2019-01-31": "0.55000", "2018-10-31": "0.47000", "2018-07-31": "0.46000", "2018-04-30": "0.52000", "2018-01-31": "0.43000", "2017-10-31": "0.32000", "2017-07-31": "0.30000", "2017-04-30": "0.38000", "2017-01-31": "0.28000", "2016-10-31": "0.70000", "2016-07-31": "0.35000", "2016-04-30": "0.32000", "2016-01-31": "0.23500", "2015-10-31": "0.20500", "2015-07-31": "0.22000", "2015-04-30": "0.22000", "2015-01-31": "0.20000", "2014-10-31": "0.20000", "2014-07-31": "0.19000", "2014-04-30": "0.15500", "2014-01-31": "0.17500", "2013-10-31": "0.16000", "2013-07-31": "0.15500", "2013-04-30": "0.20500", "2013-01-31": "0.15500", "2012-10-31": "0.18000", "2012-07-31": "0.17000", "2012-04-30": "0.21500", "2012-01-31": "0.15500", "2011-10-31": "0.15500", "2011-07-31": "0.13750", "2011-04-30": "0.17500", "2011-01-31": "0.11500", "2010-10-31": "0.11250", "2010-07-31": "0.10500", "2010-04-30": "0.13000", "2010-01-31": "0.10500", "2009-10-31": "0.10500", "2009-07-31": "0.10000", "2009-04-30": "0.12500", "2009-01-31": "0.08000", "2008-10-31": "0.11000", "2008-07-31": "0.11750", "2008-04-30": "0.13000", "2008-01-31": "0.08750", "2007-10-31": "0.10250", "2007-07-31": "0.10250", "2007-04-30": "0.10250", "2007-01-31": "0.08000", "2006-10-31": "0.08000", "2006-07-31": "0.08500", "2006-04-30": "0.09250", "2006-01-31": "0.02000", "2005-10-31": "0.06250", "2005-07-31": "0.07000", "2005-04-30": "0.08250", "2005-01-31": "0.06250"}}, "balance sheet": {"Cash On Hand": {"2020-07-31": "477.71800", "2019-07-31": "186.31900", "2018-07-31": "274.52000", "2017-07-31": "210.10000", "2016-07-31": "155.84900", "2015-07-31": "456.01200", "2014-07-31": "158.66800", "2013-07-31": "63.63100", "2012-07-31": "140.11200", "2011-07-31": "74.00900", "2010-07-31": "268.18800", "2009-07-31": "162.69100", "2008-07-31": "38.95400", "2007-07-31": "210.24600", "2006-07-31": "275.31500", "2005-07-31": "252.54800"}, "Receivables": {"2020-07-31": "376.94700", "2019-07-31": "386.79100", "2018-07-31": "366.91300", "2017-07-31": "318.26400", "2016-07-31": "285.02100", "2015-07-31": "221.78800", "2014-07-31": "199.27300", "2013-07-31": "192.13000", "2012-07-31": "140.21200", "2011-07-31": "128.00400", "2010-07-31": "120.01900", "2009-07-31": "114.67400", "2008-07-31": "130.74600", "2007-07-31": "113.10300", "2006-07-31": "102.02300", "2005-07-31": "89.00200"}, "Inventory": {"2020-07-31": "20.08000", "2019-07-31": "20.94100", "2018-07-31": "16.73400", "2017-07-31": "10.16300", "2016-07-31": "10.38800", "2015-07-31": "8.61300", "2014-07-31": "7.25900", "2013-07-31": "10.73600", "2012-07-31": "8.49400", "2011-07-31": "8.01600", "2010-07-31": "4.97600", "2009-07-31": "4.66700", "2008-07-31": "5.33400", "2007-07-31": "5.99900", "2006-07-31": "0.97100", "2005-07-31": ""}, "Pre-Paid Expenses": {"2020-07-31": "15.33000", "2019-07-31": "16.56800", "2018-07-31": "16.66500", "2017-07-31": "17.61600", "2016-07-31": "18.00500", "2015-07-31": "19.82400", "2014-07-31": "20.85000", "2013-07-31": "15.34400", "2012-07-31": "9.15500", "2011-07-31": "14.81300", "2010-07-31": "14.34200", "2009-07-31": "5.21600", "2008-07-31": "6.93200", "2007-07-31": "5.51800", "2006-07-31": "4.86400", "2005-07-31": "6.27400"}, "Other Current Assets": {"2020-07-31": "73.68400", "2019-07-31": "76.54800", "2018-07-31": "34.28400", "2017-07-31": "31.11800", "2016-07-31": "28.59900", "2015-07-31": "24.94900", "2014-07-31": "24.43800", "2013-07-31": "22.39500", "2012-07-31": "19.65400", "2011-07-31": "17.02600", "2010-07-31": "29.89000", "2009-07-31": "28.68500", "2008-07-31": "30.78700", "2007-07-31": "28.84200", "2006-07-31": "28.17700", "2005-07-31": "25.98300"}, "Total Current Assets": {"2020-07-31": "963.75900", "2019-07-31": "687.16700", "2018-07-31": "709.11600", "2017-07-31": "587.26100", "2016-07-31": "499.30600", "2015-07-31": "734.58200", "2014-07-31": "412.29100", "2013-07-31": "306.45200", "2012-07-31": "321.22700", "2011-07-31": "241.86800", "2010-07-31": "437.41500", "2009-07-31": "315.93300", "2008-07-31": "212.75300", "2007-07-31": "363.70800", "2006-07-31": "411.35000", "2005-07-31": "373.80700"}, "Property, Plant, And Equipment": {"2020-07-31": "1941.71900", "2019-07-31": "1427.72600", "2018-07-31": "1163.42500", "2017-07-31": "944.05600", "2016-07-31": "816.79100", "2015-07-31": "700.40200", "2014-07-31": "692.38300", "2013-07-31": "677.51700", "2012-07-31": "587.16300", "2011-07-31": "600.38800", "2010-07-31": "573.51400", "2009-07-31": "530.88600", "2008-07-31": "510.34000", "2007-07-31": "420.66400", "2006-07-31": "341.94300", "2005-07-31": "295.27000"}, "Long-Term Investments": {"2020-07-31": "", "2019-07-31": "", "2018-07-31": "", "2017-07-31": "", "2016-07-31": "", "2015-07-31": "", "2014-07-31": "", "2013-07-31": "", "2012-07-31": "", "2011-07-31": "", "2010-07-31": "", "2009-07-31": "", "2008-07-31": "", "2007-07-31": "", "2006-07-31": "", "2005-07-31": ""}, "Goodwill And Intangible Assets": {"2020-07-31": "391.39400", "2019-07-31": "388.47700", "2018-07-31": "402.12700", "2017-07-31": "416.18100", "2016-07-31": "271.95900", "2015-07-31": "289.70700", "2014-07-31": "309.02200", "2013-07-31": "285.16900", "2012-07-31": "204.42300", "2011-07-31": "211.36800", "2010-07-31": "188.88600", "2009-07-31": "181.53900", "2008-07-31": "199.06500", "2007-07-31": "189.08700", "2006-07-31": "114.16500", "2005-07-31": "118.31300"}, "Other Long-Term Assets": {"2020-07-31": "39.72100", "2019-07-31": "43.83600", "2018-07-31": "32.56000", "2017-07-31": "33.71600", "2016-07-31": "38.25800", "2015-07-31": "45.12900", "2014-07-31": "56.38700", "2013-07-31": "35.22600", "2012-07-31": "18.90700", "2011-07-31": "21.38700", "2010-07-31": "18.78400", "2009-07-31": "29.67400", "2008-07-31": "27.15100", "2007-07-31": "33.35600", "2006-07-31": "22.11000", "2005-07-31": "6.13800"}, "Total Long-Term Assets": {"2020-07-31": "2491.50200", "2019-07-31": "1860.45000", "2018-07-31": "1598.58200", "2017-07-31": "1395.24000", "2016-07-31": "1150.51400", "2015-07-31": "1064.07800", "2014-07-31": "1094.51300", "2013-07-31": "1028.02900", "2012-07-31": "832.77310", "2011-07-31": "842.56800", "2010-07-31": "791.39700", "2009-07-31": "742.09900", "2008-07-31": "743.49400", "2007-07-31": "650.89200", "2006-07-31": "483.35500", "2005-07-31": "419.72100"}, "Total Assets": {"2020-07-31": "3455.26100", "2019-07-31": "2547.61700", "2018-07-31": "2307.69800", "2017-07-31": "1982.50100", "2016-07-31": "1649.82000", "2015-07-31": "1798.66000", "2014-07-31": "1506.80400", "2013-07-31": "1334.48100", "2012-07-31": "1154.00000", "2011-07-31": "1084.43600", "2010-07-31": "1228.81200", "2009-07-31": "1058.03200", "2008-07-31": "956.24700", "2007-07-31": "1014.60000", "2006-07-31": "894.70500", "2005-07-31": "793.52800"}, "Total Current Liabilities": {"2020-07-31": "356.04400", "2019-07-31": "282.00400", "2018-07-31": "277.25600", "2017-07-31": "302.15300", "2016-07-31": "278.78300", "2015-07-31": "213.12600", "2014-07-31": "244.28400", "2013-07-31": "238.55900", "2012-07-31": "186.31900", "2011-07-31": "166.62600", "2010-07-31": "107.22400", "2009-07-31": "103.58400", "2008-07-31": "128.25200", "2007-07-31": "115.85800", "2006-07-31": "83.33300", "2005-07-31": "80.11100"}, "Long Term Debt": {"2020-07-31": "397.03600", "2019-07-31": "400.09100", "2018-07-31": "398.74700", "2017-07-31": "550.88300", "2016-07-31": "564.34100", "2015-07-31": "590.84300", "2014-07-31": "223.22700", "2013-07-31": "296.41000", "2012-07-31": "368.95000", "2011-07-31": "325.38600", "2010-07-31": "0.60100", "2009-07-31": "", "2008-07-31": "", "2007-07-31": "", "2006-07-31": "", "2005-07-31": ""}, "Other Non-Current Liabilities": {"2020-07-31": "0.43000", "2019-07-31": "3.34200", "2018-07-31": "3.58600", "2017-07-31": "3.10000", "2016-07-31": "2.78300", "2015-07-31": "3.74800", "2014-07-31": "4.65100", "2013-07-31": "5.94900", "2012-07-31": "7.89700", "2011-07-31": "2.42200", "2010-07-31": "0.63600", "2009-07-31": "1.72600", "2008-07-31": "2.73600", "2007-07-31": "3.87800", "2006-07-31": "1.40200", "2005-07-31": "1.16000"}, "Total Long Term Liabilities": {"2020-07-31": "609.70100", "2019-07-31": "487.23200", "2018-07-31": "449.34300", "2017-07-31": "581.74800", "2016-07-31": "596.58100", "2015-07-31": "621.07000", "2014-07-31": "259.02100", "2013-07-31": "333.52100", "2012-07-31": "406.56400", "2011-07-31": "362.63800", "2010-07-31": "34.35400", "2009-07-31": "32.98900", "2008-07-31": "28.99900", "2007-07-31": "17.87600", "2006-07-31": "1.40200", "2005-07-31": "4.03800"}, "Total Liabilities": {"2020-07-31": "965.74500", "2019-07-31": "769.23600", "2018-07-31": "726.59900", "2017-07-31": "883.90100", "2016-07-31": "875.36400", "2015-07-31": "834.19600", "2014-07-31": "503.30500", "2013-07-31": "572.08000", "2012-07-31": "592.88300", "2011-07-31": "529.26400", "2010-07-31": "141.57800", "2009-07-31": "136.57300", "2008-07-31": "157.25100", "2007-07-31": "133.73400", "2006-07-31": "84.73500", "2005-07-31": "84.14900"}, "Common Stock Net": {"2020-07-31": "0.02400", "2019-07-31": "0.02300", "2018-07-31": "0.02300", "2017-07-31": "0.02300", "2016-07-31": "0.02200", "2015-07-31": "0.01200", "2014-07-31": "0.01300", "2013-07-31": "0.01300", "2012-07-31": "0.01200", "2011-07-31": "0.01300", "2010-07-31": "365.50700", "2009-07-31": "334.44000", "2008-07-31": "316.67300", "2007-07-31": "206.12600", "2006-07-31": "276.05200", "2005-07-31": "272.01700"}, "Retained Earnings (Accumulated Deficit)": {"2020-07-31": "1937.85300", "2019-07-31": "1338.32800", "2018-07-31": "1162.14600", "2017-07-31": "745.37000", "2016-07-31": "491.19400", "2015-07-31": "625.43700", "2014-07-31": "619.00400", "2013-07-31": "440.78000", "2012-07-31": "272.96100", "2011-07-31": "264.45700", "2010-07-31": "754.46800", "2009-07-31": "614.10100", "2008-07-31": "481.49000", "2007-07-31": "670.29300", "2006-07-31": "533.95500", "2005-07-31": "437.00800"}, "Comprehensive Income": {"2020-07-31": "-121.08800", "2019-07-31": "-132.52900", "2018-07-31": "-107.92800", "2017-07-31": "-100.67600", "2016-07-31": "-109.19400", "2015-07-31": "-68.79300", "2014-07-31": "-20.06000", "2013-07-31": "-47.16100", "2012-07-31": "-38.04300", "2011-07-31": "-23.22500", "2010-07-31": "-32.74100", "2009-07-31": "-27.08200", "2008-07-31": "0.83300", "2007-07-31": "4.44700", "2006-07-31": "-0.03700", "2005-07-31": "0.35400"}, "Other Share Holders Equity": {"2020-07-31": "", "2019-07-31": "", "2018-07-31": "", "2017-07-31": "", "2016-07-31": "", "2015-07-31": "", "2014-07-31": "", "2013-07-31": "", "2012-07-31": "", "2011-07-31": "", "2010-07-31": "", "2009-07-31": "", "2008-07-31": "", "2007-07-31": "", "2006-07-31": "", "2005-07-31": ""}, "Share Holder Equity": {"2020-07-31": "2489.51600", "2019-07-31": "1778.38100", "2018-07-31": "1581.09900", "2017-07-31": "1098.60000", "2016-07-31": "774.45600", "2015-07-31": "964.46400", "2014-07-31": "1003.49900", "2013-07-31": "762.40100", "2012-07-31": "561.11700", "2011-07-31": "555.17200", "2010-07-31": "1087.23400", "2009-07-31": "921.45900", "2008-07-31": "798.99600", "2007-07-31": "880.86600", "2006-07-31": "809.97000", "2005-07-31": "709.37900"}, "Total Liabilities And Share Holders Equity": {"2020-07-31": "3455.26100", "2019-07-31": "2547.61700", "2018-07-31": "2307.69800", "2017-07-31": "1982.50100", "2016-07-31": "1649.82000", "2015-07-31": "1798.66000", "2014-07-31": "1506.80400", "2013-07-31": "1334.48100", "2012-07-31": "1154.00000", "2011-07-31": "1084.43600", "2010-07-31": "1228.81200", "2009-07-31": "1058.03200", "2008-07-31": "956.24700", "2007-07-31": "1014.60000", "2006-07-31": "894.70500", "2005-07-31": "793.52800"}}, "balance sheet, quarterly": {"Cash On Hand": {"2020-10-31": "605.73200", "2020-07-31": "477.71800", "2020-04-30": "306.38700", "2020-01-31": "93.51100", "2019-10-31": "181.10200", "2019-07-31": "186.31900", "2019-04-30": "102.82600", "2019-01-31": "108.17400", "2018-10-31": "320.30900", "2018-07-31": "274.52000", "2018-04-30": "204.27500", "2018-01-31": "195.30000", "2017-10-31": "224.24600", "2017-07-31": "210.10000", "2017-04-30": "189.62100", "2017-01-31": "174.95200", "2016-10-31": "168.42100", "2016-07-31": "155.84900", "2016-04-30": "137.65300", "2016-01-31": "158.88100", "2015-10-31": "494.80900", "2015-07-31": "456.01200", "2015-04-30": "678.74200", "2015-01-31": "590.36600", "2014-10-31": "198.48400", "2014-07-31": "158.66800", "2014-04-30": "132.83200", "2014-01-31": "46.19900", "2013-10-31": "77.05200", "2013-07-31": "63.63100", "2013-04-30": "139.33100", "2013-01-31": "49.51000", "2012-10-31": "131.43000", "2012-07-31": "140.11200", "2012-04-30": "207.13400", "2012-01-31": "127.64000", "2011-10-31": "212.67700", "2011-07-31": "74.00900", "2011-04-30": "192.14800", "2011-01-31": "203.95400", "2010-10-31": "260.47000", "2010-07-31": "268.18800", "2010-04-30": "264.25200", "2010-01-31": "189.29000", "2009-10-31": "218.27900", "2009-07-31": "162.69100", "2009-04-30": "118.96300", "2009-01-31": "22.44900", "2008-10-31": "50.77000", "2008-07-31": "38.95400", "2008-04-30": "96.34500", "2008-01-31": "173.22500", "2007-10-31": "249.85400", "2007-07-31": "210.24600", "2007-04-30": "249.11400", "2007-01-31": "319.93800", "2006-10-31": "313.70000", "2006-07-31": "275.31500", "2006-04-30": "251.91200", "2006-01-31": "202.32800", "2005-10-31": "255.48800", "2005-07-31": "252.54800", "2005-04-30": "243.90300", "2005-01-31": "207.17500"}, "Receivables": {"2020-10-31": "408.81200", "2020-07-31": "376.94700", "2020-04-30": "377.82200", "2020-01-31": "514.37800", "2019-10-31": "442.67900", "2019-07-31": "386.79100", "2019-04-30": "395.46600", "2019-01-31": "393.58600", "2018-10-31": "336.02800", "2018-07-31": "366.91300", "2018-04-30": "357.48800", "2018-01-31": "402.80800", "2017-10-31": "366.78000", "2017-07-31": "318.26400", "2017-04-30": "344.73400", "2017-01-31": "423.96200", "2016-10-31": "405.28100", "2016-07-31": "285.02100", "2016-04-30": "266.06400", "2016-01-31": "288.96100", "2015-10-31": "232.35300", "2015-07-31": "221.78800", "2015-04-30": "219.59000", "2015-01-31": "243.28000", "2014-10-31": "205.21400", "2014-07-31": "199.27300", "2014-04-30": "195.96800", "2014-01-31": "227.73200", "2013-10-31": "189.46100", "2013-07-31": "192.13000", "2013-04-30": "168.53900", "2013-01-31": "211.26700", "2012-10-31": "150.77400", "2012-07-31": "140.21200", "2012-04-30": "133.30000", "2012-01-31": "154.88000", "2011-10-31": "137.06900", "2011-07-31": "128.00400", "2011-04-30": "122.37800", "2011-01-31": "141.55700", "2010-10-31": "119.41200", "2010-07-31": "120.01900", "2010-04-30": "107.35100", "2010-01-31": "131.57500", "2009-10-31": "109.71500", "2009-07-31": "114.67400", "2009-04-30": "116.04000", "2009-01-31": "158.34500", "2008-10-31": "125.77200", "2008-07-31": "130.74600", "2008-04-30": "129.52600", "2008-01-31": "138.98600", "2007-10-31": "114.88800", "2007-07-31": "113.10300", "2007-04-30": "105.69400", "2007-01-31": "117.51400", "2006-10-31": "100.37500", "2006-07-31": "102.02300", "2006-04-30": "112.84500", "2006-01-31": "123.89600", "2005-10-31": "92.19400", "2005-07-31": "89.00200", "2005-04-30": "94.34800", "2005-01-31": "99.70590"}, "Inventory": {"2020-10-31": "28.24400", "2020-07-31": "20.08000", "2020-04-30": "19.80900", "2020-01-31": "18.51500", "2019-10-31": "19.48200", "2019-07-31": "20.94100", "2019-04-30": "22.30900", "2019-01-31": "28.31500", "2018-10-31": "19.73400", "2018-07-31": "16.73400", "2018-04-30": "17.03400", "2018-01-31": "13.02500", "2017-10-31": "10.13800", "2017-07-31": "10.16300", "2017-04-30": "9.23900", "2017-01-31": "9.13600", "2016-10-31": "8.91800", "2016-07-31": "10.38800", "2016-04-30": "11.43900", "2016-01-31": "9.45800", "2015-10-31": "9.07500", "2015-07-31": "8.61300", "2015-04-30": "8.10700", "2015-01-31": "8.01500", "2014-10-31": "7.59200", "2014-07-31": "7.25900", "2014-04-30": "9.82600", "2014-01-31": "9.85000", "2013-10-31": "9.20500", "2013-07-31": "10.73600", "2013-04-30": "10.52400", "2013-01-31": "11.04300", "2012-10-31": "7.58700", "2012-07-31": "8.49400", "2012-04-30": "7.45800", "2012-01-31": "7.24700", "2011-10-31": "6.43300", "2011-07-31": "8.01600", "2011-04-30": "6.41200", "2011-01-31": "5.89000", "2010-10-31": "4.35000", "2010-07-31": "4.97600", "2010-04-30": "4.46500", "2010-01-31": "4.24000", "2009-10-31": "4.41100", "2009-07-31": "4.66700", "2009-04-30": "3.78400", "2009-01-31": "4.21200", "2008-10-31": "4.32900", "2008-07-31": "5.33400", "2008-04-30": "6.85100", "2008-01-31": "7.35600", "2007-10-31": "7.77200", "2007-07-31": "5.99900", "2007-04-30": "", "2007-01-31": "", "2006-10-31": "", "2006-07-31": "0.97100", "2006-04-30": "", "2006-01-31": "", "2005-10-31": "", "2005-07-31": "", "2005-04-30": "", "2005-01-31": ""}, "Pre-Paid Expenses": {"2020-10-31": "11.26000", "2020-07-31": "15.33000", "2020-04-30": "14.77700", "2020-01-31": "14.96400", "2019-10-31": "14.77800", "2019-07-31": "16.56800", "2019-04-30": "17.69500", "2019-01-31": "17.78100", "2018-10-31": "16.55300", "2018-07-31": "16.66500", "2018-04-30": "16.61600", "2018-01-31": "17.37400", "2017-10-31": "15.52800", "2017-07-31": "17.61600", "2017-04-30": "18.00200", "2017-01-31": "16.75900", "2016-10-31": "16.09600", "2016-07-31": "18.00500", "2016-04-30": "18.91000", "2016-01-31": "19.17900", "2015-10-31": "20.73200", "2015-07-31": "19.82400", "2015-04-30": "18.31200", "2015-01-31": "17.90400", "2014-10-31": "18.48700", "2014-07-31": "20.85000", "2014-04-30": "18.44300", "2014-01-31": "20.06900", "2013-10-31": "19.35000", "2013-07-31": "15.34400", "2013-04-30": "10.79400", "2013-01-31": "11.63300", "2012-10-31": "14.65500", "2012-07-31": "9.15500", "2012-04-30": "8.89800", "2012-01-31": "7.20800", "2011-10-31": "11.20600", "2011-07-31": "14.81300", "2011-04-30": "14.52100", "2011-01-31": "19.73100", "2010-10-31": "11.76900", "2010-07-31": "14.34200", "2010-04-30": "16.85200", "2010-01-31": "9.19000", "2009-10-31": "6.23700", "2009-07-31": "5.21600", "2009-04-30": "5.40900", "2009-01-31": "5.57800", "2008-10-31": "7.53800", "2008-07-31": "6.93200", "2008-04-30": "6.69600", "2008-01-31": "6.82000", "2007-10-31": "5.17200", "2007-07-31": "5.51800", "2007-04-30": "4.40900", "2007-01-31": "3.99900", "2006-10-31": "4.73500", "2006-07-31": "4.86400", "2006-04-30": "6.55000", "2006-01-31": "7.30000", "2005-10-31": "10.90900", "2005-07-31": "6.27400", "2005-04-30": "7.19500", "2005-01-31": "6.97200"}, "Other Current Assets": {"2020-10-31": "84.12800", "2020-07-31": "73.68400", "2020-04-30": "75.35700", "2020-01-31": "90.59500", "2019-10-31": "86.03500", "2019-07-31": "76.54800", "2019-04-30": "75.28900", "2019-01-31": "80.61000", "2018-10-31": "70.59800", "2018-07-31": "34.28400", "2018-04-30": "35.48900", "2018-01-31": "37.96900", "2017-10-31": "37.67900", "2017-07-31": "31.11800", "2017-04-30": "31.82200", "2017-01-31": "34.44300", "2016-10-31": "31.28400", "2016-07-31": "28.59900", "2016-04-30": "29.77100", "2016-01-31": "29.69400", "2015-10-31": "26.63200", "2015-07-31": "24.94900", "2015-04-30": "24.65500", "2015-01-31": "26.09100", "2014-10-31": "23.95800", "2014-07-31": "24.43800", "2014-04-30": "23.73500", "2014-01-31": "25.25000", "2013-10-31": "23.23100", "2013-07-31": "22.39500", "2013-04-30": "19.81200", "2013-01-31": "24.24500", "2012-10-31": "18.85300", "2012-07-31": "19.65400", "2012-04-30": "26.19700", "2012-01-31": "31.23700", "2011-10-31": "16.88600", "2011-07-31": "17.02600", "2011-04-30": "16.33400", "2011-01-31": "20.14800", "2010-10-31": "20.71500", "2010-07-31": "29.89000", "2010-04-30": "26.76300", "2010-01-31": "30.81300", "2009-10-31": "27.83800", "2009-07-31": "28.68500", "2009-04-30": "30.30900", "2009-01-31": "37.04400", "2008-10-31": "32.47500", "2008-07-31": "30.78700", "2008-04-30": "32.10300", "2008-01-31": "35.23100", "2007-10-31": "29.82300", "2007-07-31": "28.84200", "2007-04-30": "27.87700", "2007-01-31": "31.17100", "2006-10-31": "28.39600", "2006-07-31": "28.17700", "2006-04-30": "36.38800", "2006-01-31": "48.40800", "2005-10-31": "29.92000", "2005-07-31": "25.98300", "2005-04-30": "24.89700", "2005-01-31": "29.18410"}, "Total Current Assets": {"2020-10-31": "1138.17600", "2020-07-31": "963.75900", "2020-04-30": "794.15200", "2020-01-31": "731.96300", "2019-10-31": "744.07600", "2019-07-31": "687.16700", "2019-04-30": "613.58500", "2019-01-31": "628.46600", "2018-10-31": "763.22200", "2018-07-31": "709.11600", "2018-04-30": "630.90200", "2018-01-31": "666.47600", "2017-10-31": "654.37100", "2017-07-31": "587.26100", "2017-04-30": "593.60900", "2017-01-31": "659.25200", "2016-10-31": "630.71100", "2016-07-31": "499.30600", "2016-04-30": "464.50500", "2016-01-31": "506.85800", "2015-10-31": "785.65600", "2015-07-31": "734.58200", "2015-04-30": "954.45900", "2015-01-31": "888.42500", "2014-10-31": "457.76600", "2014-07-31": "412.29100", "2014-04-30": "385.75400", "2014-01-31": "332.92900", "2013-10-31": "320.95500", "2013-07-31": "306.45200", "2013-04-30": "353.16200", "2013-01-31": "311.90500", "2012-10-31": "327.06900", "2012-07-31": "321.22700", "2012-04-30": "383.37500", "2012-01-31": "328.21200", "2011-10-31": "384.27100", "2011-07-31": "241.86800", "2011-04-30": "353.36600", "2011-01-31": "392.35300", "2010-10-31": "416.71600", "2010-07-31": "437.41500", "2010-04-30": "419.68300", "2010-01-31": "365.10800", "2009-10-31": "366.48000", "2009-07-31": "315.93300", "2009-04-30": "274.50500", "2009-01-31": "227.62800", "2008-10-31": "220.88400", "2008-07-31": "212.75300", "2008-04-30": "271.52100", "2008-01-31": "361.61800", "2007-10-31": "407.50900", "2007-07-31": "363.70800", "2007-04-30": "387.09400", "2007-01-31": "472.62200", "2006-10-31": "447.20600", "2006-07-31": "411.35000", "2006-04-30": "407.69500", "2006-01-31": "381.93200", "2005-10-31": "388.51100", "2005-07-31": "373.80700", "2005-04-30": "370.34300", "2005-01-31": "343.03700"}, "Property, Plant, And Equipment": {"2020-10-31": "2072.05900", "2020-07-31": "1941.71900", "2020-04-30": "1838.29700", "2020-01-31": "1789.32600", "2019-10-31": "1545.71400", "2019-07-31": "1427.72600", "2019-04-30": "1340.69200", "2019-01-31": "1237.11700", "2018-10-31": "1188.08800", "2018-07-31": "1163.42500", "2018-04-30": "1087.91000", "2018-01-31": "1024.56400", "2017-10-31": "959.71600", "2017-07-31": "944.05600", "2017-04-30": "913.30300", "2017-01-31": "882.25600", "2016-10-31": "840.58700", "2016-07-31": "816.79100", "2016-04-30": "806.97300", "2016-01-31": "744.22400", "2015-10-31": "705.59000", "2015-07-31": "700.40200", "2015-04-30": "683.95600", "2015-01-31": "688.24400", "2014-10-31": "691.98100", "2014-07-31": "692.38300", "2014-04-30": "685.56400", "2014-01-31": "707.37900", "2013-10-31": "692.39800", "2013-07-31": "677.51700", "2013-04-30": "676.69800", "2013-01-31": "657.42400", "2012-10-31": "625.04300", "2012-07-31": "587.16300", "2012-04-30": "574.73200", "2012-01-31": "568.81600", "2011-10-31": "594.85100", "2011-07-31": "600.38800", "2011-04-30": "598.96800", "2011-01-31": "575.68600", "2010-10-31": "574.88000", "2010-07-31": "573.51400", "2010-04-30": "563.36400", "2010-01-31": "558.30200", "2009-10-31": "546.08800", "2009-07-31": "530.88600", "2009-04-30": "524.18400", "2009-01-31": "520.63600", "2008-10-31": "514.90800", "2008-07-31": "510.34000", "2008-04-30": "498.24800", "2008-01-31": "459.32100", "2007-10-31": "435.75400", "2007-07-31": "420.66400", "2007-04-30": "355.30900", "2007-01-31": "352.38500", "2006-10-31": "348.21800", "2006-07-31": "341.94300", "2006-04-30": "320.88600", "2006-01-31": "310.93800", "2005-10-31": "306.91700", "2005-07-31": "295.27000", "2005-04-30": "275.55000", "2005-01-31": "267.60790"}, "Long-Term Investments": {"2020-10-31": "", "2020-07-31": "", "2020-04-30": "", "2020-01-31": "", "2019-10-31": "", "2019-07-31": "", "2019-04-30": "", "2019-01-31": "", "2018-10-31": "", "2018-07-31": "", "2018-04-30": "", "2018-01-31": "", "2017-10-31": "", "2017-07-31": "", "2017-04-30": "", "2017-01-31": "", "2016-10-31": "", "2016-07-31": "", "2016-04-30": "", "2016-01-31": "", "2015-10-31": "", "2015-07-31": "", "2015-04-30": "", "2015-01-31": "", "2014-10-31": "", "2014-07-31": "", "2014-04-30": "", "2014-01-31": "", "2013-10-31": "", "2013-07-31": "", "2013-04-30": "", "2013-01-31": "", "2012-10-31": "", "2012-07-31": "", "2012-04-30": "", "2012-01-31": "", "2011-10-31": "", "2011-07-31": "", "2011-04-30": "", "2011-01-31": "", "2010-10-31": "", "2010-07-31": "", "2010-04-30": "", "2010-01-31": "", "2009-10-31": "", "2009-07-31": "", "2009-04-30": "", "2009-01-31": "", "2008-10-31": "", "2008-07-31": "", "2008-04-30": "", "2008-01-31": "", "2007-10-31": "", "2007-07-31": "", "2007-04-30": "", "2007-01-31": "", "2006-10-31": "", "2006-07-31": "", "2006-04-30": "", "2006-01-31": "", "2005-10-31": "", "2005-07-31": "", "2005-04-30": "", "2005-01-31": ""}, "Goodwill And Intangible Assets": {"2020-10-31": "388.44000", "2020-07-31": "391.39400", "2020-04-30": "386.71000", "2020-01-31": "388.55300", "2019-10-31": "389.79600", "2019-07-31": "388.47700", "2019-04-30": "395.35200", "2019-01-31": "398.31000", "2018-10-31": "398.01700", "2018-07-31": "402.12700", "2018-04-30": "411.84100", "2018-01-31": "414.43300", "2017-10-31": "412.30900", "2017-07-31": "416.18100", "2017-04-30": "266.25800", "2017-01-31": "265.80500", "2016-10-31": "265.33400", "2016-07-31": "271.95900", "2016-04-30": "280.75700", "2016-01-31": "278.53600", "2015-10-31": "286.84900", "2015-07-31": "289.70700", "2015-04-30": "291.19900", "2015-01-31": "291.91700", "2014-10-31": "301.14800", "2014-07-31": "309.02200", "2014-04-30": "313.78600", "2014-01-31": "310.93600", "2013-10-31": "297.35400", "2013-07-31": "285.16900", "2013-04-30": "221.68000", "2013-01-31": "225.11300", "2012-10-31": "205.59900", "2012-07-31": "204.42300", "2012-04-30": "207.18300", "2012-01-31": "205.13800", "2011-10-31": "208.52800", "2011-07-31": "211.36800", "2011-04-30": "211.02500", "2011-01-31": "188.71800", "2010-10-31": "190.41400", "2010-07-31": "188.88600", "2010-04-30": "187.46600", "2010-01-31": "191.99100", "2009-10-31": "180.78700", "2009-07-31": "181.53900", "2009-04-30": "175.46600", "2009-01-31": "173.76600", "2008-10-31": "182.39000", "2008-07-31": "199.06500", "2008-04-30": "197.37700", "2008-01-31": "192.32900", "2007-10-31": "197.65500", "2007-07-31": "189.08700", "2007-04-30": "113.62100", "2007-01-31": "113.79800", "2006-10-31": "113.98100", "2006-07-31": "114.16500", "2006-04-30": "114.29300", "2006-01-31": "114.30100", "2005-10-31": "121.21900", "2005-07-31": "118.31300", "2005-04-30": "117.68000", "2005-01-31": "114.90500"}, "Other Long-Term Assets": {"2020-10-31": "30.02600", "2020-07-31": "39.72100", "2020-04-30": "35.48000", "2020-01-31": "34.05500", "2019-10-31": "39.58100", "2019-07-31": "43.83600", "2019-04-30": "41.80100", "2019-01-31": "32.66400", "2018-10-31": "31.99300", "2018-07-31": "32.56000", "2018-04-30": "33.30100", "2018-01-31": "37.76700", "2017-10-31": "36.27400", "2017-07-31": "33.71600", "2017-04-30": "35.53800", "2017-01-31": "32.69200", "2016-10-31": "31.85200", "2016-07-31": "38.25800", "2016-04-30": "40.65500", "2016-01-31": "43.31400", "2015-10-31": "47.03300", "2015-07-31": "45.12900", "2015-04-30": "44.24700", "2015-01-31": "45.96100", "2014-10-31": "50.21700", "2014-07-31": "56.38700", "2014-04-30": "57.80300", "2014-01-31": "56.59500", "2013-10-31": "57.65200", "2013-07-31": "35.22600", "2013-04-30": "23.27000", "2013-01-31": "31.90800", "2012-10-31": "31.32500", "2012-07-31": "18.90700", "2012-04-30": "19.14200", "2012-01-31": "19.20800", "2011-10-31": "25.83400", "2011-07-31": "21.38700", "2011-04-30": "18.51500", "2011-01-31": "20.75000", "2010-10-31": "18.76200", "2010-07-31": "18.78400", "2010-04-30": "17.80300", "2010-01-31": "20.12500", "2009-10-31": "20.22800", "2009-07-31": "29.67400", "2009-04-30": "22.70800", "2009-01-31": "23.34800", "2008-10-31": "25.37000", "2008-07-31": "27.15100", "2008-04-30": "26.94900", "2008-01-31": "27.51500", "2007-10-31": "24.68400", "2007-07-31": "33.35600", "2007-04-30": "150.92000", "2007-01-31": "23.03800", "2006-10-31": "23.37500", "2006-07-31": "22.11000", "2006-04-30": "21.06000", "2006-01-31": "15.04000", "2005-10-31": "17.23900", "2005-07-31": "6.13800", "2005-04-30": "6.64200", "2005-01-31": "6.54000"}, "Total Long-Term Assets": {"2020-10-31": "2603.01200", "2020-07-31": "2491.50200", "2020-04-30": "2367.43100", "2020-01-31": "2316.64200", "2019-10-31": "2111.86300", "2019-07-31": "1860.45000", "2019-04-30": "1778.17800", "2019-01-31": "1668.43900", "2018-10-31": "1618.56600", "2018-07-31": "1598.58200", "2018-04-30": "1534.29100", "2018-01-31": "1477.06500", "2017-10-31": "1408.29900", "2017-07-31": "1395.24000", "2017-04-30": "1218.07700", "2017-01-31": "1181.98900", "2016-10-31": "1139.68500", "2016-07-31": "1150.51400", "2016-04-30": "1159.63000", "2016-01-31": "1097.50600", "2015-10-31": "1070.10800", "2015-07-31": "1064.07800", "2015-04-30": "1048.51800", "2015-01-31": "1063.64600", "2014-10-31": "1078.82000", "2014-07-31": "1094.51300", "2014-04-30": "1090.91800", "2014-01-31": "1105.56400", "2013-10-31": "1076.43300", "2013-07-31": "1028.02900", "2013-04-30": "945.52000", "2013-01-31": "942.04100", "2012-10-31": "887.45700", "2012-07-31": "832.77310", "2012-04-30": "821.38800", "2012-01-31": "811.44600", "2011-10-31": "841.61300", "2011-07-31": "842.56800", "2011-04-30": "837.94600", "2011-01-31": "796.05800", "2010-10-31": "793.43100", "2010-07-31": "791.39700", "2010-04-30": "782.32300", "2010-01-31": "782.78100", "2009-10-31": "756.86000", "2009-07-31": "742.09900", "2009-04-30": "731.48100", "2009-01-31": "728.03800", "2008-10-31": "728.67800", "2008-07-31": "743.49400", "2008-04-30": "736.74000", "2008-01-31": "691.28500", "2007-10-31": "670.17800", "2007-07-31": "650.89200", "2007-04-30": "627.93900", "2007-01-31": "496.40500", "2006-10-31": "491.82100", "2006-07-31": "483.35500", "2006-04-30": "462.16800", "2006-01-31": "446.43600", "2005-10-31": "446.05100", "2005-07-31": "419.72100", "2005-04-30": "399.87200", "2005-01-31": "389.05290"}, "Total Assets": {"2020-10-31": "3741.18800", "2020-07-31": "3455.26100", "2020-04-30": "3161.58300", "2020-01-31": "3048.60500", "2019-10-31": "2855.93900", "2019-07-31": "2547.61700", "2019-04-30": "2391.76300", "2019-01-31": "2296.90500", "2018-10-31": "2381.78800", "2018-07-31": "2307.69800", "2018-04-30": "2165.19300", "2018-01-31": "2143.54100", "2017-10-31": "2062.67000", "2017-07-31": "1982.50100", "2017-04-30": "1811.68600", "2017-01-31": "1841.24100", "2016-10-31": "1770.39600", "2016-07-31": "1649.82000", "2016-04-30": "1624.13500", "2016-01-31": "1604.36400", "2015-10-31": "1855.76400", "2015-07-31": "1798.66000", "2015-04-30": "2002.97700", "2015-01-31": "1952.07100", "2014-10-31": "1536.58600", "2014-07-31": "1506.80400", "2014-04-30": "1476.67200", "2014-01-31": "1438.49300", "2013-10-31": "1397.38800", "2013-07-31": "1334.48100", "2013-04-30": "1298.68200", "2013-01-31": "1253.94600", "2012-10-31": "1214.52600", "2012-07-31": "1154.00000", "2012-04-30": "1204.76300", "2012-01-31": "1139.65800", "2011-10-31": "1225.88400", "2011-07-31": "1084.43600", "2011-04-30": "1191.31200", "2011-01-31": "1188.41100", "2010-10-31": "1210.14700", "2010-07-31": "1228.81200", "2010-04-30": "1202.00600", "2010-01-31": "1147.88900", "2009-10-31": "1123.34000", "2009-07-31": "1058.03200", "2009-04-30": "1005.98600", "2009-01-31": "955.66600", "2008-10-31": "949.56200", "2008-07-31": "956.24700", "2008-04-30": "1008.26100", "2008-01-31": "1052.90300", "2007-10-31": "1077.68700", "2007-07-31": "1014.60000", "2007-04-30": "1015.03300", "2007-01-31": "969.02700", "2006-10-31": "939.02700", "2006-07-31": "894.70500", "2006-04-30": "869.86300", "2006-01-31": "828.36800", "2005-10-31": "834.56200", "2005-07-31": "793.52800", "2005-04-30": "770.21500", "2005-01-31": "732.08990"}, "Total Current Liabilities": {"2020-10-31": "407.53600", "2020-07-31": "356.04400", "2020-04-30": "286.56800", "2020-01-31": "342.83700", "2019-10-31": "323.31800", "2019-07-31": "282.00400", "2019-04-30": "296.90600", "2019-01-31": "372.03300", "2018-10-31": "254.80800", "2018-07-31": "277.25600", "2018-04-30": "270.57800", "2018-01-31": "375.04800", "2017-10-31": "289.16900", "2017-07-31": "302.15300", "2017-04-30": "221.48800", "2017-01-31": "345.94700", "2016-10-31": "357.67800", "2016-07-31": "278.78300", "2016-04-30": "203.58100", "2016-01-31": "265.11700", "2015-10-31": "223.92600", "2015-07-31": "213.12600", "2015-04-30": "229.44800", "2015-01-31": "234.72400", "2014-10-31": "259.69100", "2014-07-31": "244.28400", "2014-04-30": "256.74200", "2014-01-31": "259.65100", "2013-10-31": "257.90700", "2013-07-31": "238.55900", "2013-04-30": "218.37700", "2013-01-31": "212.81100", "2012-10-31": "217.21500", "2012-07-31": "186.31900", "2012-04-30": "198.77100", "2012-01-31": "186.18200", "2011-10-31": "208.63500", "2011-07-31": "166.62600", "2011-04-30": "171.40600", "2011-01-31": "160.89300", "2010-10-31": "116.23000", "2010-07-31": "107.22400", "2010-04-30": "120.67600", "2010-01-31": "111.64600", "2009-10-31": "126.37200", "2009-07-31": "103.58400", "2009-04-30": "107.67900", "2009-01-31": "108.46500", "2008-10-31": "114.86300", "2008-07-31": "128.25200", "2008-04-30": "128.91000", "2008-01-31": "113.01400", "2007-10-31": "125.10200", "2007-07-31": "115.85800", "2007-04-30": "84.32000", "2007-01-31": "80.74000", "2006-10-31": "93.91800", "2006-07-31": "83.33300", "2006-04-30": "93.68300", "2006-01-31": "89.57900", "2005-10-31": "98.31100", "2005-07-31": "80.11100", "2005-04-30": "78.98400", "2005-01-31": "74.78640"}, "Long Term Debt": {"2020-10-31": "411.84500", "2020-07-31": "397.03600", "2020-04-30": "403.65300", "2020-01-31": "399.84600", "2019-10-31": "399.97900", "2019-07-31": "400.09100", "2019-04-30": "398.83500", "2019-01-31": "398.74000", "2018-10-31": "398.64200", "2018-07-31": "398.74700", "2018-04-30": "398.91400", "2018-01-31": "400.64600", "2017-10-31": "550.70400", "2017-07-31": "550.88300", "2017-04-30": "550.75500", "2017-01-31": "565.92600", "2016-10-31": "573.03000", "2016-07-31": "564.34100", "2016-04-30": "670.50700", "2016-01-31": "576.50100", "2015-10-31": "584.30200", "2015-07-31": "590.84300", "2015-04-30": "599.95100", "2015-01-31": "608.23600", "2014-10-31": "203.86800", "2014-07-31": "223.22700", "2014-04-30": "242.10600", "2014-01-31": "261.18200", "2013-10-31": "280.12100", "2013-07-31": "296.41000", "2013-04-30": "314.23000", "2013-01-31": "333.06800", "2012-10-31": "350.15900", "2012-07-31": "368.95000", "2012-04-30": "387.75200", "2012-01-31": "406.53600", "2011-10-31": "425.33700", "2011-07-31": "325.38600", "2011-04-30": "337.95200", "2011-01-31": "350.47400", "2010-10-31": "", "2010-07-31": "0.60100", "2010-04-30": "", "2010-01-31": "", "2009-10-31": "", "2009-07-31": "", "2009-04-30": "", "2009-01-31": "", "2008-10-31": "", "2008-07-31": "", "2008-04-30": "", "2008-01-31": "", "2007-10-31": "", "2007-07-31": "", "2007-04-30": "", "2007-01-31": "", "2006-10-31": "", "2006-07-31": "", "2006-04-30": "", "2006-01-31": "", "2005-10-31": "", "2005-07-31": "", "2005-04-30": "", "2005-01-31": "0.00490"}, "Other Non-Current Liabilities": {"2020-10-31": "0.31100", "2020-07-31": "0.43000", "2020-04-30": "0.13400", "2020-01-31": "0.13800", "2019-10-31": "0.13700", "2019-07-31": "3.34200", "2019-04-30": "3.37100", "2019-01-31": "3.47500", "2018-10-31": "3.50900", "2018-07-31": "3.58600", "2018-04-30": "3.65900", "2018-01-31": "3.73200", "2017-10-31": "2.99500", "2017-07-31": "3.10000", "2017-04-30": "2.56900", "2017-01-31": "2.74900", "2016-10-31": "2.03400", "2016-07-31": "2.78300", "2016-04-30": "2.84400", "2016-01-31": "2.78200", "2015-10-31": "3.40200", "2015-07-31": "3.74800", "2015-04-30": "4.29400", "2015-01-31": "4.05100", "2014-10-31": "4.51500", "2014-07-31": "4.65100", "2014-04-30": "5.19100", "2014-01-31": "5.31000", "2013-10-31": "5.83900", "2013-07-31": "5.94900", "2013-04-30": "6.85800", "2013-01-31": "6.97700", "2012-10-31": "7.65800", "2012-07-31": "7.89700", "2012-04-30": "4.89700", "2012-01-31": "5.70900", "2011-10-31": "2.77500", "2011-07-31": "2.42200", "2011-04-30": "1.00300", "2011-01-31": "1.22200", "2010-10-31": "1.16300", "2010-07-31": "0.63600", "2010-04-30": "1.32800", "2010-01-31": "1.45700", "2009-10-31": "1.60300", "2009-07-31": "1.72600", "2009-04-30": "1.75000", "2009-01-31": "2.18500", "2008-10-31": "2.82900", "2008-07-31": "2.73600", "2008-04-30": "4.01300", "2008-01-31": "4.49200", "2007-10-31": "3.82100", "2007-07-31": "3.87800", "2007-04-30": "1.53500", "2007-01-31": "1.50200", "2006-10-31": "1.43400", "2006-07-31": "1.40200", "2006-04-30": "1.17400", "2006-01-31": "1.17300", "2005-10-31": "1.09400", "2005-07-31": "1.16000", "2005-04-30": "1.26300", "2005-01-31": "1.08080"}, "Total Long Term Liabilities": {"2020-10-31": "622.81900", "2020-07-31": "609.70100", "2020-04-30": "594.00400", "2020-01-31": "581.03900", "2019-10-31": "606.02200", "2019-07-31": "487.23200", "2019-04-30": "476.00500", "2019-01-31": "464.91900", "2018-10-31": "455.22000", "2018-07-31": "449.34300", "2018-04-30": "433.80300", "2018-01-31": "436.70200", "2017-10-31": "584.59200", "2017-07-31": "581.74800", "2017-04-30": "583.86900", "2017-01-31": "599.59110", "2016-10-31": "605.31100", "2016-07-31": "596.58100", "2016-04-30": "704.02700", "2016-01-31": "607.84700", "2015-10-31": "615.29300", "2015-07-31": "621.07000", "2015-04-30": "637.56100", "2015-01-31": "644.11000", "2014-10-31": "239.46400", "2014-07-31": "259.02100", "2014-04-30": "280.16900", "2014-01-31": "298.11800", "2013-10-31": "316.83400", "2013-07-31": "333.52100", "2013-04-30": "355.91100", "2013-01-31": "373.63200", "2012-10-31": "388.44000", "2012-07-31": "406.56400", "2012-04-30": "427.26000", "2012-01-31": "446.10400", "2011-10-31": "462.40400", "2011-07-31": "362.63800", "2011-04-30": "373.56400", "2011-01-31": "386.18400", "2010-10-31": "34.88800", "2010-07-31": "34.35400", "2010-04-30": "34.86800", "2010-01-31": "34.82000", "2009-10-31": "34.03200", "2009-07-31": "32.98900", "2009-04-30": "32.61600", "2009-01-31": "25.45000", "2008-10-31": "27.57100", "2008-07-31": "28.99900", "2008-04-30": "16.70100", "2008-01-31": "18.04600", "2007-10-31": "18.48700", "2007-07-31": "17.87600", "2007-04-30": "1.53500", "2007-01-31": "1.50200", "2006-10-31": "1.43400", "2006-07-31": "1.40200", "2006-04-30": "1.17400", "2006-01-31": "1.17300", "2005-10-31": "1.09400", "2005-07-31": "4.03800", "2005-04-30": "9.22300", "2005-01-31": "7.17700"}, "Total Liabilities": {"2020-10-31": "1030.35500", "2020-07-31": "965.74500", "2020-04-30": "880.57200", "2020-01-31": "923.87600", "2019-10-31": "929.34000", "2019-07-31": "769.23600", "2019-04-30": "772.91100", "2019-01-31": "836.95200", "2018-10-31": "710.02800", "2018-07-31": "726.59900", "2018-04-30": "704.38100", "2018-01-31": "811.75000", "2017-10-31": "873.76100", "2017-07-31": "883.90100", "2017-04-30": "805.35700", "2017-01-31": "945.53800", "2016-10-31": "962.98900", "2016-07-31": "875.36400", "2016-04-30": "907.60800", "2016-01-31": "872.96400", "2015-10-31": "839.21900", "2015-07-31": "834.19600", "2015-04-30": "867.00900", "2015-01-31": "878.83400", "2014-10-31": "499.15500", "2014-07-31": "503.30500", "2014-04-30": "536.91100", "2014-01-31": "557.76900", "2013-10-31": "574.74100", "2013-07-31": "572.08000", "2013-04-30": "574.28800", "2013-01-31": "586.44300", "2012-10-31": "605.65500", "2012-07-31": "592.88300", "2012-04-30": "626.03100", "2012-01-31": "632.28600", "2011-10-31": "671.03900", "2011-07-31": "529.26400", "2011-04-30": "544.97000", "2011-01-31": "547.07700", "2010-10-31": "151.11800", "2010-07-31": "141.57800", "2010-04-30": "155.54400", "2010-01-31": "146.46600", "2009-10-31": "160.40400", "2009-07-31": "136.57300", "2009-04-30": "140.29500", "2009-01-31": "133.91500", "2008-10-31": "142.43400", "2008-07-31": "157.25100", "2008-04-30": "145.61100", "2008-01-31": "131.06000", "2007-10-31": "143.58900", "2007-07-31": "133.73400", "2007-04-30": "85.85500", "2007-01-31": "82.24200", "2006-10-31": "95.35200", "2006-07-31": "84.73500", "2006-04-30": "94.85700", "2006-01-31": "90.75200", "2005-10-31": "99.40500", "2005-07-31": "84.14900", "2005-04-30": "88.20700", "2005-01-31": "81.96340"}, "Common Stock Net": {"2020-10-31": "0.02400", "2020-07-31": "0.02400", "2020-04-30": "0.02300", "2020-01-31": "0.02300", "2019-10-31": "0.02300", "2019-07-31": "0.02300", "2019-04-30": "0.02300", "2019-01-31": "0.02300", "2018-10-31": "0.02300", "2018-07-31": "0.02300", "2018-04-30": "0.02300", "2018-01-31": "0.02300", "2017-10-31": "0.02300", "2017-07-31": "0.02300", "2017-04-30": "0.02200", "2017-01-31": "0.01100", "2016-10-31": "0.01100", "2016-07-31": "0.02200", "2016-04-30": "0.01100", "2016-01-31": "0.01100", "2015-10-31": "0.01200", "2015-07-31": "0.01200", "2015-04-30": "0.01300", "2015-01-31": "0.01300", "2014-10-31": "0.01300", "2014-07-31": "0.01300", "2014-04-30": "0.01300", "2014-01-31": "0.01300", "2013-10-31": "0.01300", "2013-07-31": "0.01300", "2013-04-30": "0.01300", "2013-01-31": "0.01300", "2012-10-31": "0.01200", "2012-07-31": "0.01200", "2012-04-30": "0.01300", "2012-01-31": "0.00600", "2011-10-31": "315.42800", "2011-07-31": "0.01300", "2011-04-30": "319.64200", "2011-01-31": "316.48200", "2010-10-31": "361.29800", "2010-07-31": "365.50700", "2010-04-30": "355.93700", "2010-01-31": "349.40600", "2009-10-31": "342.25700", "2009-07-31": "334.44000", "2009-04-30": "324.25400", "2009-01-31": "325.73800", "2008-10-31": "318.84400", "2008-07-31": "316.67300", "2008-04-30": "78.79400", "2008-01-31": "183.93700", "2007-10-31": "221.23500", "2007-07-31": "206.12600", "2007-04-30": "295.15600", "2007-01-31": "292.20000", "2006-10-31": "279.05300", "2006-07-31": "276.05200", "2006-04-30": "272.34400", "2006-01-31": "269.56000", "2005-10-31": "274.96800", "2005-07-31": "272.01700", "2005-04-30": "269.68100", "2005-01-31": "268.75950"}, "Retained Earnings (Accumulated Deficit)": {"2020-10-31": "2137.64900", "2020-07-31": "1937.85300", "2020-04-30": "1773.58000", "2020-01-31": "1626.86200", "2019-10-31": "1458.22300", "2019-07-31": "1338.32800", "2019-04-30": "1186.12500", "2019-01-31": "1037.05100", "2018-10-31": "1253.27500", "2018-07-31": "1162.14600", "2018-04-30": "1053.51000", "2018-01-31": "926.16300", "2017-10-31": "822.55500", "2017-07-31": "745.37000", "2017-04-30": "675.83000", "2017-01-31": "585.28400", "2016-10-31": "519.24000", "2016-07-31": "491.19400", "2016-04-30": "406.95600", "2016-01-31": "440.45800", "2015-10-31": "677.85000", "2015-07-31": "625.43700", "2015-04-30": "780.35500", "2015-01-31": "722.79100", "2014-10-31": "670.72500", "2014-07-31": "619.00400", "2014-04-30": "568.35200", "2014-01-31": "527.48200", "2013-10-31": "482.13700", "2013-07-31": "440.78000", "2013-04-30": "399.87400", "2013-01-31": "346.64900", "2012-10-31": "307.54300", "2012-07-31": "272.96100", "2012-04-30": "279.15500", "2012-01-31": "225.51300", "2011-10-31": "266.75600", "2011-07-31": "264.45700", "2011-04-30": "346.86800", "2011-01-31": "354.42600", "2010-10-31": "726.21400", "2010-07-31": "754.46800", "2010-04-30": "726.34500", "2010-01-31": "681.95600", "2009-10-31": "646.22100", "2009-07-31": "614.10100", "2009-04-30": "582.81800", "2009-01-31": "540.74900", "2008-10-31": "518.74400", "2008-07-31": "481.49000", "2008-04-30": "782.78200", "2008-01-31": "736.30600", "2007-10-31": "704.28200", "2007-07-31": "670.29300", "2007-04-30": "633.55800", "2007-01-31": "594.69000", "2006-10-31": "564.30000", "2006-07-31": "533.95500", "2006-04-30": "502.38200", "2006-01-31": "467.67400", "2005-10-31": "459.82100", "2005-07-31": "437.00800", "2005-04-30": "412.01900", "2005-01-31": "381.11450"}, "Comprehensive Income": {"2020-10-31": "-128.49400", "2020-07-31": "-121.08800", "2020-04-30": "-138.92300", "2020-01-31": "-119.87000", "2019-10-31": "-119.29000", "2019-07-31": "-132.52900", "2019-04-30": "-113.19100", "2019-01-31": "-107.22300", "2018-10-31": "-115.64600", "2018-07-31": "-107.92800", "2018-04-30": "-90.41200", "2018-01-31": "-78.91300", "2017-10-31": "-102.15600", "2017-07-31": "-100.67600", "2017-04-30": "-114.26800", "2017-01-31": "-119.54900", "2016-10-31": "-127.96900", "2016-07-31": "-109.19400", "2016-04-30": "-83.79100", "2016-01-31": "-103.07100", "2015-10-31": "-74.74000", "2015-07-31": "-68.79300", "2015-04-30": "-66.59400", "2015-01-31": "-66.52500", "2014-10-31": "-43.93600", "2014-07-31": "-20.06000", "2014-04-30": "-21.82900", "2014-01-31": "-31.71800", "2013-10-31": "-32.68000", "2013-07-31": "-47.16100", "2013-04-30": "-37.07800", "2013-01-31": "-32.27000", "2012-10-31": "-30.70500", "2012-07-31": "-38.04300", "2012-04-30": "-27.01100", "2012-01-31": "-35.91200", "2011-10-31": "-27.33900", "2011-07-31": "-23.22500", "2011-04-30": "-20.16800", "2011-01-31": "-29.57400", "2010-10-31": "-28.48300", "2010-07-31": "-32.74100", "2010-04-30": "-35.82000", "2010-01-31": "-29.93900", "2009-10-31": "-25.54200", "2009-07-31": "-27.08200", "2009-04-30": "-41.38100", "2009-01-31": "-44.73600", "2008-10-31": "-30.46000", "2008-07-31": "0.83300", "2008-04-30": "1.07400", "2008-01-31": "1.60000", "2007-10-31": "8.58100", "2007-07-31": "4.44700", "2007-04-30": "0.46400", "2007-01-31": "-0.10500", "2006-10-31": "0.32200", "2006-07-31": "-0.03700", "2006-04-30": "0.28000", "2006-01-31": "0.38200", "2005-10-31": "0.36800", "2005-07-31": "0.35400", "2005-04-30": "0.30800", "2005-01-31": "0.25250"}, "Other Share Holders Equity": {"2020-10-31": "", "2020-07-31": "", "2020-04-30": "", "2020-01-31": "", "2019-10-31": "", "2019-07-31": "", "2019-04-30": "", "2019-01-31": "", "2018-10-31": "", "2018-07-31": "", "2018-04-30": "", "2018-01-31": "", "2017-10-31": "", "2017-07-31": "", "2017-04-30": "", "2017-01-31": "", "2016-10-31": "", "2016-07-31": "", "2016-04-30": "", "2016-01-31": "", "2015-10-31": "", "2015-07-31": "", "2015-04-30": "", "2015-01-31": "", "2014-10-31": "", "2014-07-31": "", "2014-04-30": "", "2014-01-31": "", "2013-10-31": "", "2013-07-31": "", "2013-04-30": "", "2013-01-31": "", "2012-10-31": "", "2012-07-31": "", "2012-04-30": "", "2012-01-31": "", "2011-10-31": "", "2011-07-31": "", "2011-04-30": "", "2011-01-31": "", "2010-10-31": "", "2010-07-31": "", "2010-04-30": "", "2010-01-31": "", "2009-10-31": "", "2009-07-31": "", "2009-04-30": "", "2009-01-31": "", "2008-10-31": "", "2008-07-31": "", "2008-04-30": "", "2008-01-31": "", "2007-10-31": "", "2007-07-31": "", "2007-04-30": "", "2007-01-31": "", "2006-10-31": "", "2006-07-31": "", "2006-04-30": "", "2006-01-31": "", "2005-10-31": "", "2005-07-31": "", "2005-04-30": "", "2005-01-31": ""}, "Share Holder Equity": {"2020-10-31": "2710.83300", "2020-07-31": "2489.51600", "2020-04-30": "2281.01100", "2020-01-31": "2124.72900", "2019-10-31": "1926.59900", "2019-07-31": "1778.38100", "2019-04-30": "1618.85200", "2019-01-31": "1459.95300", "2018-10-31": "1671.76000", "2018-07-31": "1581.09900", "2018-04-30": "1460.81200", "2018-01-31": "1331.79100", "2017-10-31": "1188.90900", "2017-07-31": "1098.60000", "2017-04-30": "1006.32900", "2017-01-31": "895.70300", "2016-10-31": "807.40700", "2016-07-31": "774.45600", "2016-04-30": "716.52700", "2016-01-31": "731.40000", "2015-10-31": "1016.54500", "2015-07-31": "964.46400", "2015-04-30": "1135.96800", "2015-01-31": "1073.23700", "2014-10-31": "1037.43100", "2014-07-31": "1003.49900", "2014-04-30": "939.76100", "2014-01-31": "880.72400", "2013-10-31": "822.64700", "2013-07-31": "762.40100", "2013-04-30": "724.39400", "2013-01-31": "667.50300", "2012-10-31": "608.87100", "2012-07-31": "561.11700", "2012-04-30": "578.73200", "2012-01-31": "507.37200", "2011-10-31": "554.84500", "2011-07-31": "555.17200", "2011-04-30": "646.34200", "2011-01-31": "641.33400", "2010-10-31": "1059.02900", "2010-07-31": "1087.23400", "2010-04-30": "1046.46200", "2010-01-31": "1001.42300", "2009-10-31": "962.93600", "2009-07-31": "921.45900", "2009-04-30": "865.69100", "2009-01-31": "821.75100", "2008-10-31": "807.12800", "2008-07-31": "798.99600", "2008-04-30": "862.65000", "2008-01-31": "921.84300", "2007-10-31": "934.09800", "2007-07-31": "880.86600", "2007-04-30": "929.17800", "2007-01-31": "886.78500", "2006-10-31": "843.67500", "2006-07-31": "809.97000", "2006-04-30": "775.00600", "2006-01-31": "737.61600", "2005-10-31": "735.15700", "2005-07-31": "709.37900", "2005-04-30": "682.00800", "2005-01-31": "650.12650"}, "Total Liabilities And Share Holders Equity": {"2020-10-31": "3741.18800", "2020-07-31": "3455.26100", "2020-04-30": "3161.58300", "2020-01-31": "3048.60500", "2019-10-31": "2855.93900", "2019-07-31": "2547.61700", "2019-04-30": "2391.76300", "2019-01-31": "2296.90500", "2018-10-31": "2381.78800", "2018-07-31": "2307.69800", "2018-04-30": "2165.19300", "2018-01-31": "2143.54100", "2017-10-31": "2062.67000", "2017-07-31": "1982.50100", "2017-04-30": "1811.68600", "2017-01-31": "1841.24100", "2016-10-31": "1770.39600", "2016-07-31": "1649.82000", "2016-04-30": "1624.13500", "2016-01-31": "1604.36400", "2015-10-31": "1855.76400", "2015-07-31": "1798.66000", "2015-04-30": "2002.97700", "2015-01-31": "1952.07100", "2014-10-31": "1536.58600", "2014-07-31": "1506.80400", "2014-04-30": "1476.67200", "2014-01-31": "1438.49300", "2013-10-31": "1397.38800", "2013-07-31": "1334.48100", "2013-04-30": "1298.68200", "2013-01-31": "1253.94600", "2012-10-31": "1214.52600", "2012-07-31": "1154.00000", "2012-04-30": "1204.76300", "2012-01-31": "1139.65800", "2011-10-31": "1225.88400", "2011-07-31": "1084.43600", "2011-04-30": "1191.31200", "2011-01-31": "1188.41100", "2010-10-31": "1210.14700", "2010-07-31": "1228.81200", "2010-04-30": "1202.00600", "2010-01-31": "1147.88900", "2009-10-31": "1123.34000", "2009-07-31": "1058.03200", "2009-04-30": "1005.98600", "2009-01-31": "955.66600", "2008-10-31": "949.56200", "2008-07-31": "956.24700", "2008-04-30": "1008.26100", "2008-01-31": "1052.90300", "2007-10-31": "1077.68700", "2007-07-31": "1014.60000", "2007-04-30": "1015.03300", "2007-01-31": "969.02700", "2006-10-31": "939.02700", "2006-07-31": "894.70500", "2006-04-30": "869.86300", "2006-01-31": "828.36800", "2005-10-31": "834.56200", "2005-07-31": "793.52800", "2005-04-30": "770.21500", "2005-01-31": "732.08990"}}, "cash flow statement": {"Net Income/Loss": {"2020-07-31": "699.90700", "2019-07-31": "591.69300", "2018-07-31": "418.00700", "2017-07-31": "394.26100", "2016-07-31": "270.36000", "2015-07-31": "219.78300", "2014-07-31": "178.68700", "2013-07-31": "180.02500", "2012-07-31": "182.11900", "2011-07-31": "166.37500", "2010-07-31": "151.62700", "2009-07-31": "141.10300", "2008-07-31": "156.93200", "2007-07-31": "136.33800", "2006-07-31": "96.94700", "2005-07-31": "102.11600"}, "Total Depreciation And Amortization - Cash Flow": {"2020-07-31": "104.25700", "2019-07-31": "85.33400", "2018-07-31": "79.04000", "2017-07-31": "57.44100", "2016-07-31": "49.64300", "2015-07-31": "48.89300", "2014-07-31": "53.72600", "2013-07-31": "56.72800", "2012-07-31": "48.16700", "2011-07-31": "45.69400", "2010-07-31": "43.24200", "2009-07-31": "41.35400", "2008-07-31": "42.80400", "2007-07-31": "37.08900", "2006-07-31": "31.45600", "2005-07-31": "30.46600"}, "Other Non-Cash Items": {"2020-07-31": "47.56200", "2019-07-31": "43.52900", "2018-07-31": "46.22700", "2017-07-31": "61.14800", "2016-07-31": "28.62000", "2015-07-31": "18.05200", "2014-07-31": "37.70200", "2013-07-31": "8.53700", "2012-07-31": "8.28100", "2011-07-31": "15.51300", "2010-07-31": "8.90100", "2009-07-31": "0.48300", "2008-07-31": "-4.92900", "2007-07-31": "-6.33200", "2006-07-31": "26.27700", "2005-07-31": "-5.80900"}, "Total Non-Cash Items": {"2020-07-31": "151.81900", "2019-07-31": "128.86300", "2018-07-31": "125.26700", "2017-07-31": "118.58900", "2016-07-31": "78.26300", "2015-07-31": "66.94500", "2014-07-31": "91.42800", "2013-07-31": "65.26500", "2012-07-31": "56.44800", "2011-07-31": "61.20700", "2010-07-31": "52.14300", "2009-07-31": "41.83700", "2008-07-31": "37.87500", "2007-07-31": "30.75700", "2006-07-31": "57.73300", "2005-07-31": "24.65700"}, "Change In Accounts Receivable": {"2020-07-31": "15.99300", "2019-07-31": "-60.80800", "2018-07-31": "-40.33500", "2017-07-31": "-38.54200", "2016-07-31": "-54.21300", "2015-07-31": "-20.41700", "2014-07-31": "-12.87000", "2013-07-31": "-31.17100", "2012-07-31": "-16.00400", "2011-07-31": "-12.50600", "2010-07-31": "2.43600", "2009-07-31": "0.98200", "2008-07-31": "0.27000", "2007-07-31": "-2.41600", "2006-07-31": "-10.86500", "2005-07-31": "-8.76400"}, "Change In Inventories": {"2020-07-31": "1.34800", "2019-07-31": "-4.71900", "2018-07-31": "-3.95900", "2017-07-31": "1.29400", "2016-07-31": "-2.50900", "2015-07-31": "-1.73100", "2014-07-31": "4.01200", "2013-07-31": "-1.77700", "2012-07-31": "-0.21800", "2011-07-31": "-2.66600", "2010-07-31": "-0.25600", "2009-07-31": "-0.05400", "2008-07-31": "1.48900", "2007-07-31": "1.36100", "2006-07-31": "-0.41900", "2005-07-31": "-0.33300"}, "Change In Accounts Payable": {"2020-07-31": "", "2019-07-31": "", "2018-07-31": "", "2017-07-31": "", "2016-07-31": "", "2015-07-31": "", "2014-07-31": "", "2013-07-31": "", "2012-07-31": "", "2011-07-31": "", "2010-07-31": "", "2009-07-31": "", "2008-07-31": "", "2007-07-31": "", "2006-07-31": "", "2005-07-31": ""}, "Change In Assets/Liabilities": {"2020-07-31": "4.27200", "2019-07-31": "-25.96300", "2018-07-31": "-5.16600", "2017-07-31": "0.17700", "2016-07-31": "2.11100", "2015-07-31": "7.19900", "2014-07-31": "-16.17100", "2013-07-31": "-28.62200", "2012-07-31": "6.59600", "2011-07-31": "13.28200", "2010-07-31": "-12.76200", "2009-07-31": "-6.14400", "2008-07-31": "-8.95100", "2007-07-31": "1.38800", "2006-07-31": "3.48900", "2005-07-31": "0.95500"}, "Total Change In Assets/Liabilities": {"2020-07-31": "66.15900", "2019-07-31": "-73.91000", "2018-07-31": "-8.20500", "2017-07-31": "-20.79200", "2016-07-31": "-16.12500", "2015-07-31": "-21.65200", "2014-07-31": "-7.52100", "2013-07-31": "-45.96400", "2012-07-31": "-8.89400", "2011-07-31": "15.35000", "2010-07-31": "-4.36300", "2009-07-31": "20.39900", "2008-07-31": "-0.74400", "2007-07-31": "14.95800", "2006-07-31": "-13.47600", "2005-07-31": "9.21800"}, "Cash Flow From Operating Activities": {"2020-07-31": "917.88500", "2019-07-31": "646.64600", "2018-07-31": "535.06900", "2017-07-31": "492.05800", "2016-07-31": "332.49800", "2015-07-31": "265.07600", "2014-07-31": "262.59400", "2013-07-31": "199.32600", "2012-07-31": "229.67300", "2011-07-31": "242.93200", "2010-07-31": "199.40700", "2009-07-31": "203.33900", "2008-07-31": "194.06300", "2007-07-31": "182.05300", "2006-07-31": "141.20400", "2005-07-31": "135.99100"}, "Net Change In Property, Plant, And Equipment": {"2020-07-31": "-601.20800", "2019-07-31": "-356.26700", "2018-07-31": "-290.27200", "2017-07-31": "-332.22500", "2016-07-31": "-173.25500", "2015-07-31": "-77.63200", "2014-07-31": "-92.96100", "2013-07-31": "-211.21000", "2012-07-31": "-56.12800", "2011-07-31": "-84.48000", "2010-07-31": "-94.72500", "2009-07-31": "-71.90400", "2008-07-31": "-144.37300", "2007-07-31": "-50.24900", "2006-07-31": "-87.48000", "2005-07-31": "-60.55300"}, "Net Change In Intangible Assets": {"2020-07-31": "", "2019-07-31": "", "2018-07-31": "", "2017-07-31": "", "2016-07-31": "", "2015-07-31": "", "2014-07-31": "", "2013-07-31": "", "2012-07-31": "", "2011-07-31": "", "2010-07-31": "", "2009-07-31": "", "2008-07-31": "", "2007-07-31": "", "2006-07-31": "", "2005-07-31": ""}, "Net Acquisitions/Divestitures": {"2020-07-31": "", "2019-07-31": "", "2018-07-31": "1.79600", "2017-07-31": "", "2016-07-31": "", "2015-07-31": "", "2014-07-31": "", "2013-07-31": "", "2012-07-31": "", "2011-07-31": "", "2010-07-31": "", "2009-07-31": "", "2008-07-31": "", "2007-07-31": "", "2006-07-31": "", "2005-07-31": ""}, "Net Change In Short-term Investments": {"2020-07-31": "", "2019-07-31": "", "2018-07-31": "", "2017-07-31": "", "2016-07-31": "0.37900", "2015-07-31": "0.00000", "2014-07-31": "", "2013-07-31": "", "2012-07-31": "", "2011-07-31": "", "2010-07-31": "", "2009-07-31": "", "2008-07-31": "111.77300", "2007-07-31": "36.95200", "2006-07-31": "-148.72500", "2005-07-31": "172.60000"}, "Net Change In Long-Term Investments": {"2020-07-31": "", "2019-07-31": "", "2018-07-31": "", "2017-07-31": "-3.56600", "2016-07-31": "", "2015-07-31": "-4.50000", "2014-07-31": "", "2013-07-31": "", "2012-07-31": "", "2011-07-31": "", "2010-07-31": "", "2009-07-31": "", "2008-07-31": "", "2007-07-31": "", "2006-07-31": "-8.89200", "2005-07-31": ""}, "Net Change In Investments - Total": {"2020-07-31": "", "2019-07-31": "", "2018-07-31": "", "2017-07-31": "-3.56600", "2016-07-31": "0.37900", "2015-07-31": "-4.50000", "2014-07-31": "", "2013-07-31": "", "2012-07-31": "", "2011-07-31": "", "2010-07-31": "", "2009-07-31": "", "2008-07-31": "111.77300", "2007-07-31": "36.95200", "2006-07-31": "-157.61700", "2005-07-31": "172.60000"}, "Investing Activities - Other": {"2020-07-31": "", "2019-07-31": "", "2018-07-31": "", "2017-07-31": "", "2016-07-31": "", "2015-07-31": "0.21700", "2014-07-31": "0.85800", "2013-07-31": "3.18900", "2012-07-31": "8.04100", "2011-07-31": "", "2010-07-31": "-1.30000", "2009-07-31": "12.00000", "2008-07-31": "", "2007-07-31": "-122.26400", "2006-07-31": "-22.81800", "2005-07-31": "-4.59900"}, "Cash Flow From Investing Activities": {"2020-07-31": "-601.20800", "2019-07-31": "-356.26700", "2018-07-31": "-288.47600", "2017-07-31": "-335.79100", "2016-07-31": "-172.87600", "2015-07-31": "-81.91500", "2014-07-31": "-92.10300", "2013-07-31": "-208.02100", "2012-07-31": "-48.08700", "2011-07-31": "-84.48000", "2010-07-31": "-96.02500", "2009-07-31": "-59.90400", "2008-07-31": "-32.60000", "2007-07-31": "-135.56100", "2006-07-31": "-267.91500", "2005-07-31": "107.44800"}, "Net Long-Term Debt": {"2020-07-31": "", "2019-07-31": "", "2018-07-31": "", "2017-07-31": "", "2016-07-31": "-244.03200", "2015-07-31": "348.93900", "2014-07-31": "-75.00000", "2013-07-31": "-96.66000", "2012-07-31": "68.75000", "2011-07-31": "375.00000", "2010-07-31": "", "2009-07-31": "", "2008-07-31": "", "2007-07-31": "", "2006-07-31": "", "2005-07-31": ""}, "Net Current Debt": {"2020-07-31": "", "2019-07-31": "", "2018-07-31": "-231.00000", "2017-07-31": "-7.00000", "2016-07-31": "238.00000", "2015-07-31": "", "2014-07-31": "-16.29100", "2013-07-31": "16.29100", "2012-07-31": "", "2011-07-31": "", "2010-07-31": "", "2009-07-31": "-17.50200", "2008-07-31": "8.24600", "2007-07-31": "2.68800", "2006-07-31": "4.18000", "2005-07-31": ""}, "Debt Issuance/Retirement Net - Total": {"2020-07-31": "", "2019-07-31": "", "2018-07-31": "-231.00000", "2017-07-31": "-7.00000", "2016-07-31": "-6.03200", "2015-07-31": "348.93900", "2014-07-31": "-91.29100", "2013-07-31": "-80.36900", "2012-07-31": "68.75000", "2011-07-31": "375.00000", "2010-07-31": "", "2009-07-31": "-17.50200", "2008-07-31": "8.24600", "2007-07-31": "2.68800", "2006-07-31": "4.18000", "2005-07-31": ""}, "Net Common Equity Issued/Repurchased": {"2020-07-31": "79.91600", "2019-07-31": "-323.41600", "2018-07-31": "50.31200", "2017-07-31": "35.45800", "2016-07-31": "-426.24600", "2015-07-31": "-226.77100", "2014-07-31": "12.17900", "2013-07-31": "8.38100", "2012-07-31": "-187.67700", "2011-07-31": "-730.59900", "2010-07-31": "-4.37700", "2009-07-31": "-4.70800", "2008-07-31": "-254.86500", "2007-07-31": "-77.17200", "2006-07-31": "-1.81200", "2005-07-31": "3.23500"}, "Net Total Equity Issued/Repurchased": {"2020-07-31": "79.91600", "2019-07-31": "-323.41600", "2018-07-31": "50.31200", "2017-07-31": "35.45800", "2016-07-31": "-426.24600", "2015-07-31": "-226.77100", "2014-07-31": "12.17900", "2013-07-31": "8.38100", "2012-07-31": "-187.67700", "2011-07-31": "-730.59900", "2010-07-31": "-4.37700", "2009-07-31": "-4.70800", "2008-07-31": "-254.86500", "2007-07-31": "-77.17200", "2006-07-31": "-1.81200", "2005-07-31": "3.23500"}, "Total Common And Preferred Stock Dividends Paid": {"2020-07-31": "", "2019-07-31": "", "2018-07-31": "-0.23500", "2017-07-31": "", "2016-07-31": "", "2015-07-31": "", "2014-07-31": "", "2013-07-31": "", "2012-07-31": "", "2011-07-31": "", "2010-07-31": "", "2009-07-31": "", "2008-07-31": "", "2007-07-31": "", "2006-07-31": "", "2005-07-31": ""}, "Financial Activities - Other": {"2020-07-31": "-107.33000", "2019-07-31": "-46.88800", "2018-07-31": "-1.11500", "2017-07-31": "-135.43300", "2016-07-31": "-16.21800", "2015-07-31": "-1.80600", "2014-07-31": "2.28900", "2013-07-31": "6.09700", "2012-07-31": "4.05400", "2011-07-31": "1.52400", "2010-07-31": "5.64300", "2009-07-31": "4.57000", "2008-07-31": "16.94200", "2007-07-31": "3.82000", "2006-07-31": "2.31700", "2005-07-31": ""}, "Cash Flow From Financial Activities": {"2020-07-31": "-27.41400", "2019-07-31": "-370.30400", "2018-07-31": "-182.03800", "2017-07-31": "-106.97500", "2016-07-31": "-448.49600", "2015-07-31": "120.36200", "2014-07-31": "-76.82300", "2013-07-31": "-65.89100", "2012-07-31": "-114.87300", "2011-07-31": "-354.07500", "2010-07-31": "1.26600", "2009-07-31": "-17.64000", "2008-07-31": "-229.67700", "2007-07-31": "-70.66400", "2006-07-31": "4.68500", "2005-07-31": "3.23500"}, "Net Cash Flow": {"2020-07-31": "291.39900", "2019-07-31": "-88.20100", "2018-07-31": "64.42000", "2017-07-31": "54.25100", "2016-07-31": "-300.16300", "2015-07-31": "297.34400", "2014-07-31": "95.03700", "2013-07-31": "-76.48100", "2012-07-31": "66.10300", "2011-07-31": "-194.17900", "2010-07-31": "105.49700", "2009-07-31": "123.73700", "2008-07-31": "-68.66700", "2007-07-31": "-23.50400", "2006-07-31": "-122.51800", "2005-07-31": "246.82800"}, "Stock-Based Compensation": {"2020-07-31": "23.32200", "2019-07-31": "23.44500", "2018-07-31": "23.22100", "2017-07-31": "20.84000", "2016-07-31": "20.86400", "2015-07-31": "18.15400", "2014-07-31": "22.09900", "2013-07-31": "19.55700", "2012-07-31": "21.79100", "2011-07-31": "19.00700", "2010-07-31": "17.95500", "2009-07-31": "9.41300", "2008-07-31": "6.35600", "2007-07-31": "3.42400", "2006-07-31": "3.53000", "2005-07-31": "0.41100"}, "Common Stock Dividends Paid": {"2020-07-31": "", "2019-07-31": "", "2018-07-31": "-0.23500", "2017-07-31": "", "2016-07-31": "", "2015-07-31": "", "2014-07-31": "", "2013-07-31": "", "2012-07-31": "", "2011-07-31": "", "2010-07-31": "", "2009-07-31": "", "2008-07-31": "", "2007-07-31": "", "2006-07-31": "", "2005-07-31": ""}}, "cash flow statement, quarterly": {"Net Income/Loss": {"2020-10-31": "200.28500", "2020-07-31": 165.533, "2020-04-30": 147.487, "2020-01-31": 168.707, "2019-10-31": "218.18000", "2019-07-31": 153.496, "2019-04-30": 192.741, "2019-01-31": 131.373, "2018-10-31": "114.08300", "2018-07-31": 109.741, "2018-04-30": 127.405, "2018-01-31": 103.301, "2017-10-31": "77.56000", "2017-07-31": 70.369, "2017-04-30": 90.546, "2017-01-31": 66.066, "2016-10-31": "167.28000", "2016-07-31": 84.122, "2016-04-30": 74.624, "2016-01-31": 59.004, "2015-10-31": "52.61000", "2015-07-31": 57.412, "2015-04-30": 57.563, "2015-01-31": 52.193, "2014-10-31": "52.61500", "2014-07-31": 51.043, "2014-04-30": 40.877, "2014-01-31": 45.345, "2013-10-31": "41.42200", "2013-07-31": 41.304, "2013-04-30": 53.236, "2013-01-31": 39.64, "2012-10-31": "45.84500", "2012-07-31": 44.896, "2012-04-30": 55.471, "2012-01-31": 40.603, "2011-10-31": "41.14900", "2011-07-31": 40.521, "2011-04-30": 50.135, "2011-01-31": 37.896, "2010-10-31": "37.82300", "2010-07-31": 36.233, "2010-04-30": 44.389, "2010-01-31": 35.735, "2009-10-31": "35.27000", "2009-07-31": 34.627, "2009-04-30": 42.069, "2009-01-31": 27.153, "2008-10-31": "37.25400", "2008-07-31": 40.821, "2008-04-30": 46.475, "2008-01-31": 32.026, "2007-10-31": "37.61000", "2007-07-31": 36.735, "2007-04-30": 38.868, "2007-01-31": 30.39, "2006-10-31": "30.34500", "2006-07-31": 31.573, "2006-04-30": 34.707, "2006-01-31": 7.854, "2005-10-31": "22.81300", "2005-07-31": 24.989, "2005-04-30": 30.904, "2005-01-31": 46.223}, "Total Depreciation And Amortization - Cash Flow": {"2020-10-31": "29.22700", "2020-07-31": 27.501, "2020-04-30": 28.659, "2020-01-31": 24.393, "2019-10-31": "23.70400", "2019-07-31": 21.625, "2019-04-30": 21.222, "2019-01-31": 20.509, "2018-10-31": "21.97800", "2018-07-31": 28.362, "2018-04-30": 16.684, "2018-01-31": 17.982, "2017-10-31": "16.01200", "2017-07-31": 13.49, "2017-04-30": 13.805, "2017-01-31": 15.326, "2016-10-31": "14.82000", "2016-07-31": 13.743, "2016-04-30": 12.606, "2016-01-31": 11.732, "2015-10-31": "11.56200", "2015-07-31": 11.314, "2015-04-30": 12.212, "2015-01-31": 11.4, "2014-10-31": "13.96700", "2014-07-31": 13.377, "2014-04-30": 12.769, "2014-01-31": 13.076, "2013-10-31": "14.50400", "2013-07-31": 14.48, "2013-04-30": 14.797, "2013-01-31": 14.612, "2012-10-31": "12.83900", "2012-07-31": 11.851, "2012-04-30": 12.069, "2012-01-31": 12.22, "2011-10-31": "12.02700", "2011-07-31": 11.331, "2011-04-30": 11.274, "2011-01-31": 11.367, "2010-10-31": "11.72200", "2010-07-31": 11.151, "2010-04-30": 11.013, "2010-01-31": 10.464, "2009-10-31": "10.61400", "2009-07-31": 10.058, "2009-04-30": 10.462, "2009-01-31": 10.125, "2008-10-31": "10.70900", "2008-07-31": 11.048, "2008-04-30": 9.67, "2008-01-31": 11.082, "2007-10-31": "11.00400", "2007-07-31": 10.329, "2007-04-30": 9.221, "2007-01-31": 8.799, "2006-10-31": "8.74000", "2006-07-31": 8.536, "2006-04-30": 8.103, "2006-01-31": 7.708, "2005-10-31": "7.10900", "2005-07-31": 6.84, "2005-04-30": 8.592, "2005-01-31": 15.034}, "Other Non-Cash Items": {"2020-10-31": "12.02400", "2020-07-31": 19.563, "2020-04-30": 6.496, "2020-01-31": 10.166, "2019-10-31": "11.33700", "2019-07-31": 16.61, "2019-04-30": 12.645, "2019-01-31": 9.299, "2018-10-31": "4.97500", "2018-07-31": 23.186, "2018-04-30": 3.174, "2018-01-31": 6.904, "2017-10-31": "12.96300", "2017-07-31": 23.827, "2017-04-30": 2.895, "2017-01-31": 6.844, "2016-10-31": "27.58200", "2016-07-31": 11.304, "2016-04-30": 4.975, "2016-01-31": 6.667, "2015-10-31": "5.67400", "2015-07-31": 3.588, "2015-04-30": 9.144, "2015-01-31": 2.758, "2014-10-31": "2.56200", "2014-07-31": 5.924, "2014-04-30": 29.151, "2014-01-31": 1.152, "2013-10-31": "1.47500", "2013-07-31": 4.09, "2013-04-30": 6.805, "2013-01-31": -1.628, "2012-10-31": "-0.73000", "2012-07-31": -0.879, "2012-04-30": 0.595, "2012-01-31": 8.139, "2011-10-31": "0.42600", "2011-07-31": 5.334, "2011-04-30": 3.004, "2011-01-31": 1.812, "2010-10-31": "5.36300", "2010-07-31": 3.367, "2010-04-30": 4.123, "2010-01-31": 1.575, "2009-10-31": "-0.16400", "2009-07-31": 4.065, "2009-04-30": 1.327, "2009-01-31": -8.474, "2008-10-31": "3.56500", "2008-07-31": 2.06, "2008-04-30": -0.802, "2008-01-31": -6.32, "2007-10-31": "0.13300", "2007-07-31": -4.793, "2007-04-30": -3.694, "2007-01-31": 0.4, "2006-10-31": "1.75500", "2006-07-31": 3.536, "2006-04-30": 2.767, "2006-01-31": 20.539, "2005-10-31": "-0.56500", "2005-07-31": -7.439, "2005-04-30": 1.526, "2005-01-31": 0.104}, "Total Non-Cash Items": {"2020-10-31": "41.25100", "2020-07-31": 47.064, "2020-04-30": 35.155, "2020-01-31": 34.559, "2019-10-31": "35.04100", "2019-07-31": 38.235, "2019-04-30": 33.867, "2019-01-31": 29.808, "2018-10-31": "26.95300", "2018-07-31": 51.548, "2018-04-30": 19.858, "2018-01-31": 24.886, "2017-10-31": "28.97500", "2017-07-31": 37.317, "2017-04-30": 16.7, "2017-01-31": 22.17, "2016-10-31": "42.40200", "2016-07-31": 25.047, "2016-04-30": 17.581, "2016-01-31": 18.399, "2015-10-31": "17.23600", "2015-07-31": 14.902, "2015-04-30": 21.356, "2015-01-31": 14.158, "2014-10-31": "16.52900", "2014-07-31": 19.301, "2014-04-30": 41.92, "2014-01-31": 14.228, "2013-10-31": "15.97900", "2013-07-31": 18.57, "2013-04-30": 21.602, "2013-01-31": 12.984, "2012-10-31": "12.10900", "2012-07-31": 10.972, "2012-04-30": 12.664, "2012-01-31": 20.359, "2011-10-31": "12.45300", "2011-07-31": 16.665, "2011-04-30": 14.278, "2011-01-31": 13.179, "2010-10-31": "17.08500", "2010-07-31": 14.518, "2010-04-30": 15.136, "2010-01-31": 12.039, "2009-10-31": "10.45000", "2009-07-31": 14.123, "2009-04-30": 11.789, "2009-01-31": 1.651, "2008-10-31": "14.27400", "2008-07-31": 13.108, "2008-04-30": 8.868, "2008-01-31": 4.762, "2007-10-31": "11.13700", "2007-07-31": 5.536, "2007-04-30": 5.527, "2007-01-31": 9.199, "2006-10-31": "10.49500", "2006-07-31": 12.072, "2006-04-30": 10.87, "2006-01-31": 28.247, "2005-10-31": "6.54400", "2005-07-31": -0.599, "2005-04-30": 10.118, "2005-01-31": 15.138}, "Change In Accounts Receivable": {"2020-10-31": "-57.86000", "2020-07-31": -3.109, "2020-04-30": 97.612, "2020-01-31": -53.102, "2019-10-31": "-25.40800", "2019-07-31": 9.112, "2019-04-30": 16.205, "2019-01-31": -56.855, "2018-10-31": "-29.27000", "2018-07-31": 3.026, "2018-04-30": 42.786, "2018-01-31": -30.243, "2017-10-31": "-55.90400", "2017-07-31": -2.874, "2017-04-30": 39.121, "2017-01-31": -45.317, "2016-10-31": "-29.47200", "2016-07-31": -4.619, "2016-04-30": 19.089, "2016-01-31": -51.773, "2015-10-31": "-16.91000", "2015-07-31": 1.346, "2015-04-30": 19.145, "2015-01-31": -31.904, "2014-10-31": "-9.00400", "2014-07-31": -3.709, "2014-04-30": 29.767, "2014-01-31": -34.222, "2013-10-31": "-4.70600", "2013-07-31": -6.757, "2013-04-30": 33.901, "2013-01-31": -48.719, "2012-10-31": "-9.59600", "2012-07-31": -9.602, "2012-04-30": 23.147, "2012-01-31": -16.405, "2011-10-31": "-13.14400", "2011-07-31": -5.42, "2011-04-30": 21.139, "2011-01-31": -20.24, "2010-10-31": "-7.98500", "2010-07-31": -6.76, "2010-04-30": 19.206, "2010-01-31": -9.43, "2009-10-31": "-0.58000", "2009-07-31": -0.884, "2009-04-30": 30.767, "2009-01-31": -20.073, "2008-10-31": "-8.82800", "2008-07-31": 16.939, "2008-04-30": 9.778, "2008-01-31": -20.854, "2007-10-31": "-5.59300", "2007-07-31": 3.72, "2007-04-30": 5.829, "2007-01-31": -11.586, "2006-10-31": "-0.37900", "2006-07-31": 12.882, "2006-04-30": 9.966, "2006-01-31": -30.407, "2005-10-31": "-3.30600", "2005-07-31": 3.096, "2005-04-30": 7.221, "2005-01-31": -19.081}, "Change In Inventories": {"2020-10-31": "-8.25900", "2020-07-31": 0.139, "2020-04-30": -1.556, "2020-01-31": 1.055, "2019-10-31": "1.71000", "2019-07-31": 1.002, "2019-04-30": 5.919, "2019-01-31": -8.372, "2018-10-31": "-3.26800", "2018-07-31": 2.741, "2018-04-30": -4.175, "2018-01-31": -2.561, "2017-10-31": "0.03600", "2017-07-31": 0.267, "2017-04-30": -0.006, "2017-01-31": -0.119, "2016-10-31": "1.15200", "2016-07-31": 0.611, "2016-04-30": -1.81, "2016-01-31": -0.799, "2015-10-31": "-0.51100", "2015-07-31": -0.482, "2015-04-30": -0.023, "2015-01-31": -0.673, "2014-10-31": "-0.55300", "2014-07-31": 2.573, "2014-04-30": 0.123, "2014-01-31": -0.443, "2013-10-31": "1.75900", "2013-07-31": 0.33, "2013-04-30": 0.428, "2013-01-31": -3.546, "2012-10-31": "1.01100", "2012-07-31": -0.668, "2012-04-30": -0.048, "2012-01-31": -0.949, "2011-10-31": "1.44700", "2011-07-31": -1.747, "2011-04-30": -0.102, "2011-01-31": -1.556, "2010-10-31": "0.73900", "2010-07-31": -0.42, "2010-04-30": -0.419, "2010-01-31": 0.312, "2009-10-31": "0.27100", "2009-07-31": -0.492, "2009-04-30": 0.57, "2009-01-31": -0.357, "2008-10-31": "0.22500", "2008-07-31": 1.161, "2008-04-30": 1.585, "2008-01-31": 0.366, "2007-10-31": "-1.62300", "2007-07-31": 1.361, "2007-04-30": 0.047, "2007-01-31": -0.822, "2006-10-31": "0.77500", "2006-07-31": -0.419, "2006-04-30": 0, "2006-01-31": 0, "2005-10-31": "", "2005-07-31": -0.333, "2005-04-30": 0, "2005-01-31": 0}, "Change In Accounts Payable": {"2020-10-31": "", "2020-07-31": 0, "2020-04-30": 0, "2020-01-31": 0, "2019-10-31": "", "2019-07-31": 0, "2019-04-30": 0, "2019-01-31": 0, "2018-10-31": "", "2018-07-31": 0, "2018-04-30": 0, "2018-01-31": 0, "2017-10-31": "", "2017-07-31": 0, "2017-04-30": 0, "2017-01-31": 0, "2016-10-31": "", "2016-07-31": 0, "2016-04-30": 0, "2016-01-31": 0, "2015-10-31": "", "2015-07-31": 0, "2015-04-30": 0, "2015-01-31": 0, "2014-10-31": "", "2014-07-31": 0, "2014-04-30": 0, "2014-01-31": 0, "2013-10-31": "", "2013-07-31": 0, "2013-04-30": 0, "2013-01-31": 0, "2012-10-31": "", "2012-07-31": 0, "2012-04-30": 0, "2012-01-31": 0, "2011-10-31": "", "2011-07-31": 0, "2011-04-30": 0, "2011-01-31": 0, "2010-10-31": "", "2010-07-31": 0, "2010-04-30": 0, "2010-01-31": 0, "2009-10-31": "", "2009-07-31": 0, "2009-04-30": 0, "2009-01-31": 0, "2008-10-31": "", "2008-07-31": 0, "2008-04-30": 0, "2008-01-31": 0, "2007-10-31": "", "2007-07-31": 0, "2007-04-30": 0, "2007-01-31": 0, "2006-10-31": "", "2006-07-31": 0, "2006-04-30": 0, "2006-01-31": 0, "2005-10-31": "", "2005-07-31": 0, "2005-04-30": 0, "2005-01-31": 0}, "Change In Assets/Liabilities": {"2020-10-31": "6.04000", "2020-07-31": -5.8, "2020-04-30": 15.828, "2020-01-31": 0.856, "2019-10-31": "-6.61200", "2019-07-31": -4.802, "2019-04-30": -2.399, "2019-01-31": -9.095, "2018-10-31": "-9.66700", "2018-07-31": -3.39, "2018-04-30": 8.74, "2018-01-31": -1.264, "2017-10-31": "-9.25200", "2017-07-31": 2.723, "2017-04-30": 2.666, "2017-01-31": -2.528, "2016-10-31": "-2.68400", "2016-07-31": 2.713, "2016-04-30": 3.284, "2016-01-31": 0.444, "2015-10-31": "-4.33000", "2015-07-31": -0.428, "2015-04-30": 3.097, "2015-01-31": 1.342, "2014-10-31": "3.18800", "2014-07-31": -0.953, "2014-04-30": 2.37, "2014-01-31": 0.176, "2013-10-31": "-17.76400", "2013-07-31": -17.856, "2013-04-30": 3.859, "2013-01-31": -7.879, "2012-10-31": "-6.74600", "2012-07-31": -3.11, "2012-04-30": 2.709, "2012-01-31": 8.221, "2011-10-31": "-1.22400", "2011-07-31": 1.94, "2011-04-30": 10.758, "2011-01-31": -6.326, "2010-10-31": "6.91000", "2010-07-31": -0.836, "2010-04-30": -6.112, "2010-01-31": -5.045, "2009-10-31": "-0.76900", "2009-07-31": 2.347, "2009-04-30": -4.561, "2009-01-31": -1.034, "2008-10-31": "-2.89600", "2008-07-31": -4.524, "2008-04-30": 4.329, "2008-01-31": -8.101, "2007-10-31": "-0.65500", "2007-07-31": 0.884, "2007-04-30": 2.047, "2007-01-31": -0.414, "2006-10-31": "-1.12900", "2006-07-31": -1.672, "2006-04-30": 5.806, "2006-01-31": 2.816, "2005-10-31": "-3.46100", "2005-07-31": 1.148, "2005-04-30": 0.598, "2005-01-31": -0.791}, "Total Change In Assets/Liabilities": {"2020-10-31": "16.99700", "2020-07-31": 54.32, "2020-04-30": 111.406, "2020-01-31": -58.804, "2019-10-31": "-40.76300", "2019-07-31": 1.419, "2019-04-30": 11.684, "2019-01-31": -53.66, "2018-10-31": "-33.35300", "2018-07-31": -3.417, "2018-04-30": 43.541, "2018-01-31": -35.154, "2017-10-31": "-13.17500", "2017-07-31": 36.545, "2017-04-30": 85.053, "2017-01-31": -7.001, "2016-10-31": "-135.38900", "2016-07-31": 14.983, "2016-04-30": 32.82, "2016-01-31": -70.873, "2015-10-31": "6.94500", "2015-07-31": -10.607, "2015-04-30": 35.567, "2015-01-31": -60.834, "2014-10-31": "14.22200", "2014-07-31": -15.384, "2014-04-30": 49.046, "2014-01-31": -51.497, "2013-10-31": "10.31400", "2013-07-31": -43.551, "2013-04-30": 55.075, "2013-01-31": -74.849, "2012-10-31": "17.36100", "2012-07-31": -23.146, "2012-04-30": 38.468, "2012-01-31": -34.801, "2011-10-31": "10.58500", "2011-07-31": -14.904, "2011-04-30": 42.914, "2011-01-31": -35.29, "2010-10-31": "22.63000", "2010-07-31": -25.327, "2010-04-30": 31.654, "2010-01-31": -42.661, "2009-10-31": "31.97100", "2009-07-31": 0.032, "2009-04-30": 55.899, "2009-01-31": -36.368, "2008-10-31": "0.83600", "2008-07-31": -0.313, "2008-04-30": 30.609, "2008-01-31": -37.985, "2007-10-31": "6.94500", "2007-07-31": 12.517, "2007-04-30": 21.256, "2007-01-31": -31.963, "2006-10-31": "13.14800", "2006-07-31": 5.145, "2006-04-30": 20.813, "2006-01-31": -40.442, "2005-10-31": "1.00800", "2005-07-31": 8.515, "2005-04-30": 15.207, "2005-01-31": -14.504}, "Cash Flow From Operating Activities": {"2020-10-31": "258.53300", "2020-07-31": 266.917, "2020-04-30": 294.048, "2020-01-31": 144.462, "2019-10-31": "212.45800", "2019-07-31": 193.15, "2019-04-30": 238.292, "2019-01-31": 107.521, "2018-10-31": "107.68300", "2018-07-31": 157.872, "2018-04-30": 190.804, "2018-01-31": 93.033, "2017-10-31": "93.36000", "2017-07-31": 144.231, "2017-04-30": 192.299, "2017-01-31": 81.235, "2016-10-31": "74.29300", "2016-07-31": 124.152, "2016-04-30": 125.025, "2016-01-31": 6.53, "2015-10-31": "76.79100", "2015-07-31": 61.707, "2015-04-30": 114.486, "2015-01-31": 5.517, "2014-10-31": "83.36600", "2014-07-31": 54.96, "2014-04-30": 131.843, "2014-01-31": 8.076, "2013-10-31": "67.71500", "2013-07-31": 16.323, "2013-04-30": 129.913, "2013-01-31": -22.225, "2012-10-31": "75.31500", "2012-07-31": 32.722, "2012-04-30": 106.603, "2012-01-31": 26.161, "2011-10-31": "64.18700", "2011-07-31": 42.282, "2011-04-30": 107.327, "2011-01-31": 15.785, "2010-10-31": "77.53800", "2010-07-31": 25.424, "2010-04-30": 91.179, "2010-01-31": 5.113, "2009-10-31": "77.69100", "2009-07-31": 48.782, "2009-04-30": 109.757, "2009-01-31": -7.564, "2008-10-31": "52.36400", "2008-07-31": 53.616, "2008-04-30": 85.952, "2008-01-31": -1.197, "2007-10-31": "55.69200", "2007-07-31": 54.788, "2007-04-30": 65.651, "2007-01-31": 7.626, "2006-10-31": "53.98800", "2006-07-31": 48.79, "2006-04-30": 66.39, "2006-01-31": -4.341, "2005-10-31": "30.36500", "2005-07-31": 32.905, "2005-04-30": 56.229, "2005-01-31": 46.857}, "Net Change In Property, Plant, And Equipment": {"2020-10-31": "-146.82200", "2020-07-31": -112.363, "2020-04-30": -90.132, "2020-01-31": -267.203, "2019-10-31": "-131.51000", "2019-07-31": -114.114, "2019-04-30": -122.914, "2019-01-31": -57.713, "2018-10-31": "-61.52600", "2018-07-31": -105.158, "2018-04-30": -77.144, "2018-01-31": -68.505, "2017-10-31": "-39.46500", "2017-07-31": -208.069, "2017-04-30": -32.13, "2017-01-31": -54.007, "2016-10-31": "-38.01900", "2016-07-31": -29.907, "2016-04-30": -65.881, "2016-01-31": -57.643, "2015-10-31": "-19.82400", "2015-07-31": -29.423, "2015-04-30": -9.275, "2015-01-31": -16.018, "2014-10-31": "-22.91600", "2014-07-31": -17.296, "2014-04-30": -11.751, "2014-01-31": -43.465, "2013-10-31": "-20.44900", "2013-07-31": -67.983, "2013-04-30": -58.535, "2013-01-31": -36.656, "2012-10-31": "-48.03600", "2012-07-31": -28.994, "2012-04-30": -12.84, "2012-01-31": -7.202, "2011-10-31": "-7.09200", "2011-07-31": -13.779, "2011-04-30": -48.566, "2011-01-31": -11.062, "2010-10-31": "-11.07300", "2010-07-31": -38.237, "2010-04-30": 3.015, "2010-01-31": -36.596, "2009-10-31": "-22.90700", "2009-07-31": -7.931, "2009-04-30": -11.785, "2009-01-31": -23.153, "2008-10-31": "-29.03500", "2008-07-31": -22.884, "2008-04-30": -56.188, "2008-01-31": -35.401, "2007-10-31": "-29.90000", "2007-07-31": -7.749, "2007-04-30": -10.971, "2007-01-31": -13.44, "2006-10-31": "-18.08900", "2006-07-31": -28.557, "2006-04-30": -18.234, "2006-01-31": -17.418, "2005-10-31": "-23.27100", "2005-07-31": -23.951, "2005-04-30": -16.209, "2005-01-31": -20.393}, "Net Change In Intangible Assets": {"2020-10-31": "", "2020-07-31": 0, "2020-04-30": 0, "2020-01-31": 0, "2019-10-31": "", "2019-07-31": 0, "2019-04-30": 0, "2019-01-31": 0, "2018-10-31": "", "2018-07-31": 0, "2018-04-30": 0, "2018-01-31": -0.123, "2017-10-31": "0.12300", "2017-07-31": 0, "2017-04-30": 0, "2017-01-31": 0, "2016-10-31": "", "2016-07-31": 0, "2016-04-30": 0, "2016-01-31": 0, "2015-10-31": "", "2015-07-31": 0, "2015-04-30": 0, "2015-01-31": 0, "2014-10-31": "", "2014-07-31": 0, "2014-04-30": 0, "2014-01-31": 0.293, "2013-10-31": "-0.29300", "2013-07-31": 0, "2013-04-30": 31.243, "2013-01-31": -31.243, "2012-10-31": "", "2012-07-31": 0, "2012-04-30": 0, "2012-01-31": 0, "2011-10-31": "", "2011-07-31": 0, "2011-04-30": 0, "2011-01-31": 0, "2010-10-31": "", "2010-07-31": 21.366, "2010-04-30": -21.366, "2010-01-31": 0, "2009-10-31": "", "2009-07-31": -0.073, "2009-04-30": 0.073, "2009-01-31": 0, "2008-10-31": "", "2008-07-31": 0, "2008-04-30": 0, "2008-01-31": 0, "2007-10-31": "", "2007-07-31": 0, "2007-04-30": 0, "2007-01-31": 0, "2006-10-31": "", "2006-07-31": 22.859, "2006-04-30": -0.43, "2006-01-31": -19.081, "2005-10-31": "-3.34800", "2005-07-31": 3.393, "2005-04-30": -3.393, "2005-01-31": 0}, "Net Acquisitions/Divestitures": {"2020-10-31": "", "2020-07-31": 0, "2020-04-30": 0, "2020-01-31": 0, "2019-10-31": "", "2019-07-31": 0, "2019-04-30": 0, "2019-01-31": 0, "2018-10-31": "", "2018-07-31": 1.796, "2018-04-30": 0, "2018-01-31": 0, "2017-10-31": "", "2017-07-31": 0, "2017-04-30": 0, "2017-01-31": 0, "2016-10-31": "", "2016-07-31": 0, "2016-04-30": 0, "2016-01-31": 0, "2015-10-31": "", "2015-07-31": 0, "2015-04-30": 0, "2015-01-31": 0, "2014-10-31": "", "2014-07-31": 0, "2014-04-30": 0, "2014-01-31": 0, "2013-10-31": "", "2013-07-31": 0, "2013-04-30": 0, "2013-01-31": 0, "2012-10-31": "", "2012-07-31": 0, "2012-04-30": 0, "2012-01-31": 0, "2011-10-31": "", "2011-07-31": 0, "2011-04-30": 0, "2011-01-31": 0, "2010-10-31": "", "2010-07-31": 0, "2010-04-30": 0, "2010-01-31": 0, "2009-10-31": "", "2009-07-31": 0, "2009-04-30": 0, "2009-01-31": 0, "2008-10-31": "", "2008-07-31": 0, "2008-04-30": 0, "2008-01-31": 0, "2007-10-31": "", "2007-07-31": 0, "2007-04-30": 0, "2007-01-31": 0, "2006-10-31": "", "2006-07-31": 0, "2006-04-30": 0, "2006-01-31": 0, "2005-10-31": "", "2005-07-31": 0, "2005-04-30": 0, "2005-01-31": 0}, "Net Change In Short-term Investments": {"2020-10-31": "", "2020-07-31": 0, "2020-04-30": 0, "2020-01-31": 0, "2019-10-31": "", "2019-07-31": 0, "2019-04-30": 0, "2019-01-31": 0, "2018-10-31": "", "2018-07-31": 0, "2018-04-30": 0, "2018-01-31": 0, "2017-10-31": "", "2017-07-31": 0, "2017-04-30": 0, "2017-01-31": 0, "2016-10-31": "", "2016-07-31": 0, "2016-04-30": 21.498, "2016-01-31": 0, "2015-10-31": "-21.11900", "2015-07-31": 0, "2015-04-30": 0, "2015-01-31": 0, "2014-10-31": "", "2014-07-31": 0, "2014-04-30": 0, "2014-01-31": 0, "2013-10-31": "", "2013-07-31": 0, "2013-04-30": 0, "2013-01-31": 0, "2012-10-31": "", "2012-07-31": 0, "2012-04-30": 0, "2012-01-31": 0, "2011-10-31": "", "2011-07-31": 0, "2011-04-30": 0, "2011-01-31": 0, "2010-10-31": "", "2010-07-31": 0, "2010-04-30": 0, "2010-01-31": 0, "2009-10-31": "", "2009-07-31": 0, "2009-04-30": 0, "2009-01-31": 0, "2008-10-31": "", "2008-07-31": 9.148, "2008-04-30": 0, "2008-01-31": 0, "2007-10-31": "102.62500", "2007-07-31": 16.562, "2007-04-30": 67.55, "2007-01-31": -8.83, "2006-10-31": "-38.33000", "2006-07-31": -20.825, "2006-04-30": -22.4, "2006-01-31": 44.22, "2005-10-31": "-149.72000", "2005-07-31": 0, "2005-04-30": 207.175, "2005-01-31": -34.575}, "Net Change In Long-Term Investments": {"2020-10-31": "", "2020-07-31": 0, "2020-04-30": 0, "2020-01-31": 0, "2019-10-31": "", "2019-07-31": 0, "2019-04-30": 0, "2019-01-31": 0, "2018-10-31": "", "2018-07-31": 0, "2018-04-30": 0, "2018-01-31": 0, "2017-10-31": "", "2017-07-31": 0, "2017-04-30": -2.516, "2017-01-31": 0, "2016-10-31": "-1.05000", "2016-07-31": 0, "2016-04-30": 0, "2016-01-31": 0, "2015-10-31": "", "2015-07-31": -4.5, "2015-04-30": 0, "2015-01-31": 0, "2014-10-31": "", "2014-07-31": 0, "2014-04-30": 0, "2014-01-31": 0, "2013-10-31": "", "2013-07-31": 0, "2013-04-30": 0, "2013-01-31": 0, "2012-10-31": "", "2012-07-31": 0, "2012-04-30": 0, "2012-01-31": 0, "2011-10-31": "", "2011-07-31": 0, "2011-04-30": 0, "2011-01-31": 0, "2010-10-31": "", "2010-07-31": 0, "2010-04-30": 0, "2010-01-31": 0, "2009-10-31": "", "2009-07-31": 0, "2009-04-30": 0, "2009-01-31": 0, "2008-10-31": "", "2008-07-31": 0, "2008-04-30": 0, "2008-01-31": 0, "2007-10-31": "", "2007-07-31": 0, "2007-04-30": 0, "2007-01-31": 0, "2006-10-31": "", "2006-07-31": 0.042, "2006-04-30": 0.042, "2006-01-31": -5.976, "2005-10-31": "-3.00000", "2005-07-31": 0, "2005-04-30": 0, "2005-01-31": 0}, "Net Change In Investments - Total": {"2020-10-31": "", "2020-07-31": 0, "2020-04-30": 0, "2020-01-31": 0, "2019-10-31": "", "2019-07-31": 0, "2019-04-30": 0, "2019-01-31": 0, "2018-10-31": "", "2018-07-31": 0, "2018-04-30": 0, "2018-01-31": 0, "2017-10-31": "", "2017-07-31": 0, "2017-04-30": -2.516, "2017-01-31": 0, "2016-10-31": "-1.05000", "2016-07-31": 0, "2016-04-30": 21.498, "2016-01-31": 0, "2015-10-31": "-21.11900", "2015-07-31": -4.5, "2015-04-30": 0, "2015-01-31": 0, "2014-10-31": "", "2014-07-31": 0, "2014-04-30": 0, "2014-01-31": 0, "2013-10-31": "", "2013-07-31": 0, "2013-04-30": 0, "2013-01-31": 0, "2012-10-31": "", "2012-07-31": 0, "2012-04-30": 0, "2012-01-31": 0, "2011-10-31": "", "2011-07-31": 0, "2011-04-30": 0, "2011-01-31": 0, "2010-10-31": "", "2010-07-31": 0, "2010-04-30": 0, "2010-01-31": 0, "2009-10-31": "", "2009-07-31": 0, "2009-04-30": 0, "2009-01-31": 0, "2008-10-31": "", "2008-07-31": 9.148, "2008-04-30": 0, "2008-01-31": 0, "2007-10-31": "102.62500", "2007-07-31": 16.562, "2007-04-30": 67.55, "2007-01-31": -8.83, "2006-10-31": "-38.33000", "2006-07-31": -20.783, "2006-04-30": -22.358, "2006-01-31": 38.244, "2005-10-31": "-152.72000", "2005-07-31": 0, "2005-04-30": 207.175, "2005-01-31": -34.575}, "Investing Activities - Other": {"2020-10-31": "", "2020-07-31": 0, "2020-04-30": 0, "2020-01-31": 0, "2019-10-31": "", "2019-07-31": 0, "2019-04-30": 0, "2019-01-31": 0, "2018-10-31": "", "2018-07-31": 0, "2018-04-30": 0, "2018-01-31": 0, "2017-10-31": "", "2017-07-31": 10, "2017-04-30": -10, "2017-01-31": 0, "2016-10-31": "", "2016-07-31": 0, "2016-04-30": -0.1, "2016-01-31": 0, "2015-10-31": "0.10000", "2015-07-31": 0, "2015-04-30": 0, "2015-01-31": 0, "2014-10-31": "0.21700", "2014-07-31": 0, "2014-04-30": 0.364, "2014-01-31": 0.494, "2013-10-31": "", "2013-07-31": 0, "2013-04-30": 2.328, "2013-01-31": 11.167, "2012-10-31": "-10.30600", "2012-07-31": 8.041, "2012-04-30": 0, "2012-01-31": 0, "2011-10-31": "", "2011-07-31": 0, "2011-04-30": 0, "2011-01-31": 0, "2010-10-31": "", "2010-07-31": -1.3, "2010-04-30": 0, "2010-01-31": 0, "2009-10-31": "", "2009-07-31": 0, "2009-04-30": 12, "2009-01-31": 0, "2008-10-31": "", "2008-07-31": -9.148, "2008-04-30": 0, "2008-01-31": 0, "2007-10-31": "9.14800", "2007-07-31": 5.636, "2007-04-30": -127.9, "2007-01-31": 0, "2006-10-31": "", "2006-07-31": -22.826, "2006-04-30": 0.022, "2006-01-31": -0.012, "2005-10-31": "-0.00200", "2005-07-31": -4.551, "2005-04-30": -0.02, "2005-01-31": -0.028}, "Cash Flow From Investing Activities": {"2020-10-31": "-146.82200", "2020-07-31": -112.363, "2020-04-30": -90.132, "2020-01-31": -267.203, "2019-10-31": "-131.51000", "2019-07-31": -114.114, "2019-04-30": -122.914, "2019-01-31": -57.713, "2018-10-31": "-61.52600", "2018-07-31": -103.362, "2018-04-30": -77.144, "2018-01-31": -68.628, "2017-10-31": "-39.34200", "2017-07-31": -198.069, "2017-04-30": -44.646, "2017-01-31": -54.007, "2016-10-31": "-39.06900", "2016-07-31": -29.907, "2016-04-30": -44.483, "2016-01-31": -57.643, "2015-10-31": "-40.84300", "2015-07-31": -33.923, "2015-04-30": -9.275, "2015-01-31": -16.018, "2014-10-31": "-22.69900", "2014-07-31": -17.296, "2014-04-30": -11.387, "2014-01-31": -42.678, "2013-10-31": "-20.74200", "2013-07-31": -67.983, "2013-04-30": -24.964, "2013-01-31": -56.732, "2012-10-31": "-58.34200", "2012-07-31": -20.953, "2012-04-30": -12.84, "2012-01-31": -7.202, "2011-10-31": "-7.09200", "2011-07-31": -13.779, "2011-04-30": -48.566, "2011-01-31": -11.062, "2010-10-31": "-11.07300", "2010-07-31": -18.171, "2010-04-30": -18.351, "2010-01-31": -36.596, "2009-10-31": "-22.90700", "2009-07-31": -8.004, "2009-04-30": 0.288, "2009-01-31": -23.153, "2008-10-31": "-29.03500", "2008-07-31": -22.884, "2008-04-30": -56.188, "2008-01-31": -35.401, "2007-10-31": "81.87300", "2007-07-31": 14.449, "2007-04-30": -71.321, "2007-01-31": -22.27, "2006-10-31": "-56.41900", "2006-07-31": -49.307, "2006-04-30": -41, "2006-01-31": 1.733, "2005-10-31": "-179.34100", "2005-07-31": -25.109, "2005-04-30": 187.553, "2005-01-31": -54.996}, "Net Long-Term Debt": {"2020-10-31": "", "2020-07-31": 0, "2020-04-30": 0, "2020-01-31": 0, "2019-10-31": "", "2019-07-31": 0, "2019-04-30": 0, "2019-01-31": 0, "2018-10-31": "", "2018-07-31": 0, "2018-04-30": 0, "2018-01-31": 0, "2017-10-31": "", "2017-07-31": 0, "2017-04-30": 0, "2017-01-31": 0, "2016-10-31": "", "2016-07-31": -300, "2016-04-30": 25.468, "2016-01-31": 49.25, "2015-10-31": "-18.75000", "2015-07-31": -18.75, "2015-04-30": -18.75, "2015-01-31": 405.189, "2014-10-31": "-18.75000", "2014-07-31": -18.75, "2014-04-30": -18.75, "2014-01-31": -37.5, "2013-10-31": "", "2013-07-31": -40.405, "2013-04-30": -18.75, "2013-01-31": -18.75, "2012-10-31": "-18.75500", "2012-07-31": -18.75, "2012-04-30": -18.75, "2012-01-31": -18.75, "2011-10-31": "125.00000", "2011-07-31": -12.5, "2011-04-30": -12.5, "2011-01-31": 400, "2010-10-31": "", "2010-07-31": 0, "2010-04-30": 0, "2010-01-31": 0, "2009-10-31": "", "2009-07-31": 0, "2009-04-30": 0, "2009-01-31": 0, "2008-10-31": "", "2008-07-31": 0, "2008-04-30": 0, "2008-01-31": 0, "2007-10-31": "", "2007-07-31": 0, "2007-04-30": 0, "2007-01-31": 0, "2006-10-31": "", "2006-07-31": 0, "2006-04-30": 0, "2006-01-31": 0, "2005-10-31": "", "2005-07-31": 0, "2005-04-30": 0, "2005-01-31": 0}, "Net Current Debt": {"2020-10-31": "", "2020-07-31": 0, "2020-04-30": -13.6, "2020-01-31": 13.6, "2019-10-31": "", "2019-07-31": -7, "2019-04-30": -86.3, "2019-01-31": 93.3, "2018-10-31": "", "2018-07-31": 0, "2018-04-30": -110.7, "2018-01-31": -71.3, "2017-10-31": "-49.00000", "2017-07-31": 66, "2017-04-30": -145, "2017-01-31": -31.9, "2016-10-31": "103.90000", "2016-07-31": 238, "2016-04-30": 0, "2016-01-31": 0, "2015-10-31": "", "2015-07-31": 0, "2015-04-30": 0, "2015-01-31": 0, "2014-10-31": "", "2014-07-31": 0, "2014-04-30": -17.034, "2014-01-31": 35.784, "2013-10-31": "-35.04100", "2013-07-31": 16.291, "2013-04-30": 0, "2013-01-31": 0, "2012-10-31": "", "2012-07-31": 0, "2012-04-30": 0, "2012-01-31": 0, "2011-10-31": "", "2011-07-31": 0, "2011-04-30": 0, "2011-01-31": 0, "2010-10-31": "", "2010-07-31": 0, "2010-04-30": 0, "2010-01-31": 0, "2009-10-31": "", "2009-07-31": 0, "2009-04-30": -9.91, "2009-01-31": 2.331, "2008-10-31": "-9.92300", "2008-07-31": 16.683, "2008-04-30": -10.627, "2008-01-31": 3.974, "2007-10-31": "-1.78400", "2007-07-31": 2.688, "2007-04-30": 0, "2007-01-31": 0, "2006-10-31": "", "2006-07-31": 4.18, "2006-04-30": 0, "2006-01-31": 0, "2005-10-31": "", "2005-07-31": 0.005, "2005-04-30": -0.871, "2005-01-31": 0.866}, "Debt Issuance/Retirement Net - Total": {"2020-10-31": "", "2020-07-31": 0, "2020-04-30": -13.6, "2020-01-31": 13.6, "2019-10-31": "", "2019-07-31": -7, "2019-04-30": -86.3, "2019-01-31": 93.3, "2018-10-31": "", "2018-07-31": 0, "2018-04-30": -110.7, "2018-01-31": -71.3, "2017-10-31": "-49.00000", "2017-07-31": 66, "2017-04-30": -145, "2017-01-31": -31.9, "2016-10-31": "103.90000", "2016-07-31": -62, "2016-04-30": 25.468, "2016-01-31": 49.25, "2015-10-31": "-18.75000", "2015-07-31": -18.75, "2015-04-30": -18.75, "2015-01-31": 405.189, "2014-10-31": "-18.75000", "2014-07-31": -18.75, "2014-04-30": -35.784, "2014-01-31": -1.716, "2013-10-31": "-35.04100", "2013-07-31": -24.114, "2013-04-30": -18.75, "2013-01-31": -18.75, "2012-10-31": "-18.75500", "2012-07-31": -18.75, "2012-04-30": -18.75, "2012-01-31": -18.75, "2011-10-31": "125.00000", "2011-07-31": -12.5, "2011-04-30": -12.5, "2011-01-31": 400, "2010-10-31": "", "2010-07-31": 0, "2010-04-30": 0, "2010-01-31": 0, "2009-10-31": "", "2009-07-31": 0, "2009-04-30": -9.91, "2009-01-31": 2.331, "2008-10-31": "-9.92300", "2008-07-31": 16.683, "2008-04-30": -10.627, "2008-01-31": 3.974, "2007-10-31": "-1.78400", "2007-07-31": 2.688, "2007-04-30": 0, "2007-01-31": 0, "2006-10-31": "", "2006-07-31": 4.18, "2006-04-30": 0, "2006-01-31": 0, "2005-10-31": "", "2005-07-31": 0.005, "2005-04-30": -0.871, "2005-01-31": 0.866}, "Net Common Equity Issued/Repurchased": {"2020-10-31": "20.01400", "2020-07-31": 20.305, "2020-04-30": 23.062, "2020-01-31": 23.929, "2019-10-31": "12.62000", "2019-07-31": 20.819, "2019-04-30": 12.041, "2019-01-31": -357.505, "2018-10-31": "1.22900", "2018-07-31": 23.773, "2018-04-30": 7.213, "2018-01-31": 10.073, "2017-10-31": "9.25300", "2017-07-31": 3.379, "2017-04-30": 9.79, "2017-01-31": 8.312, "2016-10-31": "13.97700", "2016-07-31": 9.98, "2016-04-30": -113.81, "2016-01-31": -322.784, "2015-10-31": "0.36800", "2015-07-31": -229.901, "2015-04-30": 0.453, "2015-01-31": 1.867, "2014-10-31": "0.81000", "2014-07-31": 5.464, "2014-04-30": 1.13, "2014-01-31": 5.583, "2013-10-31": "0.00200", "2013-07-31": 2.363, "2013-04-30": 3.221, "2013-01-31": 12.534, "2012-10-31": "-9.73700", "2012-07-31": -60.368, "2012-04-30": 0.732, "2012-01-31": -85.417, "2011-10-31": "-42.62400", "2011-07-31": -134.112, "2011-04-30": -61.428, "2011-01-31": -460.023, "2010-10-31": "-75.03600", "2010-07-31": -6.014, "2010-04-30": 1.615, "2010-01-31": 2.528, "2009-10-31": "-2.50600", "2009-07-31": -0.85, "2009-04-30": 0.381, "2009-01-31": -4.859, "2008-10-31": "0.62000", "2008-07-31": -116.407, "2008-04-30": -106.794, "2008-01-31": -39.171, "2007-10-31": "7.50700", "2007-07-31": -88.645, "2007-04-30": 1.419, "2007-01-31": 8.477, "2006-10-31": "1.57700", "2006-07-31": 1.564, "2006-04-30": 1.558, "2006-01-31": -6.644, "2005-10-31": "1.71000", "2005-07-31": 1.491, "2005-04-30": 0.528, "2005-01-31": 1.216}, "Net Total Equity Issued/Repurchased": {"2020-10-31": "20.01400", "2020-07-31": 20.305, "2020-04-30": 23.062, "2020-01-31": 23.929, "2019-10-31": "12.62000", "2019-07-31": 20.819, "2019-04-30": 12.041, "2019-01-31": -357.505, "2018-10-31": "1.22900", "2018-07-31": 23.773, "2018-04-30": 7.213, "2018-01-31": 10.073, "2017-10-31": "9.25300", "2017-07-31": 3.379, "2017-04-30": 9.79, "2017-01-31": 8.312, "2016-10-31": "13.97700", "2016-07-31": 9.98, "2016-04-30": -113.81, "2016-01-31": -322.784, "2015-10-31": "0.36800", "2015-07-31": -229.901, "2015-04-30": 0.453, "2015-01-31": 1.867, "2014-10-31": "0.81000", "2014-07-31": 5.464, "2014-04-30": 1.13, "2014-01-31": 5.583, "2013-10-31": "0.00200", "2013-07-31": 2.363, "2013-04-30": 3.221, "2013-01-31": 12.534, "2012-10-31": "-9.73700", "2012-07-31": -60.368, "2012-04-30": 0.732, "2012-01-31": -85.417, "2011-10-31": "-42.62400", "2011-07-31": -134.112, "2011-04-30": -61.428, "2011-01-31": -460.023, "2010-10-31": "-75.03600", "2010-07-31": -6.014, "2010-04-30": 1.615, "2010-01-31": 2.528, "2009-10-31": "-2.50600", "2009-07-31": -0.85, "2009-04-30": 0.381, "2009-01-31": -4.859, "2008-10-31": "0.62000", "2008-07-31": -116.407, "2008-04-30": -106.794, "2008-01-31": -39.171, "2007-10-31": "7.50700", "2007-07-31": -88.645, "2007-04-30": 1.419, "2007-01-31": 8.477, "2006-10-31": "1.57700", "2006-07-31": 1.564, "2006-04-30": 1.558, "2006-01-31": -6.644, "2005-10-31": "1.71000", "2005-07-31": 1.491, "2005-04-30": 0.528, "2005-01-31": 1.216}, "Total Common And Preferred Stock Dividends Paid": {"2020-10-31": "", "2020-07-31": 0, "2020-04-30": 0, "2020-01-31": 0, "2019-10-31": "", "2019-07-31": 0, "2019-04-30": 0, "2019-01-31": 0, "2018-10-31": "", "2018-07-31": -0.18, "2018-04-30": 0, "2018-01-31": -0.055, "2017-10-31": "", "2017-07-31": 0, "2017-04-30": 0, "2017-01-31": 0, "2016-10-31": "", "2016-07-31": 0, "2016-04-30": 0, "2016-01-31": 0, "2015-10-31": "", "2015-07-31": 0, "2015-04-30": 0, "2015-01-31": 0, "2014-10-31": "", "2014-07-31": 0, "2014-04-30": 0, "2014-01-31": 0, "2013-10-31": "", "2013-07-31": 0, "2013-04-30": 0, "2013-01-31": 0, "2012-10-31": "", "2012-07-31": 0, "2012-04-30": 0, "2012-01-31": 0, "2011-10-31": "", "2011-07-31": 0, "2011-04-30": 0, "2011-01-31": 0, "2010-10-31": "", "2010-07-31": 0, "2010-04-30": 0, "2010-01-31": 0, "2009-10-31": "", "2009-07-31": 0, "2009-04-30": 0, "2009-01-31": 0, "2008-10-31": "", "2008-07-31": 0, "2008-04-30": 0, "2008-01-31": 0, "2007-10-31": "", "2007-07-31": 0, "2007-04-30": 0, "2007-01-31": 0, "2006-10-31": "", "2006-07-31": 0, "2006-04-30": 0, "2006-01-31": 0, "2005-10-31": "", "2005-07-31": 0, "2005-04-30": 0, "2005-01-31": 0}, "Financial Activities - Other": {"2020-10-31": "-0.81600", "2020-07-31": -5.139, "2020-04-30": -0.769, "2020-01-31": -0.068, "2019-10-31": "-101.35400", "2019-07-31": -1.294, "2019-04-30": -45.567, "2019-01-31": -0.025, "2018-10-31": "-0.00200", "2018-07-31": -1.112, "2018-04-30": 0, "2018-01-31": 0, "2017-10-31": "-0.00300", "2017-07-31": -0.795, "2017-04-30": 0, "2017-01-31": -0.023, "2016-10-31": "-134.61500", "2016-07-31": -16.053, "2016-04-30": -0.165, "2016-01-31": 0, "2015-10-31": "", "2015-07-31": -2.13, "2015-04-30": 0.745, "2015-01-31": -0.782, "2014-10-31": "0.36100", "2014-07-31": 1.07, "2014-04-30": 0.048, "2014-01-31": 1.113, "2013-10-31": "0.05800", "2013-07-31": -0.067, "2013-04-30": 0.871, "2013-01-31": 3.371, "2012-10-31": "1.92200", "2012-07-31": 1.671, "2012-04-30": 1.592, "2012-01-31": 0.902, "2011-10-31": "-0.11100", "2011-07-31": 0.622, "2011-04-30": 1.882, "2011-01-31": -1.09, "2010-10-31": "0.11000", "2010-07-31": 2.677, "2010-04-30": 0.517, "2010-01-31": 0.02, "2009-10-31": "2.42900", "2009-07-31": 3.46, "2009-04-30": -3.901, "2009-01-31": 4.957, "2008-10-31": "0.05400", "2008-07-31": 10.871, "2008-04-30": 0.166, "2008-01-31": 0.365, "2007-10-31": "5.54000", "2007-07-31": -1.216, "2007-04-30": 0.627, "2007-01-31": 3.833, "2006-10-31": "0.57600", "2006-07-31": 1.095, "2006-04-30": 0.365, "2006-01-31": 0.338, "2005-10-31": "0.51900", "2005-07-31": -0.66, "2005-04-30": 0.393, "2005-01-31": 0.267}, "Cash Flow From Financial Activities": {"2020-10-31": "19.19800", "2020-07-31": 15.166, "2020-04-30": 8.693, "2020-01-31": 37.461, "2019-10-31": "-88.73400", "2019-07-31": 12.525, "2019-04-30": -119.826, "2019-01-31": -264.23, "2018-10-31": "1.22700", "2018-07-31": 22.481, "2018-04-30": -103.487, "2018-01-31": -61.282, "2017-10-31": "-39.75000", "2017-07-31": 68.584, "2017-04-30": -135.21, "2017-01-31": -23.611, "2016-10-31": "-16.73800", "2016-07-31": -68.073, "2016-04-30": -88.507, "2016-01-31": -273.534, "2015-10-31": "-18.38200", "2015-07-31": -250.781, "2015-04-30": -17.552, "2015-01-31": 406.274, "2014-10-31": "-17.57900", "2014-07-31": -12.216, "2014-04-30": -34.606, "2014-01-31": 4.98, "2013-10-31": "-34.98100", "2013-07-31": -21.818, "2013-04-30": -14.658, "2013-01-31": -2.845, "2012-10-31": "-26.57000", "2012-07-31": -77.447, "2012-04-30": -16.426, "2012-01-31": -103.265, "2011-10-31": "82.26500", "2011-07-31": -145.99, "2011-04-30": -72.046, "2011-01-31": -61.113, "2010-10-31": "-74.92600", "2010-07-31": -3.337, "2010-04-30": 2.132, "2010-01-31": 2.548, "2009-10-31": "-0.07700", "2009-07-31": 2.61, "2009-04-30": -13.43, "2009-01-31": 2.429, "2008-10-31": "-9.24900", "2008-07-31": -88.853, "2008-04-30": -117.255, "2008-01-31": -34.832, "2007-10-31": "11.26300", "2007-07-31": -87.173, "2007-04-30": 2.046, "2007-01-31": 12.31, "2006-10-31": "2.15300", "2006-07-31": 6.839, "2006-04-30": 1.923, "2006-01-31": -6.306, "2005-10-31": "2.22900", "2005-07-31": 0.836, "2005-04-30": 0.05, "2005-01-31": 2.349}, "Net Cash Flow": {"2020-10-31": "128.01400", "2020-07-31": 171.331, "2020-04-30": 212.876, "2020-01-31": -87.591, "2019-10-31": "-5.21700", "2019-07-31": 83.493, "2019-04-30": -5.348, "2019-01-31": -212.135, "2018-10-31": "45.78900", "2018-07-31": 70.245, "2018-04-30": 8.975, "2018-01-31": -28.946, "2017-10-31": "14.14600", "2017-07-31": 20.479, "2017-04-30": 14.669, "2017-01-31": 6.531, "2016-10-31": "12.57200", "2016-07-31": 18.196, "2016-04-30": -3.763, "2016-01-31": -331.5, "2015-10-31": "16.90400", "2015-07-31": -222.73, "2015-04-30": 88.376, "2015-01-31": 391.882, "2014-10-31": "39.81600", "2014-07-31": 25.836, "2014-04-30": 86.633, "2014-01-31": -30.853, "2013-10-31": "13.42100", "2013-07-31": -75.7, "2013-04-30": 89.821, "2013-01-31": -81.92, "2012-10-31": "-8.68200", "2012-07-31": -67.022, "2012-04-30": 79.494, "2012-01-31": -85.037, "2011-10-31": "138.66800", "2011-07-31": -118.139, "2011-04-30": -11.806, "2011-01-31": -56.516, "2010-10-31": "-7.71800", "2010-07-31": 3.936, "2010-04-30": 74.962, "2010-01-31": -28.989, "2009-10-31": "55.58800", "2009-07-31": 43.728, "2009-04-30": 96.514, "2009-01-31": -28.321, "2008-10-31": "11.81600", "2008-07-31": -58.21, "2008-04-30": -87.507, "2008-01-31": -72.655, "2007-10-31": "149.70500", "2007-07-31": -17.693, "2007-04-30": -3.274, "2007-01-31": -2.592, "2006-10-31": "0.05500", "2006-07-31": 6.018, "2006-04-30": 27.184, "2006-01-31": -8.94, "2005-10-31": "-146.78000", "2005-07-31": 8.645, "2005-04-30": 243.903, "2005-01-31": -5.72}, "Stock-Based Compensation": {"2020-10-31": "8.91300", "2020-07-31": 6.093, "2020-04-30": 5.555, "2020-01-31": 6.141, "2019-10-31": "5.53300", "2019-07-31": 5.845, "2019-04-30": 5.65, "2019-01-31": 5.929, "2018-10-31": "6.02100", "2018-07-31": 5.982, "2018-04-30": 5.941, "2018-01-31": 5.992, "2017-10-31": "5.30600", "2017-07-31": 5.227, "2017-04-30": 5.008, "2017-01-31": 5.52, "2016-10-31": "5.08500", "2016-07-31": 5.03, "2016-04-30": 5.034, "2016-01-31": 5.386, "2015-10-31": "5.41400", "2015-07-31": 4.864, "2015-04-30": 4.42, "2015-01-31": 4.504, "2014-10-31": "4.36600", "2014-07-31": 4.837, "2014-04-30": 6.623, "2014-01-31": 5.772, "2013-10-31": "4.86700", "2013-07-31": 4.886, "2013-04-30": 4.751, "2013-01-31": 4.746, "2012-10-31": "5.17400", "2012-07-31": 5.449, "2012-04-30": 5.314, "2012-01-31": 5.983, "2011-10-31": "5.04500", "2011-07-31": 4.814, "2011-04-30": 5.077, "2011-01-31": 4.48, "2010-10-31": "4.63600", "2010-07-31": 4.655, "2010-04-30": 4.417, "2010-01-31": 4.598, "2009-10-31": "4.28500", "2009-07-31": 8.211, "2009-04-30": -1.991, "2009-01-31": 1.693, "2008-10-31": "1.50000", "2008-07-31": 1.302, "2008-04-30": 10.959, "2008-01-31": -7.966, "2007-10-31": "2.06100", "2007-07-31": 0.829, "2007-04-30": 0.91, "2007-01-31": 0.837, "2006-10-31": "0.84800", "2006-07-31": 1.048, "2006-04-30": 0.861, "2006-01-31": 0.898, "2005-10-31": "0.72300", "2005-07-31": 0.411, "2005-04-30": 0, "2005-01-31": 0}, "Common Stock Dividends Paid": {"2020-10-31": "", "2020-07-31": 0, "2020-04-30": 0, "2020-01-31": 0, "2019-10-31": "", "2019-07-31": 0, "2019-04-30": 0, "2019-01-31": 0, "2018-10-31": "", "2018-07-31": -0.18, "2018-04-30": 0, "2018-01-31": -0.055, "2017-10-31": "", "2017-07-31": 0, "2017-04-30": 0, "2017-01-31": 0, "2016-10-31": "", "2016-07-31": 0, "2016-04-30": 0, "2016-01-31": 0, "2015-10-31": "", "2015-07-31": 0, "2015-04-30": 0, "2015-01-31": 0, "2014-10-31": "", "2014-07-31": 0, "2014-04-30": 0, "2014-01-31": 0, "2013-10-31": "", "2013-07-31": 0, "2013-04-30": 0, "2013-01-31": 0, "2012-10-31": "", "2012-07-31": 0, "2012-04-30": 0, "2012-01-31": 0, "2011-10-31": "", "2011-07-31": 0, "2011-04-30": 0, "2011-01-31": 0, "2010-10-31": "", "2010-07-31": 0, "2010-04-30": 0, "2010-01-31": 0, "2009-10-31": "", "2009-07-31": 0, "2009-04-30": 0, "2009-01-31": 0, "2008-10-31": "", "2008-07-31": 0, "2008-04-30": 0, "2008-01-31": 0, "2007-10-31": "", "2007-07-31": 0, "2007-04-30": 0, "2007-01-31": 0, "2006-10-31": "", "2006-07-31": 0, "2006-04-30": 0, "2006-01-31": 0, "2005-10-31": "", "2005-07-31": 0, "2005-04-30": 0, "2005-01-31": 0}}, "financial ratios": {"Current Ratio": {"2020-07-31": "2.70690", "2019-07-31": "2.43670", "2018-07-31": "2.55760", "2017-07-31": "1.94360", "2016-07-31": "1.79100", "2015-07-31": "3.44670", "2014-07-31": "1.68780", "2013-07-31": "1.28460", "2012-07-31": "1.72410", "2011-07-31": "1.45160", "2010-07-31": "4.07950", "2009-07-31": "3.05000", "2008-07-31": "1.65890", "2007-07-31": "3.13930", "2006-07-31": "4.93620", "2005-07-31": "4.66610"}, "Long-term Debt / Capital": {"2020-07-31": "0.13750", "2019-07-31": "0.18370", "2018-07-31": "0.20140", "2017-07-31": "0.33400", "2016-07-31": "0.42150", "2015-07-31": "0.37990", "2014-07-31": "0.18200", "2013-07-31": "0.27990", "2012-07-31": "0.39670", "2011-07-31": "0.36950", "2010-07-31": "0.00060", "2009-07-31": "", "2008-07-31": "", "2007-07-31": "", "2006-07-31": "", "2005-07-31": ""}, "Debt/Equity Ratio": {"2020-07-31": "0.15980", "2019-07-31": "0.22560", "2018-07-31": "0.25290", "2017-07-31": "0.57620", "2016-07-31": "0.82700", "2015-07-31": "0.66830", "2014-07-31": "0.30180", "2013-07-31": "0.50990", "2012-07-31": "0.79150", "2011-07-31": "0.67680", "2010-07-31": "0.00090", "2009-07-31": "", "2008-07-31": "0.02190", "2007-07-31": "0.01050", "2006-07-31": "", "2005-07-31": ""}, "Gross Margin": {"2020-07-31": "45.69320", "2019-07-31": "43.99420", "2018-07-31": "42.22010", "2017-07-31": "43.64890", "2016-07-31": "42.93320", "2015-07-31": "42.17650", "2014-07-31": "40.27310", "2013-07-31": "40.22630", "2012-07-31": "44.32160", "2011-07-31": "42.75110", "2010-07-31": "45.02570", "2009-07-31": "42.02230", "2008-07-31": "41.06010", "2007-07-31": "47.58190", "2006-07-31": "43.61720", "2005-07-31": "45.13090"}, "Operating Margin": {"2020-07-31": "37.00150", "2019-07-31": "35.08770", "2018-07-31": "32.36120", "2017-07-31": "31.85810", "2016-07-31": "32.04470", "2015-07-31": "30.05040", "2014-07-31": "23.63010", "2013-07-31": "27.04470", "2012-07-31": "30.98420", "2011-07-31": "30.41460", "2010-07-31": "30.93240", "2009-07-31": "30.32300", "2008-07-31": "30.31380", "2007-07-31": "36.23190", "2006-07-31": "32.45770", "2005-07-31": "34.93970"}, "EBIT Margin": {"2020-07-31": "37.00150", "2019-07-31": "35.08770", "2018-07-31": "32.36120", "2017-07-31": "31.85810", "2016-07-31": "32.04470", "2015-07-31": "30.05040", "2014-07-31": "23.63010", "2013-07-31": "27.04470", "2012-07-31": "30.98420", "2011-07-31": "30.41460", "2010-07-31": "30.93240", "2009-07-31": "30.32300", "2008-07-31": "30.31380", "2007-07-31": "36.23190", "2006-07-31": "32.45770", "2005-07-31": "34.93970"}, "EBITDA Margin": {"2020-07-31": "41.72850", "2019-07-31": "39.26670", "2018-07-31": "36.73850", "2017-07-31": "35.82510", "2016-07-31": "35.95830", "2015-07-31": "34.31650", "2014-07-31": "28.24780", "2013-07-31": "32.46600", "2012-07-31": "36.19600", "2011-07-31": "35.65320", "2010-07-31": "36.52730", "2009-07-31": "35.88820", "2008-07-31": "35.76760", "2007-07-31": "42.84690", "2006-07-31": "38.40880", "2005-07-31": "41.74430"}, "Pre-Tax Profit Margin": {"2020-07-31": "36.30960", "2019-07-31": "34.52330", "2018-07-31": "31.15210", "2017-07-31": "30.39410", "2016-07-31": "31.20860", "2015-07-31": "28.97440", "2014-07-31": "23.20910", "2013-07-31": "26.45980", "2012-07-31": "30.08640", "2011-07-31": "30.25260", "2010-07-31": "30.98740", "2009-07-31": "30.64700", "2008-07-31": "31.80870", "2007-07-31": "38.77810", "2006-07-31": "33.01770", "2005-07-31": "36.76200"}, "Net Profit Margin": {"2020-07-31": "31.73340", "2019-07-31": "28.97680", "2018-07-31": "23.14160", "2017-07-31": "27.22600", "2016-07-31": "21.31420", "2015-07-31": "19.17700", "2014-07-31": "15.35790", "2013-07-31": "17.20450", "2012-07-31": "19.70580", "2011-07-31": "19.07430", "2010-07-31": "19.61850", "2009-07-31": "18.98890", "2008-07-31": "19.99520", "2007-07-31": "24.31650", "2006-07-31": "18.34130", "2005-07-31": "22.80750"}, "Asset Turnover": {"2020-07-31": "0.63830", "2019-07-31": "0.80150", "2018-07-31": "0.78250", "2017-07-31": "0.73040", "2016-07-31": "0.76880", "2015-07-31": "0.63720", "2014-07-31": "0.77220", "2013-07-31": "0.78410", "2012-07-31": "0.80090", "2011-07-31": "0.80430", "2010-07-31": "0.62900", "2009-07-31": "0.70230", "2008-07-31": "0.82080", "2007-07-31": "0.55260", "2006-07-31": "0.59080", "2005-07-31": "0.56420"}, "Inventory Turnover Ratio": {"2020-07-31": "59.65050", "2019-07-31": "54.61130", "2018-07-31": "62.34790", "2017-07-31": "80.28660", "2016-07-31": "69.68260", "2015-07-31": "76.94220", "2014-07-31": "95.73160", "2013-07-31": "58.25860", "2012-07-31": "60.58100", "2011-07-31": "62.29430", "2010-07-31": "85.38690", "2009-07-31": "92.31240", "2008-07-31": "86.72460", "2007-07-31": "48.99120", "2006-07-31": "306.92380", "2005-07-31": ""}, "Receiveable Turnover": {"2020-07-31": "5.85120", "2019-07-31": "5.27920", "2018-07-31": "4.92130", "2017-07-31": "4.54960", "2016-07-31": "4.45040", "2015-07-31": "5.16750", "2014-07-31": "5.83870", "2013-07-31": "5.44620", "2012-07-31": "6.59140", "2011-07-31": "6.81420", "2010-07-31": "6.43960", "2009-07-31": "6.48000", "2008-07-31": "6.00280", "2007-07-31": "4.95730", "2006-07-31": "5.18090", "2005-07-31": "5.03060"}, "Days Sales In Receivables": {"2020-07-31": "62.38060", "2019-07-31": "69.13890", "2018-07-31": "74.16720", "2017-07-31": "80.22640", "2016-07-31": "82.01570", "2015-07-31": "70.63440", "2014-07-31": "62.51430", "2013-07-31": "67.01870", "2012-07-31": "55.37530", "2011-07-31": "53.56450", "2010-07-31": "56.68020", "2009-07-31": "56.32760", "2008-07-31": "60.80450", "2007-07-31": "73.62950", "2006-07-31": "70.45110", "2005-07-31": "72.55640"}, "ROE - Return On Equity": {"2020-07-31": "28.11420", "2019-07-31": "33.27140", "2018-07-31": "26.43780", "2017-07-31": "35.88760", "2016-07-31": "34.90970", "2015-07-31": "22.78810", "2014-07-31": "17.80640", "2013-07-31": "23.61290", "2012-07-31": "32.45650", "2011-07-31": "29.96820", "2010-07-31": "13.94610", "2009-07-31": "15.14400", "2008-07-31": "19.64120", "2007-07-31": "15.47770", "2006-07-31": "13.90920", "2005-07-31": "14.35380"}, "Return On Tangible Equity": {"2020-07-31": "33.35870", "2019-07-31": "42.57080", "2018-07-31": "35.45520", "2017-07-31": "57.77400", "2016-07-31": "53.80330", "2015-07-31": "32.57220", "2014-07-31": "25.72970", "2013-07-31": "37.72280", "2012-07-31": "51.05750", "2011-07-31": "48.39240", "2010-07-31": "16.87840", "2009-07-31": "18.85960", "2008-07-31": "26.15830", "2007-07-31": "19.70830", "2006-07-31": "16.19130", "2005-07-31": "17.22700"}, "ROA - Return On Assets": {"2020-07-31": "20.25630", "2019-07-31": "23.22540", "2018-07-31": "18.11360", "2017-07-31": "19.88710", "2016-07-31": "16.38720", "2015-07-31": "12.21930", "2014-07-31": "11.85870", "2013-07-31": "13.49030", "2012-07-31": "15.78150", "2011-07-31": "15.34210", "2010-07-31": "12.33930", "2009-07-31": "13.18920", "2008-07-31": "16.41120", "2007-07-31": "13.43760", "2006-07-31": "12.59190", "2005-07-31": "12.83170"}, "ROI - Return On Investment": {"2020-07-31": "24.24720", "2019-07-31": "27.16090", "2018-07-31": "21.11310", "2017-07-31": "23.90210", "2016-07-31": "20.19430", "2015-07-31": "14.13120", "2014-07-31": "14.56620", "2013-07-31": "17.00260", "2012-07-31": "19.58130", "2011-07-31": "18.89430", "2010-07-31": "13.93840", "2009-07-31": "15.14400", "2008-07-31": "19.64120", "2007-07-31": "15.47770", "2006-07-31": "13.90920", "2005-07-31": "14.35380"}, "Book Value Per Share": {"2020-07-31": "10.57950", "2019-07-31": "7.73920", "2018-07-31": "6.75980", "2017-07-31": "4.76640", "2016-07-31": "3.51640", "2015-07-31": "4.01340", "2014-07-31": "3.97760", "2013-07-31": "3.03760", "2012-07-31": "2.25540", "2011-07-31": "2.10270", "2010-07-31": "3.22190", "2009-07-31": "2.74440", "2008-07-31": "2.39870", "2007-07-31": "2.49300", "2006-07-31": "2.23880", "2005-07-31": "1.96310"}, "Operating Cash Flow Per Share": {"2020-07-31": 1.1568, "2019-07-31": 0.4771, "2018-07-31": 0.1362, "2017-07-31": 0.7149, "2016-07-31": 0.3526, "2015-07-31": 0.008, "2014-07-31": 0.2326, "2013-07-31": -0.1059, "2012-07-31": 0.0817, "2011-07-31": 0.2058, "2010-07-31": -0.0122, "2009-07-31": 0.0586, "2008-07-31": 0.0529, "2007-07-31": 0.1071, "2006-07-31": 0.0143, "2005-07-31": 0.3656}, "Free Cash Flow Per Share": {"2020-07-31": 0.1193, "2019-07-31": 0.1955, "2018-07-31": 0.3378, "2017-07-31": 0.0225, "2016-07-31": -0.0613, "2015-07-31": 0.0668, "2014-07-31": 0.6921, "2013-07-31": -0.706, "2012-07-31": 0.1436, "2011-07-31": 0.2088, "2010-07-31": -0.0791, "2009-07-31": 0.2487, "2008-07-31": -0.2144, "2007-07-31": 0.2081, "2006-07-31": -0.0583, "2005-07-31": 0.2028}}, "financial ratios, quarterly": {"Current Ratio": {"2020-10-31": "2.79280", "2020-07-31": "2.70690", "2020-04-30": "2.77130", "2020-01-31": "2.13500", "2019-10-31": "2.30140", "2019-07-31": "2.43670", "2019-04-30": "2.06660", "2019-01-31": "1.68930", "2018-10-31": "2.99530", "2018-07-31": "2.55760", "2018-04-30": "2.33170", "2018-01-31": "1.77700", "2017-10-31": "2.26290", "2017-07-31": "1.94360", "2017-04-30": "2.68010", "2017-01-31": "1.90560", "2016-10-31": "1.76330", "2016-07-31": "1.79100", "2016-04-30": "2.28170", "2016-01-31": "1.91180", "2015-10-31": "3.50860", "2015-07-31": "3.44670", "2015-04-30": "4.15980", "2015-01-31": "3.78500", "2014-10-31": "1.76270", "2014-07-31": "1.68780", "2014-04-30": "1.50250", "2014-01-31": "1.28220", "2013-10-31": "1.24450", "2013-07-31": "1.28460", "2013-04-30": "1.61720", "2013-01-31": "1.46560", "2012-10-31": "1.50570", "2012-07-31": "1.72410", "2012-04-30": "1.92870", "2012-01-31": "1.76290", "2011-10-31": "1.84180", "2011-07-31": "1.45160", "2011-04-30": "2.06160", "2011-01-31": "2.43860", "2010-10-31": "3.58530", "2010-07-31": "4.07950", "2010-04-30": "3.47780", "2010-01-31": "3.27020", "2009-10-31": "2.90000", "2009-07-31": "3.05000", "2009-04-30": "2.54930", "2009-01-31": "2.09860", "2008-10-31": "1.92300", "2008-07-31": "1.65890", "2008-04-30": "2.10630", "2008-01-31": "3.19980", "2007-10-31": "3.25740", "2007-07-31": "3.13930", "2007-04-30": "4.59080", "2007-01-31": "5.85360", "2006-10-31": "4.76170", "2006-07-31": "4.93620", "2006-04-30": "4.35190", "2006-01-31": "4.26360", "2005-10-31": "3.95190", "2005-07-31": "4.66610", "2005-04-30": "4.68880", "2005-01-31": "4.58690"}, "Long-term Debt / Capital": {"2020-10-31": "0.13190", "2020-07-31": "0.13750", "2020-04-30": "0.15040", "2020-01-31": "0.15840", "2019-10-31": "0.17190", "2019-07-31": "0.18370", "2019-04-30": "0.19770", "2019-01-31": "0.21450", "2018-10-31": "0.19250", "2018-07-31": "0.20140", "2018-04-30": "0.21450", "2018-01-31": "0.23130", "2017-10-31": "0.31660", "2017-07-31": "0.33400", "2017-04-30": "0.35370", "2017-01-31": "0.38720", "2016-10-31": "0.41510", "2016-07-31": "0.42150", "2016-04-30": "0.48340", "2016-01-31": "0.44080", "2015-10-31": "0.36500", "2015-07-31": "0.37990", "2015-04-30": "0.34560", "2015-01-31": "0.36170", "2014-10-31": "0.16420", "2014-07-31": "0.18200", "2014-04-30": "0.20490", "2014-01-31": "0.22870", "2013-10-31": "0.25400", "2013-07-31": "0.27990", "2013-04-30": "0.30250", "2013-01-31": "0.33290", "2012-10-31": "0.36510", "2012-07-31": "0.39670", "2012-04-30": "0.40120", "2012-01-31": "0.44480", "2011-10-31": "0.43390", "2011-07-31": "0.36950", "2011-04-30": "0.34330", "2011-01-31": "0.35340", "2010-10-31": "", "2010-07-31": "0.00060", "2010-04-30": "", "2010-01-31": "", "2009-10-31": "", "2009-07-31": "", "2009-04-30": "", "2009-01-31": "", "2008-10-31": "", "2008-07-31": "", "2008-04-30": "", "2008-01-31": "", "2007-10-31": "", "2007-07-31": "", "2007-04-30": "", "2007-01-31": "", "2006-10-31": "", "2006-07-31": "", "2006-04-30": "", "2006-01-31": "", "2005-10-31": "", "2005-07-31": "", "2005-04-30": "", "2005-01-31": "0.00000"}, "Debt/Equity Ratio": {"2020-10-31": "0.15250", "2020-07-31": "0.15980", "2020-04-30": "0.17850", "2020-01-31": "0.19490", "2019-10-31": "0.20790", "2019-07-31": "0.22560", "2019-04-30": "0.25100", "2019-01-31": "0.33760", "2018-10-31": "0.23910", "2018-07-31": "0.25290", "2018-04-30": "0.27390", "2018-01-31": "0.38480", "2017-10-31": "0.49110", "2017-07-31": "0.57620", "2017-04-30": "0.56330", "2017-01-31": "0.79500", "2016-10-31": "0.92170", "2016-07-31": "0.82700", "2016-04-30": "0.97820", "2016-01-31": "0.92380", "2015-10-31": "0.61650", "2015-07-31": "0.66830", "2015-04-30": "0.58530", "2015-01-31": "0.63770", "2014-10-31": "0.26990", "2014-07-31": "0.30180", "2014-04-30": "0.33870", "2014-01-31": "0.40340", "2013-10-31": "0.43450", "2013-07-31": "0.50990", "2013-04-30": "0.53860", "2013-01-31": "0.61160", "2012-10-31": "0.69860", "2012-07-31": "0.79150", "2012-04-30": "0.79990", "2012-01-31": "0.94940", "2011-10-31": "0.90250", "2011-07-31": "0.67680", "2011-04-30": "0.52290", "2011-01-31": "0.54650", "2010-10-31": "", "2010-07-31": "0.00090", "2010-04-30": "", "2010-01-31": "", "2009-10-31": "", "2009-07-31": "", "2009-04-30": "", "2009-01-31": "0.01210", "2008-10-31": "0.00940", "2008-07-31": "0.02190", "2008-04-30": "", "2008-01-31": "", "2007-10-31": "", "2007-07-31": "0.01050", "2007-04-30": "", "2007-01-31": "", "2006-10-31": "", "2006-07-31": "", "2006-04-30": "", "2006-01-31": "", "2005-10-31": "", "2005-07-31": "", "2005-04-30": "", "2005-01-31": "0.00130"}, "Gross Margin": {"2020-10-31": "50.05040", "2020-07-31": "47.64130", "2020-04-30": "44.08260", "2020-01-31": "45.18710", "2019-10-31": "45.97010", "2019-07-31": "44.71620", "2019-04-30": "45.48400", "2019-01-31": "42.94220", "2018-10-31": "42.46460", "2018-07-31": "41.94470", "2018-04-30": "45.81120", "2018-01-31": "41.73520", "2017-10-31": "38.94950", "2017-07-31": "44.23320", "2017-04-30": "46.14140", "2017-01-31": "41.98900", "2016-10-31": "41.99330", "2016-07-31": "42.52520", "2016-04-30": "45.39920", "2016-01-31": "41.57880", "2015-10-31": "41.84390", "2015-07-31": "42.07830", "2015-04-30": "42.88080", "2015-01-31": "41.57960", "2014-10-31": "42.11910", "2014-07-31": "40.68150", "2014-04-30": "42.70020", "2014-01-31": "38.94300", "2013-10-31": "38.52900", "2013-07-31": "39.08730", "2013-04-30": "41.63590", "2013-01-31": "36.37210", "2012-10-31": "44.14020", "2012-07-31": "43.88580", "2012-04-30": "47.22110", "2012-01-31": "43.74470", "2011-10-31": "42.20480", "2011-07-31": "41.41630", "2011-04-30": "45.99990", "2011-01-31": "41.42400", "2010-10-31": "41.78080", "2010-07-31": "45.26950", "2010-04-30": "45.60860", "2010-01-31": "44.55640", "2009-10-31": "44.52960", "2009-07-31": "43.36250", "2009-04-30": "43.31260", "2009-01-31": "39.61730", "2008-10-31": "41.53600", "2008-07-31": "42.22040", "2008-04-30": "39.86710", "2008-01-31": "39.55290", "2007-10-31": "42.61430", "2007-07-31": "46.44440", "2007-04-30": "50.11050", "2007-01-31": "46.84040", "2006-10-31": "46.84340", "2006-07-31": "45.89460", "2006-04-30": "46.46050", "2006-01-31": "40.42800", "2005-10-31": "40.71650", "2005-07-31": "46.90610", "2005-04-30": "46.12830", "2005-01-31": "44.26050"}, "Operating Margin": {"2020-10-31": "41.92570", "2020-07-31": "39.13470", "2020-04-30": "35.44970", "2020-01-31": "36.49410", "2019-10-31": "37.04580", "2019-07-31": "35.53460", "2019-04-30": "37.51370", "2019-01-31": "33.97400", "2018-10-31": "32.82410", "2018-07-31": "30.01560", "2018-04-30": "36.51600", "2018-01-31": "32.87850", "2017-10-31": "29.56860", "2017-07-31": "29.26780", "2017-04-30": "36.58780", "2017-01-31": "31.15020", "2016-10-31": "30.29670", "2016-07-31": "31.92190", "2016-04-30": "35.11860", "2016-01-31": "30.72510", "2015-10-31": "29.85970", "2015-07-31": "30.73580", "2015-04-30": "31.89280", "2015-01-31": "29.12790", "2014-10-31": "28.37640", "2014-07-31": "26.39000", "2014-04-30": "20.22230", "2014-01-31": "24.95650", "2013-10-31": "23.20930", "2013-07-31": "23.91080", "2013-04-30": "29.82770", "2013-01-31": "23.58130", "2012-10-31": "31.12920", "2012-07-31": "30.67410", "2012-04-30": "36.02710", "2012-01-31": "27.87970", "2011-10-31": "28.97540", "2011-07-31": "29.45400", "2011-04-30": "34.65360", "2011-01-31": "29.02640", "2010-10-31": "28.02220", "2010-07-31": "30.04180", "2010-04-30": "32.73260", "2010-01-31": "30.14250", "2009-10-31": "30.46030", "2009-07-31": "30.04960", "2009-04-30": "32.87960", "2009-01-31": "26.82820", "2008-10-31": "31.05150", "2008-07-31": "31.69010", "2008-04-30": "31.05770", "2008-01-31": "27.23120", "2007-10-31": "30.78270", "2007-07-31": "34.97750", "2007-04-30": "39.29160", "2007-01-31": "35.03120", "2006-10-31": "35.49250", "2006-07-31": "34.39490", "2006-04-30": "35.68340", "2006-01-31": "29.58860", "2005-10-31": "29.12390", "2005-07-31": "34.59330", "2005-04-30": "37.14120", "2005-01-31": "33.89010"}, "EBIT Margin": {"2020-10-31": "41.92570", "2020-07-31": "39.13470", "2020-04-30": "35.44970", "2020-01-31": "36.49410", "2019-10-31": "37.04580", "2019-07-31": "35.53460", "2019-04-30": "37.51370", "2019-01-31": "33.97400", "2018-10-31": "32.82410", "2018-07-31": "30.01560", "2018-04-30": "36.51600", "2018-01-31": "32.87850", "2017-10-31": "29.56860", "2017-07-31": "29.26790", "2017-04-30": "36.58780", "2017-01-31": "31.15020", "2016-10-31": "30.29670", "2016-07-31": "31.92190", "2016-04-30": "35.11860", "2016-01-31": "30.72510", "2015-10-31": "29.85970", "2015-07-31": "30.73580", "2015-04-30": "31.89280", "2015-01-31": "29.12790", "2014-10-31": "28.37640", "2014-07-31": "26.39000", "2014-04-30": "20.22230", "2014-01-31": "24.95650", "2013-10-31": "23.20930", "2013-07-31": "23.91080", "2013-04-30": "29.82770", "2013-01-31": "23.58130", "2012-10-31": "31.12920", "2012-07-31": "30.67410", "2012-04-30": "36.02710", "2012-01-31": "27.87970", "2011-10-31": "28.97540", "2011-07-31": "29.45400", "2011-04-30": "34.65360", "2011-01-31": "29.02640", "2010-10-31": "28.02220", "2010-07-31": "30.04180", "2010-04-30": "32.73260", "2010-01-31": "30.14250", "2009-10-31": "30.46030", "2009-07-31": "30.04960", "2009-04-30": "32.87960", "2009-01-31": "26.82820", "2008-10-31": "31.05150", "2008-07-31": "31.69010", "2008-04-30": "31.05770", "2008-01-31": "27.23120", "2007-10-31": "30.78270", "2007-07-31": "34.97750", "2007-04-30": "39.29160", "2007-01-31": "35.03120", "2006-10-31": "35.49250", "2006-07-31": "34.39490", "2006-04-30": "35.68340", "2006-01-31": "29.58860", "2005-10-31": "29.12390", "2005-07-31": "34.59330", "2005-04-30": "37.14120", "2005-01-31": "33.89010"}, "EBITDA Margin": {"2020-10-31": "", "2020-07-31": "", "2020-04-30": "", "2020-01-31": "", "2019-10-31": "", "2019-07-31": "", "2019-04-30": "", "2019-01-31": "", "2018-10-31": "", "2018-07-31": "", "2018-04-30": "", "2018-01-31": "", "2017-10-31": "", "2017-07-31": "", "2017-04-30": "", "2017-01-31": "", "2016-10-31": "", "2016-07-31": "", "2016-04-30": "", "2016-01-31": "", "2015-10-31": "", "2015-07-31": "", "2015-04-30": "", "2015-01-31": "", "2014-10-31": "", "2014-07-31": "", "2014-04-30": "", "2014-01-31": "", "2013-10-31": "", "2013-07-31": "", "2013-04-30": "", "2013-01-31": "", "2012-10-31": "", "2012-07-31": "", "2012-04-30": "", "2012-01-31": "", "2011-10-31": "", "2011-07-31": "", "2011-04-30": "", "2011-01-31": "", "2010-10-31": "", "2010-07-31": "", "2010-04-30": "", "2010-01-31": "", "2009-10-31": "", "2009-07-31": "", "2009-04-30": "", "2009-01-31": "", "2008-10-31": "", "2008-07-31": "", "2008-04-30": "", "2008-01-31": "", "2007-10-31": "", "2007-07-31": "", "2007-04-30": "", "2007-01-31": "", "2006-10-31": "", "2006-07-31": "", "2006-04-30": "", "2006-01-31": "", "2005-10-31": "", "2005-07-31": "", "2005-04-30": "", "2005-01-31": ""}, "Pre-Tax Profit Margin": {"2020-10-31": "41.62560", "2020-07-31": "38.40570", "2020-04-30": "34.84990", "2020-01-31": "35.65640", "2019-10-31": "36.44900", "2019-07-31": "34.47820", "2019-04-30": "36.90530", "2019-01-31": "34.02080", "2018-10-31": "32.24890", "2018-07-31": "29.54630", "2018-04-30": "35.80440", "2018-01-31": "31.46070", "2017-10-31": "27.22730", "2017-07-31": "28.09830", "2017-04-30": "35.06320", "2017-01-31": "28.63800", "2016-10-31": "29.63490", "2016-07-31": "31.86000", "2016-04-30": "33.56930", "2016-01-31": "30.54730", "2015-10-31": "28.30650", "2015-07-31": "28.85160", "2015-04-30": "29.71510", "2015-01-31": "28.99610", "2014-10-31": "28.31510", "2014-07-31": "25.70330", "2014-04-30": "19.79780", "2014-01-31": "24.64370", "2013-10-31": "22.95420", "2013-07-31": "23.57330", "2013-04-30": "29.53670", "2013-01-31": "22.96040", "2012-10-31": "29.96990", "2012-07-31": "29.78430", "2012-04-30": "34.63550", "2012-01-31": "27.29920", "2011-10-31": "28.28350", "2011-07-31": "29.07810", "2011-04-30": "33.93800", "2011-01-31": "29.27810", "2010-10-31": "28.28980", "2010-07-31": "30.28700", "2010-04-30": "32.48670", "2010-01-31": "30.10860", "2009-10-31": "30.76230", "2009-07-31": "30.56330", "2009-04-30": "33.39450", "2009-01-31": "26.00920", "2008-10-31": "32.00940", "2008-07-31": "32.97480", "2008-04-30": "32.04790", "2008-01-31": "29.16480", "2007-10-31": "32.70660", "2007-07-31": "37.89340", "2007-04-30": "42.58440", "2007-01-31": "37.76770", "2006-10-31": "36.59900", "2006-07-31": "33.30180", "2006-04-30": "35.90950", "2006-01-31": "30.95470", "2005-10-31": "31.19100", "2005-07-31": "36.83750", "2005-04-30": "38.63990", "2005-01-31": "35.60130"}, "Net Profit Margin": {"2020-10-31": "33.77830", "2020-07-31": "31.49060", "2020-04-30": "26.79830", "2020-01-31": "29.33320", "2019-10-31": "39.35260", "2019-07-31": "28.29030", "2019-04-30": "34.84640", "2019-01-31": "27.09290", "2018-10-31": "24.72710", "2018-07-31": "24.43060", "2018-04-30": "26.63080", "2018-01-31": "22.49070", "2017-10-31": "18.49260", "2017-07-31": "18.57790", "2017-04-30": "24.21910", "2017-01-31": "18.90130", "2016-10-31": "48.34810", "2016-07-31": "25.28780", "2016-04-30": "21.49020", "2016-01-31": "19.68730", "2015-10-31": "18.21440", "2015-07-31": "20.33770", "2015-04-30": "19.37220", "2015-01-31": "18.89290", "2014-10-31": "18.11900", "2014-07-31": "17.75720", "2014-04-30": "13.19800", "2014-01-31": "15.83090", "2013-10-31": "14.79980", "2013-07-31": "15.66340", "2013-04-30": "19.17460", "2013-01-31": "14.89190", "2012-10-31": "19.19280", "2012-07-31": "19.81670", "2012-04-30": "22.72420", "2012-01-31": "17.81580", "2011-10-31": "18.23770", "2011-07-31": "18.80910", "2011-04-30": "21.17630", "2011-01-31": "18.27230", "2010-10-31": "17.78510", "2010-07-31": "19.02370", "2010-04-30": "20.14530", "2010-01-31": "20.23380", "2009-10-31": "19.01750", "2009-07-31": "18.78680", "2009-04-30": "21.31950", "2009-01-31": "15.98420", "2008-10-31": "19.44680", "2008-07-31": "19.78800", "2008-04-30": "21.01610", "2008-01-31": "18.46320", "2007-10-31": "20.44500", "2007-07-31": "23.85600", "2007-04-30": "26.68480", "2007-01-31": "23.57340", "2006-10-31": "22.96760", "2006-07-31": "23.00740", "2006-04-30": "23.21550", "2006-01-31": "6.27740", "2005-10-31": "19.54190", "2005-07-31": "23.10540", "2005-04-30": "24.18760", "2005-01-31": "21.86890"}, "Asset Turnover": {"2020-10-31": "0.15850", "2020-07-31": "0.15210", "2020-04-30": "0.17410", "2020-01-31": "0.18870", "2019-10-31": "0.19410", "2019-07-31": "0.21300", "2019-04-30": "0.23130", "2019-01-31": "0.21110", "2018-10-31": "0.19370", "2018-07-31": "0.19470", "2018-04-30": "0.22090", "2018-01-31": "0.21420", "2017-10-31": "0.20320", "2017-07-31": "0.19100", "2017-04-30": "0.20640", "2017-01-31": "0.18980", "2016-10-31": "0.19540", "2016-07-31": "0.20160", "2016-04-30": "0.21380", "2016-01-31": "0.18680", "2015-10-31": "0.15560", "2015-07-31": "0.15690", "2015-04-30": "0.14840", "2015-01-31": "0.14150", "2014-10-31": "0.18900", "2014-07-31": "0.19080", "2014-04-30": "0.20970", "2014-01-31": "0.19910", "2013-10-31": "0.20030", "2013-07-31": "0.19760", "2013-04-30": "0.21380", "2013-01-31": "0.21230", "2012-10-31": "0.19670", "2012-07-31": "0.19630", "2012-04-30": "0.20260", "2012-01-31": "0.20000", "2011-10-31": "0.18410", "2011-07-31": "0.19870", "2011-04-30": "0.19870", "2011-01-31": "0.17450", "2010-10-31": "0.17570", "2010-07-31": "0.15500", "2010-04-30": "0.18330", "2010-01-31": "0.15380", "2009-10-31": "0.16510", "2009-07-31": "0.17420", "2009-04-30": "0.19620", "2009-01-31": "0.17770", "2008-10-31": "0.20170", "2008-07-31": "0.21570", "2008-04-30": "0.21930", "2008-01-31": "0.16470", "2007-10-31": "0.17070", "2007-07-31": "0.15180", "2007-04-30": "0.14350", "2007-01-31": "0.13300", "2006-10-31": "0.14070", "2006-07-31": "0.15340", "2006-04-30": "0.17190", "2006-01-31": "0.15100", "2005-10-31": "0.13990", "2005-07-31": "0.13630", "2005-04-30": "0.16590", "2005-01-31": "0.14710"}, "Inventory Turnover Ratio": {"2020-10-31": "10.48620", "2020-07-31": "13.70660", "2020-04-30": "15.53570", "2020-01-31": "17.02680", "2019-10-31": "15.37600", "2019-07-31": "14.32390", "2019-04-30": "13.51640", "2019-01-31": "9.77120", "2018-10-31": "13.45140", "2018-07-31": "15.58490", "2018-04-30": "15.21250", "2018-01-31": "20.53720", "2017-10-31": "25.24210", "2017-07-31": "20.77450", "2017-04-30": "21.79420", "2017-01-31": "22.19430", "2016-10-31": "22.50480", "2016-07-31": "18.40540", "2016-04-30": "16.57480", "2016-01-31": "18.51260", "2015-10-31": "18.50990", "2015-07-31": "18.98400", "2015-04-30": "20.93560", "2015-01-31": "20.13610", "2014-10-31": "22.13880", "2014-07-31": "23.48960", "2014-04-30": "18.06130", "2014-01-31": "17.75510", "2013-10-31": "18.69060", "2013-07-31": "14.96130", "2013-04-30": "15.39730", "2013-01-31": "15.33710", "2012-10-31": "17.58670", "2012-07-31": "14.96700", "2012-04-30": "17.27490", "2012-01-31": "17.69120", "2011-10-31": "20.27060", "2011-07-31": "15.74540", "2011-04-30": "19.93890", "2011-01-31": "20.62390", "2010-10-31": "28.46280", "2010-07-31": "20.94940", "2010-04-30": "26.84230", "2010-01-31": "23.09290", "2009-10-31": "23.32260", "2009-07-31": "22.37010", "2009-04-30": "29.56100", "2009-01-31": "24.35020", "2008-10-31": "25.87180", "2008-07-31": "22.34520", "2008-04-30": "19.41090", "2008-01-31": "14.25380", "2007-10-31": "13.58270", "2007-07-31": "13.74660", "2007-04-30": "", "2007-01-31": "", "2006-10-31": "", "2006-07-31": "76.46140", "2006-04-30": "", "2006-01-31": "", "2005-10-31": "", "2005-07-31": "", "2005-04-30": "", "2005-01-31": ""}, "Receiveable Turnover": {"2020-10-31": "1.45040", "2020-07-31": "1.39450", "2020-04-30": "1.45670", "2020-01-31": "1.11810", "2019-10-31": "1.25240", "2019-07-31": "1.40280", "2019-04-30": "1.39860", "2019-01-31": "1.23200", "2018-10-31": "1.37300", "2018-07-31": "1.22430", "2018-04-30": "1.33770", "2018-01-31": "1.13980", "2017-10-31": "1.14280", "2017-07-31": "1.18960", "2017-04-30": "1.08450", "2017-01-31": "0.82440", "2016-10-31": "0.85370", "2016-07-31": "1.16710", "2016-04-30": "1.30510", "2016-01-31": "1.03720", "2015-10-31": "1.24310", "2015-07-31": "1.27280", "2015-04-30": "1.35320", "2015-01-31": "1.13560", "2014-10-31": "1.41500", "2014-07-31": "1.44250", "2014-04-30": "1.58050", "2014-01-31": "1.25780", "2013-10-31": "1.47730", "2013-07-31": "1.37250", "2013-04-30": "1.64730", "2013-01-31": "1.25990", "2012-10-31": "1.58430", "2012-07-31": "1.61580", "2012-04-30": "1.83120", "2012-01-31": "1.47150", "2011-10-31": "1.64610", "2011-07-31": "1.68310", "2011-04-30": "1.93460", "2011-01-31": "1.46500", "2010-10-31": "1.78100", "2010-07-31": "1.58700", "2010-04-30": "2.05260", "2010-01-31": "1.34220", "2009-10-31": "1.69040", "2009-07-31": "1.60740", "2009-04-30": "1.70050", "2009-01-31": "1.07270", "2008-10-31": "1.52310", "2008-07-31": "1.57770", "2008-04-30": "1.70740", "2008-01-31": "1.24800", "2007-10-31": "1.60120", "2007-07-31": "1.36140", "2007-04-30": "1.37810", "2007-01-31": "1.09710", "2006-10-31": "1.31630", "2006-07-31": "1.34500", "2006-04-30": "1.32490", "2006-01-31": "1.00970", "2005-10-31": "1.26620", "2005-07-31": "1.21510", "2005-04-30": "1.35430", "2005-01-31": "1.08020"}, "Days Sales In Receivables": {"2020-10-31": "62.05190", "2020-07-31": "64.53850", "2020-04-30": "61.78500", "2020-01-31": "80.49170", "2019-10-31": "71.86040", "2019-07-31": "64.15920", "2019-04-30": "64.34810", "2019-01-31": "73.05190", "2018-10-31": "65.54970", "2018-07-31": "73.50950", "2018-04-30": "67.28160", "2018-01-31": "78.96370", "2017-10-31": "78.75170", "2017-07-31": "75.65790", "2017-04-30": "82.98800", "2017-01-31": "109.16480", "2016-10-31": "105.42270", "2016-07-31": "77.11170", "2016-04-30": "68.95910", "2016-01-31": "86.77330", "2015-10-31": "72.39960", "2015-07-31": "70.70990", "2015-04-30": "66.51060", "2015-01-31": "79.25640", "2014-10-31": "63.60250", "2014-07-31": "62.39200", "2014-04-30": "56.94500", "2014-01-31": "71.55530", "2013-10-31": "60.92360", "2013-07-31": "65.57410", "2013-04-30": "54.63410", "2013-01-31": "71.43160", "2012-10-31": "56.80870", "2012-07-31": "55.69960", "2012-04-30": "49.14690", "2012-01-31": "61.16260", "2011-10-31": "54.67550", "2011-07-31": "53.47270", "2011-04-30": "46.52080", "2011-01-31": "61.43380", "2010-10-31": "50.53480", "2010-07-31": "56.71140", "2010-04-30": "43.84680", "2010-01-31": "67.05370", "2009-10-31": "53.24220", "2009-07-31": "55.98950", "2009-04-30": "52.92560", "2009-01-31": "83.90130", "2008-10-31": "59.08830", "2008-07-31": "57.04400", "2008-04-30": "52.71240", "2008-01-31": "72.11350", "2007-10-31": "56.20840", "2007-07-31": "66.10690", "2007-04-30": "65.30950", "2007-01-31": "82.03420", "2006-10-31": "68.37480", "2006-07-31": "66.91450", "2006-04-30": "67.92800", "2006-01-31": "89.13450", "2005-10-31": "71.07700", "2005-07-31": "74.06680", "2005-04-30": "66.45680", "2005-01-31": "83.31890"}, "ROE - Return On Equity": {"2020-10-31": "7.38830", "2020-07-31": "6.64920", "2020-04-30": "6.46590", "2020-01-31": "7.94020", "2019-10-31": "11.32460", "2019-07-31": "8.63120", "2019-04-30": "11.90600", "2019-01-31": "8.99840", "2018-10-31": "6.82410", "2018-07-31": "6.94080", "2018-04-30": "8.72150", "2018-01-31": "7.75650", "2017-10-31": "6.52360", "2017-07-31": "6.40530", "2017-04-30": "8.99770", "2017-01-31": "7.37590", "2016-10-31": "20.71820", "2016-07-31": "10.86210", "2016-04-30": "10.41470", "2016-01-31": "8.06730", "2015-10-31": "5.17540", "2015-07-31": "5.95270", "2015-04-30": "5.06730", "2015-01-31": "4.86310", "2014-10-31": "5.07170", "2014-07-31": "5.08650", "2014-04-30": "4.34970", "2014-01-31": "5.14860", "2013-10-31": "5.03520", "2013-07-31": "5.41760", "2013-04-30": "7.34900", "2013-01-31": "5.93860", "2012-10-31": "7.52950", "2012-07-31": "8.00120", "2012-04-30": "9.58490", "2012-01-31": "8.00260", "2011-10-31": "7.41630", "2011-07-31": "7.29920", "2011-04-30": "7.75690", "2011-01-31": "5.90850", "2010-10-31": "3.57150", "2010-07-31": "3.33270", "2010-04-30": "4.24190", "2010-01-31": "3.56820", "2009-10-31": "3.66280", "2009-07-31": "3.75820", "2009-04-30": "4.67970", "2009-01-31": "3.30390", "2008-10-31": "4.61560", "2008-07-31": "5.10880", "2008-04-30": "5.38770", "2008-01-31": "3.47410", "2007-10-31": "4.02630", "2007-07-31": "4.17020", "2007-04-30": "4.18290", "2007-01-31": "3.42720", "2006-10-31": "3.59680", "2006-07-31": "3.78980", "2006-04-30": "4.28130", "2006-01-31": "3.54090", "2005-10-31": "3.08320", "2005-07-31": "3.52050", "2005-04-30": "4.50330", "2005-01-31": "3.60950"}, "Return On Tangible Equity": {"2020-10-31": "8.62410", "2020-07-31": "7.88960", "2020-04-30": "7.78580", "2020-01-31": "9.71720", "2019-10-31": "14.19700", "2019-07-31": "11.04360", "2019-04-30": "15.75330", "2019-01-31": "12.37450", "2018-10-31": "8.95650", "2018-07-31": "9.30820", "2018-04-30": "12.14570", "2018-01-31": "11.26070", "2017-10-31": "9.98710", "2017-07-31": "10.31170", "2017-04-30": "12.23480", "2017-01-31": "10.48840", "2016-10-31": "30.85930", "2016-07-31": "16.74080", "2016-04-30": "17.12460", "2016-01-31": "13.02910", "2015-10-31": "7.20990", "2015-07-31": "8.50850", "2015-04-30": "6.81410", "2015-01-31": "6.68010", "2014-10-31": "7.14600", "2014-07-31": "7.34990", "2014-04-30": "6.53010", "2014-01-31": "7.95820", "2013-10-31": "7.88550", "2013-07-31": "8.65490", "2013-04-30": "10.58970", "2013-01-31": "8.96040", "2012-10-31": "11.36830", "2012-07-31": "12.58670", "2012-04-30": "14.92970", "2012-01-31": "13.43430", "2011-10-31": "11.88190", "2011-07-31": "11.78670", "2011-04-30": "11.51710", "2011-01-31": "8.37200", "2010-10-31": "4.35440", "2010-07-31": "4.03340", "2010-04-30": "5.16770", "2010-01-31": "4.41460", "2009-10-31": "4.50940", "2009-07-31": "4.68020", "2009-04-30": "5.86940", "2009-01-31": "4.18990", "2008-10-31": "5.96310", "2008-07-31": "6.80390", "2008-04-30": "6.98620", "2008-01-31": "4.39000", "2007-10-31": "5.10700", "2007-07-31": "5.31010", "2007-04-30": "4.76570", "2007-01-31": "3.93180", "2006-10-31": "4.15860", "2006-07-31": "4.41160", "2006-04-30": "5.02180", "2006-01-31": "4.19020", "2005-10-31": "3.69190", "2005-07-31": "4.22520", "2005-04-30": "5.44240", "2005-01-31": "4.38440"}, "ROA - Return On Assets": {"2020-10-31": "5.35350", "2020-07-31": "4.79080", "2020-04-30": "4.66500", "2020-01-31": "5.53390", "2019-10-31": "7.63950", "2019-07-31": "6.02510", "2019-04-30": "8.05850", "2019-01-31": "5.71960", "2018-10-31": "4.78980", "2018-07-31": "4.75540", "2018-04-30": "5.88420", "2018-01-31": "4.81920", "2017-10-31": "3.76020", "2017-07-31": "3.54950", "2017-04-30": "4.99790", "2017-01-31": "3.58810", "2016-10-31": "9.44870", "2016-07-31": "5.09890", "2016-04-30": "4.59470", "2016-01-31": "3.67770", "2015-10-31": "2.83500", "2015-07-31": "3.19190", "2015-04-30": "2.87390", "2015-01-31": "2.67370", "2014-10-31": "3.42410", "2014-07-31": "3.38750", "2014-04-30": "2.76820", "2014-01-31": "3.15230", "2013-10-31": "2.96420", "2013-07-31": "3.09510", "2013-04-30": "4.09920", "2013-01-31": "3.16120", "2012-10-31": "3.77470", "2012-07-31": "3.89050", "2012-04-30": "4.60430", "2012-01-31": "3.56270", "2011-10-31": "3.35670", "2011-07-31": "3.73680", "2011-04-30": "4.20850", "2011-01-31": "3.18850", "2010-10-31": "3.12550", "2010-07-31": "2.94870", "2010-04-30": "3.69300", "2010-01-31": "3.11290", "2009-10-31": "3.13970", "2009-07-31": "3.27310", "2009-04-30": "4.02710", "2009-01-31": "2.84100", "2008-10-31": "3.92330", "2008-07-31": "4.26870", "2008-04-30": "4.60960", "2008-01-31": "3.04170", "2007-10-31": "3.48990", "2007-07-31": "3.62050", "2007-04-30": "3.82910", "2007-01-31": "3.13630", "2006-10-31": "3.23150", "2006-07-31": "3.43090", "2006-04-30": "3.81440", "2006-01-31": "3.15290", "2005-10-31": "2.71590", "2005-07-31": "3.14720", "2005-04-30": "3.98760", "2005-01-31": "3.20530"}, "ROI - Return On Investment": {"2020-10-31": "6.41390", "2020-07-31": "5.73460", "2020-04-30": "5.49370", "2020-01-31": "6.68260", "2019-10-31": "9.37770", "2019-07-31": "7.04600", "2019-04-30": "9.55260", "2019-01-31": "7.06800", "2018-10-31": "5.51020", "2018-07-31": "5.54290", "2018-04-30": "6.85070", "2018-01-31": "5.96280", "2017-10-31": "4.45850", "2017-07-31": "4.26610", "2017-04-30": "5.81510", "2017-01-31": "4.52000", "2016-10-31": "12.11790", "2016-07-31": "6.28340", "2016-04-30": "5.38010", "2016-01-31": "4.51140", "2015-10-31": "3.28640", "2015-07-31": "3.69140", "2015-04-30": "3.31600", "2015-01-31": "3.10400", "2014-10-31": "4.23870", "2014-07-31": "4.16090", "2014-04-30": "3.45870", "2014-01-31": "3.97100", "2013-10-31": "3.75620", "2013-07-31": "3.90100", "2013-04-30": "5.12560", "2013-01-31": "3.96170", "2012-10-31": "4.78040", "2012-07-31": "4.82720", "2012-04-30": "5.73950", "2012-01-31": "4.44280", "2011-10-31": "4.19810", "2011-07-31": "4.60200", "2011-04-30": "5.09360", "2011-01-31": "3.82060", "2010-10-31": "3.57150", "2010-07-31": "3.33080", "2010-04-30": "4.24190", "2010-01-31": "3.56820", "2009-10-31": "3.66280", "2009-07-31": "3.75820", "2009-04-30": "4.67970", "2009-01-31": "3.30390", "2008-10-31": "4.61560", "2008-07-31": "5.10880", "2008-04-30": "5.38770", "2008-01-31": "3.47410", "2007-10-31": "4.02630", "2007-07-31": "4.17020", "2007-04-30": "4.18290", "2007-01-31": "3.42720", "2006-10-31": "3.59680", "2006-07-31": "3.78980", "2006-04-30": "4.28130", "2006-01-31": "3.54090", "2005-10-31": "3.08320", "2005-07-31": "3.52050", "2005-04-30": "4.50330", "2005-01-31": "3.60940"}, "Book Value Per Share": {"2020-10-31": "11.48080", "2020-07-31": "10.57950", "2020-04-30": "9.71880", "2020-01-31": "9.09410", "2019-10-31": "8.28880", "2019-07-31": "7.73920", "2019-04-30": "7.07500", "2019-01-31": "6.44000", "2018-10-31": "7.14400", "2018-07-31": "6.75980", "2018-04-30": "6.28970", "2018-01-31": "5.74470", "2017-10-31": "5.14190", "2017-07-31": "4.76640", "2017-04-30": "4.36910", "2017-01-31": "3.90250", "2016-10-31": "3.52540", "2016-07-31": "3.51640", "2016-04-30": "3.28010", "2016-01-31": "3.26520", "2015-10-31": "4.22750", "2015-07-31": "4.01340", "2015-04-30": "4.48920", "2015-01-31": "4.24450", "2014-10-31": "4.10590", "2014-07-31": "3.97760", "2014-04-30": "3.73210", "2014-01-31": "3.49880", "2013-10-31": "3.27630", "2013-07-31": "3.03760", "2013-04-30": "2.88750", "2013-01-31": "2.66400", "2012-10-31": "2.44920", "2012-07-31": "2.25540", "2012-04-30": "2.28080", "2012-01-31": "2.00500", "2011-10-31": "2.13220", "2011-07-31": "2.10270", "2011-04-30": "2.34370", "2011-01-31": "2.28400", "2010-10-31": "3.22140", "2010-07-31": "3.22190", "2010-04-30": "3.10220", "2010-01-31": "2.97200", "2009-10-31": "2.86090", "2009-07-31": "2.74440", "2009-04-30": "2.58610", "2009-01-31": "2.45560", "2008-10-31": "2.42130", "2008-07-31": "2.39870", "2008-04-30": "2.52410", "2008-01-31": "2.61390", "2007-10-31": "2.62260", "2007-07-31": "2.49300", "2007-04-30": "2.54470", "2007-01-31": "2.43000", "2006-10-31": "2.32920", "2006-07-31": "2.23880", "2006-04-30": "2.14450", "2006-01-31": "2.04360", "2005-10-31": "2.03200", "2005-07-31": "1.96310", "2005-04-30": "1.88980", "2005-01-31": "1.80280"}, "Operating Cash Flow Per Share": {"2020-10-31": "1.07740", "2020-07-31": 1.1177, "2020-04-30": 1.2317, "2020-01-31": 0.6065, "2019-10-31": "0.89020", "2019-07-31": 0.783, "2019-04-30": 1.0121, "2019-01-31": 0.4544, "2018-10-31": "0.43980", "2018-07-31": 0.6597, "2018-04-30": 0.7802, "2018-01-31": 0.3813, "2017-10-31": "0.39100", "2017-07-31": 0.6092, "2017-04-30": 0.8066, "2017-01-31": 0.3477, "2016-10-31": "0.31250", "2016-07-31": 0.4798, "2016-04-30": 0.547, "2016-01-31": 0.0323, "2015-10-31": "0.30200", "2015-07-31": 0.2389, "2015-04-30": 0.4326, "2015-01-31": 0.0201, "2014-10-31": "0.31690", "2014-07-31": 0.2109, "2014-04-30": 0.5005, "2014-01-31": 0.0301, "2013-10-31": "0.25900", "2013-07-31": 0.0669, "2013-04-30": 0.4961, "2013-01-31": -0.0882, "2012-10-31": "0.29310", "2012-07-31": 0.1189, "2012-04-30": 0.4116, "2012-01-31": 0.1034, "2011-10-31": "0.23990", "2011-07-31": 0.0859, "2011-04-30": 0.4215, "2011-01-31": 0.055, "2010-10-31": "0.22970", "2010-07-31": 0.0755, "2010-04-30": 0.267, "2010-01-31": 0.0152, "2009-10-31": "0.22860", "2009-07-31": 0.1428, "2009-04-30": 0.3227, "2009-01-31": -0.0204, "2008-10-31": "0.15340", "2008-07-31": 0.1485, "2008-04-30": 0.2422, "2008-01-31": -0.0043, "2007-10-31": "0.15350", "2007-07-31": 0.1478, "2007-04-30": 0.1748, "2007-01-31": 0.0199, "2006-10-31": "0.14450", "2006-07-31": 0.1312, "2006-04-30": 0.1785, "2006-01-31": -0.0117, "2005-10-31": "0.08190", "2005-07-31": 0.0888, "2005-04-30": 0.151, "2005-01-31": 0.1258}, "Free Cash Flow Per Share": {"2020-10-31": "0.46550", "2020-07-31": 0.6474, "2020-04-30": 0.8548, "2020-01-31": -0.5145, "2019-10-31": "0.33920", "2019-07-31": 0.3192, "2019-04-30": 0.4896, "2019-01-31": 0.2103, "2018-10-31": "0.18850", "2018-07-31": 0.2215, "2018-04-30": 0.4657, "2018-01-31": 0.0992, "2017-10-31": "0.22570", "2017-07-31": -0.2689, "2017-04-30": 0.6737, "2017-01-31": 0.1169, "2016-10-31": "0.15260", "2016-07-31": 0.3769, "2016-04-30": 0.2514, "2016-01-31": -0.2005, "2015-10-31": "0.22400", "2015-07-31": 0.1259, "2015-04-30": 0.3978, "2015-01-31": -0.0404, "2014-10-31": "0.22980", "2014-07-31": 0.1445, "2014-04-30": 0.4565, "2014-01-31": -0.1355, "2013-10-31": "0.18080", "2013-07-31": -0.1982, "2013-04-30": 0.2744, "2013-01-31": -0.2282, "2012-10-31": "0.10620", "2012-07-31": 0.0093, "2012-04-30": 0.3619, "2012-01-31": 0.0756, "2011-10-31": "0.21340", "2011-07-31": 0.0592, "2011-04-30": 0.2402, "2011-01-31": 0.0203, "2010-10-31": "0.19690", "2010-07-31": -0.0372, "2010-04-30": 0.2764, "2010-01-31": -0.0926, "2009-10-31": "0.16120", "2009-07-31": 0.1198, "2009-04-30": 0.289, "2009-01-31": -0.0903, "2008-10-31": "0.06840", "2008-07-31": 0.0854, "2008-04-30": 0.0824, "2008-01-31": -0.1007, "2007-10-31": "0.07110", "2007-07-31": 0.1266, "2007-04-30": 0.1457, "2007-01-31": -0.0158, "2006-10-31": "0.09610", "2006-07-31": 0.0544, "2006-04-30": 0.1297, "2006-01-31": -0.0587, "2005-10-31": "0.01910", "2005-07-31": 0.0243, "2005-04-30": 0.1075, "2005-01-31": 0.071}}, "revenue": {"Copart Annual Revenue (Millions of US $)": {"2020": "$2,206", "2019": "$2,042", "2018": "$1,806", "2017": "$1,448", "2016": "$1,268", "2015": "$1,146", "2014": "$1,163", "2013": "$1,046", "2012": "$924", "2011": "$872", "2010": "$773", "2009": "$743", "2008": "$785", "2007": "$561", "2006": "$529", "2005": "$448"}, "Copart Quarterly Revenue (Millions of US $)": {"2020-10-31": "$593", "2020-07-31": "$526", "2020-04-30": "$550", "2020-01-31": "$575", "2019-10-31": "$554", "2019-07-31": "$543", "2019-04-30": "$553", "2019-01-31": "$485", "2018-10-31": "$461", "2018-07-31": "$449", "2018-04-30": "$478", "2018-01-31": "$459", "2017-10-31": "$419", "2017-07-31": "$379", "2017-04-30": "$374", "2017-01-31": "$350", "2016-10-31": "$346", "2016-07-31": "$333", "2016-04-30": "$347", "2016-01-31": "$300", "2015-10-31": "$289", "2015-07-31": "$282", "2015-04-30": "$297", "2015-01-31": "$276", "2014-10-31": "$290", "2014-07-31": "$287", "2014-04-30": "$310", "2014-01-31": "$286", "2013-10-31": "$280", "2013-07-31": "$264", "2013-04-30": "$278", "2013-01-31": "$266", "2012-10-31": "$239", "2012-07-31": "$227", "2012-04-30": "$244", "2012-01-31": "$228", "2011-10-31": "$226", "2011-07-31": "$215", "2011-04-30": "$237", "2011-01-31": "$207", "2010-10-31": "$213", "2010-07-31": "$190", "2010-04-30": "$220", "2010-01-31": "$177", "2009-10-31": "$185", "2009-07-31": "$184", "2009-04-30": "$197", "2009-01-31": "$170", "2008-10-31": "$192", "2008-07-31": "$206", "2008-04-30": "$221", "2008-01-31": "$173", "2007-10-31": "$184", "2007-07-31": "$154", "2007-04-30": "$146", "2007-01-31": "$129", "2006-10-31": "$132", "2006-07-31": "$137", "2006-04-30": "$150", "2006-01-31": "$125", "2005-10-31": "$117", "2005-07-31": "$108", "2005-04-30": "$128", "2005-01-31": "$108"}}, "gross-profit": {"Copart Annual Gross Profit (Millions of US $)": {"2020": "$1,008", "2019": "$898", "2018": "$762", "2017": "$632", "2016": "$545", "2015": "$483", "2014": "$469", "2013": "$421", "2012": "$410", "2011": "$373", "2010": "$348", "2009": "$312", "2008": "$322", "2007": "$267", "2006": "$231", "2005": "$202"}, "Copart Quarterly Gross Profit (Millions of US $)": {"2020-10-31": "$297", "2020-07-31": "$250", "2020-04-30": "$243", "2020-01-31": "$260", "2019-10-31": "$255", "2019-07-31": "$243", "2019-04-30": "$252", "2019-01-31": "$208", "2018-10-31": "$196", "2018-07-31": "$188", "2018-04-30": "$219", "2018-01-31": "$192", "2017-10-31": "$163", "2017-07-31": "$167", "2017-04-30": "$173", "2017-01-31": "$147", "2016-10-31": "$145", "2016-07-31": "$141", "2016-04-30": "$158", "2016-01-31": "$125", "2015-10-31": "$121", "2015-07-31": "$119", "2015-04-30": "$127", "2015-01-31": "$115", "2014-10-31": "$122", "2014-07-31": "$117", "2014-04-30": "$132", "2014-01-31": "$112", "2013-10-31": "$108", "2013-07-31": "$103", "2013-04-30": "$116", "2013-01-31": "$97", "2012-10-31": "$105", "2012-07-31": "$99", "2012-04-30": "$115", "2012-01-31": "$100", "2011-10-31": "$95", "2011-07-31": "$89", "2011-04-30": "$109", "2011-01-31": "$86", "2010-10-31": "$89", "2010-07-31": "$86", "2010-04-30": "$100", "2010-01-31": "$79", "2009-10-31": "$83", "2009-07-31": "$80", "2009-04-30": "$85", "2009-01-31": "$67", "2008-10-31": "$80", "2008-07-31": "$87", "2008-04-30": "$88", "2008-01-31": "$69", "2007-10-31": "$78", "2007-07-31": "$72", "2007-04-30": "$73", "2007-01-31": "$60", "2006-10-31": "$62", "2006-07-31": "$63", "2006-04-30": "$69", "2006-01-31": "$51", "2005-10-31": "$48", "2005-07-31": "$51", "2005-04-30": "$59", "2005-01-31": "$48"}}, "operating-income": {"Copart Annual Operating Income (Millions of US $)": {"2020": "$816", "2019": "$716", "2018": "$584", "2017": "$461", "2016": "$406", "2015": "$344", "2014": "$275", "2013": "$283", "2012": "$286", "2011": "$265", "2010": "$239", "2009": "$225", "2008": "$238", "2007": "$203", "2006": "$172", "2005": "$156"}, "Copart Quarterly Operating Income (Millions of US $)": {"2020-10-31": "$249", "2020-07-31": "$206", "2020-04-30": "$195", "2020-01-31": "$210", "2019-10-31": "$205", "2019-07-31": "$193", "2019-04-30": "$207", "2019-01-31": "$165", "2018-10-31": "$151", "2018-07-31": "$135", "2018-04-30": "$175", "2018-01-31": "$151", "2017-10-31": "$124", "2017-07-31": "$111", "2017-04-30": "$137", "2017-01-31": "$109", "2016-10-31": "$105", "2016-07-31": "$106", "2016-04-30": "$122", "2016-01-31": "$92", "2015-10-31": "$86", "2015-07-31": "$87", "2015-04-30": "$95", "2015-01-31": "$80", "2014-10-31": "$82", "2014-07-31": "$76", "2014-04-30": "$63", "2014-01-31": "$71", "2013-10-31": "$65", "2013-07-31": "$63", "2013-04-30": "$83", "2013-01-31": "$63", "2012-10-31": "$74", "2012-07-31": "$69", "2012-04-30": "$88", "2012-01-31": "$64", "2011-10-31": "$65", "2011-07-31": "$63", "2011-04-30": "$82", "2011-01-31": "$60", "2010-10-31": "$60", "2010-07-31": "$57", "2010-04-30": "$72", "2010-01-31": "$53", "2009-10-31": "$56", "2009-07-31": "$55", "2009-04-30": "$65", "2009-01-31": "$46", "2008-10-31": "$59", "2008-07-31": "$65", "2008-04-30": "$69", "2008-01-31": "$47", "2007-10-31": "$57", "2007-07-31": "$54", "2007-04-30": "$57", "2007-01-31": "$45", "2006-10-31": "$47", "2006-07-31": "$47", "2006-04-30": "$53", "2006-01-31": "$37", "2005-10-31": "$34", "2005-07-31": "$37", "2005-04-30": "$47", "2005-01-31": "$37"}}, "ebitda": {"Copart Annual EBITDA (Millions of US $)": {"2020": "$920", "2019": "$802", "2018": "$663", "2017": "$519", "2016": "$456", "2015": "$393", "2014": "$329", "2013": "$340", "2012": "$335", "2011": "$311", "2010": "$282", "2009": "$267", "2008": "$281", "2007": "$240", "2006": "$203", "2005": "$187"}, "Copart Quarterly EBITDA (Millions of US $)": {"2020-10-31": "$278", "2020-07-31": "$233", "2020-04-30": "$224", "2020-01-31": "$234", "2019-10-31": "$229", "2019-07-31": "$214", "2019-04-30": "$229", "2019-01-31": "$185", "2018-10-31": "$173", "2018-07-31": "$163", "2018-04-30": "$191", "2018-01-31": "$169", "2017-10-31": "$140", "2017-07-31": "$124", "2017-04-30": "$151", "2017-01-31": "$124", "2016-10-31": "$120", "2016-07-31": "$120", "2016-04-30": "$135", "2016-01-31": "$104", "2015-10-31": "$98", "2015-07-31": "$98", "2015-04-30": "$107", "2015-01-31": "$92", "2014-10-31": "$96", "2014-07-31": "$89", "2014-04-30": "$75", "2014-01-31": "$85", "2013-10-31": "$79", "2013-07-31": "$78", "2013-04-30": "$98", "2013-01-31": "$77", "2012-10-31": "$87", "2012-07-31": "$81", "2012-04-30": "$100", "2012-01-31": "$76", "2011-10-31": "$77", "2011-07-31": "$75", "2011-04-30": "$93", "2011-01-31": "$72", "2010-10-31": "$71", "2010-07-31": "$68", "2010-04-30": "$83", "2010-01-31": "$64", "2009-10-31": "$67", "2009-07-31": "$65", "2009-04-30": "$75", "2009-01-31": "$56", "2008-10-31": "$70", "2008-07-31": "$76", "2008-04-30": "$78", "2008-01-31": "$58", "2007-10-31": "$68", "2007-07-31": "$64", "2007-04-30": "$66", "2007-01-31": "$54", "2006-10-31": "$56", "2006-07-31": "$56", "2006-04-30": "$61", "2006-01-31": "$45", "2005-10-31": "$41", "2005-07-31": "$44", "2005-04-30": "$56", "2005-01-31": "$44"}}, "net-income": {"Copart Annual Net Income (Millions of US $)": {"2020": "$700", "2019": "$592", "2018": "$418", "2017": "$394", "2016": "$270", "2015": "$220", "2014": "$179", "2013": "$180", "2012": "$182", "2011": "$166", "2010": "$152", "2009": "$141", "2008": "$157", "2007": "$136", "2006": "$97", "2005": "$102"}, "Copart Quarterly Net Income (Millions of US $)": {"2020-10-31": "$200", "2020-07-31": "$166", "2020-04-30": "$147", "2020-01-31": "$169", "2019-10-31": "$218", "2019-07-31": "$153", "2019-04-30": "$193", "2019-01-31": "$131", "2018-10-31": "$114", "2018-07-31": "$110", "2018-04-30": "$127", "2018-01-31": "$103", "2017-10-31": "$78", "2017-07-31": "$70", "2017-04-30": "$91", "2017-01-31": "$66", "2016-10-31": "$167", "2016-07-31": "$84", "2016-04-30": "$75", "2016-01-31": "$59", "2015-10-31": "$53", "2015-07-31": "$57", "2015-04-30": "$58", "2015-01-31": "$52", "2014-10-31": "$53", "2014-07-31": "$51", "2014-04-30": "$41", "2014-01-31": "$45", "2013-10-31": "$41", "2013-07-31": "$41", "2013-04-30": "$53", "2013-01-31": "$40", "2012-10-31": "$46", "2012-07-31": "$45", "2012-04-30": "$55", "2012-01-31": "$41", "2011-10-31": "$41", "2011-07-31": "$41", "2011-04-30": "$50", "2011-01-31": "$38", "2010-10-31": "$38", "2010-07-31": "$36", "2010-04-30": "$44", "2010-01-31": "$36", "2009-10-31": "$35", "2009-07-31": "$35", "2009-04-30": "$42", "2009-01-31": "$27", "2008-10-31": "$37", "2008-07-31": "$41", "2008-04-30": "$46", "2008-01-31": "$32", "2007-10-31": "$38", "2007-07-31": "$37", "2007-04-30": "$39", "2007-01-31": "$30", "2006-10-31": "$30", "2006-07-31": "$32", "2006-04-30": "$35", "2006-01-31": "$8", "2005-10-31": "$23", "2005-07-31": "$25", "2005-04-30": "$31", "2005-01-31": "$24"}}, "eps-earnings-per-share-diluted": {"Copart Annual EPS": {"2020": "$2.93", "2019": "$2.46", "2018": "$1.73", "2017": "$1.66", "2016": "$1.11", "2015": "$0.84", "2014": "$0.68", "2013": "$0.70", "2012": "$0.70", "2011": "$0.54", "2010": "$0.45", "2009": "$0.42", "2008": "$0.44", "2007": "$0.37", "2006": "$0.26", "2005": "$0.28"}, "Copart Quarterly EPS": {"2020-10-31": "$0.83", "2020-07-31": "$0.69", "2020-04-30": "$0.62", "2020-01-31": "$0.71", "2019-10-31": "$0.91", "2019-07-31": "$0.63", "2019-04-30": "$0.81", "2019-01-31": "$0.55", "2018-10-31": "$0.47", "2018-07-31": "$0.46", "2018-04-30": "$0.52", "2018-01-31": "$0.43", "2017-10-31": "$0.32", "2017-07-31": "$0.30", "2017-04-30": "$0.38", "2017-01-31": "$0.28", "2016-10-31": "$0.70", "2016-07-31": "$0.35", "2016-04-30": "$0.32", "2016-01-31": "$0.24", "2015-10-31": "$0.21", "2015-07-31": "$0.22", "2015-04-30": "$0.22", "2015-01-31": "$0.20", "2014-10-31": "$0.20", "2014-07-31": "$0.19", "2014-04-30": "$0.16", "2014-01-31": "$0.18", "2013-10-31": "$0.16", "2013-07-31": "$0.16", "2013-04-30": "$0.21", "2013-01-31": "$0.16", "2012-10-31": "$0.18", "2012-07-31": "$0.17", "2012-04-30": "$0.22", "2012-01-31": "$0.16", "2011-10-31": "$0.16", "2011-07-31": "$0.14", "2011-04-30": "$0.18", "2011-01-31": "$0.12", "2010-10-31": "$0.11", "2010-07-31": "$0.11", "2010-04-30": "$0.13", "2010-01-31": "$0.11", "2009-10-31": "$0.11", "2009-07-31": "$0.10", "2009-04-30": "$0.13", "2009-01-31": "$0.08", "2008-10-31": "$0.11", "2008-07-31": "$0.12", "2008-04-30": "$0.13", "2008-01-31": "$0.09", "2007-10-31": "$0.10", "2007-07-31": "$0.10", "2007-04-30": "$0.10", "2007-01-31": "$0.08", "2006-10-31": "$0.08", "2006-07-31": "$0.09", "2006-04-30": "$0.09", "2006-01-31": "$0.02", "2005-10-31": "$0.06", "2005-07-31": "$0.07", "2005-04-30": "$0.08", "2005-01-31": "$0.06"}}, "shares-outstanding": {"Copart Annual Shares Outstanding (Millions of Shares)": {"2020": "239", "2019": "240", "2018": "242", "2017": "237", "2016": "244", "2015": "263", "2014": "262", "2013": "260", "2012": "263", "2011": "307", "2010": "340", "2009": "340", "2008": "359", "2007": "374", "2006": "372", "2005": "372"}, "Copart Quarterly Shares Outstanding (Millions of Shares)": {"2020-10-31": "240", "2020-07-31": "239", "2020-04-30": "239", "2020-01-31": "238", "2019-10-31": "239", "2019-07-31": "240", "2019-04-30": "238", "2019-01-31": "241", "2018-10-31": "245", "2018-07-31": "242", "2018-04-30": "243", "2018-01-31": "241", "2017-10-31": "239", "2017-07-31": "237", "2017-04-30": "237", "2017-01-31": "236", "2016-10-31": "238", "2016-07-31": "244", "2016-04-30": "236", "2016-01-31": "249", "2015-10-31": "254", "2015-07-31": "263", "2015-04-30": "264", "2015-01-31": "264", "2014-10-31": "263", "2014-07-31": "262", "2014-04-30": "263", "2014-01-31": "262", "2013-10-31": "261", "2013-07-31": "260", "2013-04-30": "261", "2013-01-31": "259", "2012-10-31": "257", "2012-07-31": "263", "2012-04-30": "261", "2012-01-31": "263", "2011-10-31": "268", "2011-07-31": "307", "2011-04-30": "284", "2011-01-31": "328", "2010-10-31": "338", "2010-07-31": "340", "2010-04-30": "341", "2010-01-31": "340", "2009-10-31": "340", "2009-07-31": "340", "2009-04-30": "339", "2009-01-31": "337", "2008-10-31": "341", "2008-07-31": "359", "2008-04-30": "359", "2008-01-31": "365", "2007-10-31": "363", "2007-07-31": "374", "2007-04-30": "375", "2007-01-31": "375", "2006-10-31": "374", "2006-07-31": "372", "2006-04-30": "372", "2006-01-31": "371", "2005-10-31": "371", "2005-07-31": "372", "2005-04-30": "372", "2005-01-31": "372"}}, "total-assets": {"Copart Annual Total Assets (Millions of US $)": {"2020": "$3,455", "2019": "$2,548", "2018": "$2,308", "2017": "$1,983", "2016": "$1,650", "2015": "$1,799", "2014": "$1,507", "2013": "$1,334", "2012": "$1,154", "2011": "$1,084", "2010": "$1,229", "2009": "$1,058", "2008": "$956", "2007": "$1,015", "2006": "$895", "2005": "$794"}, "Copart Quarterly Total Assets (Millions of US $)": {"2020-10-31": "$3,741", "2020-07-31": "$3,455", "2020-04-30": "$3,162", "2020-01-31": "$3,049", "2019-10-31": "$2,856", "2019-07-31": "$2,548", "2019-04-30": "$2,392", "2019-01-31": "$2,297", "2018-10-31": "$2,382", "2018-07-31": "$2,308", "2018-04-30": "$2,165", "2018-01-31": "$2,144", "2017-10-31": "$2,063", "2017-07-31": "$1,983", "2017-04-30": "$1,812", "2017-01-31": "$1,841", "2016-10-31": "$1,770", "2016-07-31": "$1,650", "2016-04-30": "$1,624", "2016-01-31": "$1,604", "2015-10-31": "$1,856", "2015-07-31": "$1,799", "2015-04-30": "$2,003", "2015-01-31": "$1,952", "2014-10-31": "$1,537", "2014-07-31": "$1,507", "2014-04-30": "$1,477", "2014-01-31": "$1,438", "2013-10-31": "$1,397", "2013-07-31": "$1,334", "2013-04-30": "$1,299", "2013-01-31": "$1,254", "2012-10-31": "$1,215", "2012-07-31": "$1,154", "2012-04-30": "$1,205", "2012-01-31": "$1,140", "2011-10-31": "$1,226", "2011-07-31": "$1,084", "2011-04-30": "$1,191", "2011-01-31": "$1,188", "2010-10-31": "$1,210", "2010-07-31": "$1,229", "2010-04-30": "$1,202", "2010-01-31": "$1,148", "2009-10-31": "$1,123", "2009-07-31": "$1,058", "2009-04-30": "$1,006", "2009-01-31": "$956", "2008-10-31": "$950", "2008-07-31": "$956", "2008-04-30": "$1,008", "2008-01-31": "$1,053", "2007-10-31": "$1,078", "2007-07-31": "$1,015", "2007-04-30": "$1,015", "2007-01-31": "$969", "2006-10-31": "$939", "2006-07-31": "$895", "2006-04-30": "$870", "2006-01-31": "$828", "2005-10-31": "$835", "2005-07-31": "$794", "2005-04-30": "$770", "2005-01-31": "$732"}}, "cash-on-hand": {"Copart Annual Cash on Hand (Millions of US $)": {"2020": "$478", "2019": "$186", "2018": "$275", "2017": "$210", "2016": "$156", "2015": "$456", "2014": "$159", "2013": "$64", "2012": "$140", "2011": "$74", "2010": "$268", "2009": "$163", "2008": "$39", "2007": "$210", "2006": "$275", "2005": "$253"}, "Copart Quarterly Cash on Hand (Millions of US $)": {"2020-10-31": "$606", "2020-07-31": "$478", "2020-04-30": "$306", "2020-01-31": "$94", "2019-10-31": "$181", "2019-07-31": "$186", "2019-04-30": "$103", "2019-01-31": "$108", "2018-10-31": "$320", "2018-07-31": "$275", "2018-04-30": "$204", "2018-01-31": "$195", "2017-10-31": "$224", "2017-07-31": "$210", "2017-04-30": "$190", "2017-01-31": "$175", "2016-10-31": "$168", "2016-07-31": "$156", "2016-04-30": "$138", "2016-01-31": "$159", "2015-10-31": "$495", "2015-07-31": "$456", "2015-04-30": "$679", "2015-01-31": "$590", "2014-10-31": "$198", "2014-07-31": "$159", "2014-04-30": "$133", "2014-01-31": "$46", "2013-10-31": "$77", "2013-07-31": "$64", "2013-04-30": "$139", "2013-01-31": "$50", "2012-10-31": "$131", "2012-07-31": "$140", "2012-04-30": "$207", "2012-01-31": "$128", "2011-10-31": "$213", "2011-07-31": "$74", "2011-04-30": "$192", "2011-01-31": "$204", "2010-10-31": "$260", "2010-07-31": "$268", "2010-04-30": "$264", "2010-01-31": "$189", "2009-10-31": "$218", "2009-07-31": "$163", "2009-04-30": "$119", "2009-01-31": "$22", "2008-10-31": "$51", "2008-07-31": "$39", "2008-04-30": "$96", "2008-01-31": "$173", "2007-10-31": "$250", "2007-07-31": "$210", "2007-04-30": "$249", "2007-01-31": "$320", "2006-10-31": "$314", "2006-07-31": "$275", "2006-04-30": "$252", "2006-01-31": "$202", "2005-10-31": "$255", "2005-07-31": "$253", "2005-04-30": "$244", "2005-01-31": "$207"}}, "long-term-debt": {"Copart Annual Long Term Debt (Millions of US $)": {"2020": "$397", "2019": "$400", "2018": "$399", "2017": "$551", "2016": "$564", "2015": "$591", "2014": "$223", "2013": "$296", "2012": "$369", "2011": "$325", "2010": "$1", "2009": "$", "2008": "$", "2007": "$", "2006": "$", "2005": "$"}, "Copart Quarterly Long Term Debt (Millions of US $)": {"2020-10-31": "$412", "2020-07-31": "$397", "2020-04-30": "$404", "2020-01-31": "$400", "2019-10-31": "$400", "2019-07-31": "$400", "2019-04-30": "$399", "2019-01-31": "$399", "2018-10-31": "$399", "2018-07-31": "$399", "2018-04-30": "$399", "2018-01-31": "$401", "2017-10-31": "$551", "2017-07-31": "$551", "2017-04-30": "$551", "2017-01-31": "$566", "2016-10-31": "$573", "2016-07-31": "$564", "2016-04-30": "$671", "2016-01-31": "$577", "2015-10-31": "$584", "2015-07-31": "$591", "2015-04-30": "$600", "2015-01-31": "$608", "2014-10-31": "$204", "2014-07-31": "$223", "2014-04-30": "$242", "2014-01-31": "$261", "2013-10-31": "$280", "2013-07-31": "$296", "2013-04-30": "$314", "2013-01-31": "$333", "2012-10-31": "$350", "2012-07-31": "$369", "2012-04-30": "$388", "2012-01-31": "$407", "2011-10-31": "$425", "2011-07-31": "$325", "2011-04-30": "$338", "2011-01-31": "$350", "2010-10-31": "", "2010-07-31": "$1", "2010-04-30": "", "2010-01-31": "", "2009-10-31": "", "2009-07-31": "", "2009-04-30": "", "2009-01-31": "", "2008-10-31": "", "2008-07-31": "", "2008-04-30": "", "2008-01-31": "", "2007-10-31": "", "2007-07-31": "", "2007-04-30": "", "2007-01-31": "", "2006-10-31": "", "2006-07-31": "", "2006-04-30": "", "2006-01-31": "", "2005-10-31": "", "2005-07-31": "", "2005-04-30": "", "2005-01-31": "$0"}}, "total-liabilities": {"Copart Annual Total Liabilities (Millions of US $)": {"2020": "$966", "2019": "$769", "2018": "$727", "2017": "$884", "2016": "$875", "2015": "$834", "2014": "$503", "2013": "$572", "2012": "$593", "2011": "$529", "2010": "$142", "2009": "$137", "2008": "$157", "2007": "$134", "2006": "$85", "2005": "$84"}, "Copart Quarterly Total Liabilities (Millions of US $)": {"2020-10-31": "$1,030", "2020-07-31": "$966", "2020-04-30": "$881", "2020-01-31": "$924", "2019-10-31": "$929", "2019-07-31": "$769", "2019-04-30": "$773", "2019-01-31": "$837", "2018-10-31": "$710", "2018-07-31": "$727", "2018-04-30": "$704", "2018-01-31": "$812", "2017-10-31": "$874", "2017-07-31": "$884", "2017-04-30": "$805", "2017-01-31": "$946", "2016-10-31": "$963", "2016-07-31": "$875", "2016-04-30": "$908", "2016-01-31": "$873", "2015-10-31": "$839", "2015-07-31": "$834", "2015-04-30": "$867", "2015-01-31": "$879", "2014-10-31": "$499", "2014-07-31": "$503", "2014-04-30": "$537", "2014-01-31": "$558", "2013-10-31": "$575", "2013-07-31": "$572", "2013-04-30": "$574", "2013-01-31": "$586", "2012-10-31": "$606", "2012-07-31": "$593", "2012-04-30": "$626", "2012-01-31": "$632", "2011-10-31": "$671", "2011-07-31": "$529", "2011-04-30": "$545", "2011-01-31": "$547", "2010-10-31": "$151", "2010-07-31": "$142", "2010-04-30": "$156", "2010-01-31": "$146", "2009-10-31": "$160", "2009-07-31": "$137", "2009-04-30": "$140", "2009-01-31": "$134", "2008-10-31": "$142", "2008-07-31": "$157", "2008-04-30": "$146", "2008-01-31": "$131", "2007-10-31": "$144", "2007-07-31": "$134", "2007-04-30": "$86", "2007-01-31": "$82", "2006-10-31": "$95", "2006-07-31": "$85", "2006-04-30": "$95", "2006-01-31": "$91", "2005-10-31": "$99", "2005-07-31": "$84", "2005-04-30": "$88", "2005-01-31": "$82"}}, "total-share-holder-equity": {"Copart Annual Share Holder Equity (Millions of US $)": {"2020": "$2,490", "2019": "$1,778", "2018": "$1,581", "2017": "$1,099", "2016": "$774", "2015": "$964", "2014": "$1,003", "2013": "$762", "2012": "$561", "2011": "$555", "2010": "$1,087", "2009": "$921", "2008": "$799", "2007": "$881", "2006": "$810", "2005": "$709"}, "Copart Quarterly Share Holder Equity (Millions of US $)": {"2020-10-31": "$2,711", "2020-07-31": "$2,490", "2020-04-30": "$2,281", "2020-01-31": "$2,125", "2019-10-31": "$1,927", "2019-07-31": "$1,778", "2019-04-30": "$1,619", "2019-01-31": "$1,460", "2018-10-31": "$1,672", "2018-07-31": "$1,581", "2018-04-30": "$1,461", "2018-01-31": "$1,332", "2017-10-31": "$1,189", "2017-07-31": "$1,099", "2017-04-30": "$1,006", "2017-01-31": "$896", "2016-10-31": "$807", "2016-07-31": "$774", "2016-04-30": "$717", "2016-01-31": "$731", "2015-10-31": "$1,017", "2015-07-31": "$964", "2015-04-30": "$1,136", "2015-01-31": "$1,073", "2014-10-31": "$1,037", "2014-07-31": "$1,003", "2014-04-30": "$940", "2014-01-31": "$881", "2013-10-31": "$823", "2013-07-31": "$762", "2013-04-30": "$724", "2013-01-31": "$668", "2012-10-31": "$609", "2012-07-31": "$561", "2012-04-30": "$579", "2012-01-31": "$507", "2011-10-31": "$555", "2011-07-31": "$555", "2011-04-30": "$646", "2011-01-31": "$641", "2010-10-31": "$1,059", "2010-07-31": "$1,087", "2010-04-30": "$1,046", "2010-01-31": "$1,001", "2009-10-31": "$963", "2009-07-31": "$921", "2009-04-30": "$866", "2009-01-31": "$822", "2008-10-31": "$807", "2008-07-31": "$799", "2008-04-30": "$863", "2008-01-31": "$922", "2007-10-31": "$934", "2007-07-31": "$881", "2007-04-30": "$929", "2007-01-31": "$887", "2006-10-31": "$844", "2006-07-31": "$810", "2006-04-30": "$775", "2006-01-31": "$738", "2005-10-31": "$735", "2005-07-31": "$709", "2005-04-30": "$682", "2005-01-31": "$650"}}, "profit-margins": {"current": "30.39%"}, "gross margin": {"2020-10-31": "46.79%", "2020-07-31": "45.71%", "2020-04-30": "45.05%", "2020-01-31": "45.39%", "2019-10-31": "44.87%", "2019-07-31": "44.03%", "2019-04-30": "43.33%", "2019-01-31": "43.30%", "2018-10-31": "43.04%", "2018-07-31": "42.22%", "2018-04-30": "42.71%", "2018-01-31": "42.61%", "2017-10-31": "42.71%", "2017-07-31": "43.62%", "2017-04-30": "43.19%", "2017-01-31": "42.95%", "2016-10-31": "42.91%", "2016-07-31": "42.95%", "2016-04-30": "42.94%", "2016-01-31": "42.12%", "2015-10-31": "42.13%", "2015-07-31": "42.18%", "2015-04-30": "41.83%", "2015-01-31": "41.79%", "2014-10-31": "41.18%", "2014-07-31": "40.33%", "2014-04-30": "39.91%", "2014-01-31": "39.62%", "2013-10-31": "38.97%", "2013-07-31": "40.21%", "2013-04-30": "41.29%", "2013-01-31": "42.62%", "2012-10-31": "44.67%", "2012-07-31": "44.22%", "2012-04-30": "43.70%", "2012-01-31": "43.38%", "2011-10-31": "42.82%", "2011-07-31": "42.78%", "2011-04-30": "43.68%", "2011-01-31": "43.49%", "2010-10-31": "44.25%", "2010-07-31": "45.08%", "2010-04-30": "44.65%", "2010-01-31": "44.01%", "2009-10-31": "42.80%", "2009-07-31": "41.99%", "2009-04-30": "41.70%", "2009-01-31": "40.81%", "2008-10-31": "40.91%", "2008-07-31": "41.07%", "2008-04-30": "41.94%", "2008-01-31": "44.44%", "2007-10-31": "46.17%", "2007-07-31": "47.59%", "2007-04-30": "47.43%", "2007-01-31": "46.35%", "2006-10-31": "45.04%", "2006-07-31": "43.67%", "2006-04-30": "43.80%", "2006-01-31": "43.72%", "2005-10-31": "44.69%"}, "operating margin": {"2020-10-31": "38.32%", "2020-07-31": "37.01%", "2020-04-30": "36.14%", "2020-01-31": "36.63%", "2019-10-31": "36.07%", "2019-07-31": "35.06%", "2019-04-30": "33.78%", "2019-01-31": "33.42%", "2018-10-31": "33.13%", "2018-07-31": "32.41%", "2018-04-30": "32.33%", "2018-01-31": "32.07%", "2017-10-31": "31.60%", "2017-07-31": "31.88%", "2017-04-30": "32.57%", "2017-01-31": "32.12%", "2016-10-31": "32.05%", "2016-07-31": "31.99%", "2016-04-30": "31.77%", "2016-01-31": "30.82%", "2015-10-31": "30.42%", "2015-07-31": "30.04%", "2015-04-30": "28.96%", "2015-01-31": "25.88%", "2014-10-31": "24.89%", "2014-07-31": "23.65%", "2014-04-30": "22.98%", "2014-01-31": "25.45%", "2013-10-31": "25.18%", "2013-07-31": "27.03%", "2013-04-30": "28.61%", "2013-01-31": "30.12%", "2012-10-31": "31.45%", "2012-07-31": "30.92%", "2012-04-30": "30.67%", "2012-01-31": "30.24%", "2011-10-31": "30.51%", "2011-07-31": "30.39%", "2011-04-30": "30.58%", "2011-01-31": "30.00%", "2010-10-31": "30.25%", "2010-07-31": "30.83%", "2010-04-30": "30.81%", "2010-01-31": "30.82%", "2009-10-31": "30.16%", "2009-07-31": "30.28%", "2009-04-30": "30.72%", "2009-01-31": "30.29%", "2008-10-31": "30.30%", "2008-07-31": "30.36%", "2008-04-30": "31.01%", "2008-01-31": "32.72%", "2007-10-31": "34.75%", "2007-07-31": "36.19%", "2007-04-30": "36.03%", "2007-01-31": "35.04%", "2006-10-31": "33.82%", "2006-07-31": "32.33%", "2006-04-30": "32.20%", "2006-01-31": "32.43%", "2005-10-31": "33.62%"}, "ebitda margin": {"2020-10-31": "43.18%", "2020-07-31": "41.72%", "2020-04-30": "40.55%", "2020-01-31": "40.72%", "2019-10-31": "40.14%", "2019-07-31": "39.23%", "2019-04-30": "38.50%", "2019-01-31": "38.01%", "2018-10-31": "37.68%", "2018-07-31": "36.73%", "2018-04-30": "35.97%", "2018-01-31": "35.81%", "2017-10-31": "35.41%", "2017-07-31": "35.82%", "2017-04-30": "36.71%", "2017-01-31": "36.26%", "2016-10-31": "36.12%", "2016-07-31": "36.01%", "2016-04-30": "35.71%", "2016-01-31": "34.85%", "2015-10-31": "34.53%", "2015-07-31": "34.32%", "2015-04-30": "33.39%", "2015-01-31": "30.27%", "2014-10-31": "29.41%", "2014-07-31": "28.20%", "2014-04-30": "27.81%", "2014-01-31": "30.69%", "2013-10-31": "30.51%", "2013-07-31": "32.47%", "2013-04-30": "33.96%", "2013-01-31": "35.35%", "2012-10-31": "36.67%", "2012-07-31": "36.11%", "2012-04-30": "35.93%", "2012-01-31": "35.43%", "2011-10-31": "35.82%", "2011-07-31": "35.67%", "2011-04-30": "35.89%", "2011-01-31": "35.42%", "2010-10-31": "35.75%", "2010-07-31": "36.53%", "2010-04-30": "36.42%", "2010-01-31": "36.47%", "2009-10-31": "35.73%", "2009-07-31": "35.80%", "2009-04-30": "36.21%", "2009-01-31": "35.49%", "2008-10-31": "35.61%", "2008-07-31": "35.71%", "2008-04-30": "36.61%", "2008-01-31": "38.96%", "2007-10-31": "41.11%", "2007-07-31": "42.78%", "2007-04-30": "42.65%", "2007-01-31": "41.42%", "2006-10-31": "40.07%", "2006-07-31": "38.37%", "2006-04-30": "38.20%", "2006-01-31": "38.91%", "2005-10-31": "40.13%"}, "pre tax profit margin": {"2020-10-31": "37.70%", "2020-07-31": "36.33%", "2020-04-30": "35.37%", "2020-01-31": "35.87%", "2019-10-31": "35.50%", "2019-07-31": "34.52%", "2019-04-30": "33.42%", "2019-01-31": "33.00%", "2018-10-31": "32.32%", "2018-07-31": "31.14%", "2018-04-30": "30.84%", "2018-01-31": "30.35%", "2017-10-31": "29.63%", "2017-07-31": "30.37%", "2017-04-30": "31.36%", "2017-01-31": "30.96%", "2016-10-31": "31.52%", "2016-07-31": "31.28%", "2016-04-30": "30.54%", "2016-01-31": "29.37%", "2015-10-31": "28.93%", "2015-07-31": "28.91%", "2015-04-30": "28.17%", "2015-01-31": "25.54%", "2014-10-31": "24.55%", "2014-07-31": "23.22%", "2014-04-30": "22.63%", "2014-01-31": "25.18%", "2013-10-31": "24.72%", "2013-07-31": "26.46%", "2013-04-30": "27.92%", "2013-01-31": "29.20%", "2012-10-31": "30.49%", "2012-07-31": "30.05%", "2012-04-30": "30.01%", "2012-01-31": "29.69%", "2011-10-31": "30.28%", "2011-07-31": "30.28%", "2011-04-30": "30.58%", "2011-01-31": "30.24%", "2010-10-31": "30.38%", "2010-07-31": "31.09%", "2010-04-30": "31.07%", "2010-01-31": "31.22%", "2009-10-31": "30.30%", "2009-07-31": "30.55%", "2009-04-30": "31.24%", "2009-01-31": "30.93%", "2008-10-31": "31.69%", "2008-07-31": "31.89%", "2008-04-30": "32.79%", "2008-01-31": "35.16%", "2007-10-31": "37.36%", "2007-07-31": "38.68%", "2007-04-30": "37.68%", "2007-01-31": "35.95%", "2006-10-31": "34.38%", "2006-07-31": "33.08%", "2006-04-30": "33.80%", "2006-01-31": "34.31%", "2005-10-31": "35.36%"}, "net profit margin": {"2020-10-31": "30.39%", "2020-07-31": "31.75%", "2020-04-30": "30.92%", "2020-01-31": "32.94%", "2019-10-31": "32.55%", "2019-07-31": "28.94%", "2019-04-30": "28.13%", "2019-01-31": "25.73%", "2018-10-31": "24.58%", "2018-07-31": "23.16%", "2018-04-30": "21.79%", "2018-01-31": "20.97%", "2017-10-31": "20.04%", "2017-07-31": "27.19%", "2017-04-30": "29.08%", "2017-01-31": "28.49%", "2016-10-31": "29.03%", "2016-07-31": "21.36%", "2016-04-30": "20.03%", "2016-01-31": "19.43%", "2015-10-31": "19.23%", "2015-07-31": "19.21%", "2015-04-30": "18.61%", "2015-01-31": "16.94%", "2014-10-31": "16.20%", "2014-07-31": "15.31%", "2014-04-30": "14.74%", "2014-01-31": "16.25%", "2013-10-31": "16.08%", "2013-07-31": "17.19%", "2013-04-30": "18.22%", "2013-01-31": "19.06%", "2012-10-31": "19.94%", "2012-07-31": "19.68%", "2012-04-30": "19.50%", "2012-01-31": "19.09%", "2011-10-31": "19.21%", "2011-07-31": "19.15%", "2011-04-30": "19.13%", "2011-01-31": "18.80%", "2010-10-31": "19.25%", "2010-07-31": "19.56%", "2010-04-30": "19.58%", "2010-01-31": "19.92%", "2009-10-31": "18.89%", "2009-07-31": "18.98%", "2009-04-30": "19.22%", "2009-01-31": "19.14%", "2008-10-31": "19.70%", "2008-07-31": "20.03%", "2008-04-30": "20.90%", "2008-01-31": "22.22%", "2007-10-31": "23.49%", "2007-07-31": "24.24%", "2007-04-30": "24.08%", "2007-01-31": "23.18%", "2006-10-31": "19.30%", "2006-07-31": "18.53%", "2006-04-30": "18.20%", "2006-01-31": "18.20%", "2005-10-31": "22.34%"}, "pe ratio": {"current": "44.06", "2021-02-05": "41.89", "2020-10-31": "38.72", "2020-07-31": "31.83", "2020-04-30": "27.82", "2020-01-31": "33.05", "2019-10-31": "28.40", "2019-07-31": "31.39", "2019-04-30": "29.53", "2019-01-31": "25.44", "2018-10-31": "26.16", "2018-07-31": "33.37", "2018-04-30": "32.54", "2018-01-31": "30.82", "2017-10-31": "28.35", "2017-07-31": "18.91", "2017-04-30": "17.97", "2017-01-31": "17.09", "2016-10-31": "16.19", "2016-07-31": "22.42", "2016-04-30": "21.64", "2016-01-31": "18.83", "2015-10-31": "21.30", "2015-07-31": "21.45", "2015-04-30": "21.82", "2015-01-31": "24.40", "2014-10-31": "23.06", "2014-07-31": "24.36", "2014-04-30": "27.90", "2014-01-31": "24.49", "2013-10-31": "23.70", "2013-07-31": "23.22", "2013-04-30": "24.65", "2013-01-31": "24.77", "2012-10-31": "19.86", "2012-07-31": "16.97", "2012-04-30": "19.64", "2012-01-31": "18.52", "2011-10-31": "18.30", "2011-07-31": "19.66", "2011-04-30": "22.14", "2011-01-31": "21.10", "2010-10-31": "18.60", "2010-07-31": "20.36", "2010-04-30": "20.16", "2010-01-31": "19.29", "2009-10-31": "19.50", "2009-07-31": "21.14", "2009-04-30": "18.14", "2009-01-31": "13.77", "2008-10-31": "19.61", "2008-07-31": "25.06", "2008-04-30": "24.33", "2008-01-31": "26.04", "2007-10-31": "24.92", "2007-07-31": "19.41", "2007-04-30": "20.85", "2007-01-31": "21.81", "2006-10-31": "25.83"}, "price sales": {"2021-02-05": "12.71", "2020-10-31": "11.75", "2020-07-31": "10.09", "2020-04-30": "8.62", "2020-01-31": "10.89", "2019-10-31": "9.27", "2019-07-31": "9.14", "2019-04-30": "8.33", "2019-01-31": "6.55", "2018-10-31": "6.43", "2018-07-31": "7.67", "2018-04-30": "7.07", "2018-01-31": "6.45", "2017-10-31": "5.66", "2017-07-31": "5.15", "2017-04-30": "5.26", "2017-01-31": "4.92", "2016-10-31": "4.78", "2016-07-31": "4.88", "2016-04-30": "4.39", "2016-01-31": "3.69", "2015-10-31": "4.13", "2015-07-31": "4.14", "2015-04-30": "4.07", "2015-01-31": "4.14", "2014-10-31": "3.74", "2014-07-31": "3.76", "2014-04-30": "4.16", "2014-01-31": "4.04", "2013-10-31": "3.86", "2013-07-31": "4.03", "2013-04-30": "4.54", "2013-01-31": "4.78", "2012-10-31": "4.01", "2012-07-31": "3.39", "2012-04-30": "3.95", "2012-01-31": "3.62", "2011-10-31": "3.62", "2011-07-31": "3.88", "2011-04-30": "4.27", "2011-01-31": "3.97", "2010-10-31": "3.59", "2010-07-31": "4.01", "2010-04-30": "3.96", "2010-01-31": "3.85", "2009-10-31": "3.70", "2009-07-31": "4.03", "2009-04-30": "3.53", "2009-01-31": "2.67", "2008-10-31": "3.92", "2008-07-31": "5.05", "2008-04-30": "5.08", "2008-01-31": "5.73", "2007-10-31": "5.81", "2007-07-31": "4.70", "2007-04-30": "4.98", "2007-01-31": "5.01", "2006-10-31": "4.94"}, "price book": {"current": "10.40", "2021-02-05": "10.40", "2020-10-31": "9.61", "2020-07-31": "8.81", "2020-04-30": "8.24", "2020-01-31": "11.16", "2019-10-31": "9.97", "2019-07-31": "10.02", "2019-04-30": "9.52", "2019-01-31": "7.86", "2018-10-31": "6.85", "2018-07-31": "8.49", "2018-04-30": "8.12", "2018-01-31": "7.67", "2017-10-31": "7.06", "2017-07-31": "6.61", "2017-04-30": "7.07", "2017-01-31": "7.27", "2016-10-31": "7.44", "2016-07-31": "7.17", "2016-04-30": "6.53", "2016-01-31": "5.13", "2015-10-31": "4.28", "2015-07-31": "4.49", "2015-04-30": "3.96", "2015-01-31": "4.31", "2014-10-31": "4.07", "2014-07-31": "4.20", "2014-04-30": "4.86", "2014-01-31": "4.90", "2013-10-31": "4.92", "2013-07-31": "5.35", "2013-04-30": "6.10", "2013-01-31": "6.74", "2012-10-31": "5.88", "2012-07-31": "5.27", "2012-04-30": "5.79", "2012-01-31": "5.87", "2011-10-31": "5.11", "2011-07-31": "5.17", "2011-04-30": "4.84", "2011-01-31": "4.30", "2010-10-31": "2.63", "2010-07-31": "2.83", "2010-04-30": "2.88", "2010-01-31": "2.84", "2009-10-31": "2.81", "2009-07-31": "3.22", "2009-04-30": "3.03", "2009-01-31": "2.45", "2008-10-31": "3.60", "2008-07-31": "4.57", "2008-04-30": "4.05", "2008-01-31": "3.91", "2007-10-31": "3.66", "2007-07-31": "2.82", "2007-04-30": "2.85", "2007-01-31": "3.03", "2006-10-31": "3.11", "2006-07-31": "2.97", "2006-04-30": "3.13", "2006-01-31": "3.08"}, "price fcf": {"2021-02-05": "", "2020-10-31": "$1.45", "2020-07-31": "$1.33", "2020-04-30": "$1.00", "2020-01-31": "$0.63", "2019-10-31": "$1.36", "2019-07-31": "$1.21", "2019-04-30": "$1.11", "2019-01-31": "$1.09", "2018-10-31": "$0.97", "2018-07-31": "$1.01", "2018-04-30": "$0.52", "2018-01-31": "$0.73", "2017-10-31": "$0.75", "2017-07-31": "$0.67", "2017-04-30": "$1.32", "2017-01-31": "$0.90", "2016-10-31": "$0.58", "2016-07-31": "$0.65", "2016-04-30": "$0.40", "2016-01-31": "$0.55", "2015-10-31": "$0.71", "2015-07-31": "$0.71", "2015-04-30": "$0.73", "2015-01-31": "$0.79", "2014-10-31": "$0.70", "2014-07-31": "$0.65", "2014-04-30": "$0.30", "2014-01-31": "$0.12", "2013-10-31": "$0.03", "2013-07-31": "$-0.05", "2013-04-30": "$0.16", "2013-01-31": "$0.25", "2012-10-31": "$0.55", "2012-07-31": "$0.66", "2012-04-30": "$0.71", "2012-01-31": "$0.59", "2011-10-31": "$0.53", "2011-07-31": "$0.52", "2011-04-30": "$0.42", "2011-01-31": "$0.46", "2010-10-31": "$0.34", "2010-07-31": "$0.31", "2010-04-30": "$0.46", "2010-01-31": "$0.48", "2009-10-31": "$0.48", "2009-07-31": "$0.39", "2009-04-30": "$0.35", "2009-01-31": "$0.15", "2008-10-31": "$0.14", "2008-07-31": "$0.14", "2008-04-30": "$0.18", "2008-01-31": "$0.24", "2007-10-31": "$0.33", "2007-07-31": "$0.35", "2007-04-30": "$0.28", "2007-01-31": "$0.26", "2006-10-31": "$0.24"}, "net worth": {"value": "$28.19B"}, "current ratio": {"current": "2.79", "2020-10-31": "2.79", "2020-07-31": "2.71", "2020-04-30": "2.77", "2020-01-31": "2.14", "2019-10-31": "2.30", "2019-07-31": "2.44", "2019-04-30": "2.07", "2019-01-31": "1.69", "2018-10-31": "3.00", "2018-07-31": "2.56", "2018-04-30": "2.33", "2018-01-31": "1.78", "2017-10-31": "2.26", "2017-07-31": "1.94", "2017-04-30": "2.68", "2017-01-31": "1.91", "2016-10-31": "1.76", "2016-07-31": "1.79", "2016-04-30": "2.28", "2016-01-31": "1.91", "2015-10-31": "3.51", "2015-07-31": "3.45", "2015-04-30": "4.16", "2015-01-31": "3.79", "2014-10-31": "1.76", "2014-07-31": "1.69", "2014-04-30": "1.50", "2014-01-31": "1.28", "2013-10-31": "1.24", "2013-07-31": "1.29", "2013-04-30": "1.62", "2013-01-31": "1.47", "2012-10-31": "1.51", "2012-07-31": "1.72", "2012-04-30": "1.93", "2012-01-31": "1.76", "2011-10-31": "1.84", "2011-07-31": "1.45", "2011-04-30": "2.06", "2011-01-31": "2.44", "2010-10-31": "3.59", "2010-07-31": "4.08", "2010-04-30": "3.48", "2010-01-31": "3.27", "2009-10-31": "2.90", "2009-07-31": "3.05", "2009-04-30": "2.55", "2009-01-31": "2.10", "2008-10-31": "1.92", "2008-07-31": "1.66", "2008-04-30": "2.11", "2008-01-31": "3.20", "2007-10-31": "3.26", "2007-07-31": "3.14", "2007-04-30": "4.59", "2007-01-31": "5.85", "2006-10-31": "4.76", "2006-07-31": "4.94", "2006-04-30": "4.35", "2006-01-31": "4.26", "2005-10-31": "3.95", "2005-07-31": "4.67", "2005-04-30": "4.69", "2005-01-31": "4.59"}, "quick ratio": {"2020-10-31": "2.72", "2020-07-31": "2.65", "2020-04-30": "2.70", "2020-01-31": "2.08", "2019-10-31": "2.24", "2019-07-31": "2.36", "2019-04-30": "1.99", "2019-01-31": "1.61", "2018-10-31": "2.92", "2018-07-31": "2.50", "2018-04-30": "2.27", "2018-01-31": "1.74", "2017-10-31": "2.23", "2017-07-31": "1.91", "2017-04-30": "2.64", "2017-01-31": "1.88", "2016-10-31": "1.74", "2016-07-31": "1.75", "2016-04-30": "2.23", "2016-01-31": "1.88", "2015-10-31": "3.47", "2015-07-31": "3.41", "2015-04-30": "4.12", "2015-01-31": "3.75", "2014-10-31": "1.73", "2014-07-31": "1.66", "2014-04-30": "1.46", "2014-01-31": "1.24", "2013-10-31": "1.21", "2013-07-31": "1.24", "2013-04-30": "1.57", "2013-01-31": "1.41", "2012-10-31": "1.47", "2012-07-31": "1.68", "2012-04-30": "1.89", "2012-01-31": "1.72", "2011-10-31": "1.81", "2011-07-31": "1.40", "2011-04-30": "2.02", "2011-01-31": "2.40", "2010-10-31": "3.55", "2010-07-31": "4.03", "2010-04-30": "3.44", "2010-01-31": "3.23", "2009-10-31": "2.87", "2009-07-31": "3.01", "2009-04-30": "2.51", "2009-01-31": "2.06", "2008-10-31": "1.89", "2008-07-31": "1.62", "2008-04-30": "2.05", "2008-01-31": "3.14", "2007-10-31": "3.20", "2007-07-31": "3.09", "2007-04-30": "0.00", "2007-01-31": "0.00", "2006-10-31": "0.00", "2006-07-31": "4.93", "2006-04-30": "0.00", "2006-01-31": "0.00", "2005-10-31": "0.00", "2005-07-31": "0.00", "2005-04-30": "0.00", "2005-01-31": "0.00"}, "debt equity ratio": {"current": "0.15", "2020-10-31": "0.38", "2020-07-31": "0.39", "2020-04-30": "0.39", "2020-01-31": "0.44", "2019-10-31": "0.48", "2019-07-31": "0.43", "2019-04-30": "0.48", "2019-01-31": "0.57", "2018-10-31": "0.43", "2018-07-31": "0.46", "2018-04-30": "0.48", "2018-01-31": "0.61", "2017-10-31": "0.74", "2017-07-31": "0.81", "2017-04-30": "0.80", "2017-01-31": "1.06", "2016-10-31": "1.19", "2016-07-31": "1.13", "2016-04-30": "1.27", "2016-01-31": "1.19", "2015-10-31": "0.83", "2015-07-31": "0.87", "2015-04-30": "0.76", "2015-01-31": "0.82", "2014-10-31": "0.48", "2014-07-31": "0.50", "2014-04-30": "0.57", "2014-01-31": "0.63", "2013-10-31": "0.70", "2013-07-31": "0.75", "2013-04-30": "0.79", "2013-01-31": "0.88", "2012-10-31": "1.00", "2012-07-31": "1.06", "2012-04-30": "1.08", "2012-01-31": "1.25", "2011-10-31": "1.21", "2011-07-31": "0.95", "2011-04-30": "0.84", "2011-01-31": "0.85", "2010-10-31": "0.14", "2010-07-31": "0.13", "2010-04-30": "0.15", "2010-01-31": "0.15", "2009-10-31": "0.17", "2009-07-31": "0.15", "2009-04-30": "0.16", "2009-01-31": "0.16", "2008-10-31": "0.18", "2008-07-31": "0.20", "2008-04-30": "0.17", "2008-01-31": "0.14", "2007-10-31": "0.15", "2007-07-31": "0.15", "2007-04-30": "0.09", "2007-01-31": "0.09", "2006-10-31": "0.11", "2006-07-31": "0.11", "2006-04-30": "0.12", "2006-01-31": "0.12", "2005-10-31": "0.14", "2005-07-31": "0.12", "2005-04-30": "0.13", "2005-01-31": "0.13"}, "return on equity": {"2020-10-31": "28.40%", "2020-07-31": "31.74%", "2020-04-30": "33.88%", "2020-01-31": "39.36%", "2019-10-31": "40.98%", "2019-07-31": "36.21%", "2019-04-30": "34.62%", "2019-01-31": "31.23%", "2018-10-31": "30.04%", "2018-07-31": "30.06%", "2018-04-30": "29.76%", "2018-01-31": "29.57%", "2017-10-31": "29.12%", "2017-07-31": "41.39%", "2017-04-30": "46.86%", "2017-01-31": "49.09%", "2016-10-31": "50.84%", "2016-07-31": "33.47%", "2016-04-30": "28.46%", "2016-01-31": "23.60%", "2015-10-31": "21.00%", "2015-07-31": "20.90%", "2015-04-30": "20.15%", "2015-01-31": "19.44%", "2014-10-31": "19.68%", "2014-07-31": "19.52%", "2014-04-30": "19.73%", "2014-01-31": "22.57%", "2013-10-31": "23.51%", "2013-07-31": "26.06%", "2013-04-30": "28.73%", "2013-01-31": "30.78%", "2012-10-31": "33.16%", "2012-07-31": "33.06%", "2012-04-30": "32.42%", "2012-01-31": "30.58%", "2011-10-31": "28.37%", "2011-07-31": "23.03%", "2011-04-30": "18.88%", "2011-01-31": "16.28%", "2010-10-31": "14.69%", "2010-07-31": "14.74%", "2010-04-30": "15.26%", "2010-01-31": "15.78%", "2009-10-31": "15.57%", "2009-07-31": "16.51%", "2009-04-30": "17.85%", "2009-01-31": "18.35%", "2008-10-31": "18.40%", "2008-07-31": "17.85%", "2008-04-30": "17.00%", "2008-01-31": "15.93%", "2007-10-31": "15.86%", "2007-07-31": "15.36%", "2007-04-30": "15.10%", "2007-01-31": "15.32%", "2006-10-31": "13.26%", "2006-07-31": "12.82%", "2006-04-30": "12.31%", "2006-01-31": "12.15%", "2005-10-31": "14.84%"}, "return on assets": {"2020-10-31": "20.35%", "2020-07-31": "22.36%", "2020-04-30": "23.66%", "2020-01-31": "27.04%", "2019-10-31": "27.54%", "2019-07-31": "24.58%", "2019-04-30": "23.37%", "2019-01-31": "21.07%", "2018-10-31": "20.18%", "2018-07-31": "19.26%", "2018-04-30": "18.10%", "2018-01-31": "17.10%", "2017-10-31": "15.85%", "2017-07-31": "21.28%", "2017-04-30": "23.07%", "2017-01-31": "22.77%", "2016-10-31": "23.16%", "2016-07-31": "16.10%", "2016-04-30": "14.18%", "2016-01-31": "12.50%", "2015-10-31": "11.56%", "2015-07-31": "12.07%", "2015-04-30": "12.23%", "2015-01-31": "12.17%", "2014-10-31": "12.75%", "2014-07-31": "12.24%", "2014-04-30": "11.90%", "2014-01-31": "13.17%", "2013-10-31": "13.25%", "2013-07-31": "14.11%", "2013-04-30": "14.95%", "2013-01-31": "15.41%", "2012-10-31": "15.87%", "2012-07-31": "15.41%", "2012-04-30": "15.30%", "2012-01-31": "14.91%", "2011-10-31": "14.50%", "2011-07-31": "14.29%", "2011-04-30": "13.45%", "2011-01-31": "12.92%", "2010-10-31": "12.86%", "2010-07-31": "12.85%", "2010-04-30": "13.24%", "2010-01-31": "13.66%", "2009-10-31": "13.42%", "2009-07-31": "14.21%", "2009-04-30": "15.20%", "2009-01-31": "15.61%", "2008-10-31": "15.73%", "2008-07-31": "15.34%", "2008-04-30": "14.73%", "2008-01-31": "14.04%", "2007-10-31": "14.13%", "2007-07-31": "13.81%", "2007-04-30": "13.72%", "2007-01-31": "13.83%", "2006-10-31": "11.89%", "2006-07-31": "11.44%", "2006-04-30": "10.94%", "2006-01-31": "10.78%", "2005-10-31": "13.16%"}, "return on investments": {"2020-10-31": "30.66%", "2020-07-31": "31.31%", "2020-04-30": "33.06%", "2020-01-31": "36.03%", "2019-10-31": "36.75%", "2019-07-31": "35.25%", "2019-04-30": "33.20%", "2019-01-31": "32.23%", "2018-10-31": "32.03%", "2018-07-31": "32.00%", "2018-04-30": "32.14%", "2018-01-31": "31.33%", "2017-10-31": "30.02%", "2017-07-31": "30.56%", "2017-04-30": "31.86%", "2017-01-31": "31.75%", "2016-10-31": "31.40%", "2016-07-31": "28.82%", "2016-04-30": "26.46%", "2016-01-31": "23.23%", "2015-10-31": "21.18%", "2015-07-31": "22.15%", "2015-04-30": "22.63%", "2015-01-31": "22.58%", "2014-10-31": "24.37%", "2014-07-31": "23.64%", "2014-04-30": "23.36%", "2014-01-31": "25.97%", "2013-10-31": "26.08%", "2013-07-31": "27.90%", "2013-04-30": "29.42%", "2013-01-31": "30.50%", "2012-10-31": "31.31%", "2012-07-31": "30.18%", "2012-04-30": "29.94%", "2012-01-31": "29.16%", "2011-10-31": "28.15%", "2011-07-31": "37.10%", "2011-04-30": "33.81%", "2011-01-31": "47.88%", "2010-10-31": "88.97%", "2010-07-31": "87.50%", "2010-04-30": "inf%", "2010-01-31": "inf%", "2009-10-31": "inf%", "2009-07-31": "inf%", "2009-04-30": "inf%", "2009-01-31": "inf%", "2008-10-31": "inf%", "2008-07-31": "inf%", "2008-04-30": "inf%", "2008-01-31": "inf%", "2007-10-31": "inf%", "2007-07-31": "inf%", "2007-04-30": "inf%", "2007-01-31": "inf%", "2006-10-31": "inf%", "2006-07-31": "inf%", "2006-04-30": "inf%", "2006-01-31": "inf%", "2005-10-31": "95.38%"}, "return on tangible equity": {"2020-10-31": "33.89%", "2020-07-31": "38.54%", "2020-04-30": "41.91%", "2020-01-31": "49.80%", "2019-10-31": "53.33%", "2019-07-31": "47.76%", "2019-04-30": "46.25%", "2019-01-31": "42.24%", "2018-10-31": "41.10%", "2018-07-31": "42.63%", "2018-04-30": "44.15%", "2018-01-31": "43.90%", "2017-10-31": "43.12%", "2017-07-31": "60.76%", "2017-04-30": "67.61%", "2017-01-31": "74.31%", "2016-10-31": "79.67%", "2016-07-31": "51.11%", "2016-04-30": "42.55%", "2016-01-31": "33.59%", "2015-10-31": "29.03%", "2015-07-31": "28.98%", "2015-04-30": "28.01%", "2015-01-31": "27.78%", "2014-10-31": "28.94%", "2014-07-31": "29.48%", "2014-04-30": "30.57%", "2014-01-31": "34.70%", "2013-10-31": "35.95%", "2013-07-31": "39.45%", "2013-04-30": "43.17%", "2013-01-31": "47.27%", "2012-10-31": "52.16%", "2012-07-31": "52.87%", "2012-04-30": "52.20%", "2012-01-31": "48.49%", "2011-10-31": "43.09%", "2011-07-31": "31.79%", "2011-04-30": "24.41%", "2011-01-31": "20.27%", "2010-10-31": "17.93%", "2010-07-31": "18.04%", "2010-04-30": "18.81%", "2010-01-31": "19.60%", "2009-10-31": "19.44%", "2009-07-31": "20.87%", "2009-04-30": "22.94%", "2009-01-31": "23.80%", "2008-10-31": "23.82%", "2008-07-31": "23.00%", "2008-04-30": "21.68%", "2008-01-31": "19.64%", "2007-10-31": "19.09%", "2007-07-31": "18.07%", "2007-04-30": "17.38%", "2007-01-31": "17.76%", "2006-10-31": "15.50%", "2006-07-31": "15.11%", "2006-04-30": "14.62%", "2006-01-31": "14.55%", "2005-10-31": "17.88%"}, "dividend yield history": {"last payout": "$0.00", "last yield": "0.00%"}}