{"ticker": "CPA", "price": {"title": "Copa Holdings, S.A Historical Annual Stock Price Data", "value": 79.7, "historical": {"2020": {"Average Stock Price": "62.0977", "Year Open": "108.6800", "Year High": "110.0100", "Year Low": "27.6500", "Year Close": "77.2300", "Annual % Change": "-28.54%"}, "2019": {"Average Stock Price": "95.5315", "Year Open": "81.2600", "Year High": "111.3800", "Year Low": "77.9900", "Year Close": "108.0800", "Annual % Change": "37.31%"}, "2018": {"Average Stock Price": "102.8282", "Year Open": "137.8200", "Year High": "141.0100", "Year Low": "68.2700", "Year Close": "78.7100", "Annual % Change": "-41.29%"}, "2017": {"Average Stock Price": "118.4369", "Year Open": "92.1400", "Year High": "138.1900", "Year Low": "91.0300", "Year Close": "134.0600", "Annual % Change": "47.59%"}, "2016": {"Average Stock Price": "70.1912", "Year Open": "47.2500", "Year High": "94.8300", "Year Low": "44.1200", "Year Close": "90.8300", "Annual % Change": "88.21%"}, "2015": {"Average Stock Price": "79.3449", "Year Open": "102.9300", "Year High": "119.1200", "Year Low": "40.3900", "Year Close": "48.2600", "Annual % Change": "-53.43%"}, "2014": {"Average Stock Price": "129.5211", "Year Open": "158.3700", "Year High": "161.1100", "Year Low": "88.1200", "Year Close": "103.6400", "Annual % Change": "-35.27%"}, "2013": {"Average Stock Price": "131.1815", "Year Open": "99.5000", "Year High": "160.1100", "Year Low": "99.0300", "Year Close": "160.1100", "Annual % Change": "61.00%"}, "2012": {"Average Stock Price": "80.8073", "Year Open": "59.7900", "Year High": "99.4500", "Year Low": "59.7900", "Year Close": "99.4500", "Annual % Change": "69.51%"}, "2011": {"Average Stock Price": "61.5399", "Year Open": "58.2800", "Year High": "71.7600", "Year Low": "49.6400", "Year Close": "58.6700", "Annual % Change": "-0.29%"}, "2010": {"Average Stock Price": "52.9550", "Year Open": "54.5700", "Year High": "62.6300", "Year Low": "43.8200", "Year Close": "58.8400", "Annual % Change": "8.02%"}, "2009": {"Average Stock Price": "38.3803", "Year Open": "29.7500", "Year High": "56.2800", "Year Low": "21.5100", "Year Close": "54.4700", "Annual % Change": "79.65%"}, "2008": {"Average Stock Price": "32.9132", "Year Open": "37.3800", "Year High": "43.4800", "Year Low": "18.5700", "Year Close": "30.3200", "Annual % Change": "-19.30%"}, "2007": {"Average Stock Price": "51.8822", "Year Open": "48.0800", "Year High": "72.6400", "Year Low": "30.8700", "Year Close": "37.5700", "Annual % Change": "-19.31%"}, "2006": {"Average Stock Price": "28.2911", "Year Open": "25.9700", "Year High": "48.3000", "Year Low": "20.9000", "Year Close": "46.5600", "Annual % Change": "70.55%"}, "2005": {"Average Stock Price": "25.1991", "Year Open": "24.2500", "Year High": "27.3000", "Year Low": "23.2500", "Year Close": "27.3000", "Annual % Change": "0.00%"}}}, "market cap": {"value": "$0B"}, "income statement": {"Revenue": {"2019-12-31": "2707.40800", "2018-12-31": "2677.62700", "2017-12-31": "2521.78600", "2016-12-31": "2221.85200", "2015-12-31": "2250.06200", "2014-12-31": "2705.06800", "2013-12-31": "2608.33200", "2012-12-31": "2249.38800", "2011-12-31": "1830.92100", "2010-12-31": "1414.80600", "2009-12-31": "1256.07600", "2008-12-31": "1288.78900", "2007-12-31": "1027.26400", "2006-12-31": "851.16000", "2005-12-31": "608.61400"}, "Cost Of Goods Sold": {"2019-12-31": "925.91410", "2018-12-31": "980.83700", "2017-12-31": "804.34100", "2016-12-31": "737.10600", "2015-12-31": "972.26000", "2014-12-31": "1190.87700", "2013-12-31": "1126.68900", "2012-12-31": "1035.06600", "2011-12-31": "778.91500", "2010-12-31": "550.37400", "2009-12-31": "481.68600", "2008-12-31": "569.88200", "2007-12-31": "399.58400", "2006-12-31": "332.16700", "2005-12-31": "232.43000"}, "Gross Profit": {"2019-12-31": "1781.49400", "2018-12-31": "1696.79000", "2017-12-31": "1717.44500", "2016-12-31": "1484.74600", "2015-12-31": "1277.80200", "2014-12-31": "1514.19100", "2013-12-31": "1481.64300", "2012-12-31": "1214.32200", "2011-12-31": "1052.00600", "2010-12-31": "864.43210", "2009-12-31": "774.39000", "2008-12-31": "718.90690", "2007-12-31": "627.68010", "2006-12-31": "518.99300", "2005-12-31": "376.18400"}, "Research And Development Expenses": {"2019-12-31": "", "2018-12-31": "", "2017-12-31": "", "2016-12-31": "", "2015-12-31": "", "2014-12-31": "", "2013-12-31": "", "2012-12-31": "", "2011-12-31": "", "2010-12-31": "", "2009-12-31": "", "2008-12-31": "", "2007-12-31": "", "2006-12-31": "", "2005-12-31": ""}, "SG&A Expenses": {"2019-12-31": "632.39800", "2018-12-31": "629.70900", "2017-12-31": "586.18700", "2016-12-31": "529.96100", "2015-12-31": "434.77200", "2014-12-31": "452.04300", "2013-12-31": "430.12900", "2012-12-31": "383.01600", "2011-12-31": "327.92200", "2010-12-31": "276.84200", "2009-12-31": "248.23700", "2008-12-31": "239.07500", "2007-12-31": "209.63800", "2006-12-31": "173.11900", "2005-12-31": "132.72600"}, "Other Operating Income Or Expenses": {"2019-12-31": "-520.86300", "2018-12-31": "-630.95600", "2017-12-31": "-405.36500", "2016-12-31": "-380.48600", "2015-12-31": "-319.83700", "2014-12-31": "-313.83200", "2013-12-31": "-306.31500", "2012-12-31": "-267.08600", "2011-12-31": "-212.38200", "2010-12-31": "-188.64600", "2009-12-31": "-188.65300", "2008-12-31": "-169.94200", "2007-12-31": "-146.57000", "2006-12-31": "-116.71000", "2005-12-31": "-86.77800"}, "Operating Expenses": {"2019-12-31": "2361.25500", "2018-12-31": "2518.06500", "2017-12-31": "2097.75600", "2016-12-31": "1945.71600", "2015-12-31": "1983.97400", "2014-12-31": "2183.98100", "2013-12-31": "2090.77800", "2012-12-31": "1846.85300", "2011-12-31": "1445.93600", "2010-12-31": "1125.15800", "2009-12-31": "1015.99000", "2008-12-31": "1064.79800", "2007-12-31": "829.75600", "2006-12-31": "685.03900", "2005-12-31": "499.42200"}, "Operating Income": {"2019-12-31": "346.15280", "2018-12-31": "159.56200", "2017-12-31": "424.02980", "2016-12-31": "276.13610", "2015-12-31": "266.08800", "2014-12-31": "521.08720", "2013-12-31": "517.55400", "2012-12-31": "402.53490", "2011-12-31": "384.98510", "2010-12-31": "289.64810", "2009-12-31": "240.08600", "2008-12-31": "223.99100", "2007-12-31": "197.50810", "2006-12-31": "166.12100", "2005-12-31": "109.19200"}, "Total Non-Operating Income/Expense": {"2019-12-31": "-52.71400", "2018-12-31": "-36.83400", "2017-12-31": "-10.67500", "2016-12-31": "96.67900", "2015-12-31": "-458.30300", "2014-12-31": "-122.77900", "2013-12-31": "-28.98400", "2012-12-31": "-36.19200", "2011-12-31": "-38.97400", "2010-12-31": "-29.62500", "2009-12-31": "35.89500", "2008-12-31": "-87.86300", "2007-12-31": "-18.58200", "2006-12-31": "-19.99600", "2005-12-31": "-16.60100"}, "Pre-Tax Income": {"2019-12-31": "293.43900", "2018-12-31": "122.72800", "2017-12-31": "413.35500", "2016-12-31": "372.81500", "2015-12-31": "-192.21500", "2014-12-31": "398.30800", "2013-12-31": "488.57000", "2012-12-31": "366.34300", "2011-12-31": "346.01100", "2010-12-31": "260.02300", "2009-12-31": "275.98100", "2008-12-31": "136.12800", "2007-12-31": "178.92600", "2006-12-31": "146.12500", "2005-12-31": "92.59100"}, "Income Taxes": {"2019-12-31": "46.43700", "2018-12-31": "34.53000", "2017-12-31": "49.31000", "2016-12-31": "38.27100", "2015-12-31": "32.75900", "2014-12-31": "36.63900", "2013-12-31": "61.09900", "2012-12-31": "39.86700", "2011-12-31": "35.58600", "2010-12-31": "18.96600", "2009-12-31": "26.89400", "2008-12-31": "17.46900", "2007-12-31": "17.10600", "2006-12-31": "12.28600", "2005-12-31": "9.59200"}, "Income After Taxes": {"2019-12-31": "247.00200", "2018-12-31": "88.19800", "2017-12-31": "364.04500", "2016-12-31": "334.54400", "2015-12-31": "-224.97400", "2014-12-31": "361.66900", "2013-12-31": "427.47100", "2012-12-31": "326.47600", "2011-12-31": "310.42500", "2010-12-31": "241.05700", "2009-12-31": "249.08700", "2008-12-31": "118.65900", "2007-12-31": "161.82000", "2006-12-31": "133.83900", "2005-12-31": "82.99900"}, "Other Income": {"2019-12-31": "", "2018-12-31": "", "2017-12-31": "", "2016-12-31": "", "2015-12-31": "", "2014-12-31": "", "2013-12-31": "", "2012-12-31": "", "2011-12-31": "", "2010-12-31": "", "2009-12-31": "", "2008-12-31": "", "2007-12-31": "", "2006-12-31": "", "2005-12-31": ""}, "Income From Continuous Operations": {"2019-12-31": "247.00200", "2018-12-31": "88.19800", "2017-12-31": "364.04500", "2016-12-31": "334.54400", "2015-12-31": "-224.97400", "2014-12-31": "361.66900", "2013-12-31": "427.47100", "2012-12-31": "326.47600", "2011-12-31": "310.42500", "2010-12-31": "241.05700", "2009-12-31": "249.08700", "2008-12-31": "118.65900", "2007-12-31": "161.82000", "2006-12-31": "133.83900", "2005-12-31": "82.99900"}, "Income From Discontinued Operations": {"2019-12-31": "", "2018-12-31": "", "2017-12-31": "", "2016-12-31": "", "2015-12-31": "", "2014-12-31": "", "2013-12-31": "", "2012-12-31": "", "2011-12-31": "", "2010-12-31": "", "2009-12-31": "", "2008-12-31": "", "2007-12-31": "", "2006-12-31": "", "2005-12-31": ""}, "Net Income": {"2019-12-31": "247.00200", "2018-12-31": "88.19800", "2017-12-31": "364.04500", "2016-12-31": "334.54400", "2015-12-31": "-224.97400", "2014-12-31": "361.66900", "2013-12-31": "427.47100", "2012-12-31": "326.47600", "2011-12-31": "310.42500", "2010-12-31": "241.05700", "2009-12-31": "249.08700", "2008-12-31": "118.65900", "2007-12-31": "161.82000", "2006-12-31": "133.83900", "2005-12-31": "82.99900"}, "EBITDA": {"2019-12-31": "628.23280", "2018-12-31": "436.12500", "2017-12-31": "591.35380", "2016-12-31": "435.33010", "2015-12-31": "400.97600", "2014-12-31": "636.23410", "2013-12-31": "654.07590", "2012-12-31": "491.75190", "2011-12-31": "460.44310", "2010-12-31": "352.61010", "2009-12-31": "290.96200", "2008-12-31": "266.88200", "2007-12-31": "232.83610", "2006-12-31": "190.99500", "2005-12-31": "129.04900"}, "EBIT": {"2019-12-31": "346.15280", "2018-12-31": "159.56200", "2017-12-31": "424.02980", "2016-12-31": "276.13610", "2015-12-31": "266.08800", "2014-12-31": "521.08720", "2013-12-31": "517.55400", "2012-12-31": "402.53490", "2011-12-31": "384.98510", "2010-12-31": "289.64810", "2009-12-31": "240.08600", "2008-12-31": "223.99100", "2007-12-31": "197.50810", "2006-12-31": "166.12100", "2005-12-31": "109.19200"}, "Basic Shares Outstanding": {"2019-12-31": "42.25800", "2018-12-31": "42.18200", "2017-12-31": "42.41900", "2016-12-31": "42.35800", "2015-12-31": "43.86100", "2014-12-31": "44.38100", "2013-12-31": "44.38800", "2012-12-31": "44.40000", "2011-12-31": "44.49300", "2010-12-31": "43.99600", "2009-12-31": "43.91100", "2008-12-31": "43.82300", "2007-12-31": "43.78200", "2006-12-31": "42.81300", "2005-12-31": "42.81300"}, "Shares Outstanding": {"2019-12-31": "42.48300", "2018-12-31": "42.45600", "2017-12-31": "42.41900", "2016-12-31": "42.36300", "2015-12-31": "43.86900", "2014-12-31": "44.39300", "2013-12-31": "44.40300", "2012-12-31": "44.41300", "2011-12-31": "44.49300", "2010-12-31": "43.99600", "2009-12-31": "43.91100", "2008-12-31": "43.82300", "2007-12-31": "43.78200", "2006-12-31": "42.81300", "2005-12-31": "42.81300"}, "Basic EPS": {"2019-12-31": "5.81000", "2018-12-31": "2.08000", "2017-12-31": "8.58000", "2016-12-31": "7.90000", "2015-12-31": "-5.13000", "2014-12-31": "8.15000", "2013-12-31": "9.63000", "2012-12-31": "7.35000", "2011-12-31": "6.98000", "2010-12-31": "5.48000", "2009-12-31": "5.67000", "2008-12-31": "2.71000", "2007-12-31": "3.70000", "2006-12-31": "3.13000", "2005-12-31": "1.94000"}, "EPS - Earnings Per Share": {"2019-12-31": "5.81000", "2018-12-31": "2.08000", "2017-12-31": "8.58000", "2016-12-31": "7.90000", "2015-12-31": "-5.13000", "2014-12-31": "8.15000", "2013-12-31": "9.63000", "2012-12-31": "7.35000", "2011-12-31": "6.98000", "2010-12-31": "5.48000", "2009-12-31": "5.67000", "2008-12-31": "2.71000", "2007-12-31": "3.70000", "2006-12-31": "3.10000", "2005-12-31": "1.94000"}}, "income statement, quarterly": {"Revenue": {"2020-09-30": "32.38200", "2020-06-30": "14.53200", "2020-03-31": "595.45300", "2019-12-31": "681.92690", "2019-09-30": "708.21000", "2019-06-30": "645.10200", "2019-03-31": "672.16900", "2018-12-31": "656.06200", "2018-09-30": "672.40500", "2018-06-30": "634.13600", "2018-03-31": "715.02400", "2017-12-31": "674.19490", "2017-09-30": "658.66800", "2017-06-30": "573.66600", "2017-03-31": "615.25700", "2016-12-31": "601.30800", "2016-09-30": "568.28600", "2016-06-30": "494.79800", "2016-03-31": "557.46000", "2015-12-31": "532.59990", "2015-09-30": "547.24700", "2015-06-30": "538.35400", "2015-03-31": "631.86100", "2014-12-31": "654.21020", "2014-09-30": "663.69300", "2014-06-30": "673.56000", "2014-03-31": "713.60500", "2013-12-31": "697.77290", "2013-09-30": "677.27900", "2013-06-30": "591.99800", "2013-03-31": "641.28200", "2012-12-31": "599.83990", "2012-09-30": "590.44800", "2012-06-30": "515.84300", "2012-03-31": "543.25700", "2011-12-31": "505.91310", "2011-09-30": "474.26100", "2011-06-30": "427.66300", "2011-03-31": "423.08400", "2010-12-31": "408.44910", "2010-09-30": "363.05900", "2010-06-30": "304.14000", "2010-03-31": "339.15800", "2009-12-31": "345.94600", "2009-09-30": "323.73500", "2009-06-30": "277.63900", "2009-03-31": "308.75600", "2008-12-31": "346.05900", "2008-09-30": "348.91500", "2008-06-30": "297.92900", "2008-03-31": "295.88600", "2007-12-31": "284.58600", "2007-09-30": "264.63400", "2007-06-30": "235.29400", "2007-03-31": "242.75000", "2006-12-31": "237.35100", "2006-09-30": "230.61800", "2006-06-30": "191.46500", "2006-03-31": "191.72600", "2005-12-31": "179.60000", "2005-09-30": "177.94700", "2005-06-30": "137.37400", "2005-03-31": "113.60800"}, "Cost Of Goods Sold": {"2020-09-30": "11.46100", "2020-06-30": "8.04400", "2020-03-31": "185.98800", "2019-12-31": "233.76010", "2019-09-30": "234.43900", "2019-06-30": "233.93400", "2019-03-31": "223.78100", "2018-12-31": "250.00000", "2018-09-30": "254.23400", "2018-06-30": "246.42700", "2018-03-31": "230.17600", "2017-12-31": "225.41000", "2017-09-30": "212.75300", "2017-06-30": "181.16500", "2017-03-31": "185.01300", "2016-12-31": "201.86000", "2016-09-30": "195.07900", "2016-06-30": "171.23700", "2016-03-31": "168.93000", "2015-12-31": "232.09800", "2015-09-30": "240.31800", "2015-06-30": "247.22200", "2015-03-31": "252.62200", "2014-12-31": "287.65490", "2014-09-30": "305.56800", "2014-06-30": "300.77600", "2014-03-31": "296.87800", "2013-12-31": "287.24200", "2013-09-30": "288.11100", "2013-06-30": "267.96300", "2013-03-31": "283.37300", "2012-12-31": "278.85500", "2012-09-30": "267.18700", "2012-06-30": "248.18600", "2012-03-31": "240.83800", "2011-12-31": "217.45300", "2011-09-30": "203.34600", "2011-06-30": "192.19800", "2011-03-31": "165.91800", "2010-12-31": "157.91490", "2010-09-30": "143.22600", "2010-06-30": "125.53900", "2010-03-31": "123.69400", "2009-12-31": "121.91200", "2009-09-30": "127.84600", "2009-06-30": "115.57700", "2009-03-31": "116.35100", "2008-12-31": "135.42500", "2008-09-30": "165.76100", "2008-06-30": "143.79400", "2008-03-31": "124.90200", "2007-12-31": "114.82800", "2007-09-30": "107.69200", "2007-06-30": "92.08600", "2007-03-31": "84.97800", "2006-12-31": "88.16600", "2006-09-30": "91.93700", "2006-06-30": "80.03300", "2006-03-31": "72.03100", "2005-12-31": "76.59200", "2005-09-30": "67.86500", "2005-06-30": "51.49200", "2005-03-31": "36.48100"}, "Gross Profit": {"2020-09-30": "20.92100", "2020-06-30": "6.48800", "2020-03-31": "409.46500", "2019-12-31": "448.16690", "2019-09-30": "473.77100", "2019-06-30": "411.16800", "2019-03-31": "448.38800", "2018-12-31": "406.06200", "2018-09-30": "418.17100", "2018-06-30": "387.70900", "2018-03-31": "484.84800", "2017-12-31": "448.78490", "2017-09-30": "445.91500", "2017-06-30": "392.50100", "2017-03-31": "430.24400", "2016-12-31": "399.44810", "2016-09-30": "373.20700", "2016-06-30": "323.56100", "2016-03-31": "388.53000", "2015-12-31": "300.50190", "2015-09-30": "306.92900", "2015-06-30": "291.13200", "2015-03-31": "379.23900", "2014-12-31": "366.55530", "2014-09-30": "358.12500", "2014-06-30": "372.78400", "2014-03-31": "416.72700", "2013-12-31": "410.53090", "2013-09-30": "389.16800", "2013-06-30": "324.03500", "2013-03-31": "357.90900", "2012-12-31": "320.98490", "2012-09-30": "323.26100", "2012-06-30": "267.65700", "2012-03-31": "302.41900", "2011-12-31": "288.46010", "2011-09-30": "270.91500", "2011-06-30": "235.46500", "2011-03-31": "257.16600", "2010-12-31": "250.53410", "2010-09-30": "219.83300", "2010-06-30": "178.60100", "2010-03-31": "215.46400", "2009-12-31": "224.03400", "2009-09-30": "195.88900", "2009-06-30": "162.06200", "2009-03-31": "192.40500", "2008-12-31": "210.63390", "2008-09-30": "183.15400", "2008-06-30": "154.13500", "2008-03-31": "170.98400", "2007-12-31": "169.75800", "2007-09-30": "156.94200", "2007-06-30": "143.20800", "2007-03-31": "157.77200", "2006-12-31": "149.18500", "2006-09-30": "138.68100", "2006-06-30": "111.43200", "2006-03-31": "119.69500", "2005-12-31": "103.00800", "2005-09-30": "110.08200", "2005-06-30": "85.88200", "2005-03-31": "77.12700"}, "Research And Development Expenses": {"2020-09-30": "", "2020-06-30": "", "2020-03-31": "", "2019-12-31": "", "2019-09-30": "", "2019-06-30": "", "2019-03-31": "", "2018-12-31": "", "2018-09-30": "", "2018-06-30": "", "2018-03-31": "", "2017-12-31": "", "2017-09-30": "", "2017-06-30": "", "2017-03-31": "", "2016-12-31": "", "2016-09-30": "", "2016-06-30": "", "2016-03-31": "", "2015-12-31": "", "2015-09-30": "", "2015-06-30": "", "2015-03-31": "", "2014-12-31": "", "2014-09-30": "", "2014-06-30": "", "2014-03-31": "", "2013-12-31": "", "2013-09-30": "", "2013-06-30": "", "2013-03-31": "", "2012-12-31": "", "2012-09-30": "", "2012-06-30": "", "2012-03-31": "", "2011-12-31": "", "2011-09-30": "", "2011-06-30": "", "2011-03-31": "", "2010-12-31": "", "2010-09-30": "", "2010-06-30": "", "2010-03-31": "", "2009-12-31": "", "2009-09-30": "", "2009-06-30": "", "2009-03-31": "", "2008-12-31": "", "2008-09-30": "", "2008-06-30": "", "2008-03-31": "", "2007-12-31": "", "2007-09-30": "", "2007-06-30": "", "2007-03-31": "", "2006-12-31": "", "2006-09-30": "", "2006-06-30": "", "2006-03-31": "", "2005-12-31": "", "2005-09-30": "", "2005-06-30": "", "2005-03-31": ""}, "SG&A Expenses": {"2020-09-30": "44.24100", "2020-06-30": "38.19800", "2020-03-31": "150.65400", "2019-12-31": "251.63400", "2019-09-30": "113.39800", "2019-06-30": "108.34200", "2019-03-31": "159.02400", "2018-12-31": "256.26900", "2018-09-30": "109.81400", "2018-06-30": "108.44900", "2018-03-31": "155.17700", "2017-12-31": "162.19000", "2017-09-30": "148.99700", "2017-06-30": "133.21700", "2017-03-31": "141.78300", "2016-12-31": "139.06900", "2016-09-30": "132.74400", "2016-06-30": "127.88800", "2016-03-31": "130.26000", "2015-12-31": "103.44200", "2015-09-30": "109.11900", "2015-06-30": "104.47600", "2015-03-31": "117.73500", "2014-12-31": "120.93300", "2014-09-30": "110.44800", "2014-06-30": "107.30100", "2014-03-31": "113.36100", "2013-12-31": "113.50800", "2013-09-30": "110.26500", "2013-06-30": "103.17300", "2013-03-31": "103.18300", "2012-12-31": "100.43000", "2012-09-30": "98.65500", "2012-06-30": "93.32600", "2012-03-31": "90.60500", "2011-12-31": "88.84700", "2011-09-30": "84.56500", "2011-06-30": "79.23100", "2011-03-31": "75.27900", "2010-12-31": "77.01600", "2010-09-30": "70.18300", "2010-06-30": "64.69000", "2010-03-31": "64.95300", "2009-12-31": "67.67900", "2009-09-30": "63.50500", "2009-06-30": "58.72100", "2009-03-31": "58.33200", "2008-12-31": "60.58700", "2008-09-30": "61.44400", "2008-06-30": "57.92800", "2008-03-31": "59.11600", "2007-12-31": "58.26900", "2007-09-30": "51.63900", "2007-06-30": "51.91200", "2007-03-31": "47.81800", "2006-12-31": "49.24200", "2006-09-30": "45.05200", "2006-06-30": "40.72300", "2006-03-31": "38.10200", "2005-12-31": "40.85400", "2005-09-30": "36.62700", "2005-06-30": "31.03600", "2005-03-31": "24.20900"}, "Other Operating Income Or Expenses": {"2020-09-30": "-18.87400", "2020-06-30": "-20.47500", "2020-03-31": "-93.75000", "2019-12-31": "-199.98000", "2019-09-30": "-107.59900", "2019-06-30": "-104.97900", "2019-03-31": "-108.30500", "2018-12-31": "-302.95400", "2018-09-30": "-112.02800", "2018-06-30": "-102.88300", "2018-03-31": "-113.09100", "2017-12-31": "-108.54100", "2017-09-30": "-101.03100", "2017-06-30": "-97.53700", "2017-03-31": "-98.25600", "2016-12-31": "-103.02800", "2016-09-30": "-92.49700", "2016-06-30": "-90.69600", "2016-03-31": "-94.26500", "2015-12-31": "-92.36800", "2015-09-30": "-81.36000", "2015-06-30": "-73.61100", "2015-03-31": "-72.49800", "2014-12-31": "-82.12100", "2014-09-30": "-80.46300", "2014-06-30": "-78.01500", "2014-03-31": "-73.23300", "2013-12-31": "-83.49600", "2013-09-30": "-81.29500", "2013-06-30": "-74.18400", "2013-03-31": "-67.34000", "2012-12-31": "-72.36900", "2012-09-30": "-68.98100", "2012-06-30": "-63.30700", "2012-03-31": "-62.42900", "2011-12-31": "-54.21600", "2011-09-30": "-54.44700", "2011-06-30": "-51.87300", "2011-03-31": "-51.84600", "2010-12-31": "-51.15600", "2010-09-30": "-47.51500", "2010-06-30": "-43.72600", "2010-03-31": "-46.24900", "2009-12-31": "-42.00800", "2009-09-30": "-62.64700", "2009-06-30": "-43.13700", "2009-03-31": "-40.86100", "2008-12-31": "-44.63400", "2008-09-30": "-43.26000", "2008-06-30": "-42.56700", "2008-03-31": "-39.48100", "2007-12-31": "-48.98600", "2007-09-30": "-31.04900", "2007-06-30": "-34.53800", "2007-03-31": "-31.99700", "2006-12-31": "-32.30200", "2006-09-30": "-31.00200", "2006-06-30": "-27.85400", "2006-03-31": "-25.55200", "2005-12-31": "-22.09500", "2005-09-30": "-24.83600", "2005-06-30": "-22.32300", "2005-03-31": "-17.52400"}, "Operating Expenses": {"2020-09-30": "139.35000", "2020-06-30": "372.40700", "2020-03-31": "496.76700", "2019-12-31": "664.12220", "2019-09-30": "575.33400", "2019-06-30": "562.50200", "2019-03-31": "559.29700", "2018-12-31": "782.33980", "2018-09-30": "594.64000", "2018-06-30": "573.70700", "2018-03-31": "567.37810", "2017-12-31": "565.58310", "2017-09-30": "538.00990", "2017-06-30": "495.10500", "2017-03-31": "499.05800", "2016-12-31": "532.23190", "2016-09-30": "490.29900", "2016-06-30": "460.21100", "2016-03-31": "462.97400", "2015-12-31": "493.52200", "2015-09-30": "496.69100", "2015-06-30": "489.19800", "2015-03-31": "504.56300", "2014-12-31": "552.37080", "2014-09-30": "552.63200", "2014-06-30": "542.37000", "2014-03-31": "536.60800", "2013-12-31": "568.02720", "2013-09-30": "529.78700", "2013-06-30": "494.31000", "2013-03-31": "498.65400", "2012-12-31": "495.57300", "2012-09-30": "476.35800", "2012-06-30": "443.22400", "2012-03-31": "431.69800", "2011-12-31": "395.81580", "2011-09-30": "374.98100", "2011-06-30": "353.05200", "2011-03-31": "322.08700", "2010-12-31": "314.59700", "2010-09-30": "289.11700", "2010-06-30": "260.43500", "2010-03-31": "261.00900", "2009-12-31": "257.42910", "2009-09-30": "277.83500", "2009-06-30": "240.88800", "2009-03-31": "239.83800", "2008-12-31": "262.04990", "2008-09-30": "291.84200", "2008-06-30": "266.73400", "2008-03-31": "244.17200", "2007-12-31": "241.59600", "2007-09-30": "209.91400", "2007-06-30": "196.29600", "2007-03-31": "181.95000", "2006-12-31": "186.68600", "2006-09-30": "185.39200", "2006-06-30": "162.99800", "2006-03-31": "149.96300", "2005-12-31": "152.83400", "2005-09-30": "141.87400", "2005-06-30": "117.08300", "2005-03-31": "87.63100"}, "Operating Income": {"2020-09-30": "-106.96800", "2020-06-30": "-357.87500", "2020-03-31": "98.68600", "2019-12-31": "17.80480", "2019-09-30": "132.87600", "2019-06-30": "82.60000", "2019-03-31": "112.87200", "2018-12-31": "-126.27790", "2018-09-30": "77.76500", "2018-06-30": "60.42900", "2018-03-31": "147.64590", "2017-12-31": "108.61180", "2017-09-30": "120.65810", "2017-06-30": "78.56100", "2017-03-31": "116.19900", "2016-12-31": "69.07620", "2016-09-30": "77.98700", "2016-06-30": "34.58700", "2016-03-31": "94.48600", "2015-12-31": "39.07790", "2015-09-30": "50.55600", "2015-06-30": "49.15600", "2015-03-31": "127.29800", "2014-12-31": "101.83940", "2014-09-30": "111.06100", "2014-06-30": "131.19000", "2014-03-31": "176.99690", "2013-12-31": "129.74580", "2013-09-30": "147.49200", "2013-06-30": "97.68800", "2013-03-31": "142.62800", "2012-12-31": "104.26690", "2012-09-30": "114.09000", "2012-06-30": "72.61900", "2012-03-31": "111.55900", "2011-12-31": "110.09720", "2011-09-30": "99.28000", "2011-06-30": "74.61100", "2011-03-31": "100.99700", "2010-12-31": "93.85210", "2010-09-30": "73.94200", "2010-06-30": "43.70500", "2010-03-31": "78.14900", "2009-12-31": "88.51690", "2009-09-30": "45.90000", "2009-06-30": "36.75100", "2009-03-31": "68.91800", "2008-12-31": "84.00900", "2008-09-30": "57.07300", "2008-06-30": "31.19500", "2008-03-31": "51.71400", "2007-12-31": "42.99000", "2007-09-30": "54.72000", "2007-06-30": "38.99800", "2007-03-31": "60.80000", "2006-12-31": "50.66500", "2006-09-30": "45.22600", "2006-06-30": "28.46700", "2006-03-31": "41.76300", "2005-12-31": "26.76600", "2005-09-30": "36.07300", "2005-06-30": "20.29100", "2005-03-31": "25.97700"}, "Total Non-Operating Income/Expense": {"2020-09-30": "-11.28000", "2020-06-30": "-42.63000", "2020-03-31": "-15.72600", "2019-12-31": "-9.44700", "2019-09-30": "-16.56600", "2019-06-30": "-11.86000", "2019-03-31": "-14.84100", "2018-12-31": "-25.38300", "2018-09-30": "-8.89600", "2018-06-30": "-3.28500", "2018-03-31": "0.73000", "2017-12-31": "2.02900", "2017-09-30": "-0.91500", "2017-06-30": "-7.56200", "2017-03-31": "-4.22700", "2016-12-31": "29.84100", "2016-09-30": "8.68600", "2016-06-30": "25.71200", "2016-03-31": "32.44000", "2015-12-31": "-441.04900", "2015-09-30": "-40.14300", "2015-06-30": "22.07400", "2015-03-31": "0.81500", "2014-12-31": "-80.89300", "2014-09-30": "-39.41200", "2014-06-30": "0.81700", "2014-03-31": "-3.29100", "2013-12-31": "-5.81400", "2013-09-30": "6.31400", "2013-06-30": "-15.33500", "2013-03-31": "-14.14900", "2012-12-31": "-7.42200", "2012-09-30": "8.86100", "2012-06-30": "-36.82400", "2012-03-31": "-0.80700", "2011-12-31": "6.35900", "2011-09-30": "-24.57700", "2011-06-30": "-23.54800", "2011-03-31": "2.79200", "2010-12-31": "7.95500", "2010-09-30": "3.22300", "2010-06-30": "-12.04100", "2010-03-31": "-28.76200", "2009-12-31": "5.62300", "2009-09-30": "0.40700", "2009-06-30": "21.52600", "2009-03-31": "8.33900", "2008-12-31": "-50.14200", "2008-09-30": "-32.35400", "2008-06-30": "2.74400", "2008-03-31": "-8.11100", "2007-12-31": "-2.40700", "2007-09-30": "-4.05000", "2007-06-30": "-4.25300", "2007-03-31": "-7.87200", "2006-12-31": "-5.71900", "2006-09-30": "-5.01400", "2006-06-30": "-3.84600", "2006-03-31": "-5.41700", "2005-12-31": "-7.86400", "2005-09-30": "-4.90100", "2005-06-30": "-2.30500", "2005-03-31": "-1.53100"}, "Pre-Tax Income": {"2020-09-30": "-118.24500", "2020-06-30": "-400.50400", "2020-03-31": "82.96100", "2019-12-31": "8.35600", "2019-09-30": "116.30900", "2019-06-30": "70.74200", "2019-03-31": "98.03200", "2018-12-31": "-151.65900", "2018-09-30": "68.86800", "2018-06-30": "57.14400", "2018-03-31": "148.37500", "2017-12-31": "110.64300", "2017-09-30": "119.74100", "2017-06-30": "71.00000", "2017-03-31": "111.97100", "2016-12-31": "98.91800", "2016-09-30": "86.67200", "2016-06-30": "60.29900", "2016-03-31": "126.92600", "2015-12-31": "-401.97300", "2015-09-30": "10.41300", "2015-06-30": "71.23100", "2015-03-31": "128.11400", "2014-12-31": "20.94500", "2014-09-30": "71.64800", "2014-06-30": "132.00800", "2014-03-31": "173.70700", "2013-12-31": "123.93300", "2013-09-30": "153.80700", "2013-06-30": "82.35400", "2013-03-31": "128.47600", "2012-12-31": "96.84500", "2012-09-30": "122.95100", "2012-06-30": "35.79600", "2012-03-31": "110.75100", "2011-12-31": "116.45400", "2011-09-30": "74.70500", "2011-06-30": "51.06300", "2011-03-31": "103.78900", "2010-12-31": "101.80700", "2010-09-30": "77.16500", "2010-06-30": "31.66400", "2010-03-31": "49.38700", "2009-12-31": "94.14100", "2009-09-30": "46.30700", "2009-06-30": "58.27700", "2009-03-31": "77.25600", "2008-12-31": "33.86800", "2008-09-30": "24.71900", "2008-06-30": "33.93800", "2008-03-31": "43.60300", "2007-12-31": "40.58500", "2007-09-30": "50.67000", "2007-06-30": "34.74400", "2007-03-31": "52.92700", "2006-12-31": "44.94600", "2006-09-30": "40.21200", "2006-06-30": "24.62100", "2006-03-31": "36.34600", "2005-12-31": "179.60000", "2005-09-30": "31.17200", "2005-06-30": "17.98600", "2005-03-31": "24.44600"}, "Income Taxes": {"2020-09-30": "-0.18800", "2020-06-30": "-14.48600", "2020-03-31": "8.68700", "2019-12-31": "5.62900", "2019-09-30": "12.33200", "2019-06-30": "19.87600", "2019-03-31": "8.60000", "2018-12-31": "4.06400", "2018-09-30": "11.29800", "2018-06-30": "7.34300", "2018-03-31": "11.82500", "2017-12-31": "11.52200", "2017-09-30": "14.41600", "2017-06-30": "12.40100", "2017-03-31": "10.97100", "2016-12-31": "8.37100", "2016-09-30": "12.65400", "2016-06-30": "5.77200", "2016-03-31": "11.47400", "2015-12-31": "6.49900", "2015-09-30": "4.20000", "2015-06-30": "7.13400", "2015-03-31": "14.92600", "2014-12-31": "-5.21400", "2014-09-30": "5.66700", "2014-06-30": "13.83600", "2014-03-31": "22.35000", "2013-12-31": "10.74300", "2013-09-30": "27.79800", "2013-06-30": "7.91200", "2013-03-31": "14.64600", "2012-12-31": "10.22200", "2012-09-30": "11.03300", "2012-06-30": "3.79000", "2012-03-31": "14.82200", "2011-12-31": "12.07100", "2011-09-30": "4.37400", "2011-06-30": "9.80000", "2011-03-31": "9.34100", "2010-12-31": "4.09800", "2010-09-30": "5.62700", "2010-06-30": "2.31000", "2010-03-31": "6.93100", "2009-12-31": "14.97000", "2009-09-30": "3.16800", "2009-06-30": "3.11500", "2009-03-31": "5.64100", "2008-12-31": "8.11300", "2008-09-30": "1.74500", "2008-06-30": "3.50700", "2008-03-31": "4.10400", "2007-12-31": "5.05800", "2007-09-30": "3.84800", "2007-06-30": "3.83900", "2007-03-31": "4.36100", "2006-12-31": "3.49100", "2006-09-30": "2.97200", "2006-06-30": "1.75700", "2006-03-31": "4.06600", "2005-12-31": "1.33400", "2005-09-30": "3.49700", "2005-06-30": "2.87500", "2005-03-31": "1.88600"}, "Income After Taxes": {"2020-09-30": "-118.05700", "2020-06-30": "-386.01800", "2020-03-31": "74.27400", "2019-12-31": "2.72700", "2019-09-30": "103.97700", "2019-06-30": "50.86600", "2019-03-31": "89.43200", "2018-12-31": "-155.72300", "2018-09-30": "57.57000", "2018-06-30": "49.80100", "2018-03-31": "136.55000", "2017-12-31": "99.12100", "2017-09-30": "105.32500", "2017-06-30": "58.59900", "2017-03-31": "101.00000", "2016-12-31": "90.54700", "2016-09-30": "74.01800", "2016-06-30": "54.52700", "2016-03-31": "115.45200", "2015-12-31": "-408.47200", "2015-09-30": "6.21300", "2015-06-30": "64.09700", "2015-03-31": "113.18800", "2014-12-31": "26.15900", "2014-09-30": "65.98100", "2014-06-30": "118.17200", "2014-03-31": "151.35700", "2013-12-31": "113.19000", "2013-09-30": "126.00900", "2013-06-30": "74.44200", "2013-03-31": "113.83000", "2012-12-31": "86.62300", "2012-09-30": "111.91800", "2012-06-30": "32.00600", "2012-03-31": "95.92900", "2011-12-31": "104.38300", "2011-09-30": "70.33100", "2011-06-30": "41.26300", "2011-03-31": "94.44800", "2010-12-31": "97.70900", "2010-09-30": "71.53800", "2010-06-30": "29.35400", "2010-03-31": "42.45600", "2009-12-31": "79.17100", "2009-09-30": "43.13900", "2009-06-30": "55.16200", "2009-03-31": "71.61500", "2008-12-31": "25.75500", "2008-09-30": "22.97400", "2008-06-30": "30.43100", "2008-03-31": "39.49900", "2007-12-31": "35.52700", "2007-09-30": "46.82200", "2007-06-30": "30.90500", "2007-03-31": "48.56600", "2006-12-31": "41.45500", "2006-09-30": "37.24000", "2006-06-30": "22.86400", "2006-03-31": "32.28000", "2005-12-31": "179.60000", "2005-09-30": "27.67500", "2005-06-30": "15.11100", "2005-03-31": "22.56000"}, "Other Income": {"2020-09-30": "", "2020-06-30": "", "2020-03-31": "", "2019-12-31": "", "2019-09-30": "", "2019-06-30": "", "2019-03-31": "", "2018-12-31": "", "2018-09-30": "", "2018-06-30": "", "2018-03-31": "", "2017-12-31": "", "2017-09-30": "", "2017-06-30": "", "2017-03-31": "", "2016-12-31": "", "2016-09-30": "", "2016-06-30": "", "2016-03-31": "", "2015-12-31": "", "2015-09-30": "", "2015-06-30": "", "2015-03-31": "", "2014-12-31": "", "2014-09-30": "", "2014-06-30": "", "2014-03-31": "", "2013-12-31": "", "2013-09-30": "", "2013-06-30": "", "2013-03-31": "", "2012-12-31": "", "2012-09-30": "", "2012-06-30": "", "2012-03-31": "", "2011-12-31": "", "2011-09-30": "", "2011-06-30": "", "2011-03-31": "", "2010-12-31": "", "2010-09-30": "", "2010-06-30": "", "2010-03-31": "", "2009-12-31": "", "2009-09-30": "", "2009-06-30": "", "2009-03-31": "", "2008-12-31": "", "2008-09-30": "", "2008-06-30": "", "2008-03-31": "", "2007-12-31": "", "2007-09-30": "", "2007-06-30": "", "2007-03-31": "", "2006-12-31": "", "2006-09-30": "", "2006-06-30": "", "2006-03-31": "", "2005-12-31": "", "2005-09-30": "", "2005-06-30": "", "2005-03-31": ""}, "Income From Continuous Operations": {"2020-09-30": "-118.05700", "2020-06-30": "-386.01800", "2020-03-31": "74.27400", "2019-12-31": "2.72700", "2019-09-30": "103.97700", "2019-06-30": "50.86600", "2019-03-31": "89.43200", "2018-12-31": "-155.72300", "2018-09-30": "57.57000", "2018-06-30": "49.80100", "2018-03-31": "136.55000", "2017-12-31": "99.12100", "2017-09-30": "105.32500", "2017-06-30": "58.59900", "2017-03-31": "101.00000", "2016-12-31": "90.54700", "2016-09-30": "74.01800", "2016-06-30": "54.52700", "2016-03-31": "115.45200", "2015-12-31": "-408.47200", "2015-09-30": "6.21300", "2015-06-30": "64.09700", "2015-03-31": "113.18800", "2014-12-31": "26.15900", "2014-09-30": "65.98100", "2014-06-30": "118.17200", "2014-03-31": "151.35700", "2013-12-31": "113.19000", "2013-09-30": "126.00900", "2013-06-30": "74.44200", "2013-03-31": "113.83000", "2012-12-31": "86.62300", "2012-09-30": "111.91800", "2012-06-30": "32.00600", "2012-03-31": "95.92900", "2011-12-31": "104.38300", "2011-09-30": "70.33100", "2011-06-30": "41.26300", "2011-03-31": "94.44800", "2010-12-31": "97.70900", "2010-09-30": "71.53800", "2010-06-30": "29.35400", "2010-03-31": "42.45600", "2009-12-31": "79.17100", "2009-09-30": "43.13900", "2009-06-30": "55.16200", "2009-03-31": "71.61500", "2008-12-31": "25.75500", "2008-09-30": "22.97400", "2008-06-30": "30.43100", "2008-03-31": "39.49900", "2007-12-31": "35.52700", "2007-09-30": "46.82200", "2007-06-30": "30.90500", "2007-03-31": "48.56600", "2006-12-31": "41.45500", "2006-09-30": "37.24000", "2006-06-30": "22.86400", "2006-03-31": "32.28000", "2005-12-31": "17.40000", "2005-09-30": "27.67500", "2005-06-30": "15.11100", "2005-03-31": "22.56000"}, "Income From Discontinued Operations": {"2020-09-30": "", "2020-06-30": "", "2020-03-31": "", "2019-12-31": "", "2019-09-30": "", "2019-06-30": "", "2019-03-31": "", "2018-12-31": "", "2018-09-30": "", "2018-06-30": "", "2018-03-31": "", "2017-12-31": "", "2017-09-30": "", "2017-06-30": "", "2017-03-31": "", "2016-12-31": "", "2016-09-30": "", "2016-06-30": "", "2016-03-31": "", "2015-12-31": "", "2015-09-30": "", "2015-06-30": "", "2015-03-31": "", "2014-12-31": "", "2014-09-30": "", "2014-06-30": "", "2014-03-31": "", "2013-12-31": "", "2013-09-30": "", "2013-06-30": "", "2013-03-31": "", "2012-12-31": "", "2012-09-30": "", "2012-06-30": "", "2012-03-31": "", "2011-12-31": "", "2011-09-30": "", "2011-06-30": "", "2011-03-31": "", "2010-12-31": "", "2010-09-30": "", "2010-06-30": "", "2010-03-31": "", "2009-12-31": "", "2009-09-30": "", "2009-06-30": "", "2009-03-31": "", "2008-12-31": "", "2008-09-30": "", "2008-06-30": "", "2008-03-31": "", "2007-12-31": "", "2007-09-30": "", "2007-06-30": "", "2007-03-31": "", "2006-12-31": "", "2006-09-30": "", "2006-06-30": "", "2006-03-31": "", "2005-12-31": "0.00000", "2005-09-30": "", "2005-06-30": "", "2005-03-31": ""}, "Net Income": {"2020-09-30": "-118.05700", "2020-06-30": "-386.01800", "2020-03-31": "74.27300", "2019-12-31": "2.72700", "2019-09-30": "103.97800", "2019-06-30": "50.86600", "2019-03-31": "89.43100", "2018-12-31": "-155.72300", "2018-09-30": "57.57000", "2018-06-30": "49.80100", "2018-03-31": "136.55000", "2017-12-31": "99.12100", "2017-09-30": "105.32500", "2017-06-30": "58.59900", "2017-03-31": "101.00000", "2016-12-31": "90.54700", "2016-09-30": "74.01800", "2016-06-30": "54.52700", "2016-03-31": "115.45200", "2015-12-31": "-408.47200", "2015-09-30": "6.21300", "2015-06-30": "64.09700", "2015-03-31": "113.18800", "2014-12-31": "26.16000", "2014-09-30": "65.98000", "2014-06-30": "118.17200", "2014-03-31": "151.35700", "2013-12-31": "113.19200", "2013-09-30": "126.00800", "2013-06-30": "74.44100", "2013-03-31": "113.83000", "2012-12-31": "86.62300", "2012-09-30": "111.91700", "2012-06-30": "32.00600", "2012-03-31": "95.93000", "2011-12-31": "104.38300", "2011-09-30": "70.33100", "2011-06-30": "41.26300", "2011-03-31": "94.44800", "2010-12-31": "97.70900", "2010-09-30": "71.53800", "2010-06-30": "29.35400", "2010-03-31": "42.45600", "2009-12-31": "79.17100", "2009-09-30": "43.13900", "2009-06-30": "55.16200", "2009-03-31": "71.61500", "2008-12-31": "25.75500", "2008-09-30": "22.97400", "2008-06-30": "30.43100", "2008-03-31": "39.49900", "2007-12-31": "35.52600", "2007-09-30": "46.82200", "2007-06-30": "30.90500", "2007-03-31": "48.56700", "2006-12-31": "41.45500", "2006-09-30": "37.24000", "2006-06-30": "22.86400", "2006-03-31": "32.28000", "2005-12-31": "17.40000", "2005-09-30": "27.67500", "2005-06-30": "15.11100", "2005-03-31": "22.56000"}, "EBITDA": {"2020-09-30": "-106.96800", "2020-06-30": "-357.87500", "2020-03-31": "98.68600", "2019-12-31": "17.80480", "2019-09-30": "132.87600", "2019-06-30": "82.60000", "2019-03-31": "112.87200", "2018-12-31": "-126.27790", "2018-09-30": "77.76500", "2018-06-30": "60.42900", "2018-03-31": "147.64590", "2017-12-31": "108.61180", "2017-09-30": "120.65810", "2017-06-30": "78.56100", "2017-03-31": "116.19900", "2016-12-31": "69.07620", "2016-09-30": "77.98700", "2016-06-30": "34.58700", "2016-03-31": "94.48600", "2015-12-31": "39.07790", "2015-09-30": "50.55600", "2015-06-30": "49.15600", "2015-03-31": "127.29800", "2014-12-31": "101.83940", "2014-09-30": "111.06100", "2014-06-30": "131.19000", "2014-03-31": "176.99690", "2013-12-31": "129.74580", "2013-09-30": "147.49200", "2013-06-30": "97.68800", "2013-03-31": "142.62800", "2012-12-31": "104.26690", "2012-09-30": "114.09000", "2012-06-30": "72.61900", "2012-03-31": "111.55900", "2011-12-31": "110.09720", "2011-09-30": "99.28000", "2011-06-30": "74.61100", "2011-03-31": "100.99700", "2010-12-31": "93.85210", "2010-09-30": "73.94200", "2010-06-30": "43.70500", "2010-03-31": "78.14900", "2009-12-31": "88.51690", "2009-09-30": "45.90000", "2009-06-30": "36.75100", "2009-03-31": "68.91800", "2008-12-31": "84.00900", "2008-09-30": "57.07300", "2008-06-30": "31.19500", "2008-03-31": "51.71400", "2007-12-31": "42.99000", "2007-09-30": "54.72000", "2007-06-30": "38.99800", "2007-03-31": "60.80000", "2006-12-31": "50.66500", "2006-09-30": "45.22600", "2006-06-30": "28.46700", "2006-03-31": "41.76300", "2005-12-31": "26.76600", "2005-09-30": "36.07300", "2005-06-30": "20.29100", "2005-03-31": "25.97700"}, "EBIT": {"2020-09-30": "-106.96800", "2020-06-30": "-357.87500", "2020-03-31": "98.68600", "2019-12-31": "17.80480", "2019-09-30": "132.87600", "2019-06-30": "82.60000", "2019-03-31": "112.87200", "2018-12-31": "-126.27790", "2018-09-30": "77.76500", "2018-06-30": "60.42900", "2018-03-31": "147.64590", "2017-12-31": "108.61160", "2017-09-30": "120.65810", "2017-06-30": "78.56100", "2017-03-31": "116.19900", "2016-12-31": "69.07610", "2016-09-30": "77.98700", "2016-06-30": "34.58700", "2016-03-31": "94.48600", "2015-12-31": "39.07800", "2015-09-30": "50.55600", "2015-06-30": "49.15600", "2015-03-31": "127.29800", "2014-12-31": "101.83920", "2014-09-30": "111.06100", "2014-06-30": "131.19000", "2014-03-31": "176.99690", "2013-12-31": "129.74600", "2013-09-30": "147.49200", "2013-06-30": "97.68800", "2013-03-31": "142.62800", "2012-12-31": "104.26690", "2012-09-30": "114.09000", "2012-06-30": "72.61900", "2012-03-31": "111.55900", "2011-12-31": "110.09710", "2011-09-30": "99.28000", "2011-06-30": "74.61100", "2011-03-31": "100.99700", "2010-12-31": "93.85210", "2010-09-30": "73.94200", "2010-06-30": "43.70500", "2010-03-31": "78.14900", "2009-12-31": "88.51690", "2009-09-30": "45.90000", "2009-06-30": "36.75100", "2009-03-31": "68.91800", "2008-12-31": "84.00900", "2008-09-30": "57.07300", "2008-06-30": "31.19500", "2008-03-31": "51.71400", "2007-12-31": "42.99000", "2007-09-30": "54.72000", "2007-06-30": "38.99800", "2007-03-31": "60.80000", "2006-12-31": "50.66500", "2006-09-30": "45.22600", "2006-06-30": "28.46700", "2006-03-31": "41.76300", "2005-12-31": "179.60000", "2005-09-30": "36.07300", "2005-06-30": "20.29100", "2005-03-31": "25.97700"}, "Basic Shares Outstanding": {"2020-09-30": "42.51000", "2020-06-30": "42.51200", "2020-03-31": "42.50100", "2019-12-31": "42.25800", "2019-09-30": "42.48700", "2019-06-30": "42.47800", "2019-03-31": "42.47800", "2018-12-31": "42.18200", "2018-09-30": "42.46900", "2018-06-30": "42.44700", "2018-03-31": "42.43900", "2017-12-31": "42.41900", "2017-09-30": "42.43000", "2017-06-30": "42.41900", "2017-03-31": "42.39580", "2016-12-31": "42.35800", "2016-09-30": "42.37400", "2016-06-30": "42.33620", "2016-03-31": "42.19100", "2015-12-31": "43.86100", "2015-09-30": "44.03010", "2015-06-30": "44.03800", "2015-03-31": "44.07710", "2014-12-31": "44.38100", "2014-09-30": "44.40360", "2014-06-30": "44.40900", "2014-03-31": "44.40300", "2013-12-31": "44.38800", "2013-09-30": "44.38000", "2013-06-30": "44.38700", "2013-03-31": "44.38700", "2012-12-31": "44.40000", "2012-09-30": "44.40670", "2012-06-30": "44.35380", "2012-03-31": "44.34060", "2011-12-31": "44.49300", "2011-09-30": "44.31900", "2011-06-30": "44.31600", "2011-03-31": "44.13900", "2010-12-31": "43.99600", "2010-09-30": "43.99900", "2010-06-30": "43.98300", "2010-03-31": "43.97800", "2009-12-31": "43.91100", "2009-09-30": "43.94600", "2009-06-30": "43.94600", "2009-03-31": "43.87500", "2008-12-31": "43.82300", "2008-09-30": "43.19500", "2008-06-30": "43.19500", "2008-03-31": "42.98500", "2007-12-31": "43.78200", "2007-09-30": "42.93800", "2007-06-30": "42.81700", "2007-03-31": "42.81700", "2006-12-31": "42.81300", "2006-09-30": "42.81300", "2006-06-30": "42.81200", "2006-03-31": "42.81200", "2005-12-31": "42.43900", "2005-09-30": "42.81300", "2005-06-30": "42.81300", "2005-03-31": "42.81300"}, "Shares Outstanding": {"2020-09-30": "42.51000", "2020-06-30": "42.51200", "2020-03-31": "42.50100", "2019-12-31": "42.48300", "2019-09-30": "42.48700", "2019-06-30": "42.47800", "2019-03-31": "42.47800", "2018-12-31": "42.45600", "2018-09-30": "42.46900", "2018-06-30": "42.44700", "2018-03-31": "42.43900", "2017-12-31": "42.41900", "2017-09-30": "42.43000", "2017-06-30": "42.41900", "2017-03-31": "42.39580", "2016-12-31": "42.36300", "2016-09-30": "42.37400", "2016-06-30": "42.33620", "2016-03-31": "42.19100", "2015-12-31": "43.86900", "2015-09-30": "44.03010", "2015-06-30": "44.03800", "2015-03-31": "44.07710", "2014-12-31": "44.39300", "2014-09-30": "44.40360", "2014-06-30": "44.40900", "2014-03-31": "44.40300", "2013-12-31": "44.40300", "2013-09-30": "44.38000", "2013-06-30": "44.38700", "2013-03-31": "44.38700", "2012-12-31": "44.41300", "2012-09-30": "44.40670", "2012-06-30": "44.35380", "2012-03-31": "44.34060", "2011-12-31": "44.49300", "2011-09-30": "44.31900", "2011-06-30": "44.31600", "2011-03-31": "44.13900", "2010-12-31": "43.99600", "2010-09-30": "43.99900", "2010-06-30": "43.98300", "2010-03-31": "43.97800", "2009-12-31": "43.91100", "2009-09-30": "43.94600", "2009-06-30": "43.94600", "2009-03-31": "43.87500", "2008-12-31": "43.82300", "2008-09-30": "43.49100", "2008-06-30": "43.46500", "2008-03-31": "43.43300", "2007-12-31": "43.78200", "2007-09-30": "43.47900", "2007-06-30": "43.50100", "2007-03-31": "43.44900", "2006-12-31": "42.81300", "2006-09-30": "42.90800", "2006-06-30": "42.89500", "2006-03-31": "42.84900", "2005-12-31": "42.43900", "2005-09-30": "42.81300", "2005-06-30": "42.81300", "2005-03-31": "42.81300"}, "Basic EPS": {"2020-09-30": "-2.78000", "2020-06-30": "-9.08000", "2020-03-31": "1.75000", "2019-12-31": "0.05000", "2019-09-30": "2.45000", "2019-06-30": "1.20000", "2019-03-31": "2.11000", "2018-12-31": "-3.67000", "2018-09-30": "1.36000", "2018-06-30": "1.17000", "2018-03-31": "3.22000", "2017-12-31": "2.34000", "2017-09-30": "2.48000", "2017-06-30": "1.38000", "2017-03-31": "2.38000", "2016-12-31": "2.12000", "2016-09-30": "1.75000", "2016-06-30": "1.29000", "2016-03-31": "2.74000", "2015-12-31": "-9.30000", "2015-09-30": "0.14000", "2015-06-30": "1.46000", "2015-03-31": "2.57000", "2014-12-31": "0.59000", "2014-09-30": "1.49000", "2014-06-30": "2.66000", "2014-03-31": "3.41000", "2013-12-31": "2.55000", "2013-09-30": "2.84000", "2013-06-30": "1.68000", "2013-03-31": "2.56000", "2012-12-31": "1.95000", "2012-09-30": "2.52000", "2012-06-30": "0.72000", "2012-03-31": "2.16000", "2011-12-31": "2.32000", "2011-09-30": "1.59000", "2011-06-30": "0.93000", "2011-03-31": "2.14000", "2010-12-31": "2.21000", "2010-09-30": "1.63000", "2010-06-30": "0.67000", "2010-03-31": "0.97000", "2009-12-31": "1.80000", "2009-09-30": "0.98000", "2009-06-30": "1.26000", "2009-03-31": "1.63000", "2008-12-31": "0.56000", "2008-09-30": "0.53000", "2008-06-30": "0.70000", "2008-03-31": "0.92000", "2007-12-31": "0.76000", "2007-09-30": "1.09000", "2007-06-30": "0.72000", "2007-03-31": "1.13000", "2006-12-31": "0.98000", "2006-09-30": "0.87000", "2006-06-30": "0.53000", "2006-03-31": "0.75000", "2005-12-31": "0.41000", "2005-09-30": "0.65000", "2005-06-30": "0.35000", "2005-03-31": "0.53000"}, "EPS - Earnings Per Share": {"2020-09-30": "-2.78000", "2020-06-30": "-9.08000", "2020-03-31": "1.75000", "2019-12-31": "0.05000", "2019-09-30": "2.45000", "2019-06-30": "1.20000", "2019-03-31": "2.11000", "2018-12-31": "-3.67000", "2018-09-30": "1.36000", "2018-06-30": "1.17000", "2018-03-31": "3.22000", "2017-12-31": "2.34000", "2017-09-30": "2.48000", "2017-06-30": "1.38000", "2017-03-31": "2.38000", "2016-12-31": "2.12000", "2016-09-30": "1.75000", "2016-06-30": "1.29000", "2016-03-31": "2.74000", "2015-12-31": "-9.30000", "2015-09-30": "0.14000", "2015-06-30": "1.46000", "2015-03-31": "2.57000", "2014-12-31": "0.59000", "2014-09-30": "1.49000", "2014-06-30": "2.66000", "2014-03-31": "3.41000", "2013-12-31": "2.55000", "2013-09-30": "2.84000", "2013-06-30": "1.68000", "2013-03-31": "2.56000", "2012-12-31": "1.95000", "2012-09-30": "2.52000", "2012-06-30": "0.72000", "2012-03-31": "2.16000", "2011-12-31": "2.32000", "2011-09-30": "1.59000", "2011-06-30": "0.93000", "2011-03-31": "2.14000", "2010-12-31": "2.21000", "2010-09-30": "1.63000", "2010-06-30": "0.67000", "2010-03-31": "0.97000", "2009-12-31": "1.80000", "2009-09-30": "0.98000", "2009-06-30": "1.26000", "2009-03-31": "1.63000", "2008-12-31": "0.57000", "2008-09-30": "0.53000", "2008-06-30": "0.70000", "2008-03-31": "0.91000", "2007-12-31": "0.79000", "2007-09-30": "1.08000", "2007-06-30": "0.71000", "2007-03-31": "1.12000", "2006-12-31": "0.95000", "2006-09-30": "0.87000", "2006-06-30": "0.53000", "2006-03-31": "0.75000", "2005-12-31": "0.41000", "2005-09-30": "0.65000", "2005-06-30": "0.35000", "2005-03-31": "0.53000"}}, "balance sheet": {"Cash On Hand": {"2019-12-31": "851.13500", "2018-12-31": "722.35800", "2017-12-31": "943.90000", "2016-12-31": "814.68900", "2015-12-31": "684.94800", "2014-12-31": "766.60300", "2013-12-31": "1131.68900", "2012-12-31": "651.10300", "2011-12-31": "506.14600", "2010-12-31": "402.60300", "2009-12-31": "352.06800", "2008-12-31": "396.82600", "2007-12-31": "308.35800", "2006-12-31": "197.38000", "2005-12-31": "114.49000"}, "Receivables": {"2019-12-31": "129.78100", "2018-12-31": "116.05400", "2017-12-31": "115.64100", "2016-12-31": "114.14300", "2015-12-31": "105.77700", "2014-12-31": "122.15000", "2013-12-31": "135.05600", "2012-12-31": "136.33600", "2011-12-31": "143.00100", "2010-12-31": "89.38700", "2009-12-31": "80.79100", "2008-12-31": "75.20100", "2007-12-31": "74.16900", "2006-12-31": "62.13700", "2005-12-31": "46.53300"}, "Inventory": {"2019-12-31": "69.10000", "2018-12-31": "86.53000", "2017-12-31": "81.82500", "2016-12-31": "74.50200", "2015-12-31": "62.24700", "2014-12-31": "59.95400", "2013-12-31": "56.81400", "2012-12-31": "50.60300", "2011-12-31": "42.38200", "2010-12-31": "45.98200", "2009-12-31": "27.09800", "2008-12-31": "22.04900", "2007-12-31": "14.08800", "2006-12-31": "8.66700", "2005-12-31": "4.10800"}, "Pre-Paid Expenses": {"2019-12-31": "49.03400", "2018-12-31": "70.23700", "2017-12-31": "45.42100", "2016-12-31": "58.40700", "2015-12-31": "48.66700", "2014-12-31": "56.79300", "2013-12-31": "54.81100", "2012-12-31": "63.12000", "2011-12-31": "40.05800", "2010-12-31": "31.78900", "2009-12-31": "30.45800", "2008-12-31": "24.47000", "2007-12-31": "25.57400", "2006-12-31": "16.59000", "2005-12-31": "15.40200"}, "Other Current Assets": {"2019-12-31": "135.39300", "2018-12-31": "64.74300", "2017-12-31": "11.70100", "2016-12-31": "7.65000", "2015-12-31": "5.94600", "2014-12-31": "5.94900", "2013-12-31": "22.78300", "2012-12-31": "16.32800", "2011-12-31": "22.65500", "2010-12-31": "24.62200", "2009-12-31": "12.60700", "2008-12-31": "4.57100", "2007-12-31": "13.54700", "2006-12-31": "5.87700", "2005-12-31": "3.81800"}, "Total Current Assets": {"2019-12-31": "1234.44300", "2018-12-31": "1059.92200", "2017-12-31": "1198.48800", "2016-12-31": "1069.39100", "2015-12-31": "907.58500", "2014-12-31": "1011.44900", "2013-12-31": "1401.15300", "2012-12-31": "917.49000", "2011-12-31": "754.24200", "2010-12-31": "594.38300", "2009-12-31": "503.02200", "2008-12-31": "523.11700", "2007-12-31": "435.73600", "2006-12-31": "290.65100", "2005-12-31": "184.35100"}, "Property, Plant, And Equipment": {"2019-12-31": "2532.40200", "2018-12-31": "2698.13100", "2017-12-31": "2617.40700", "2016-12-31": "2623.68200", "2015-12-31": "2650.65300", "2014-12-31": "2505.33600", "2013-12-31": "2348.51400", "2012-12-31": "2284.63100", "2011-12-31": "2000.19100", "2010-12-31": "1772.52800", "2009-12-31": "1480.17200", "2008-12-31": "1332.51600", "2007-12-31": "1166.26200", "2006-12-31": "862.28300", "2005-12-31": "637.54300"}, "Long-Term Investments": {"2019-12-31": "134.34700", "2018-12-31": "138.84600", "2017-12-31": "65.95300", "2016-12-31": "0.95300", "2015-12-31": "0.86100", "2014-12-31": "396.80200", "2013-12-31": "37.59000", "2012-12-31": "69.44500", "2011-12-31": "104.83400", "2010-12-31": "6.22400", "2009-12-31": "6.40700", "2008-12-31": "11.14500", "2007-12-31": "17.03800", "2006-12-31": "29.03200", "2005-12-31": "26.17500"}, "Goodwill And Intangible Assets": {"2019-12-31": "108.11600", "2018-12-31": "101.16800", "2017-12-31": "81.11500", "2016-12-31": "69.50200", "2015-12-31": "69.42600", "2014-12-31": "57.29500", "2013-12-31": "53.51900", "2012-12-31": "86.95700", "2011-12-31": "72.14600", "2010-12-31": "68.94000", "2009-12-31": "66.44500", "2008-12-31": "59.78900", "2007-12-31": "59.68500", "2006-12-31": "53.71200", "2005-12-31": "51.81000"}, "Other Long-Term Assets": {"2019-12-31": "35.62400", "2018-12-31": "59.53600", "2017-12-31": "57.27000", "2016-12-31": "53.46300", "2015-12-31": "68.19300", "2014-12-31": "88.97300", "2013-12-31": "92.25900", "2012-12-31": "110.96800", "2011-12-31": "125.40900", "2010-12-31": "105.76500", "2009-12-31": "98.33100", "2008-12-31": "73.95000", "2007-12-31": "27.49600", "2006-12-31": "18.69200", "2005-12-31": "15.77200"}, "Total Long-Term Assets": {"2019-12-31": "3122.93500", "2018-12-31": "3381.98300", "2017-12-31": "2846.47300", "2016-12-31": "2776.72200", "2015-12-31": "2807.89100", "2014-12-31": "3068.16300", "2013-12-31": "2551.61100", "2012-12-31": "2562.01000", "2011-12-31": "2311.55400", "2010-12-31": "1961.61400", "2009-12-31": "1658.18600", "2008-12-31": "1482.99400", "2007-12-31": "1271.51500", "2006-12-31": "964.36400", "2005-12-31": "732.56100"}, "Total Assets": {"2019-12-31": "4357.37800", "2018-12-31": "4441.90500", "2017-12-31": "4044.96100", "2016-12-31": "3846.11300", "2015-12-31": "3715.47600", "2014-12-31": "4079.61200", "2013-12-31": "3952.76400", "2012-12-31": "3479.50000", "2011-12-31": "3065.79600", "2010-12-31": "2555.99700", "2009-12-31": "2161.20800", "2008-12-31": "2006.11100", "2007-12-31": "1707.25100", "2006-12-31": "1255.01500", "2005-12-31": "916.91200"}, "Total Current Liabilities": {"2019-12-31": "997.63300", "2018-12-31": "1148.81300", "2017-12-31": "1057.51500", "2016-12-31": "862.68200", "2015-12-31": "985.66700", "2014-12-31": "981.49700", "2013-12-31": "1038.84900", "2012-12-31": "788.69000", "2011-12-31": "658.66000", "2010-12-31": "460.57700", "2009-12-31": "443.61600", "2008-12-31": "498.41200", "2007-12-31": "424.98900", "2006-12-31": "339.57300", "2005-12-31": "253.97900"}, "Long Term Debt": {"2019-12-31": "938.18300", "2018-12-31": "975.28300", "2017-12-31": "876.11900", "2016-12-31": "961.41400", "2015-12-31": "1055.18300", "2014-12-31": "928.96400", "2013-12-31": "913.50700", "2012-12-31": "1069.83600", "2011-12-31": "936.65700", "2010-12-31": "888.68100", "2009-12-31": "750.97100", "2008-12-31": "800.19600", "2007-12-31": "732.20900", "2006-12-31": "529.80200", "2005-12-31": "402.95400"}, "Other Non-Current Liabilities": {"2019-12-31": "191.22100", "2018-12-31": "161.57200", "2017-12-31": "130.62100", "2016-12-31": "108.44800", "2015-12-31": "54.33900", "2014-12-31": "57.74700", "2013-12-31": "51.22300", "2012-12-31": "43.72600", "2011-12-31": "44.65700", "2010-12-31": "33.70300", "2009-12-31": "26.28300", "2008-12-31": "18.17600", "2007-12-31": "9.77500", "2006-12-31": "7.71300", "2005-12-31": "8.47100"}, "Total Long Term Liabilities": {"2019-12-31": "1424.83900", "2018-12-31": "1496.49800", "2017-12-31": "1092.32000", "2016-12-31": "1141.16000", "2015-12-31": "1142.38700", "2014-12-31": "1023.00700", "2013-12-31": "1012.00900", "2012-12-31": "1154.26600", "2011-12-31": "1017.60500", "2010-12-31": "950.76400", "2009-12-31": "806.45900", "2008-12-31": "838.35500", "2007-12-31": "750.62500", "2006-12-31": "543.77300", "2005-12-31": "417.06600"}, "Total Liabilities": {"2019-12-31": "2422.47200", "2018-12-31": "2645.31100", "2017-12-31": "2149.83500", "2016-12-31": "2003.84200", "2015-12-31": "2128.05400", "2014-12-31": "2004.50400", "2013-12-31": "2050.85800", "2012-12-31": "1942.95600", "2011-12-31": "1676.26500", "2010-12-31": "1411.34100", "2009-12-31": "1250.07500", "2008-12-31": "1336.76700", "2007-12-31": "1175.61400", "2006-12-31": "883.34600", "2005-12-31": "671.04500"}, "Common Stock Net": {"2019-12-31": "28.60800", "2018-12-31": "28.55300", "2017-12-31": "28.50400", "2016-12-31": "28.45400", "2015-12-31": "28.39000", "2014-12-31": "28.32500", "2013-12-31": "30.09200", "2012-12-31": "30.05700", "2011-12-31": "29.96100", "2010-12-31": "29.75700", "2009-12-31": "29.58600", "2008-12-31": "29.48300", "2007-12-31": "29.30800", "2006-12-31": "29.22300", "2005-12-31": "29.22300"}, "Retained Earnings (Accumulated Deficit)": {"2019-12-31": "1965.17900", "2018-12-31": "1828.61500", "2017-12-31": "1933.95300", "2016-12-31": "1887.09100", "2015-12-31": "1638.73300", "2014-12-31": "2011.48500", "2013-12-31": "1820.58300", "2012-12-31": "1458.25800", "2011-12-31": "1324.39400", "2010-12-31": "1086.37900", "2009-12-31": "858.54300", "2008-12-31": "625.71100", "2007-12-31": "491.59900", "2006-12-31": "343.39000", "2005-12-31": "217.86200"}, "Comprehensive Income": {"2019-12-31": "-8.62800", "2018-12-31": "-4.22700", "2017-12-31": "-3.88800", "2016-12-31": "-1.87200", "2015-12-31": "-0.76800", "2014-12-31": "0.23800", "2013-12-31": "4.20000", "2012-12-31": "7.56900", "2011-12-31": "1.60900", "2010-12-31": "2.41000", "2009-12-31": "0.80800", "2008-12-31": "-3.46300", "2007-12-31": "2.66600", "2006-12-31": "-4.28400", "2005-12-31": "-1.21800"}, "Other Share Holders Equity": {"2019-12-31": "", "2018-12-31": "", "2017-12-31": "", "2016-12-31": "", "2015-12-31": "", "2014-12-31": "", "2013-12-31": "", "2012-12-31": "", "2011-12-31": "", "2010-12-31": "", "2009-12-31": "", "2008-12-31": "", "2007-12-31": "", "2006-12-31": "", "2005-12-31": ""}, "Share Holder Equity": {"2019-12-31": "1934.90600", "2018-12-31": "1796.59400", "2017-12-31": "1895.12600", "2016-12-31": "1842.27100", "2015-12-31": "1587.42200", "2014-12-31": "2075.10800", "2013-12-31": "1901.90600", "2012-12-31": "1536.54400", "2011-12-31": "1389.53100", "2010-12-31": "1144.65600", "2009-12-31": "911.13300", "2008-12-31": "669.34400", "2007-12-31": "531.63700", "2006-12-31": "371.66900", "2005-12-31": "245.86700"}, "Total Liabilities And Share Holders Equity": {"2019-12-31": "4357.37800", "2018-12-31": "4441.90500", "2017-12-31": "4044.96100", "2016-12-31": "3846.11300", "2015-12-31": "3715.47600", "2014-12-31": "4079.61200", "2013-12-31": "3952.76400", "2012-12-31": "3479.50000", "2011-12-31": "3065.79600", "2010-12-31": "2555.99700", "2009-12-31": "2161.20800", "2008-12-31": "2006.11100", "2007-12-31": "1707.25100", "2006-12-31": "1255.01500", "2005-12-31": "916.91200"}}, "balance sheet, quarterly": {"Cash On Hand": {"2020-09-30": "866.40000", "2020-06-30": "1048.18400", "2020-03-31": "1012.64700", "2019-12-31": "851.13600", "2019-09-30": "761.37300", "2019-06-30": "749.27400", "2019-03-31": "768.39400", "2018-12-31": "722.35800", "2018-09-30": "749.97700", "2018-06-30": "830.19800", "2018-03-31": "846.69400", "2017-12-31": "943.90000", "2017-09-30": "815.58700", "2017-06-30": "923.63600", "2017-03-31": "840.39300", "2016-12-31": "814.68900", "2016-09-30": "772.43300", "2016-06-30": "763.88800", "2016-03-31": "723.06900", "2015-12-31": "684.94800", "2015-09-30": "654.48400", "2015-06-30": "627.58800", "2015-03-31": "", "2014-12-31": "766.60300", "2014-09-30": "885.68400", "2014-06-30": "895.91100", "2014-03-31": "1115.99400", "2013-12-31": "1131.68900", "2013-09-30": "974.22800", "2013-06-30": "807.06100", "2013-03-31": "674.81200", "2012-12-31": "651.10300", "2012-09-30": "723.99100", "2012-06-30": "500.33700", "2012-03-31": "", "2011-12-31": "506.14600", "2011-09-30": "445.85000", "2011-06-30": "437.20800", "2011-03-31": "454.14000", "2010-12-31": "402.60300", "2010-09-30": "369.20100", "2010-06-30": "353.22000", "2010-03-31": "354.64800", "2009-12-31": "352.06800", "2009-09-30": "367.75400", "2009-06-30": "386.02300", "2009-03-31": "395.47300", "2008-12-31": "396.82600", "2008-09-30": "353.21400", "2008-06-30": "310.00500", "2008-03-31": "305.09300", "2007-12-31": "308.35800", "2007-09-30": "266.62700", "2007-06-30": "250.91800", "2007-03-31": "217.65800", "2006-12-31": "197.38000", "2006-09-30": "138.21600", "2006-06-30": "127.08500", "2006-03-31": "114.81900", "2005-12-31": "114.49000", "2005-09-30": "124.31900", "2005-06-30": "100.46700", "2005-03-31": "111.14300"}, "Receivables": {"2020-09-30": "37.29400", "2020-06-30": "30.14500", "2020-03-31": "51.19600", "2019-12-31": "129.78100", "2019-09-30": "141.09900", "2019-06-30": "162.22900", "2019-03-31": "159.43000", "2018-12-31": "116.05400", "2018-09-30": "119.28500", "2018-06-30": "139.07100", "2018-03-31": "150.39900", "2017-12-31": "115.64100", "2017-09-30": "141.56400", "2017-06-30": "155.64700", "2017-03-31": "138.26300", "2016-12-31": "114.14300", "2016-09-30": "110.57500", "2016-06-30": "123.66400", "2016-03-31": "116.87600", "2015-12-31": "105.77700", "2015-09-30": "124.92200", "2015-06-30": "118.82700", "2015-03-31": "", "2014-12-31": "122.15000", "2014-09-30": "153.63500", "2014-06-30": "121.39200", "2014-03-31": "154.30100", "2013-12-31": "135.05600", "2013-09-30": "175.28400", "2013-06-30": "171.16900", "2013-03-31": "175.65800", "2012-12-31": "136.33600", "2012-09-30": "143.56200", "2012-06-30": "135.28600", "2012-03-31": "", "2011-12-31": "143.00100", "2011-09-30": "134.27500", "2011-06-30": "138.57300", "2011-03-31": "98.55300", "2010-12-31": "89.38700", "2010-09-30": "103.27500", "2010-06-30": "102.19300", "2010-03-31": "92.52600", "2009-12-31": "80.79100", "2009-09-30": "96.14700", "2009-06-30": "83.25300", "2009-03-31": "85.19000", "2008-12-31": "75.20100", "2008-09-30": "105.07200", "2008-06-30": "99.63300", "2008-03-31": "87.65600", "2007-12-31": "74.16900", "2007-09-30": "108.02100", "2007-06-30": "93.25400", "2007-03-31": "82.89800", "2006-12-31": "62.13700", "2006-09-30": "71.80600", "2006-06-30": "61.54300", "2006-03-31": "56.83900", "2005-12-31": "46.53300", "2005-09-30": "55.26300", "2005-06-30": "52.71800", "2005-03-31": "32.37200"}, "Inventory": {"2020-09-30": "77.48100", "2020-06-30": "76.57700", "2020-03-31": "74.45400", "2019-12-31": "69.10000", "2019-09-30": "93.08100", "2019-06-30": "93.49600", "2019-03-31": "91.08200", "2018-12-31": "86.53000", "2018-09-30": "93.29400", "2018-06-30": "87.37500", "2018-03-31": "84.84900", "2017-12-31": "81.82500", "2017-09-30": "78.95200", "2017-06-30": "79.48200", "2017-03-31": "78.05300", "2016-12-31": "74.50200", "2016-09-30": "70.37900", "2016-06-30": "68.69800", "2016-03-31": "62.98400", "2015-12-31": "62.24700", "2015-09-30": "59.91000", "2015-06-30": "59.30300", "2015-03-31": "", "2014-12-31": "59.95400", "2014-09-30": "62.09300", "2014-06-30": "63.80600", "2014-03-31": "59.65500", "2013-12-31": "56.81400", "2013-09-30": "56.31400", "2013-06-30": "49.11100", "2013-03-31": "58.05000", "2012-12-31": "50.60300", "2012-09-30": "51.29200", "2012-06-30": "43.68600", "2012-03-31": "", "2011-12-31": "42.38200", "2011-09-30": "46.62800", "2011-06-30": "44.93200", "2011-03-31": "47.88400", "2010-12-31": "45.98200", "2010-09-30": "40.08600", "2010-06-30": "27.75000", "2010-03-31": "23.42200", "2009-12-31": "27.09800", "2009-09-30": "23.13800", "2009-06-30": "22.48100", "2009-03-31": "20.75100", "2008-12-31": "22.04900", "2008-09-30": "17.16700", "2008-06-30": "18.28700", "2008-03-31": "16.52600", "2007-12-31": "14.08800", "2007-09-30": "11.68600", "2007-06-30": "11.50100", "2007-03-31": "9.74800", "2006-12-31": "8.66700", "2006-09-30": "7.62200", "2006-06-30": "6.25800", "2006-03-31": "4.93000", "2005-12-31": "4.10800", "2005-09-30": "3.35800", "2005-06-30": "3.22300", "2005-03-31": "2.51000"}, "Pre-Paid Expenses": {"2020-09-30": "29.75500", "2020-06-30": "32.32600", "2020-03-31": "41.38200", "2019-12-31": "49.03400", "2019-09-30": "53.43000", "2019-06-30": "52.52200", "2019-03-31": "98.42000", "2018-12-31": "70.23700", "2018-09-30": "77.03200", "2018-06-30": "70.79000", "2018-03-31": "51.53800", "2017-12-31": "45.42100", "2017-09-30": "40.54000", "2017-06-30": "47.34300", "2017-03-31": "66.93100", "2016-12-31": "58.40700", "2016-09-30": "62.29900", "2016-06-30": "44.95000", "2016-03-31": "53.98800", "2015-12-31": "48.66700", "2015-09-30": "52.56500", "2015-06-30": "69.15200", "2015-03-31": "", "2014-12-31": "56.79300", "2014-09-30": "62.18200", "2014-06-30": "59.68200", "2014-03-31": "58.41700", "2013-12-31": "54.81100", "2013-09-30": "62.16300", "2013-06-30": "63.50200", "2013-03-31": "56.76700", "2012-12-31": "63.12000", "2012-09-30": "49.74500", "2012-06-30": "46.21000", "2012-03-31": "", "2011-12-31": "40.05800", "2011-09-30": "16.95100", "2011-06-30": "29.12800", "2011-03-31": "27.91200", "2010-12-31": "31.78900", "2010-09-30": "33.68500", "2010-06-30": "31.33100", "2010-03-31": "26.97800", "2009-12-31": "30.45800", "2009-09-30": "22.27700", "2009-06-30": "27.20700", "2009-03-31": "23.27000", "2008-12-31": "24.47000", "2008-09-30": "26.68900", "2008-06-30": "23.17300", "2008-03-31": "25.31700", "2007-12-31": "25.57400", "2007-09-30": "18.21100", "2007-06-30": "18.67700", "2007-03-31": "19.01700", "2006-12-31": "16.59000", "2006-09-30": "15.40300", "2006-06-30": "17.04800", "2006-03-31": "16.37400", "2005-12-31": "15.40200", "2005-09-30": "14.86700", "2005-06-30": "13.33100", "2005-03-31": "12.14500"}, "Other Current Assets": {"2020-09-30": "161.03200", "2020-06-30": "158.15000", "2020-03-31": "134.64100", "2019-12-31": "135.39300", "2019-09-30": "20.07200", "2019-06-30": "29.95200", "2019-03-31": "43.97300", "2018-12-31": "64.74300", "2018-09-30": "11.92400", "2018-06-30": "9.87700", "2018-03-31": "11.84300", "2017-12-31": "11.70100", "2017-09-30": "8.48700", "2017-06-30": "6.67500", "2017-03-31": "7.20600", "2016-12-31": "7.65000", "2016-09-30": "15.72600", "2016-06-30": "9.40500", "2016-03-31": "5.62400", "2015-12-31": "5.94600", "2015-09-30": "81.24300", "2015-06-30": "7.76300", "2015-03-31": "", "2014-12-31": "5.94900", "2014-09-30": "8.91500", "2014-06-30": "23.68500", "2014-03-31": "20.77000", "2013-12-31": "22.78300", "2013-09-30": "19.07300", "2013-06-30": "12.47200", "2013-03-31": "19.68700", "2012-12-31": "16.32800", "2012-09-30": "17.96400", "2012-06-30": "7.04300", "2012-03-31": "", "2011-12-31": "22.65500", "2011-09-30": "7.09000", "2011-06-30": "20.53100", "2011-03-31": "37.16500", "2010-12-31": "24.62200", "2010-09-30": "13.94300", "2010-06-30": "5.76900", "2010-03-31": "11.87700", "2009-12-31": "12.60700", "2009-09-30": "5.46500", "2009-06-30": "3.83500", "2009-03-31": "5.41900", "2008-12-31": "4.57100", "2008-09-30": "8.95400", "2008-06-30": "23.39500", "2008-03-31": "15.59300", "2007-12-31": "13.54700", "2007-09-30": "9.43000", "2007-06-30": "8.75900", "2007-03-31": "8.01500", "2006-12-31": "5.87700", "2006-09-30": "4.02900", "2006-06-30": "5.26400", "2006-03-31": "4.43600", "2005-12-31": "3.81800", "2005-09-30": "5.73900", "2005-06-30": "6.49500", "2005-03-31": "0.70600"}, "Total Current Assets": {"2020-09-30": "1171.96200", "2020-06-30": "1345.38400", "2020-03-31": "1314.32000", "2019-12-31": "1234.44200", "2019-09-30": "1069.05700", "2019-06-30": "1087.47400", "2019-03-31": "1161.30000", "2018-12-31": "1059.92200", "2018-09-30": "1051.51200", "2018-06-30": "1137.31100", "2018-03-31": "1145.32300", "2017-12-31": "1198.48800", "2017-09-30": "1085.13000", "2017-06-30": "1212.78300", "2017-03-31": "1130.84600", "2016-12-31": "1069.39100", "2016-09-30": "1031.41200", "2016-06-30": "1010.60500", "2016-03-31": "962.54100", "2015-12-31": "907.58500", "2015-09-30": "973.12400", "2015-06-30": "882.63300", "2015-03-31": "", "2014-12-31": "1011.44900", "2014-09-30": "1172.50900", "2014-06-30": "1164.47600", "2014-03-31": "1409.13800", "2013-12-31": "1401.15300", "2013-09-30": "1287.06200", "2013-06-30": "1103.31500", "2013-03-31": "984.97400", "2012-12-31": "917.49000", "2012-09-30": "986.55400", "2012-06-30": "732.56200", "2012-03-31": "", "2011-12-31": "754.24200", "2011-09-30": "650.79400", "2011-06-30": "670.37200", "2011-03-31": "665.65400", "2010-12-31": "594.38300", "2010-09-30": "560.19000", "2010-06-30": "520.26300", "2010-03-31": "509.45100", "2009-12-31": "503.02200", "2009-09-30": "514.78100", "2009-06-30": "522.79900", "2009-03-31": "530.10300", "2008-12-31": "523.11700", "2008-09-30": "511.09600", "2008-06-30": "474.49300", "2008-03-31": "450.18500", "2007-12-31": "435.73600", "2007-09-30": "413.97600", "2007-06-30": "383.10900", "2007-03-31": "337.33600", "2006-12-31": "290.65100", "2006-09-30": "237.07600", "2006-06-30": "217.19800", "2006-03-31": "197.39800", "2005-12-31": "184.35100", "2005-09-30": "203.54600", "2005-06-30": "176.23400", "2005-03-31": "158.87600"}, "Property, Plant, And Equipment": {"2020-09-30": "2203.75000", "2020-06-30": "2227.31300", "2020-03-31": "2522.20500", "2019-12-31": "2532.40200", "2019-09-30": "2738.11100", "2019-06-30": "2754.92800", "2019-03-31": "2778.26500", "2018-12-31": "2698.13100", "2018-09-30": "2972.96900", "2018-06-30": "2919.85700", "2018-03-31": "2863.90100", "2017-12-31": "2617.40700", "2017-09-30": "2780.27100", "2017-06-30": "2708.43300", "2017-03-31": "2658.86700", "2016-12-31": "2623.68200", "2016-09-30": "2630.95300", "2016-06-30": "2627.78500", "2016-03-31": "2615.16600", "2015-12-31": "2650.65300", "2015-09-30": "2609.94100", "2015-06-30": "2575.66000", "2015-03-31": "", "2014-12-31": "2505.33600", "2014-09-30": "2512.98700", "2014-06-30": "2426.44300", "2014-03-31": "2371.24600", "2013-12-31": "2348.51400", "2013-09-30": "2331.07200", "2013-06-30": "2323.28800", "2013-03-31": "2304.96400", "2012-12-31": "2284.63100", "2012-09-30": "2165.12500", "2012-06-30": "2126.42900", "2012-03-31": "", "2011-12-31": "2000.19100", "2011-09-30": "1968.03600", "2011-06-30": "1864.09600", "2011-03-31": "1822.63100", "2010-12-31": "1772.52800", "2010-09-30": "1625.34400", "2010-06-30": "1609.42300", "2010-03-31": "1540.57700", "2009-12-31": "1480.17200", "2009-09-30": "1452.89800", "2009-06-30": "1412.20100", "2009-03-31": "1367.15100", "2008-12-31": "1332.51600", "2008-09-30": "1267.25200", "2008-06-30": "1262.40100", "2008-03-31": "1175.24900", "2007-12-31": "1166.26200", "2007-09-30": "1101.82400", "2007-06-30": "1001.27800", "2007-03-31": "955.41300", "2006-12-31": "862.28300", "2006-09-30": "772.43000", "2006-06-30": "742.51400", "2006-03-31": "643.30800", "2005-12-31": "637.54300", "2005-09-30": "572.86800", "2005-06-30": "567.64900", "2005-03-31": "553.11700"}, "Long-Term Investments": {"2020-09-30": "139.50300", "2020-06-30": "94.54000", "2020-03-31": "114.27700", "2019-12-31": "134.34700", "2019-09-30": "124.16900", "2019-06-30": "144.07200", "2019-03-31": "128.99200", "2018-12-31": "138.84600", "2018-09-30": "165.85600", "2018-06-30": "171.35600", "2018-03-31": "155.31300", "2017-12-31": "65.95300", "2017-09-30": "155.95300", "2017-06-30": "0.95300", "2017-03-31": "0.95400", "2016-12-31": "0.95300", "2016-09-30": "0.95400", "2016-06-30": "0.85600", "2016-03-31": "0.86400", "2015-12-31": "0.86100", "2015-09-30": "428.25900", "2015-06-30": "526.13200", "2015-03-31": "", "2014-12-31": "396.80200", "2014-09-30": "240.09700", "2014-06-30": "253.87600", "2014-03-31": "6.58900", "2013-12-31": "37.59000", "2013-09-30": "46.59000", "2013-06-30": "41.59100", "2013-03-31": "58.59800", "2012-12-31": "69.44500", "2012-09-30": "71.50000", "2012-06-30": "217.85900", "2012-03-31": "", "2011-12-31": "104.83400", "2011-09-30": "57.33200", "2011-06-30": "28.79400", "2011-03-31": "6.20700", "2010-12-31": "6.22400", "2010-09-30": "6.22400", "2010-06-30": "6.14500", "2010-03-31": "6.42900", "2009-12-31": "6.40700", "2009-09-30": "8.57700", "2009-06-30": "8.29300", "2009-03-31": "7.65200", "2008-12-31": "11.14500", "2008-09-30": "23.05500", "2008-06-30": "17.73000", "2008-03-31": "17.53800", "2007-12-31": "17.03800", "2007-09-30": "21.03800", "2007-06-30": "21.03800", "2007-03-31": "26.03600", "2006-12-31": "29.03200", "2006-09-30": "52.12900", "2006-06-30": "28.78500", "2006-03-31": "29.12400", "2005-12-31": "26.17500", "2005-09-30": "4.88200", "2005-06-30": "3.59900", "2005-03-31": "3.95000"}, "Goodwill And Intangible Assets": {"2020-09-30": "97.77100", "2020-06-30": "104.48500", "2020-03-31": "107.04700", "2019-12-31": "108.11600", "2019-09-30": "108.47400", "2019-06-30": "107.39900", "2019-03-31": "104.93800", "2018-12-31": "101.16800", "2018-09-30": "93.45300", "2018-06-30": "90.23500", "2018-03-31": "84.95100", "2017-12-31": "81.11500", "2017-09-30": "77.27500", "2017-06-30": "74.16600", "2017-03-31": "70.70500", "2016-12-31": "69.50200", "2016-09-30": "73.50500", "2016-06-30": "72.86300", "2016-03-31": "70.46500", "2015-12-31": "69.42600", "2015-09-30": "64.57800", "2015-06-30": "62.79500", "2015-03-31": "", "2014-12-31": "57.29500", "2014-09-30": "58.14000", "2014-06-30": "56.88700", "2014-03-31": "53.24600", "2013-12-31": "53.51900", "2013-09-30": "83.23300", "2013-06-30": "83.02500", "2013-03-31": "85.73900", "2012-12-31": "86.95700", "2012-09-30": "84.61800", "2012-06-30": "83.84000", "2012-03-31": "", "2011-12-31": "72.14600", "2011-09-30": "71.17700", "2011-06-30": "74.34100", "2011-03-31": "69.81400", "2010-12-31": "68.94000", "2010-09-30": "66.81000", "2010-06-30": "62.74600", "2010-03-31": "69.89000", "2009-12-31": "66.44500", "2009-09-30": "62.56600", "2009-06-30": "55.70700", "2009-03-31": "46.95100", "2008-12-31": "59.78900", "2008-09-30": "55.29700", "2008-06-30": "62.53200", "2008-03-31": "66.01400", "2007-12-31": "59.68500", "2007-09-30": "59.43600", "2007-06-30": "61.33300", "2007-03-31": "54.03200", "2006-12-31": "53.71200", "2006-09-30": "49.42800", "2006-06-30": "44.94500", "2006-03-31": "51.68100", "2005-12-31": "51.81000", "2005-09-30": "53.06300", "2005-06-30": "52.26300", "2005-03-31": ""}, "Other Long-Term Assets": {"2020-09-30": "20.07900", "2020-06-30": "31.27900", "2020-03-31": "31.04500", "2019-12-31": "35.62400", "2019-09-30": "33.97300", "2019-06-30": "63.09700", "2019-03-31": "59.57400", "2018-12-31": "59.53600", "2018-09-30": "59.82700", "2018-06-30": "58.13100", "2018-03-31": "56.99900", "2017-12-31": "57.27000", "2017-09-30": "60.69400", "2017-06-30": "61.20400", "2017-03-31": "56.82700", "2016-12-31": "53.46300", "2016-09-30": "51.25200", "2016-06-30": "52.93100", "2016-03-31": "62.94100", "2015-12-31": "68.19300", "2015-09-30": "72.09700", "2015-06-30": "79.46400", "2015-03-31": "", "2014-12-31": "88.97300", "2014-09-30": "96.64100", "2014-06-30": "98.19300", "2014-03-31": "93.18100", "2013-12-31": "92.25900", "2013-09-30": "110.88900", "2013-06-30": "111.64300", "2013-03-31": "122.35700", "2012-12-31": "110.96800", "2012-09-30": "120.77600", "2012-06-30": "122.56400", "2012-03-31": "", "2011-12-31": "125.40900", "2011-09-30": "120.20600", "2011-06-30": "118.57900", "2011-03-31": "112.19000", "2010-12-31": "105.76500", "2010-09-30": "41.69300", "2010-06-30": "39.91100", "2010-03-31": "102.20100", "2009-12-31": "98.33100", "2009-09-30": "34.41300", "2009-06-30": "32.73800", "2009-03-31": "28.97700", "2008-12-31": "73.95000", "2008-09-30": "30.81100", "2008-06-30": "31.02000", "2008-03-31": "30.60400", "2007-12-31": "27.49600", "2007-09-30": "27.45500", "2007-06-30": "24.29000", "2007-03-31": "16.23300", "2006-12-31": "18.69200", "2006-09-30": "14.59500", "2006-06-30": "14.22500", "2006-03-31": "12.42000", "2005-12-31": "15.77200", "2005-09-30": "10.45400", "2005-06-30": "8.72800", "2005-03-31": "4.70800"}, "Total Long-Term Assets": {"2020-09-30": "2716.31800", "2020-06-30": "2740.81600", "2020-03-31": "3079.20500", "2019-12-31": "3122.93600", "2019-09-30": "3347.85400", "2019-06-30": "3433.61100", "2019-03-31": "3453.47500", "2018-12-31": "3381.98300", "2018-09-30": "3313.84000", "2018-06-30": "3262.00500", "2018-03-31": "3184.68200", "2017-12-31": "2846.47300", "2017-09-30": "3098.18000", "2017-06-30": "2867.64500", "2017-03-31": "2816.92900", "2016-12-31": "2776.72200", "2016-09-30": "2780.93100", "2016-06-30": "2779.43500", "2016-03-31": "2773.50900", "2015-12-31": "2807.89100", "2015-09-30": "3218.81000", "2015-06-30": "3288.75400", "2015-03-31": "", "2014-12-31": "3068.16300", "2014-09-30": "2920.03800", "2014-06-30": "2847.33500", "2014-03-31": "2536.06300", "2013-12-31": "2551.61100", "2013-09-30": "2582.61000", "2013-06-30": "2570.52100", "2013-03-31": "2582.27600", "2012-12-31": "2562.01000", "2012-09-30": "2451.70400", "2012-06-30": "2560.09800", "2012-03-31": "", "2011-12-31": "2311.55400", "2011-09-30": "2225.52900", "2011-06-30": "2094.39300", "2011-03-31": "2019.19200", "2010-12-31": "1961.61400", "2010-09-30": "1742.37000", "2010-06-30": "1720.24700", "2010-03-31": "1725.96900", "2009-12-31": "1658.18600", "2009-09-30": "1560.45700", "2009-06-30": "1510.77100", "2009-03-31": "1452.38900", "2008-12-31": "1482.99400", "2008-09-30": "1377.87800", "2008-06-30": "1374.91900", "2008-03-31": "1290.57600", "2007-12-31": "1271.51500", "2007-09-30": "1210.62100", "2007-06-30": "1108.75400", "2007-03-31": "1052.47300", "2006-12-31": "964.36400", "2006-09-30": "890.11500", "2006-06-30": "831.93990", "2006-03-31": "737.88800", "2005-12-31": "732.56100", "2005-09-30": "642.58000", "2005-06-30": "633.50500", "2005-03-31": "562.98600"}, "Total Assets": {"2020-09-30": "3888.28000", "2020-06-30": "4086.19900", "2020-03-31": "4393.52600", "2019-12-31": "4357.37700", "2019-09-30": "4416.91200", "2019-06-30": "4521.08500", "2019-03-31": "4614.77500", "2018-12-31": "4441.90500", "2018-09-30": "4365.35100", "2018-06-30": "4399.31600", "2018-03-31": "4330.00500", "2017-12-31": "4044.96100", "2017-09-30": "4183.31000", "2017-06-30": "4080.42800", "2017-03-31": "3947.77500", "2016-12-31": "3846.11300", "2016-09-30": "3812.34300", "2016-06-30": "3790.04000", "2016-03-31": "3736.05000", "2015-12-31": "3715.47600", "2015-09-30": "4191.93500", "2015-06-30": "4171.38800", "2015-03-31": "0.00000", "2014-12-31": "4079.61200", "2014-09-30": "4092.54700", "2014-06-30": "4011.81100", "2014-03-31": "3945.20200", "2013-12-31": "3952.76400", "2013-09-30": "3869.67200", "2013-06-30": "3673.83600", "2013-03-31": "3567.25000", "2012-12-31": "3479.50000", "2012-09-30": "3438.25800", "2012-06-30": "3292.66000", "2012-03-31": "0.00000", "2011-12-31": "3065.79600", "2011-09-30": "2876.32200", "2011-06-30": "2764.76600", "2011-03-31": "2684.84600", "2010-12-31": "2555.99700", "2010-09-30": "2302.56000", "2010-06-30": "2240.51000", "2010-03-31": "2235.42000", "2009-12-31": "2161.20800", "2009-09-30": "2075.23800", "2009-06-30": "2033.57000", "2009-03-31": "1982.49300", "2008-12-31": "2006.11100", "2008-09-30": "1888.97500", "2008-06-30": "1849.41200", "2008-03-31": "1740.76100", "2007-12-31": "1707.25100", "2007-09-30": "1624.59600", "2007-06-30": "1491.86300", "2007-03-31": "1389.80900", "2006-12-31": "1255.01500", "2006-09-30": "1127.19100", "2006-06-30": "1049.13800", "2006-03-31": "935.28600", "2005-12-31": "916.91200", "2005-09-30": "846.12600", "2005-06-30": "809.73900", "2005-03-31": "721.86200"}, "Total Current Liabilities": {"2020-09-30": "800.52500", "2020-06-30": "830.08700", "2020-03-31": "1067.52600", "2019-12-31": "1042.83600", "2019-09-30": "1028.49000", "2019-06-30": "1136.50100", "2019-03-31": "1222.65200", "2018-12-31": "1148.81300", "2018-09-30": "1031.32800", "2018-06-30": "1088.80400", "2018-03-31": "1062.34700", "2017-12-31": "1057.51500", "2017-09-30": "1036.00400", "2017-06-30": "981.89300", "2017-03-31": "850.94500", "2016-12-31": "862.68200", "2016-09-30": "935.25000", "2016-06-30": "930.15200", "2016-03-31": "928.07600", "2015-12-31": "985.66700", "2015-09-30": "956.68200", "2015-06-30": "897.41100", "2015-03-31": "", "2014-12-31": "981.49700", "2014-09-30": "889.08500", "2014-06-30": "918.48900", "2014-03-31": "953.12200", "2013-12-31": "1038.84900", "2013-09-30": "1001.81800", "2013-06-30": "859.76800", "2013-03-31": "784.53300", "2012-12-31": "788.69000", "2012-09-30": "740.80800", "2012-06-30": "715.10800", "2012-03-31": "", "2011-12-31": "658.66000", "2011-09-30": "611.82800", "2011-06-30": "578.80400", "2011-03-31": "490.41600", "2010-12-31": "460.57700", "2010-09-30": "509.79800", "2010-06-30": "495.74900", "2010-03-31": "427.80900", "2009-12-31": "443.61600", "2009-09-30": "481.36000", "2009-06-30": "470.63700", "2009-03-31": "450.93700", "2008-12-31": "498.41200", "2008-09-30": "498.13000", "2008-06-30": "440.75400", "2008-03-31": "403.62800", "2007-12-31": "424.98900", "2007-09-30": "416.02000", "2007-06-30": "421.05100", "2007-03-31": "346.76600", "2006-12-31": "339.57300", "2006-09-30": "304.05500", "2006-06-30": "272.59100", "2006-03-31": "248.88300", "2005-12-31": "253.97900", "2005-09-30": "233.84400", "2005-06-30": "213.84600", "2005-03-31": "136.75900"}, "Long Term Debt": {"2020-09-30": "1118.84600", "2020-06-30": "1148.25300", "2020-03-31": "907.96000", "2019-12-31": "938.18200", "2019-09-30": "965.50000", "2019-06-30": "1005.38500", "2019-03-31": "1038.05000", "2018-12-31": "975.28300", "2018-09-30": "918.68800", "2018-06-30": "914.07100", "2018-03-31": "889.01100", "2017-12-31": "876.11900", "2017-09-30": "918.64200", "2017-06-30": "965.36600", "2017-03-31": "1007.86600", "2016-12-31": "961.41400", "2016-09-30": "999.53700", "2016-06-30": "1035.44000", "2016-03-31": "1021.15900", "2015-12-31": "1055.18300", "2015-09-30": "997.65700", "2015-06-30": "988.84100", "2015-03-31": "", "2014-12-31": "928.96400", "2014-09-30": "982.16000", "2014-06-30": "895.39600", "2014-03-31": "883.11900", "2013-12-31": "913.50700", "2013-09-30": "960.46200", "2013-06-30": "999.54900", "2013-03-31": "1038.79300", "2012-12-31": "1069.83600", "2012-09-30": "1067.54900", "2012-06-30": "1063.74500", "2012-03-31": "", "2011-12-31": "936.65700", "2011-09-30": "954.75800", "2011-06-30": "942.12800", "2011-03-31": "931.59400", "2010-12-31": "888.68100", "2010-09-30": "815.02000", "2010-06-30": "836.11600", "2010-03-31": "793.15700", "2009-12-31": "750.97100", "2009-09-30": "771.18400", "2009-06-30": "791.61200", "2009-03-31": "812.12400", "2008-12-31": "800.19600", "2008-09-30": "762.97700", "2008-06-30": "795.82000", "2008-03-31": "739.88600", "2007-12-31": "732.20900", "2007-09-30": "696.69200", "2007-06-30": "605.97700", "2007-03-31": "599.85100", "2006-12-31": "529.80200", "2006-09-30": "482.49000", "2006-06-30": "473.99500", "2006-03-31": "393.54100", "2005-12-31": "402.95400", "2005-09-30": "369.23700", "2005-06-30": "381.44400", "2005-03-31": "384.23600"}, "Other Non-Current Liabilities": {"2020-09-30": "314.23600", "2020-06-30": "313.17300", "2020-03-31": "197.46900", "2019-12-31": "191.22100", "2019-09-30": "178.92000", "2019-06-30": "175.18000", "2019-03-31": "170.49800", "2018-12-31": "161.57200", "2018-09-30": "130.80500", "2018-06-30": "132.26300", "2018-03-31": "130.83400", "2017-12-31": "130.62100", "2017-09-30": "132.52900", "2017-06-30": "118.76500", "2017-03-31": "121.88300", "2016-12-31": "108.44800", "2016-09-30": "64.66000", "2016-06-30": "69.17000", "2016-03-31": "67.14800", "2015-12-31": "54.33900", "2015-09-30": "66.00600", "2015-06-30": "67.86700", "2015-03-31": "", "2014-12-31": "57.74700", "2014-09-30": "64.35400", "2014-06-30": "65.83700", "2014-03-31": "59.01900", "2013-12-31": "51.22300", "2013-09-30": "49.91200", "2013-06-30": "46.91000", "2013-03-31": "46.28500", "2012-12-31": "43.72600", "2012-09-30": "44.63500", "2012-06-30": "42.66700", "2012-03-31": "", "2011-12-31": "44.65700", "2011-09-30": "37.07200", "2011-06-30": "38.45700", "2011-03-31": "37.48300", "2010-12-31": "33.70300", "2010-09-30": "16.77600", "2010-06-30": "14.74800", "2010-03-31": "27.51100", "2009-12-31": "26.28300", "2009-09-30": "12.84400", "2009-06-30": "11.15800", "2009-03-31": "9.05200", "2008-12-31": "18.17600", "2008-09-30": "9.62500", "2008-06-30": "10.96500", "2008-03-31": "10.27300", "2007-12-31": "9.77500", "2007-09-30": "9.20900", "2007-06-30": "8.76600", "2007-03-31": "8.02300", "2006-12-31": "7.71300", "2006-09-30": "7.80500", "2006-06-30": "7.54500", "2006-03-31": "8.05900", "2005-12-31": "8.47100", "2005-09-30": "7.41900", "2005-06-30": "7.19100", "2005-03-31": "1.43300"}, "Total Long Term Liabilities": {"2020-09-30": "1612.59900", "2020-06-30": "1664.34900", "2020-03-31": "1349.34200", "2019-12-31": "1379.63200", "2019-09-30": "1420.26000", "2019-06-30": "1494.07700", "2019-03-31": "1525.39100", "2018-12-31": "1496.49800", "2018-09-30": "1096.07900", "2018-06-30": "1093.50600", "2018-03-31": "1065.11300", "2017-12-31": "1092.32000", "2017-09-30": "1104.66400", "2017-06-30": "1129.82100", "2017-03-31": "1171.21600", "2016-12-31": "1141.16000", "2016-09-30": "1104.97100", "2016-06-30": "1143.76100", "2016-03-31": "1125.53100", "2015-12-31": "1142.38700", "2015-09-30": "1126.19100", "2015-06-30": "1116.66000", "2015-03-31": "", "2014-12-31": "1023.00700", "2014-09-30": "1086.50100", "2014-06-30": "1003.26700", "2014-03-31": "981.05000", "2013-12-31": "1012.00900", "2013-09-30": "1048.95700", "2013-06-30": "1089.55500", "2013-03-31": "1129.09100", "2012-12-31": "1154.26600", "2012-09-30": "1150.35800", "2012-06-30": "1144.37400", "2012-03-31": "", "2011-12-31": "1017.60500", "2011-09-30": "1015.57400", "2011-06-30": "1005.81200", "2011-03-31": "988.26200", "2010-12-31": "950.76400", "2010-09-30": "849.26000", "2010-06-30": "867.62500", "2010-03-31": "850.39790", "2009-12-31": "806.45900", "2009-09-30": "797.03900", "2009-06-30": "814.81700", "2009-03-31": "831.37100", "2008-12-31": "838.35500", "2008-09-30": "780.72800", "2008-06-30": "817.05700", "2008-03-31": "760.14400", "2007-12-31": "750.62500", "2007-09-30": "713.18800", "2007-06-30": "622.11000", "2007-03-31": "614.59900", "2006-12-31": "543.77300", "2006-09-30": "495.75300", "2006-06-30": "486.90600", "2006-03-31": "408.31300", "2005-12-31": "417.06600", "2005-09-30": "383.05900", "2005-06-30": "395.59900", "2005-03-31": "388.38800"}, "Total Liabilities": {"2020-09-30": "2413.12400", "2020-06-30": "2494.43600", "2020-03-31": "2416.86900", "2019-12-31": "2422.46900", "2019-09-30": "2448.75000", "2019-06-30": "2630.57800", "2019-03-31": "2748.04200", "2018-12-31": "2645.31100", "2018-09-30": "2127.40700", "2018-06-30": "2182.31000", "2018-03-31": "2127.46000", "2017-12-31": "2149.83500", "2017-09-30": "2140.66800", "2017-06-30": "2111.71400", "2017-03-31": "2022.16100", "2016-12-31": "2003.84200", "2016-09-30": "2040.22100", "2016-06-30": "2073.91300", "2016-03-31": "2053.60700", "2015-12-31": "2128.05400", "2015-09-30": "2082.87400", "2015-06-30": "2014.07200", "2015-03-31": "", "2014-12-31": "2004.50400", "2014-09-30": "1975.58500", "2014-06-30": "1921.75600", "2014-03-31": "1934.17200", "2013-12-31": "2050.85800", "2013-09-30": "2050.77500", "2013-06-30": "1949.32300", "2013-03-31": "1913.62400", "2012-12-31": "1942.95600", "2012-09-30": "1891.16600", "2012-06-30": "1859.48200", "2012-03-31": "", "2011-12-31": "1676.26500", "2011-09-30": "1627.40200", "2011-06-30": "1584.61600", "2011-03-31": "1478.67800", "2010-12-31": "1411.34100", "2010-09-30": "1359.05800", "2010-06-30": "1363.37300", "2010-03-31": "1278.20700", "2009-12-31": "1250.07500", "2009-09-30": "1278.39900", "2009-06-30": "1285.45400", "2009-03-31": "1282.30800", "2008-12-31": "1336.76700", "2008-09-30": "1278.85800", "2008-06-30": "1257.81100", "2008-03-31": "1163.77200", "2007-12-31": "1175.61400", "2007-09-30": "1129.20900", "2007-06-30": "1043.16100", "2007-03-31": "961.36500", "2006-12-31": "883.34600", "2006-09-30": "799.80800", "2006-06-30": "759.49700", "2006-03-31": "657.19600", "2005-12-31": "671.04500", "2005-09-30": "616.90300", "2005-06-30": "609.44500", "2005-03-31": "525.14700"}, "Common Stock Net": {"2020-09-30": "28.66200", "2020-06-30": "28.65400", "2020-03-31": "28.65000", "2019-12-31": "28.60800", "2019-09-30": "28.60500", "2019-06-30": "28.60200", "2019-03-31": "28.59900", "2018-12-31": "28.55300", "2018-09-30": "28.55300", "2018-06-30": "28.55300", "2018-03-31": "28.54400", "2017-12-31": "28.50400", "2017-09-30": "28.49600", "2017-06-30": "28.41200", "2017-03-31": "28.41700", "2016-12-31": "28.45400", "2016-09-30": "28.45400", "2016-06-30": "28.45400", "2016-03-31": "28.45000", "2015-12-31": "28.39000", "2015-09-30": "28.39000", "2015-06-30": "28.39000", "2015-03-31": "", "2014-12-31": "28.32500", "2014-09-30": "28.32400", "2014-06-30": "30.14200", "2014-03-31": "30.09200", "2013-12-31": "30.09200", "2013-09-30": "30.09200", "2013-06-30": "30.09200", "2013-03-31": "30.09600", "2012-12-31": "30.05700", "2012-09-30": "29.96200", "2012-06-30": "29.96200", "2012-03-31": "", "2011-12-31": "29.96100", "2011-09-30": "29.96200", "2011-06-30": "29.96200", "2011-03-31": "29.96100", "2010-12-31": "29.75700", "2010-09-30": "29.75700", "2010-06-30": "29.75700", "2010-03-31": "29.75700", "2009-12-31": "29.58600", "2009-09-30": "29.58000", "2009-06-30": "29.58000", "2009-03-31": "29.58000", "2008-12-31": "29.48300", "2008-09-30": "29.48300", "2008-06-30": "29.48300", "2008-03-31": "29.48300", "2007-12-31": "29.30800", "2007-09-30": "29.30800", "2007-06-30": "29.30800", "2007-03-31": "29.30800", "2006-12-31": "29.22300", "2006-09-30": "29.22300", "2006-06-30": "29.22300", "2006-03-31": "29.22300", "2005-12-31": "29.22300", "2005-09-30": "29.22300", "2005-06-30": "29.22300", "2005-03-31": "29.22300"}, "Retained Earnings (Accumulated Deficit)": {"2020-09-30": "1501.39000", "2020-06-30": "1619.44700", "2020-03-31": "2005.48700", "2019-12-31": "1965.18100", "2019-09-30": "1996.98500", "2019-06-30": "1920.69500", "2019-03-31": "1897.03600", "2018-12-31": "1828.61500", "2018-09-30": "2271.48900", "2018-06-30": "2252.41500", "2018-03-31": "2239.40600", "2017-12-31": "1933.95300", "2017-09-30": "2081.27000", "2017-06-30": "2009.25300", "2017-03-31": "1967.86200", "2016-12-31": "1887.09100", "2016-09-30": "1818.13300", "2016-06-30": "1765.76500", "2016-03-31": "1732.72500", "2015-12-31": "1638.73300", "2015-09-30": "2083.80100", "2015-06-30": "2114.54700", "2015-03-31": "", "2014-12-31": "2011.48500", "2014-09-30": "2027.91400", "2014-06-30": "2004.85900", "2014-03-31": "1929.30600", "2013-12-31": "1820.58300", "2013-09-30": "1739.74000", "2013-06-30": "1646.52900", "2013-03-31": "1572.08800", "2012-12-31": "1458.25800", "2012-09-30": "1471.25800", "2012-06-30": "1359.34100", "2012-03-31": "", "2011-12-31": "1324.39400", "2011-09-30": "1186.16300", "2011-06-30": "1115.83300", "2011-03-31": "1145.69000", "2010-12-31": "1086.37900", "2010-09-30": "889.86600", "2010-06-30": "825.94400", "2010-03-31": "901.40500", "2009-12-31": "858.54300", "2009-09-30": "747.59700", "2009-06-30": "704.52300", "2009-03-31": "665.61700", "2008-12-31": "625.71100", "2008-09-30": "568.29700", "2008-06-30": "545.32200", "2008-03-31": "531.09800", "2007-12-31": "491.59900", "2007-09-30": "456.12300", "2007-06-30": "409.30200", "2007-03-31": "392.81600", "2006-12-31": "343.39000", "2006-09-30": "301.93500", "2006-06-30": "264.69400", "2006-03-31": "250.14200", "2005-12-31": "217.86200", "2005-09-30": "200.21100", "2005-06-30": "171.05500", "2005-03-31": "167.49200"}, "Comprehensive Income": {"2020-09-30": "-8.63200", "2020-06-30": "-8.63200", "2020-03-31": "-8.63200", "2019-12-31": "-8.62800", "2019-09-30": "-5.37800", "2019-06-30": "-5.37800", "2019-03-31": "-4.19100", "2018-12-31": "-4.22700", "2018-09-30": "-3.96000", "2018-06-30": "-3.96000", "2018-03-31": "-3.88800", "2017-12-31": "-3.88800", "2017-09-30": "-1.85900", "2017-06-30": "-1.85900", "2017-03-31": "-1.85900", "2016-12-31": "-1.87200", "2016-09-30": "-0.77600", "2016-06-30": "-0.77600", "2016-03-31": "-0.77600", "2015-12-31": "-0.76800", "2015-09-30": "-1.43900", "2015-06-30": "-4.70600", "2015-03-31": "", "2014-12-31": "0.23800", "2014-09-30": "8.51300", "2014-06-30": "5.38300", "2014-03-31": "3.47800", "2013-12-31": "4.20000", "2013-09-30": "3.47000", "2013-06-30": "3.45000", "2013-03-31": "9.07800", "2012-12-31": "7.56900", "2012-09-30": "6.89500", "2012-06-30": "6.63800", "2012-03-31": "", "2011-12-31": "1.60900", "2011-09-30": "1.28300", "2011-06-30": "4.93900", "2011-03-31": "3.78400", "2010-12-31": "2.41000", "2010-09-30": "1.04400", "2010-06-30": "0.15300", "2010-03-31": "2.88300", "2009-12-31": "0.80800", "2009-09-30": "2.37200", "2009-06-30": "-1.99600", "2009-03-31": "-9.67600", "2008-12-31": "-3.46300", "2008-09-30": "0.03800", "2008-06-30": "5.63600", "2008-03-31": "6.37100", "2007-12-31": "2.66600", "2007-09-30": "3.12900", "2007-06-30": "4.49900", "2007-03-31": "2.84700", "2006-12-31": "-4.28400", "2006-09-30": "-5.61500", "2006-06-30": "-5.20600", "2006-03-31": "-1.27500", "2005-12-31": "-1.21800", "2005-09-30": "-0.21100", "2005-06-30": "", "2005-03-31": ""}, "Other Share Holders Equity": {"2020-09-30": "", "2020-06-30": "", "2020-03-31": "", "2019-12-31": "", "2019-09-30": "", "2019-06-30": "", "2019-03-31": "", "2018-12-31": "", "2018-09-30": "", "2018-06-30": "", "2018-03-31": "", "2017-12-31": "", "2017-09-30": "", "2017-06-30": "", "2017-03-31": "", "2016-12-31": "", "2016-09-30": "", "2016-06-30": "", "2016-03-31": "", "2015-12-31": "", "2015-09-30": "", "2015-06-30": "", "2015-03-31": "", "2014-12-31": "", "2014-09-30": "", "2014-06-30": "", "2014-03-31": "", "2013-12-31": "", "2013-09-30": "", "2013-06-30": "", "2013-03-31": "", "2012-12-31": "", "2012-09-30": "", "2012-06-30": "", "2012-03-31": "", "2011-12-31": "", "2011-09-30": "", "2011-06-30": "", "2011-03-31": "", "2010-12-31": "", "2010-09-30": "", "2010-06-30": "", "2010-03-31": "", "2009-12-31": "", "2009-09-30": "", "2009-06-30": "", "2009-03-31": "", "2008-12-31": "", "2008-09-30": "", "2008-06-30": "", "2008-03-31": "", "2007-12-31": "", "2007-09-30": "", "2007-06-30": "", "2007-03-31": "", "2006-12-31": "", "2006-09-30": "", "2006-06-30": "", "2006-03-31": "", "2005-12-31": "", "2005-09-30": "", "2005-06-30": "", "2005-03-31": ""}, "Share Holder Equity": {"2020-09-30": "1475.15600", "2020-06-30": "1591.76300", "2020-03-31": "1976.65800", "2019-12-31": "1934.90800", "2019-09-30": "1968.16200", "2019-06-30": "1890.50700", "2019-03-31": "1866.73200", "2018-12-31": "1796.59400", "2018-09-30": "2237.94400", "2018-06-30": "2217.00600", "2018-03-31": "2202.54500", "2017-12-31": "1895.12600", "2017-09-30": "2042.64200", "2017-06-30": "1968.71400", "2017-03-31": "1925.61400", "2016-12-31": "1842.27100", "2016-09-30": "1772.12200", "2016-06-30": "1716.12700", "2016-03-31": "1682.44300", "2015-12-31": "1587.42200", "2015-09-30": "2109.06100", "2015-06-30": "2157.31600", "2015-03-31": "", "2014-12-31": "2075.10800", "2014-09-30": "2116.96200", "2014-06-30": "2090.05400", "2014-03-31": "2011.03100", "2013-12-31": "1901.90600", "2013-09-30": "1818.89600", "2013-06-30": "1724.51300", "2013-03-31": "1653.62600", "2012-12-31": "1536.54400", "2012-09-30": "1547.09200", "2012-06-30": "1433.17800", "2012-03-31": "", "2011-12-31": "1389.53100", "2011-09-30": "1248.92000", "2011-06-30": "1180.15000", "2011-03-31": "1206.16800", "2010-12-31": "1144.65600", "2010-09-30": "943.50200", "2010-06-30": "877.13700", "2010-03-31": "957.21300", "2009-12-31": "911.13300", "2009-09-30": "796.84100", "2009-06-30": "748.11600", "2009-03-31": "700.18500", "2008-12-31": "669.34400", "2008-09-30": "610.11700", "2008-06-30": "591.60100", "2008-03-31": "576.98900", "2007-12-31": "531.63700", "2007-09-30": "495.38700", "2007-06-30": "448.70200", "2007-03-31": "428.44400", "2006-12-31": "371.66900", "2006-09-30": "327.38300", "2006-06-30": "289.64100", "2006-03-31": "278.09000", "2005-12-31": "245.86700", "2005-09-30": "229.22300", "2005-06-30": "200.29400", "2005-03-31": "196.71500"}, "Total Liabilities And Share Holders Equity": {"2020-09-30": "3888.28000", "2020-06-30": "4086.19900", "2020-03-31": "4393.52600", "2019-12-31": "4357.37700", "2019-09-30": "4416.91200", "2019-06-30": "4521.08500", "2019-03-31": "4614.77500", "2018-12-31": "4441.90500", "2018-09-30": "4365.35100", "2018-06-30": "4399.31600", "2018-03-31": "4330.00500", "2017-12-31": "4044.96100", "2017-09-30": "4183.31000", "2017-06-30": "4080.42800", "2017-03-31": "3947.77500", "2016-12-31": "3846.11300", "2016-09-30": "3812.34300", "2016-06-30": "3790.04000", "2016-03-31": "3736.05000", "2015-12-31": "3715.47600", "2015-09-30": "4191.93500", "2015-06-30": "4171.38800", "2015-03-31": "", "2014-12-31": "4079.61200", "2014-09-30": "4092.54700", "2014-06-30": "4011.81100", "2014-03-31": "3945.20200", "2013-12-31": "3952.76400", "2013-09-30": "3869.67200", "2013-06-30": "3673.83600", "2013-03-31": "3567.25000", "2012-12-31": "3479.50000", "2012-09-30": "3438.25800", "2012-06-30": "3292.66000", "2012-03-31": "", "2011-12-31": "3065.79600", "2011-09-30": "2876.32200", "2011-06-30": "2764.76600", "2011-03-31": "2684.84600", "2010-12-31": "2555.99700", "2010-09-30": "2302.56000", "2010-06-30": "2240.51000", "2010-03-31": "2235.42000", "2009-12-31": "2161.20800", "2009-09-30": "2075.23900", "2009-06-30": "2033.57000", "2009-03-31": "1982.49300", "2008-12-31": "2006.11100", "2008-09-30": "1888.97500", "2008-06-30": "1849.41200", "2008-03-31": "1740.76100", "2007-12-31": "1707.25100", "2007-09-30": "1624.59600", "2007-06-30": "1491.86300", "2007-03-31": "1389.80900", "2006-12-31": "1255.01500", "2006-09-30": "1127.19100", "2006-06-30": "1049.13800", "2006-03-31": "935.28600", "2005-12-31": "916.91200", "2005-09-30": "846.12600", "2005-06-30": "809.73900", "2005-03-31": "721.86200"}}, "cash flow statement": {"Net Income/Loss": {"2019-12-31": "247.00200", "2018-12-31": "88.19800", "2017-12-31": "364.04500", "2016-12-31": "334.54400", "2015-12-31": "-224.97400", "2014-12-31": "361.66900", "2013-12-31": "427.47100", "2012-12-31": "326.47600", "2011-12-31": "310.42500", "2010-12-31": "241.05700", "2009-12-31": "249.08700", "2008-12-31": "118.65900", "2007-12-31": "161.82000", "2006-12-31": "133.83900", "2005-12-31": "82.99900"}, "Total Depreciation And Amortization - Cash Flow": {"2019-12-31": "282.08000", "2018-12-31": "276.56300", "2017-12-31": "167.32400", "2016-12-31": "159.19400", "2015-12-31": "134.88800", "2014-12-31": "115.14700", "2013-12-31": "136.52200", "2012-12-31": "89.21700", "2011-12-31": "75.45800", "2010-12-31": "62.96200", "2009-12-31": "50.87600", "2008-12-31": "42.89100", "2007-12-31": "35.32800", "2006-12-31": "24.87400", "2005-12-31": "19.85700"}, "Other Non-Cash Items": {"2019-12-31": "153.40900", "2018-12-31": "238.86800", "2017-12-31": "30.09200", "2016-12-31": "-59.20000", "2015-12-31": "450.70600", "2014-12-31": "136.69800", "2013-12-31": "42.72100", "2012-12-31": "18.88900", "2011-12-31": "22.78700", "2010-12-31": "-0.26800", "2009-12-31": "-32.28900", "2008-12-31": "66.98200", "2007-12-31": "1.87900", "2006-12-31": "10.67200", "2005-12-31": "-1.57400"}, "Total Non-Cash Items": {"2019-12-31": "435.48900", "2018-12-31": "515.43100", "2017-12-31": "197.41600", "2016-12-31": "99.99400", "2015-12-31": "585.59400", "2014-12-31": "251.84500", "2013-12-31": "179.24300", "2012-12-31": "108.10600", "2011-12-31": "98.24500", "2010-12-31": "62.69400", "2009-12-31": "18.58700", "2008-12-31": "109.87300", "2007-12-31": "37.20700", "2006-12-31": "35.54600", "2005-12-31": "18.28300"}, "Change In Accounts Receivable": {"2019-12-31": "-16.97800", "2018-12-31": "-3.05500", "2017-12-31": "-3.35300", "2016-12-31": "-9.82400", "2015-12-31": "17.15400", "2014-12-31": "11.05400", "2013-12-31": "-2.09100", "2012-12-31": "-0.16400", "2011-12-31": "-53.96100", "2010-12-31": "-6.14400", "2009-12-31": "-3.75600", "2008-12-31": "-7.63600", "2007-12-31": "-13.54900", "2006-12-31": "-16.97800", "2005-12-31": "-11.70400"}, "Change In Inventories": {"2019-12-31": "", "2018-12-31": "", "2017-12-31": "", "2016-12-31": "", "2015-12-31": "", "2014-12-31": "", "2013-12-31": "", "2012-12-31": "", "2011-12-31": "", "2010-12-31": "", "2009-12-31": "", "2008-12-31": "", "2007-12-31": "", "2006-12-31": "", "2005-12-31": ""}, "Change In Accounts Payable": {"2019-12-31": "-3.57100", "2018-12-31": "10.85400", "2017-12-31": "25.14200", "2016-12-31": "19.46300", "2015-12-31": "-33.71400", "2014-12-31": "22.63200", "2013-12-31": "-19.18600", "2012-12-31": "10.31400", "2011-12-31": "35.01600", "2010-12-31": "11.37500", "2009-12-31": "3.77800", "2008-12-31": "-0.39300", "2007-12-31": "9.28200", "2006-12-31": "3.67400", "2005-12-31": "-0.31900"}, "Change In Assets/Liabilities": {"2019-12-31": "122.94100", "2018-12-31": "-68.41500", "2017-12-31": "144.08200", "2016-12-31": "150.41300", "2015-12-31": "-27.19700", "2014-12-31": "-262.30800", "2013-12-31": "244.82800", "2012-12-31": "93.29400", "2011-12-31": "108.56400", "2010-12-31": "-16.18100", "2009-12-31": "23.60300", "2008-12-31": "-22.39800", "2007-12-31": "27.18100", "2006-12-31": "37.38700", "2005-12-31": "26.10900"}, "Total Change In Assets/Liabilities": {"2019-12-31": "102.39200", "2018-12-31": "-60.61600", "2017-12-31": "165.87100", "2016-12-31": "160.05200", "2015-12-31": "-43.75700", "2014-12-31": "-228.62200", "2013-12-31": "223.55100", "2012-12-31": "103.44400", "2011-12-31": "89.61900", "2010-12-31": "-10.95000", "2009-12-31": "23.62500", "2008-12-31": "-30.42700", "2007-12-31": "22.91400", "2006-12-31": "24.08300", "2005-12-31": "14.08600"}, "Cash Flow From Operating Activities": {"2019-12-31": "784.88300", "2018-12-31": "543.01300", "2017-12-31": "727.33200", "2016-12-31": "594.59000", "2015-12-31": "316.86300", "2014-12-31": "384.89200", "2013-12-31": "830.26500", "2012-12-31": "538.02600", "2011-12-31": "498.28900", "2010-12-31": "292.80100", "2009-12-31": "291.29900", "2008-12-31": "198.10500", "2007-12-31": "221.94100", "2006-12-31": "193.46800", "2005-12-31": "115.36800"}, "Net Change In Property, Plant, And Equipment": {"2019-12-31": "-18.79400", "2018-12-31": "-118.99700", "2017-12-31": "-109.93900", "2016-12-31": "-80.01300", "2015-12-31": "-78.40800", "2014-12-31": "-105.89200", "2013-12-31": "-90.49200", "2012-12-31": "-177.55400", "2011-12-31": "-126.96600", "2010-12-31": "-182.64000", "2009-12-31": "-59.04700", "2008-12-31": "-161.52500", "2007-12-31": "-301.65900", "2006-12-31": "-190.20100", "2005-12-31": "-60.50400"}, "Net Change In Intangible Assets": {"2019-12-31": "-100.89300", "2018-12-31": "-246.91400", "2017-12-31": "10.20700", "2016-12-31": "14.67600", "2015-12-31": "141.75100", "2014-12-31": "190.49000", "2013-12-31": "-191.02500", "2012-12-31": "-194.88600", "2011-12-31": "-175.35400", "2010-12-31": "-157.29200", "2009-12-31": "-151.67600", "2008-12-31": "-53.43400", "2007-12-31": "-62.12800", "2006-12-31": "-58.69700", "2005-12-31": "-49.46100"}, "Net Acquisitions/Divestitures": {"2019-12-31": "", "2018-12-31": "", "2017-12-31": "", "2016-12-31": "", "2015-12-31": "", "2014-12-31": "", "2013-12-31": "", "2012-12-31": "", "2011-12-31": "", "2010-12-31": "", "2009-12-31": "", "2008-12-31": "", "2007-12-31": "", "2006-12-31": "", "2005-12-31": "-22.28500"}, "Net Change In Short-term Investments": {"2019-12-31": "", "2018-12-31": "", "2017-12-31": "", "2016-12-31": "", "2015-12-31": "", "2014-12-31": "", "2013-12-31": "", "2012-12-31": "", "2011-12-31": "", "2010-12-31": "", "2009-12-31": "", "2008-12-31": "", "2007-12-31": "", "2006-12-31": "", "2005-12-31": ""}, "Net Change In Long-Term Investments": {"2019-12-31": "-121.44300", "2018-12-31": "63.66400", "2017-12-31": "-287.11200", "2016-12-31": "-67.09300", "2015-12-31": "52.10500", "2014-12-31": "140.63300", "2013-12-31": "-386.56900", "2012-12-31": "-282.16500", "2011-12-31": "-165.93000", "2010-12-31": "-105.50000", "2009-12-31": "50.40900", "2008-12-31": "-107.82100", "2007-12-31": "16.99500", "2006-12-31": "-10.08200", "2005-12-31": "-27.63600"}, "Net Change In Investments - Total": {"2019-12-31": "-121.44300", "2018-12-31": "63.66400", "2017-12-31": "-287.11200", "2016-12-31": "-67.09300", "2015-12-31": "52.10500", "2014-12-31": "140.63300", "2013-12-31": "-386.56900", "2012-12-31": "-282.16500", "2011-12-31": "-165.93000", "2010-12-31": "-105.50000", "2009-12-31": "50.40900", "2008-12-31": "-107.82100", "2007-12-31": "16.99500", "2006-12-31": "-10.08200", "2005-12-31": "-27.63600"}, "Investing Activities - Other": {"2019-12-31": "48.26200", "2018-12-31": "152.65100", "2017-12-31": "-191.31500", "2016-12-31": "-47.47900", "2015-12-31": "-83.06400", "2014-12-31": "-204.08400", "2013-12-31": "102.36600", "2012-12-31": "", "2011-12-31": "", "2010-12-31": "", "2009-12-31": "", "2008-12-31": "", "2007-12-31": "12.03400", "2006-12-31": "", "2005-12-31": ""}, "Cash Flow From Investing Activities": {"2019-12-31": "-192.86800", "2018-12-31": "-149.59600", "2017-12-31": "-578.15900", "2016-12-31": "-179.90900", "2015-12-31": "32.38400", "2014-12-31": "21.14700", "2013-12-31": "-565.72000", "2012-12-31": "-654.60500", "2011-12-31": "-468.25000", "2010-12-31": "-445.43200", "2009-12-31": "-160.31400", "2008-12-31": "-322.78000", "2007-12-31": "-334.75800", "2006-12-31": "-258.98000", "2005-12-31": "-159.88600"}, "Net Long-Term Debt": {"2019-12-31": "-331.82700", "2018-12-31": "-176.33300", "2017-12-31": "-98.55100", "2016-12-31": "-162.56500", "2015-12-31": "-91.91200", "2014-12-31": "-127.22700", "2013-12-31": "-137.01900", "2012-12-31": "138.13700", "2011-12-31": "78.18500", "2010-12-31": "143.37500", "2009-12-31": "-71.59400", "2008-12-31": "75.72600", "2007-12-31": "241.85600", "2006-12-31": "149.80900", "2005-12-31": "48.99800"}, "Net Current Debt": {"2019-12-31": "-103.06900", "2018-12-31": "-106.25400", "2017-12-31": "", "2016-12-31": "", "2015-12-31": "", "2014-12-31": "", "2013-12-31": "", "2012-12-31": "", "2011-12-31": "", "2010-12-31": "", "2009-12-31": "", "2008-12-31": "", "2007-12-31": "", "2006-12-31": "", "2005-12-31": ""}, "Debt Issuance/Retirement Net - Total": {"2019-12-31": "-434.89600", "2018-12-31": "-282.58700", "2017-12-31": "-98.55100", "2016-12-31": "-162.56500", "2015-12-31": "-91.91200", "2014-12-31": "-127.22700", "2013-12-31": "-137.01900", "2012-12-31": "138.13700", "2011-12-31": "78.18500", "2010-12-31": "143.37500", "2009-12-31": "-71.59400", "2008-12-31": "75.72600", "2007-12-31": "241.85600", "2006-12-31": "149.80900", "2005-12-31": "48.99800"}, "Net Common Equity Issued/Repurchased": {"2019-12-31": "", "2018-12-31": "", "2017-12-31": "0.58700", "2016-12-31": "0.05600", "2015-12-31": "-117.96200", "2014-12-31": "-18.42600", "2013-12-31": "0.44700", "2012-12-31": "0.17600", "2011-12-31": "", "2010-12-31": "", "2009-12-31": "", "2008-12-31": "", "2007-12-31": "", "2006-12-31": "", "2005-12-31": ""}, "Net Total Equity Issued/Repurchased": {"2019-12-31": "", "2018-12-31": "", "2017-12-31": "0.58700", "2016-12-31": "0.05600", "2015-12-31": "-117.96200", "2014-12-31": "-18.42600", "2013-12-31": "0.44700", "2012-12-31": "0.17600", "2011-12-31": "", "2010-12-31": "", "2009-12-31": "", "2008-12-31": "", "2007-12-31": "", "2006-12-31": "", "2005-12-31": ""}, "Total Common And Preferred Stock Dividends Paid": {"2019-12-31": "-110.43800", "2018-12-31": "-147.60400", "2017-12-31": "-106.79200", "2016-12-31": "-86.11600", "2015-12-31": "-147.59200", "2014-12-31": "-170.76700", "2013-12-31": "-64.69600", "2012-12-31": "-192.61200", "2011-12-31": "-72.41000", "2010-12-31": "-47.90800", "2009-12-31": "-16.25500", "2008-12-31": "-16.20700", "2007-12-31": "-13.56100", "2006-12-31": "-8.31100", "2005-12-31": "-10.06900"}, "Financial Activities - Other": {"2019-12-31": "", "2018-12-31": "", "2017-12-31": "", "2016-12-31": "", "2015-12-31": "", "2014-12-31": "", "2013-12-31": "", "2012-12-31": "", "2011-12-31": "", "2010-12-31": "0.05300", "2009-12-31": "", "2008-12-31": "", "2007-12-31": "", "2006-12-31": "", "2005-12-31": ""}, "Cash Flow From Financial Activities": {"2019-12-31": "-545.33400", "2018-12-31": "-430.19100", "2017-12-31": "-204.75600", "2016-12-31": "-248.62500", "2015-12-31": "-357.46600", "2014-12-31": "-316.42000", "2013-12-31": "-201.26800", "2012-12-31": "-54.29900", "2011-12-31": "5.77500", "2010-12-31": "95.52000", "2009-12-31": "-87.84900", "2008-12-31": "59.51900", "2007-12-31": "228.29500", "2006-12-31": "141.49800", "2005-12-31": "38.92900"}, "Net Cash Flow": {"2019-12-31": "2.57400", "2018-12-31": "-82.63400", "2017-12-31": "-92.89500", "2016-12-31": "126.97200", "2015-12-31": "-16.72800", "2014-12-31": "82.33300", "2013-12-31": "63.01600", "2012-12-31": "-167.70700", "2011-12-31": "36.11100", "2010-12-31": "-54.96600", "2009-12-31": "41.84800", "2008-12-31": "-65.05000", "2007-12-31": "115.97800", "2006-12-31": "75.77400", "2005-12-31": "-5.56000"}, "Stock-Based Compensation": {"2019-12-31": "6.14900", "2018-12-31": "7.14500", "2017-12-31": "7.42200", "2016-12-31": "7.53900", "2015-12-31": "4.03400", "2014-12-31": "4.68800", "2013-12-31": "5.96700", "2012-12-31": "7.01400", "2011-12-31": "7.66100", "2010-12-31": "4.03200", "2009-12-31": "4.68600", "2008-12-31": "5.59300", "2007-12-31": "4.80900", "2006-12-31": "3.34000", "2005-12-31": ""}, "Common Stock Dividends Paid": {"2019-12-31": "-110.43800", "2018-12-31": "-147.60400", "2017-12-31": "-106.79200", "2016-12-31": "-86.11600", "2015-12-31": "-147.59200", "2014-12-31": "-170.76700", "2013-12-31": "-64.69600", "2012-12-31": "-192.61200", "2011-12-31": "-72.41000", "2010-12-31": "-47.90800", "2009-12-31": "-16.25500", "2008-12-31": "-16.20700", "2007-12-31": "-13.56100", "2006-12-31": "-8.31100", "2005-12-31": "-10.06900"}}, "cash flow statement, quarterly": {"Net Income/Loss": {"2020-09-30": 0, "2020-06-30": 0, "2020-03-31": "0.00000", "2019-12-31": 247.002, "2019-09-30": 0, "2019-06-30": 0, "2019-03-31": "0.00000", "2018-12-31": 88.198, "2018-09-30": 0, "2018-06-30": 0, "2018-03-31": "0.00000", "2017-12-31": 364.045, "2017-09-30": 0, "2017-06-30": 0, "2017-03-31": "0.00000", "2016-12-31": 334.544, "2016-09-30": 0, "2016-06-30": 0, "2016-03-31": "0.00000", "2015-12-31": -224.974, "2015-09-30": 0, "2015-06-30": 0, "2015-03-31": "0.00000", "2014-12-31": 361.669, "2014-09-30": 0, "2014-06-30": 0, "2014-03-31": "0.00000", "2013-12-31": 427.471, "2013-09-30": 0, "2013-06-30": 0, "2013-03-31": "0.00000", "2012-12-31": 326.476, "2012-09-30": 0, "2012-06-30": 0, "2012-03-31": "0.00000", "2011-12-31": 310.425, "2011-09-30": 0, "2011-06-30": 0, "2011-03-31": "0.00000", "2010-12-31": 241.057, "2010-09-30": 0, "2010-06-30": 0, "2010-03-31": "0.00000", "2009-12-31": 249.087, "2009-09-30": 0, "2009-06-30": 0, "2009-03-31": "0.00000", "2008-12-31": 118.659, "2008-09-30": 0, "2008-06-30": 0, "2008-03-31": "0.00000", "2007-12-31": 161.82, "2007-09-30": 0, "2007-06-30": 0, "2007-03-31": "0.00000", "2006-12-31": 133.839, "2006-09-30": 0, "2006-06-30": 0, "2006-03-31": "0.00000", "2005-12-31": 82.99, "2005-09-30": 0, "2005-06-30": 0, "2005-03-31": "0.00000"}, "Total Depreciation And Amortization - Cash Flow": {"2020-09-30": 0, "2020-06-30": 0, "2020-03-31": "", "2019-12-31": 282.08, "2019-09-30": 0, "2019-06-30": 0, "2019-03-31": "", "2018-12-31": 276.563, "2018-09-30": 0, "2018-06-30": 0, "2018-03-31": "", "2017-12-31": 167.324, "2017-09-30": 0, "2017-06-30": 0, "2017-03-31": "", "2016-12-31": 159.194, "2016-09-30": 0, "2016-06-30": 0, "2016-03-31": "", "2015-12-31": 134.888, "2015-09-30": 0, "2015-06-30": 0, "2015-03-31": "", "2014-12-31": 115.147, "2014-09-30": 0, "2014-06-30": 0, "2014-03-31": "", "2013-12-31": 136.522, "2013-09-30": 0, "2013-06-30": 0, "2013-03-31": "", "2012-12-31": 89.217, "2012-09-30": 0, "2012-06-30": 0, "2012-03-31": "", "2011-12-31": 75.458, "2011-09-30": 0, "2011-06-30": 0, "2011-03-31": "", "2010-12-31": 62.962, "2010-09-30": 0, "2010-06-30": 0, "2010-03-31": "", "2009-12-31": 50.876, "2009-09-30": 0, "2009-06-30": 0, "2009-03-31": "", "2008-12-31": 42.891, "2008-09-30": 0, "2008-06-30": 0, "2008-03-31": "", "2007-12-31": 35.328, "2007-09-30": 0, "2007-06-30": 0, "2007-03-31": "", "2006-12-31": 24.874, "2006-09-30": 0, "2006-06-30": 0, "2006-03-31": "", "2005-12-31": 19.85, "2005-09-30": 0, "2005-06-30": 0, "2005-03-31": ""}, "Other Non-Cash Items": {"2020-09-30": 0, "2020-06-30": 0, "2020-03-31": "", "2019-12-31": 153.409, "2019-09-30": 0, "2019-06-30": 0, "2019-03-31": "", "2018-12-31": 238.868, "2018-09-30": 0, "2018-06-30": 0, "2018-03-31": "", "2017-12-31": 30.092, "2017-09-30": 0, "2017-06-30": 0, "2017-03-31": "", "2016-12-31": -59.2, "2016-09-30": 0, "2016-06-30": 0, "2016-03-31": "", "2015-12-31": 450.706, "2015-09-30": 0, "2015-06-30": 0, "2015-03-31": "", "2014-12-31": 136.698, "2014-09-30": 0, "2014-06-30": 0, "2014-03-31": "", "2013-12-31": 42.721, "2013-09-30": 0, "2013-06-30": 0, "2013-03-31": "", "2012-12-31": 18.889, "2012-09-30": 0, "2012-06-30": 0, "2012-03-31": "", "2011-12-31": 22.787, "2011-09-30": 0, "2011-06-30": 0, "2011-03-31": "", "2010-12-31": -0.268, "2010-09-30": 0, "2010-06-30": 0, "2010-03-31": "", "2009-12-31": -32.289, "2009-09-30": 0, "2009-06-30": 0, "2009-03-31": "", "2008-12-31": 66.982, "2008-09-30": 0, "2008-06-30": 0, "2008-03-31": "", "2007-12-31": 1.879, "2007-09-30": 0, "2007-06-30": 0, "2007-03-31": "", "2006-12-31": 10.672, "2006-09-30": 0, "2006-06-30": 0, "2006-03-31": "", "2005-12-31": -1.574, "2005-09-30": 0, "2005-06-30": 0, "2005-03-31": ""}, "Total Non-Cash Items": {"2020-09-30": 0, "2020-06-30": 0, "2020-03-31": "", "2019-12-31": 435.489, "2019-09-30": 0, "2019-06-30": 0, "2019-03-31": "", "2018-12-31": 515.431, "2018-09-30": 0, "2018-06-30": 0, "2018-03-31": "", "2017-12-31": 197.416, "2017-09-30": 0, "2017-06-30": 0, "2017-03-31": "", "2016-12-31": 99.994, "2016-09-30": 0, "2016-06-30": 0, "2016-03-31": "", "2015-12-31": 585.594, "2015-09-30": 0, "2015-06-30": 0, "2015-03-31": "", "2014-12-31": 251.845, "2014-09-30": 0, "2014-06-30": 0, "2014-03-31": "", "2013-12-31": 179.243, "2013-09-30": 0, "2013-06-30": 0, "2013-03-31": "", "2012-12-31": 108.106, "2012-09-30": 0, "2012-06-30": 0, "2012-03-31": "", "2011-12-31": 98.245, "2011-09-30": 0, "2011-06-30": 0, "2011-03-31": "", "2010-12-31": 62.694, "2010-09-30": 0, "2010-06-30": 0, "2010-03-31": "", "2009-12-31": 18.587, "2009-09-30": 0, "2009-06-30": 0, "2009-03-31": "", "2008-12-31": 109.873, "2008-09-30": 0, "2008-06-30": 0, "2008-03-31": "", "2007-12-31": 37.207, "2007-09-30": 0, "2007-06-30": 0, "2007-03-31": "", "2006-12-31": 35.546, "2006-09-30": 0, "2006-06-30": 0, "2006-03-31": "", "2005-12-31": 19.85, "2005-09-30": 0, "2005-06-30": 0, "2005-03-31": ""}, "Change In Accounts Receivable": {"2020-09-30": 0, "2020-06-30": 0, "2020-03-31": "", "2019-12-31": -16.978, "2019-09-30": 0, "2019-06-30": 0, "2019-03-31": "", "2018-12-31": -3.055, "2018-09-30": 0, "2018-06-30": 0, "2018-03-31": "", "2017-12-31": -3.353, "2017-09-30": 0, "2017-06-30": 0, "2017-03-31": "", "2016-12-31": -9.824, "2016-09-30": 0, "2016-06-30": 0, "2016-03-31": "", "2015-12-31": 17.154, "2015-09-30": 0, "2015-06-30": 0, "2015-03-31": "", "2014-12-31": 11.054, "2014-09-30": 0, "2014-06-30": 0, "2014-03-31": "", "2013-12-31": -2.091, "2013-09-30": 0, "2013-06-30": 0, "2013-03-31": "", "2012-12-31": -0.164, "2012-09-30": 0, "2012-06-30": 0, "2012-03-31": "", "2011-12-31": -53.961, "2011-09-30": 0, "2011-06-30": 0, "2011-03-31": "", "2010-12-31": -6.144, "2010-09-30": 0, "2010-06-30": 0, "2010-03-31": "", "2009-12-31": -3.756, "2009-09-30": 0, "2009-06-30": 0, "2009-03-31": "", "2008-12-31": -7.636, "2008-09-30": 0, "2008-06-30": 0, "2008-03-31": "", "2007-12-31": -13.549, "2007-09-30": 0, "2007-06-30": 0, "2007-03-31": "", "2006-12-31": -16.978, "2006-09-30": 0, "2006-06-30": 0, "2006-03-31": "", "2005-12-31": -11.704, "2005-09-30": 0, "2005-06-30": 0, "2005-03-31": ""}, "Change In Inventories": {"2020-09-30": 0, "2020-06-30": 0, "2020-03-31": "", "2019-12-31": 0, "2019-09-30": 0, "2019-06-30": 0, "2019-03-31": "", "2018-12-31": 0, "2018-09-30": 0, "2018-06-30": 0, "2018-03-31": "", "2017-12-31": 0, "2017-09-30": 0, "2017-06-30": 0, "2017-03-31": "", "2016-12-31": 0, "2016-09-30": 0, "2016-06-30": 0, "2016-03-31": "", "2015-12-31": 0, "2015-09-30": 0, "2015-06-30": 0, "2015-03-31": "", "2014-12-31": 0, "2014-09-30": 0, "2014-06-30": 0, "2014-03-31": "", "2013-12-31": 0, "2013-09-30": 0, "2013-06-30": 0, "2013-03-31": "", "2012-12-31": 0, "2012-09-30": 0, "2012-06-30": 0, "2012-03-31": "", "2011-12-31": 0, "2011-09-30": 0, "2011-06-30": 0, "2011-03-31": "", "2010-12-31": 0, "2010-09-30": 0, "2010-06-30": 0, "2010-03-31": "", "2009-12-31": 0, "2009-09-30": 0, "2009-06-30": 0, "2009-03-31": "", "2008-12-31": 0, "2008-09-30": 0, "2008-06-30": 0, "2008-03-31": "", "2007-12-31": 0, "2007-09-30": 0, "2007-06-30": 0, "2007-03-31": "", "2006-12-31": 0, "2006-09-30": 0, "2006-06-30": 0, "2006-03-31": "", "2005-12-31": 0, "2005-09-30": 0, "2005-06-30": 0, "2005-03-31": ""}, "Change In Accounts Payable": {"2020-09-30": 0, "2020-06-30": 0, "2020-03-31": "", "2019-12-31": -3.571, "2019-09-30": 0, "2019-06-30": 0, "2019-03-31": "", "2018-12-31": 10.854, "2018-09-30": 0, "2018-06-30": 0, "2018-03-31": "", "2017-12-31": 25.142, "2017-09-30": 0, "2017-06-30": 0, "2017-03-31": "", "2016-12-31": 19.463, "2016-09-30": 0, "2016-06-30": 0, "2016-03-31": "", "2015-12-31": -33.714, "2015-09-30": 0, "2015-06-30": 0, "2015-03-31": "", "2014-12-31": 22.632, "2014-09-30": 0, "2014-06-30": 0, "2014-03-31": "", "2013-12-31": -19.186, "2013-09-30": 0, "2013-06-30": 0, "2013-03-31": "", "2012-12-31": 10.314, "2012-09-30": 0, "2012-06-30": 0, "2012-03-31": "", "2011-12-31": 35.016, "2011-09-30": 0, "2011-06-30": 0, "2011-03-31": "", "2010-12-31": 11.375, "2010-09-30": 0, "2010-06-30": 0, "2010-03-31": "", "2009-12-31": 3.778, "2009-09-30": 0, "2009-06-30": 0, "2009-03-31": "", "2008-12-31": -0.393, "2008-09-30": 0, "2008-06-30": 0, "2008-03-31": "", "2007-12-31": 9.282, "2007-09-30": 0, "2007-06-30": 0, "2007-03-31": "", "2006-12-31": 3.674, "2006-09-30": 0, "2006-06-30": 0, "2006-03-31": "", "2005-12-31": -0.319, "2005-09-30": 0, "2005-06-30": 0, "2005-03-31": ""}, "Change In Assets/Liabilities": {"2020-09-30": 0, "2020-06-30": 0, "2020-03-31": "", "2019-12-31": 122.941, "2019-09-30": 0, "2019-06-30": 0, "2019-03-31": "", "2018-12-31": -68.415, "2018-09-30": 0, "2018-06-30": 0, "2018-03-31": "", "2017-12-31": 144.082, "2017-09-30": 0, "2017-06-30": 0, "2017-03-31": "", "2016-12-31": 150.413, "2016-09-30": 0, "2016-06-30": 0, "2016-03-31": "", "2015-12-31": -27.197, "2015-09-30": 0, "2015-06-30": 0, "2015-03-31": "", "2014-12-31": -262.308, "2014-09-30": 0, "2014-06-30": 0, "2014-03-31": "", "2013-12-31": 244.828, "2013-09-30": 0, "2013-06-30": 0, "2013-03-31": "", "2012-12-31": 93.294, "2012-09-30": 0, "2012-06-30": 0, "2012-03-31": "", "2011-12-31": 108.564, "2011-09-30": 0, "2011-06-30": 0, "2011-03-31": "", "2010-12-31": -16.181, "2010-09-30": 0, "2010-06-30": 0, "2010-03-31": "", "2009-12-31": 23.603, "2009-09-30": 0, "2009-06-30": 0, "2009-03-31": "", "2008-12-31": -22.398, "2008-09-30": 0, "2008-06-30": 0, "2008-03-31": "", "2007-12-31": 27.181, "2007-09-30": 0, "2007-06-30": 0, "2007-03-31": "", "2006-12-31": 37.387, "2006-09-30": 0, "2006-06-30": 0, "2006-03-31": "", "2005-12-31": 26.109, "2005-09-30": 0, "2005-06-30": 0, "2005-03-31": ""}, "Total Change In Assets/Liabilities": {"2020-09-30": 0, "2020-06-30": 0, "2020-03-31": "", "2019-12-31": 102.392, "2019-09-30": 0, "2019-06-30": 0, "2019-03-31": "", "2018-12-31": -60.616, "2018-09-30": 0, "2018-06-30": 0, "2018-03-31": "", "2017-12-31": 165.871, "2017-09-30": 0, "2017-06-30": 0, "2017-03-31": "", "2016-12-31": 160.052, "2016-09-30": 0, "2016-06-30": 0, "2016-03-31": "", "2015-12-31": -43.757, "2015-09-30": 0, "2015-06-30": 0, "2015-03-31": "", "2014-12-31": -228.622, "2014-09-30": 0, "2014-06-30": 0, "2014-03-31": "", "2013-12-31": 223.551, "2013-09-30": 0, "2013-06-30": 0, "2013-03-31": "", "2012-12-31": 103.444, "2012-09-30": 0, "2012-06-30": 0, "2012-03-31": "", "2011-12-31": 89.619, "2011-09-30": 0, "2011-06-30": 0, "2011-03-31": "", "2010-12-31": -10.95, "2010-09-30": 0, "2010-06-30": 0, "2010-03-31": "", "2009-12-31": 23.625, "2009-09-30": 0, "2009-06-30": 0, "2009-03-31": "", "2008-12-31": -30.427, "2008-09-30": 0, "2008-06-30": 0, "2008-03-31": "", "2007-12-31": 22.914, "2007-09-30": 0, "2007-06-30": 0, "2007-03-31": "", "2006-12-31": 24.083, "2006-09-30": 0, "2006-06-30": 0, "2006-03-31": "", "2005-12-31": 17.8, "2005-09-30": 0, "2005-06-30": 0, "2005-03-31": ""}, "Cash Flow From Operating Activities": {"2020-09-30": -18.666, "2020-06-30": -162.972, "2020-03-31": "106.34000", "2019-12-31": 235.936, "2019-09-30": 217.804, "2019-06-30": 187.082, "2019-03-31": "144.06100", "2018-12-31": 165.072, "2018-09-30": 110.827, "2018-06-30": 95.304, "2018-03-31": "171.81000", "2017-12-31": 204.805, "2017-09-30": 192.3, "2017-06-30": 197.475, "2017-03-31": "132.75200", "2016-12-31": 209.768, "2016-09-30": 117.773, "2016-06-30": 148.115, "2016-03-31": "118.93400", "2015-12-31": 80.12, "2015-09-30": 42.123, "2015-06-30": 111.259, "2015-03-31": "83.36100", "2014-12-31": 236.558, "2014-09-30": -125.501, "2014-06-30": 273.835, "2014-03-31": "", "2013-12-31": 266.538, "2013-09-30": 179.948, "2013-06-30": 383.779, "2013-03-31": "", "2012-12-31": 538.026, "2012-09-30": 0, "2012-06-30": 0, "2012-03-31": "", "2011-12-31": 498.289, "2011-09-30": 0, "2011-06-30": 0, "2011-03-31": "", "2010-12-31": 292.801, "2010-09-30": 0, "2010-06-30": 0, "2010-03-31": "", "2009-12-31": 291.299, "2009-09-30": 0, "2009-06-30": 0, "2009-03-31": "", "2008-12-31": 198.105, "2008-09-30": 0, "2008-06-30": 0, "2008-03-31": "", "2007-12-31": 221.941, "2007-09-30": 0, "2007-06-30": 0, "2007-03-31": "", "2006-12-31": 193.468, "2006-09-30": 0, "2006-06-30": 0, "2006-03-31": "", "2005-12-31": 119.08, "2005-09-30": 0, "2005-06-30": 0, "2005-03-31": ""}, "Net Change In Property, Plant, And Equipment": {"2020-09-30": 0, "2020-06-30": 0, "2020-03-31": "", "2019-12-31": -18.794, "2019-09-30": 0, "2019-06-30": 0, "2019-03-31": "", "2018-12-31": -118.997, "2018-09-30": 0, "2018-06-30": 0, "2018-03-31": "", "2017-12-31": -109.939, "2017-09-30": 0, "2017-06-30": 0, "2017-03-31": "", "2016-12-31": -80.013, "2016-09-30": 0, "2016-06-30": 0, "2016-03-31": "", "2015-12-31": -78.408, "2015-09-30": 0, "2015-06-30": 0, "2015-03-31": "", "2014-12-31": -105.892, "2014-09-30": 0, "2014-06-30": 0, "2014-03-31": "", "2013-12-31": -90.492, "2013-09-30": 0, "2013-06-30": 0, "2013-03-31": "", "2012-12-31": -177.554, "2012-09-30": 0, "2012-06-30": 0, "2012-03-31": "", "2011-12-31": -126.966, "2011-09-30": 0, "2011-06-30": 0, "2011-03-31": "", "2010-12-31": -182.64, "2010-09-30": 0, "2010-06-30": 0, "2010-03-31": "", "2009-12-31": -59.047, "2009-09-30": 0, "2009-06-30": 0, "2009-03-31": "", "2008-12-31": -161.525, "2008-09-30": 0, "2008-06-30": 0, "2008-03-31": "", "2007-12-31": -301.659, "2007-09-30": 0, "2007-06-30": 0, "2007-03-31": "", "2006-12-31": -190.201, "2006-09-30": 0, "2006-06-30": 0, "2006-03-31": "", "2005-12-31": -60.49, "2005-09-30": 0, "2005-06-30": 0, "2005-03-31": ""}, "Net Change In Intangible Assets": {"2020-09-30": 0, "2020-06-30": 0, "2020-03-31": "", "2019-12-31": -100.893, "2019-09-30": 0, "2019-06-30": 0, "2019-03-31": "", "2018-12-31": -246.914, "2018-09-30": 0, "2018-06-30": 0, "2018-03-31": "", "2017-12-31": 10.207, "2017-09-30": 0, "2017-06-30": 0, "2017-03-31": "", "2016-12-31": 14.676, "2016-09-30": 0, "2016-06-30": 0, "2016-03-31": "", "2015-12-31": 141.751, "2015-09-30": 0, "2015-06-30": 0, "2015-03-31": "", "2014-12-31": 190.49, "2014-09-30": 0, "2014-06-30": 0, "2014-03-31": "", "2013-12-31": -191.025, "2013-09-30": 0, "2013-06-30": 0, "2013-03-31": "", "2012-12-31": -194.886, "2012-09-30": 0, "2012-06-30": 0, "2012-03-31": "", "2011-12-31": -175.354, "2011-09-30": 0, "2011-06-30": 0, "2011-03-31": "", "2010-12-31": -157.292, "2010-09-30": 0, "2010-06-30": 0, "2010-03-31": "", "2009-12-31": -151.676, "2009-09-30": 0, "2009-06-30": 0, "2009-03-31": "", "2008-12-31": -53.434, "2008-09-30": 0, "2008-06-30": 0, "2008-03-31": "", "2007-12-31": -62.128, "2007-09-30": 0, "2007-06-30": 0, "2007-03-31": "", "2006-12-31": -58.697, "2006-09-30": 0, "2006-06-30": 0, "2006-03-31": "", "2005-12-31": -49.461, "2005-09-30": 0, "2005-06-30": 0, "2005-03-31": ""}, "Net Acquisitions/Divestitures": {"2020-09-30": 0, "2020-06-30": 0, "2020-03-31": "", "2019-12-31": 0, "2019-09-30": 0, "2019-06-30": 0, "2019-03-31": "", "2018-12-31": 0, "2018-09-30": 0, "2018-06-30": 0, "2018-03-31": "", "2017-12-31": 0, "2017-09-30": 0, "2017-06-30": 0, "2017-03-31": "", "2016-12-31": 0, "2016-09-30": 0, "2016-06-30": 0, "2016-03-31": "", "2015-12-31": 0, "2015-09-30": 0, "2015-06-30": 0, "2015-03-31": "", "2014-12-31": 0, "2014-09-30": 0, "2014-06-30": 0, "2014-03-31": "", "2013-12-31": 0, "2013-09-30": 0, "2013-06-30": 0, "2013-03-31": "", "2012-12-31": 0, "2012-09-30": 0, "2012-06-30": 0, "2012-03-31": "", "2011-12-31": 0, "2011-09-30": 0, "2011-06-30": 0, "2011-03-31": "", "2010-12-31": 0, "2010-09-30": 0, "2010-06-30": 0, "2010-03-31": "", "2009-12-31": 0, "2009-09-30": 0, "2009-06-30": 0, "2009-03-31": "", "2008-12-31": 0, "2008-09-30": 0, "2008-06-30": 0, "2008-03-31": "", "2007-12-31": 0, "2007-09-30": 0, "2007-06-30": 0, "2007-03-31": "", "2006-12-31": 0, "2006-09-30": 0, "2006-06-30": 0, "2006-03-31": "", "2005-12-31": -22.28, "2005-09-30": 0, "2005-06-30": 0, "2005-03-31": ""}, "Net Change In Short-term Investments": {"2020-09-30": 0, "2020-06-30": 0, "2020-03-31": "", "2019-12-31": 0, "2019-09-30": 0, "2019-06-30": 0, "2019-03-31": "", "2018-12-31": 0, "2018-09-30": 0, "2018-06-30": 0, "2018-03-31": "", "2017-12-31": 0, "2017-09-30": 0, "2017-06-30": 0, "2017-03-31": "", "2016-12-31": 0, "2016-09-30": 0, "2016-06-30": 0, "2016-03-31": "", "2015-12-31": 0, "2015-09-30": 0, "2015-06-30": 0, "2015-03-31": "", "2014-12-31": 0, "2014-09-30": 0, "2014-06-30": 0, "2014-03-31": "", "2013-12-31": 0, "2013-09-30": 0, "2013-06-30": 0, "2013-03-31": "", "2012-12-31": 0, "2012-09-30": 0, "2012-06-30": 0, "2012-03-31": "", "2011-12-31": 0, "2011-09-30": 0, "2011-06-30": 0, "2011-03-31": "", "2010-12-31": 0, "2010-09-30": 0, "2010-06-30": 0, "2010-03-31": "", "2009-12-31": 0, "2009-09-30": 0, "2009-06-30": 0, "2009-03-31": "", "2008-12-31": 0, "2008-09-30": 0, "2008-06-30": 0, "2008-03-31": "", "2007-12-31": 0, "2007-09-30": 0, "2007-06-30": 0, "2007-03-31": "", "2006-12-31": 0, "2006-09-30": 0, "2006-06-30": 0, "2006-03-31": "", "2005-12-31": 0, "2005-09-30": 0, "2005-06-30": 0, "2005-03-31": ""}, "Net Change In Long-Term Investments": {"2020-09-30": 0, "2020-06-30": 0, "2020-03-31": "", "2019-12-31": -121.443, "2019-09-30": 0, "2019-06-30": 0, "2019-03-31": "", "2018-12-31": 63.664, "2018-09-30": 0, "2018-06-30": 0, "2018-03-31": "", "2017-12-31": -287.112, "2017-09-30": 0, "2017-06-30": 0, "2017-03-31": "", "2016-12-31": -67.093, "2016-09-30": 0, "2016-06-30": 0, "2016-03-31": "", "2015-12-31": 52.105, "2015-09-30": 0, "2015-06-30": 0, "2015-03-31": "", "2014-12-31": 140.633, "2014-09-30": 0, "2014-06-30": 0, "2014-03-31": "", "2013-12-31": -386.569, "2013-09-30": 0, "2013-06-30": 0, "2013-03-31": "", "2012-12-31": -282.165, "2012-09-30": 0, "2012-06-30": 0, "2012-03-31": "", "2011-12-31": -165.93, "2011-09-30": 0, "2011-06-30": 0, "2011-03-31": "", "2010-12-31": -105.5, "2010-09-30": 0, "2010-06-30": 0, "2010-03-31": "", "2009-12-31": 50.409, "2009-09-30": 0, "2009-06-30": 0, "2009-03-31": "", "2008-12-31": -107.821, "2008-09-30": 0, "2008-06-30": 0, "2008-03-31": "", "2007-12-31": 16.995, "2007-09-30": 0, "2007-06-30": 0, "2007-03-31": "", "2006-12-31": -10.082, "2006-09-30": 0, "2006-06-30": 0, "2006-03-31": "", "2005-12-31": -27.636, "2005-09-30": 0, "2005-06-30": 0, "2005-03-31": ""}, "Net Change In Investments - Total": {"2020-09-30": 0, "2020-06-30": 0, "2020-03-31": "", "2019-12-31": -121.443, "2019-09-30": 0, "2019-06-30": 0, "2019-03-31": "", "2018-12-31": 63.664, "2018-09-30": 0, "2018-06-30": 0, "2018-03-31": "", "2017-12-31": -287.112, "2017-09-30": 0, "2017-06-30": 0, "2017-03-31": "", "2016-12-31": -67.093, "2016-09-30": 0, "2016-06-30": 0, "2016-03-31": "", "2015-12-31": 52.105, "2015-09-30": 0, "2015-06-30": 0, "2015-03-31": "", "2014-12-31": 140.633, "2014-09-30": 0, "2014-06-30": 0, "2014-03-31": "", "2013-12-31": -386.569, "2013-09-30": 0, "2013-06-30": 0, "2013-03-31": "", "2012-12-31": -282.165, "2012-09-30": 0, "2012-06-30": 0, "2012-03-31": "", "2011-12-31": -165.93, "2011-09-30": 0, "2011-06-30": 0, "2011-03-31": "", "2010-12-31": -105.5, "2010-09-30": 0, "2010-06-30": 0, "2010-03-31": "", "2009-12-31": 50.409, "2009-09-30": 0, "2009-06-30": 0, "2009-03-31": "", "2008-12-31": -107.821, "2008-09-30": 0, "2008-06-30": 0, "2008-03-31": "", "2007-12-31": 16.995, "2007-09-30": 0, "2007-06-30": 0, "2007-03-31": "", "2006-12-31": -10.082, "2006-09-30": 0, "2006-06-30": 0, "2006-03-31": "", "2005-12-31": -27.63, "2005-09-30": 0, "2005-06-30": 0, "2005-03-31": ""}, "Investing Activities - Other": {"2020-09-30": 0, "2020-06-30": 0, "2020-03-31": "", "2019-12-31": 48.262, "2019-09-30": 0, "2019-06-30": 0, "2019-03-31": "", "2018-12-31": 152.651, "2018-09-30": 0, "2018-06-30": 0, "2018-03-31": "", "2017-12-31": -191.315, "2017-09-30": 0, "2017-06-30": 0, "2017-03-31": "", "2016-12-31": -47.479, "2016-09-30": 0, "2016-06-30": 0, "2016-03-31": "", "2015-12-31": -83.064, "2015-09-30": 0, "2015-06-30": 0, "2015-03-31": "", "2014-12-31": -204.084, "2014-09-30": 0, "2014-06-30": 0, "2014-03-31": "", "2013-12-31": 102.366, "2013-09-30": 0, "2013-06-30": 0, "2013-03-31": "", "2012-12-31": 0, "2012-09-30": 0, "2012-06-30": 0, "2012-03-31": "", "2011-12-31": 0, "2011-09-30": 0, "2011-06-30": 0, "2011-03-31": "", "2010-12-31": 0, "2010-09-30": 0, "2010-06-30": 0, "2010-03-31": "", "2009-12-31": 0, "2009-09-30": 0, "2009-06-30": 0, "2009-03-31": "", "2008-12-31": 0, "2008-09-30": 0, "2008-06-30": 0, "2008-03-31": "", "2007-12-31": 12.034, "2007-09-30": 0, "2007-06-30": 0, "2007-03-31": "", "2006-12-31": 0, "2006-09-30": 0, "2006-06-30": 0, "2006-03-31": "", "2005-12-31": -53.15, "2005-09-30": 0, "2005-06-30": 0, "2005-03-31": ""}, "Cash Flow From Investing Activities": {"2020-09-30": 45.676, "2020-06-30": -67.804, "2020-03-31": "19.79500", "2019-12-31": -160.005, "2019-09-30": -24.172, "2019-06-30": -5.1, "2019-03-31": "-3.59100", "2018-12-31": -20.055, "2018-09-30": -23.634, "2018-06-30": -31.709, "2018-03-31": "-74.19800", "2017-12-31": -234.071, "2017-09-30": -102.433, "2017-06-30": -166.855, "2017-03-31": "-74.80000", "2016-12-31": -9.852, "2016-09-30": -45.449, "2016-06-30": -82.564, "2016-03-31": "-42.04400", "2015-12-31": 72.042, "2015-09-30": 20.06, "2015-06-30": -43.239, "2015-03-31": "-16.47900", "2014-12-31": 12.475, "2014-09-30": 99.692, "2014-06-30": -91.02, "2014-03-31": "", "2013-12-31": -539.406, "2013-09-30": -56.884, "2013-06-30": 30.57, "2013-03-31": "", "2012-12-31": -654.605, "2012-09-30": 0, "2012-06-30": 0, "2012-03-31": "", "2011-12-31": -468.25, "2011-09-30": 0, "2011-06-30": 0, "2011-03-31": "", "2010-12-31": -445.432, "2010-09-30": 0, "2010-06-30": 0, "2010-03-31": "", "2009-12-31": -160.314, "2009-09-30": 0, "2009-06-30": 0, "2009-03-31": "", "2008-12-31": -322.78, "2008-09-30": 0, "2008-06-30": 0, "2008-03-31": "", "2007-12-31": -334.758, "2007-09-30": 0, "2007-06-30": 0, "2007-03-31": "", "2006-12-31": -258.98, "2006-09-30": 0, "2006-06-30": 0, "2006-03-31": "", "2005-12-31": -163.57, "2005-09-30": 0, "2005-06-30": 0, "2005-03-31": ""}, "Net Long-Term Debt": {"2020-09-30": 0, "2020-06-30": 0, "2020-03-31": "", "2019-12-31": -331.827, "2019-09-30": 0, "2019-06-30": 0, "2019-03-31": "", "2018-12-31": -176.333, "2018-09-30": 0, "2018-06-30": 0, "2018-03-31": "", "2017-12-31": -98.551, "2017-09-30": 0, "2017-06-30": 0, "2017-03-31": "", "2016-12-31": -162.565, "2016-09-30": 0, "2016-06-30": 0, "2016-03-31": "", "2015-12-31": -91.912, "2015-09-30": 0, "2015-06-30": 0, "2015-03-31": "", "2014-12-31": -127.227, "2014-09-30": 0, "2014-06-30": 0, "2014-03-31": "", "2013-12-31": -137.019, "2013-09-30": 0, "2013-06-30": 0, "2013-03-31": "", "2012-12-31": 138.137, "2012-09-30": 0, "2012-06-30": 0, "2012-03-31": "", "2011-12-31": 78.185, "2011-09-30": 0, "2011-06-30": 0, "2011-03-31": "", "2010-12-31": 143.375, "2010-09-30": 0, "2010-06-30": 0, "2010-03-31": "", "2009-12-31": -71.594, "2009-09-30": 0, "2009-06-30": 0, "2009-03-31": "", "2008-12-31": 75.726, "2008-09-30": 0, "2008-06-30": 0, "2008-03-31": "", "2007-12-31": 241.856, "2007-09-30": 0, "2007-06-30": 0, "2007-03-31": "", "2006-12-31": 149.809, "2006-09-30": 0, "2006-06-30": 0, "2006-03-31": "", "2005-12-31": 48.998, "2005-09-30": 0, "2005-06-30": 0, "2005-03-31": ""}, "Net Current Debt": {"2020-09-30": 0, "2020-06-30": 0, "2020-03-31": "", "2019-12-31": -103.069, "2019-09-30": 0, "2019-06-30": 0, "2019-03-31": "", "2018-12-31": -106.254, "2018-09-30": 0, "2018-06-30": 0, "2018-03-31": "", "2017-12-31": 0, "2017-09-30": 0, "2017-06-30": 0, "2017-03-31": "", "2016-12-31": 0, "2016-09-30": 0, "2016-06-30": 0, "2016-03-31": "", "2015-12-31": 0, "2015-09-30": 0, "2015-06-30": 0, "2015-03-31": "", "2014-12-31": 0, "2014-09-30": 0, "2014-06-30": 0, "2014-03-31": "", "2013-12-31": 0, "2013-09-30": 0, "2013-06-30": 0, "2013-03-31": "", "2012-12-31": 0, "2012-09-30": 0, "2012-06-30": 0, "2012-03-31": "", "2011-12-31": 0, "2011-09-30": 0, "2011-06-30": 0, "2011-03-31": "", "2010-12-31": 0, "2010-09-30": 0, "2010-06-30": 0, "2010-03-31": "", "2009-12-31": 0, "2009-09-30": 0, "2009-06-30": 0, "2009-03-31": "", "2008-12-31": 0, "2008-09-30": 0, "2008-06-30": 0, "2008-03-31": "", "2007-12-31": 0, "2007-09-30": 0, "2007-06-30": 0, "2007-03-31": "", "2006-12-31": 0, "2006-09-30": 0, "2006-06-30": 0, "2006-03-31": "", "2005-12-31": 0, "2005-09-30": 0, "2005-06-30": 0, "2005-03-31": ""}, "Debt Issuance/Retirement Net - Total": {"2020-09-30": 0, "2020-06-30": 0, "2020-03-31": "", "2019-12-31": -434.896, "2019-09-30": 0, "2019-06-30": 0, "2019-03-31": "", "2018-12-31": -282.587, "2018-09-30": 0, "2018-06-30": 0, "2018-03-31": "", "2017-12-31": -98.551, "2017-09-30": 0, "2017-06-30": 0, "2017-03-31": "", "2016-12-31": -162.565, "2016-09-30": 0, "2016-06-30": 0, "2016-03-31": "", "2015-12-31": -91.912, "2015-09-30": 0, "2015-06-30": 0, "2015-03-31": "", "2014-12-31": -127.227, "2014-09-30": 0, "2014-06-30": 0, "2014-03-31": "", "2013-12-31": -137.019, "2013-09-30": 0, "2013-06-30": 0, "2013-03-31": "", "2012-12-31": 138.137, "2012-09-30": 0, "2012-06-30": 0, "2012-03-31": "", "2011-12-31": 78.185, "2011-09-30": 0, "2011-06-30": 0, "2011-03-31": "", "2010-12-31": 143.375, "2010-09-30": 0, "2010-06-30": 0, "2010-03-31": "", "2009-12-31": -71.594, "2009-09-30": 0, "2009-06-30": 0, "2009-03-31": "", "2008-12-31": 75.726, "2008-09-30": 0, "2008-06-30": 0, "2008-03-31": "", "2007-12-31": 241.856, "2007-09-30": 0, "2007-06-30": 0, "2007-03-31": "", "2006-12-31": 149.809, "2006-09-30": 0, "2006-06-30": 0, "2006-03-31": "", "2005-12-31": 48.99, "2005-09-30": 0, "2005-06-30": 0, "2005-03-31": ""}, "Net Common Equity Issued/Repurchased": {"2020-09-30": 0, "2020-06-30": 0, "2020-03-31": "", "2019-12-31": 0, "2019-09-30": 0, "2019-06-30": 0, "2019-03-31": "", "2018-12-31": 0, "2018-09-30": 0, "2018-06-30": 0, "2018-03-31": "", "2017-12-31": 0.587, "2017-09-30": 0, "2017-06-30": 0, "2017-03-31": "", "2016-12-31": 0.056, "2016-09-30": 0, "2016-06-30": 0, "2016-03-31": "", "2015-12-31": -117.962, "2015-09-30": 0, "2015-06-30": 0, "2015-03-31": "", "2014-12-31": -18.426, "2014-09-30": 0, "2014-06-30": 0, "2014-03-31": "", "2013-12-31": 0.447, "2013-09-30": 0, "2013-06-30": 0, "2013-03-31": "", "2012-12-31": 0.176, "2012-09-30": 0, "2012-06-30": 0, "2012-03-31": "", "2011-12-31": 0, "2011-09-30": 0, "2011-06-30": 0, "2011-03-31": "", "2010-12-31": 0, "2010-09-30": 0, "2010-06-30": 0, "2010-03-31": "", "2009-12-31": 0, "2009-09-30": 0, "2009-06-30": 0, "2009-03-31": "", "2008-12-31": 0, "2008-09-30": 0, "2008-06-30": 0, "2008-03-31": "", "2007-12-31": 0, "2007-09-30": 0, "2007-06-30": 0, "2007-03-31": "", "2006-12-31": 0, "2006-09-30": 0, "2006-06-30": 0, "2006-03-31": "", "2005-12-31": 0, "2005-09-30": 0, "2005-06-30": 0, "2005-03-31": ""}, "Net Total Equity Issued/Repurchased": {"2020-09-30": 0, "2020-06-30": 0, "2020-03-31": "", "2019-12-31": 0, "2019-09-30": 0, "2019-06-30": 0, "2019-03-31": "", "2018-12-31": 0, "2018-09-30": 0, "2018-06-30": 0, "2018-03-31": "", "2017-12-31": 0.587, "2017-09-30": 0, "2017-06-30": 0, "2017-03-31": "", "2016-12-31": 0.056, "2016-09-30": 0, "2016-06-30": 0, "2016-03-31": "", "2015-12-31": -117.962, "2015-09-30": 0, "2015-06-30": 0, "2015-03-31": "", "2014-12-31": -18.426, "2014-09-30": 0, "2014-06-30": 0, "2014-03-31": "", "2013-12-31": 0.447, "2013-09-30": 0, "2013-06-30": 0, "2013-03-31": "", "2012-12-31": 0.176, "2012-09-30": 0, "2012-06-30": 0, "2012-03-31": "", "2011-12-31": 0, "2011-09-30": 0, "2011-06-30": 0, "2011-03-31": "", "2010-12-31": 0, "2010-09-30": 0, "2010-06-30": 0, "2010-03-31": "", "2009-12-31": 0, "2009-09-30": 0, "2009-06-30": 0, "2009-03-31": "", "2008-12-31": 0, "2008-09-30": 0, "2008-06-30": 0, "2008-03-31": "", "2007-12-31": 0, "2007-09-30": 0, "2007-06-30": 0, "2007-03-31": "", "2006-12-31": 0, "2006-09-30": 0, "2006-06-30": 0, "2006-03-31": "", "2005-12-31": 0, "2005-09-30": 0, "2005-06-30": 0, "2005-03-31": ""}, "Total Common And Preferred Stock Dividends Paid": {"2020-09-30": 0, "2020-06-30": 0, "2020-03-31": "", "2019-12-31": -110.438, "2019-09-30": 0, "2019-06-30": 0, "2019-03-31": "", "2018-12-31": -147.604, "2018-09-30": 0, "2018-06-30": 0, "2018-03-31": "", "2017-12-31": -106.792, "2017-09-30": 0, "2017-06-30": 0, "2017-03-31": "", "2016-12-31": -86.116, "2016-09-30": 0, "2016-06-30": 0, "2016-03-31": "", "2015-12-31": -147.592, "2015-09-30": 0, "2015-06-30": 0, "2015-03-31": "", "2014-12-31": -170.767, "2014-09-30": 0, "2014-06-30": 0, "2014-03-31": "", "2013-12-31": -64.696, "2013-09-30": 0, "2013-06-30": 0, "2013-03-31": "", "2012-12-31": -192.612, "2012-09-30": 0, "2012-06-30": 0, "2012-03-31": "", "2011-12-31": -72.41, "2011-09-30": 0, "2011-06-30": 0, "2011-03-31": "", "2010-12-31": -47.908, "2010-09-30": 0, "2010-06-30": 0, "2010-03-31": "", "2009-12-31": -16.255, "2009-09-30": 0, "2009-06-30": 0, "2009-03-31": "", "2008-12-31": -16.207, "2008-09-30": 0, "2008-06-30": 0, "2008-03-31": "", "2007-12-31": -13.561, "2007-09-30": 0, "2007-06-30": 0, "2007-03-31": "", "2006-12-31": -8.311, "2006-09-30": 0, "2006-06-30": 0, "2006-03-31": "", "2005-12-31": -10.06, "2005-09-30": 0, "2005-06-30": 0, "2005-03-31": ""}, "Financial Activities - Other": {"2020-09-30": 0, "2020-06-30": 0, "2020-03-31": "", "2019-12-31": 0, "2019-09-30": 0, "2019-06-30": 0, "2019-03-31": "", "2018-12-31": 0, "2018-09-30": 0, "2018-06-30": 0, "2018-03-31": "", "2017-12-31": 0, "2017-09-30": 0, "2017-06-30": 0, "2017-03-31": "", "2016-12-31": 0, "2016-09-30": 0, "2016-06-30": 0, "2016-03-31": "", "2015-12-31": 0, "2015-09-30": 0, "2015-06-30": 0, "2015-03-31": "", "2014-12-31": 0, "2014-09-30": 0, "2014-06-30": 0, "2014-03-31": "", "2013-12-31": 0, "2013-09-30": 0, "2013-06-30": 0, "2013-03-31": "", "2012-12-31": 0, "2012-09-30": 0, "2012-06-30": 0, "2012-03-31": "", "2011-12-31": 0, "2011-09-30": 0, "2011-06-30": 0, "2011-03-31": "", "2010-12-31": 0.053, "2010-09-30": 0, "2010-06-30": 0, "2010-03-31": "", "2009-12-31": 0, "2009-09-30": 0, "2009-06-30": 0, "2009-03-31": "", "2008-12-31": 0, "2008-09-30": 0, "2008-06-30": 0, "2008-03-31": "", "2007-12-31": 0, "2007-09-30": 0, "2007-06-30": 0, "2007-03-31": "", "2006-12-31": 0, "2006-09-30": 0, "2006-06-30": 0, "2006-03-31": "", "2005-12-31": 0, "2005-09-30": 0, "2005-06-30": 0, "2005-03-31": ""}, "Cash Flow From Financial Activities": {"2020-09-30": -112.043, "2020-06-30": 198.147, "2020-03-31": "55.05800", "2019-12-31": -98.381, "2019-09-30": -194.484, "2019-06-30": -168.108, "2019-03-31": "-84.36100", "2018-12-31": -113.73, "2018-09-30": -87.621, "2018-06-30": -89.02, "2018-03-31": "-139.82000", "2017-12-31": 55.777, "2017-09-30": -83.919, "2017-06-30": -56.871, "2017-03-31": "-119.74300", "2016-12-31": -50.948, "2016-09-30": -58.138, "2016-06-30": -67.887, "2016-03-31": "-71.65200", "2015-12-31": -74.484, "2015-09-30": -116.965, "2015-06-30": -98.101, "2015-03-31": "-67.91600", "2014-12-31": -207.042, "2014-09-30": 40.444, "2014-06-30": -149.822, "2014-03-31": "", "2013-12-31": -62.943, "2013-09-30": 24.733, "2013-06-30": -163.058, "2013-03-31": "", "2012-12-31": -54.299, "2012-09-30": 0, "2012-06-30": 0, "2012-03-31": "", "2011-12-31": 5.775, "2011-09-30": 0, "2011-06-30": 0, "2011-03-31": "", "2010-12-31": 95.52, "2010-09-30": 0, "2010-06-30": 0, "2010-03-31": "", "2009-12-31": -87.849, "2009-09-30": 0, "2009-06-30": 0, "2009-03-31": "", "2008-12-31": 59.519, "2008-09-30": 0, "2008-06-30": 0, "2008-03-31": "", "2007-12-31": 228.295, "2007-09-30": 0, "2007-06-30": 0, "2007-03-31": "", "2006-12-31": 141.498, "2006-09-30": 0, "2006-06-30": 0, "2006-03-31": "", "2005-12-31": 38.92, "2005-09-30": 0, "2005-06-30": 0, "2005-03-31": ""}, "Net Cash Flow": {"2020-09-30": -85.033, "2020-06-30": -32.629, "2020-03-31": "181.19300", "2019-12-31": -66.557, "2019-09-30": -0.851, "2019-06-30": 13.873, "2019-03-31": "56.10900", "2018-12-31": -14.573, "2018-09-30": -0.428, "2018-06-30": -25.425, "2018-03-31": "-42.20800", "2017-12-31": -10.801, "2017-09-30": 5.948, "2017-06-30": -26.251, "2017-03-31": "-61.79100", "2016-12-31": 109.884, "2016-09-30": 14.186, "2016-06-30": -2.336, "2016-03-31": "5.23800", "2015-12-31": 69.169, "2015-09-30": -54.782, "2015-06-30": -30.081, "2015-03-31": "-1.03400", "2014-12-31": 34.705, "2014-09-30": 14.635, "2014-06-30": 32.993, "2014-03-31": "", "2013-12-31": -336.072, "2013-09-30": 147.797, "2013-06-30": 251.291, "2013-03-31": "", "2012-12-31": -167.707, "2012-09-30": 0, "2012-06-30": 0, "2012-03-31": "", "2011-12-31": 36.111, "2011-09-30": 0, "2011-06-30": 0, "2011-03-31": "", "2010-12-31": -54.966, "2010-09-30": 0, "2010-06-30": 0, "2010-03-31": "", "2009-12-31": 41.848, "2009-09-30": 0, "2009-06-30": 0, "2009-03-31": "", "2008-12-31": -65.05, "2008-09-30": 0, "2008-06-30": 0, "2008-03-31": "", "2007-12-31": 115.978, "2007-09-30": 0, "2007-06-30": 0, "2007-03-31": "", "2006-12-31": 75.774, "2006-09-30": 0, "2006-06-30": 0, "2006-03-31": "", "2005-12-31": -5.56, "2005-09-30": 0, "2005-06-30": 0, "2005-03-31": ""}, "Stock-Based Compensation": {"2020-09-30": 0, "2020-06-30": 0, "2020-03-31": "", "2019-12-31": 6.149, "2019-09-30": 0, "2019-06-30": 0, "2019-03-31": "", "2018-12-31": 7.145, "2018-09-30": 0, "2018-06-30": 0, "2018-03-31": "", "2017-12-31": 7.422, "2017-09-30": 0, "2017-06-30": 0, "2017-03-31": "", "2016-12-31": 7.539, "2016-09-30": 0, "2016-06-30": 0, "2016-03-31": "", "2015-12-31": 4.034, "2015-09-30": 0, "2015-06-30": 0, "2015-03-31": "", "2014-12-31": 4.688, "2014-09-30": 0, "2014-06-30": 0, "2014-03-31": "", "2013-12-31": 5.967, "2013-09-30": 0, "2013-06-30": 0, "2013-03-31": "", "2012-12-31": 7.014, "2012-09-30": 0, "2012-06-30": 0, "2012-03-31": "", "2011-12-31": 7.661, "2011-09-30": 0, "2011-06-30": 0, "2011-03-31": "", "2010-12-31": 4.032, "2010-09-30": 0, "2010-06-30": 0, "2010-03-31": "", "2009-12-31": 4.686, "2009-09-30": 0, "2009-06-30": 0, "2009-03-31": "", "2008-12-31": 5.593, "2008-09-30": 0, "2008-06-30": 0, "2008-03-31": "", "2007-12-31": 4.809, "2007-09-30": 0, "2007-06-30": 0, "2007-03-31": "", "2006-12-31": 3.34, "2006-09-30": 0, "2006-06-30": 0, "2006-03-31": "", "2005-12-31": 0, "2005-09-30": 0, "2005-06-30": 0, "2005-03-31": ""}, "Common Stock Dividends Paid": {"2020-09-30": 0, "2020-06-30": 0, "2020-03-31": "", "2019-12-31": -110.438, "2019-09-30": 0, "2019-06-30": 0, "2019-03-31": "", "2018-12-31": -147.604, "2018-09-30": 0, "2018-06-30": 0, "2018-03-31": "", "2017-12-31": -106.792, "2017-09-30": 0, "2017-06-30": 0, "2017-03-31": "", "2016-12-31": -86.116, "2016-09-30": 0, "2016-06-30": 0, "2016-03-31": "", "2015-12-31": -147.592, "2015-09-30": 0, "2015-06-30": 0, "2015-03-31": "", "2014-12-31": -170.767, "2014-09-30": 0, "2014-06-30": 0, "2014-03-31": "", "2013-12-31": -64.696, "2013-09-30": 0, "2013-06-30": 0, "2013-03-31": "", "2012-12-31": -192.612, "2012-09-30": 0, "2012-06-30": 0, "2012-03-31": "", "2011-12-31": -72.41, "2011-09-30": 0, "2011-06-30": 0, "2011-03-31": "", "2010-12-31": -47.908, "2010-09-30": 0, "2010-06-30": 0, "2010-03-31": "", "2009-12-31": -16.255, "2009-09-30": 0, "2009-06-30": 0, "2009-03-31": "", "2008-12-31": -16.207, "2008-09-30": 0, "2008-06-30": 0, "2008-03-31": "", "2007-12-31": -13.561, "2007-09-30": 0, "2007-06-30": 0, "2007-03-31": "", "2006-12-31": -8.311, "2006-09-30": 0, "2006-06-30": 0, "2006-03-31": "", "2005-12-31": -10.069, "2005-09-30": 0, "2005-06-30": 0, "2005-03-31": ""}}, "financial ratios": {"Current Ratio": {"2019-12-31": "1.23740", "2018-12-31": "0.92260", "2017-12-31": "1.13330", "2016-12-31": "1.23960", "2015-12-31": "0.92080", "2014-12-31": "1.03050", "2013-12-31": "1.34880", "2012-12-31": "1.16330", "2011-12-31": "1.14510", "2010-12-31": "1.29050", "2009-12-31": "1.13390", "2008-12-31": "1.04960", "2007-12-31": "1.02530", "2006-12-31": "0.85590", "2005-12-31": "0.72590"}, "Long-term Debt / Capital": {"2019-12-31": "0.32650", "2018-12-31": "0.35180", "2017-12-31": "0.31610", "2016-12-31": "0.34290", "2015-12-31": "0.39930", "2014-12-31": "0.30920", "2013-12-31": "0.32450", "2012-12-31": "0.41050", "2011-12-31": "0.40270", "2010-12-31": "0.43710", "2009-12-31": "0.45180", "2008-12-31": "0.54450", "2007-12-31": "0.57930", "2006-12-31": "0.58770", "2005-12-31": "0.62110"}, "Debt/Equity Ratio": {"2019-12-31": "0.54550", "2018-12-31": "0.71650", "2017-12-31": "0.61980", "2016-12-31": "0.64280", "2015-12-31": "0.81940", "2014-12-31": "0.53810", "2013-12-31": "0.56250", "2012-12-31": "0.78490", "2011-12-31": "0.76840", "2010-12-31": "0.86450", "2009-12-31": "0.92800", "2008-12-31": "1.36850", "2007-12-31": "1.58540", "2006-12-31": "1.67150", "2005-12-31": "1.91510"}, "Gross Margin": {"2019-12-31": "65.80070", "2018-12-31": "63.36920", "2017-12-31": "68.10430", "2016-12-31": "66.82470", "2015-12-31": "56.78960", "2014-12-31": "55.97610", "2013-12-31": "56.80420", "2012-12-31": "53.98460", "2011-12-31": "57.45780", "2010-12-31": "61.09900", "2009-12-31": "61.65150", "2008-12-31": "55.78160", "2007-12-31": "61.10210", "2006-12-31": "60.97480", "2005-12-31": "61.81000"}, "Operating Margin": {"2019-12-31": "12.78540", "2018-12-31": "5.95910", "2017-12-31": "16.81470", "2016-12-31": "12.42820", "2015-12-31": "11.82580", "2014-12-31": "19.26340", "2013-12-31": "19.84230", "2012-12-31": "17.89530", "2011-12-31": "21.02690", "2010-12-31": "20.47260", "2009-12-31": "19.11400", "2008-12-31": "17.38000", "2007-12-31": "19.22660", "2006-12-31": "19.51700", "2005-12-31": "17.94110"}, "EBIT Margin": {"2019-12-31": "12.78540", "2018-12-31": "5.95910", "2017-12-31": "16.81470", "2016-12-31": "12.42820", "2015-12-31": "11.82580", "2014-12-31": "19.26340", "2013-12-31": "19.84230", "2012-12-31": "17.89530", "2011-12-31": "21.02690", "2010-12-31": "20.47260", "2009-12-31": "19.11400", "2008-12-31": "17.38000", "2007-12-31": "19.22660", "2006-12-31": "19.51700", "2005-12-31": "17.94110"}, "EBITDA Margin": {"2019-12-31": "23.20420", "2018-12-31": "16.28770", "2017-12-31": "23.44980", "2016-12-31": "19.59310", "2015-12-31": "17.82070", "2014-12-31": "23.52010", "2013-12-31": "25.07640", "2012-12-31": "21.86160", "2011-12-31": "25.14820", "2010-12-31": "24.92290", "2009-12-31": "23.16440", "2008-12-31": "20.70800", "2007-12-31": "22.66570", "2006-12-31": "22.43940", "2005-12-31": "21.20380"}, "Pre-Tax Profit Margin": {"2019-12-31": "10.83840", "2018-12-31": "4.58350", "2017-12-31": "16.39140", "2016-12-31": "16.77950", "2015-12-31": "-8.54270", "2014-12-31": "14.72450", "2013-12-31": "18.73110", "2012-12-31": "16.28630", "2011-12-31": "18.89820", "2010-12-31": "18.37870", "2009-12-31": "21.97170", "2008-12-31": "10.56250", "2007-12-31": "17.41770", "2006-12-31": "17.16780", "2005-12-31": "15.21340"}, "Net Profit Margin": {"2019-12-31": "9.12320", "2018-12-31": "3.29390", "2017-12-31": "14.43600", "2016-12-31": "15.05700", "2015-12-31": "-9.99860", "2014-12-31": "13.37010", "2013-12-31": "16.38870", "2012-12-31": "14.51400", "2011-12-31": "16.95460", "2010-12-31": "17.03820", "2009-12-31": "19.83060", "2008-12-31": "9.20700", "2007-12-31": "15.75250", "2006-12-31": "15.72430", "2005-12-31": "13.63740"}, "Asset Turnover": {"2019-12-31": "0.62130", "2018-12-31": "0.60280", "2017-12-31": "0.62340", "2016-12-31": "0.57770", "2015-12-31": "0.60560", "2014-12-31": "0.66310", "2013-12-31": "0.65990", "2012-12-31": "0.64650", "2011-12-31": "0.59720", "2010-12-31": "0.55350", "2009-12-31": "0.58120", "2008-12-31": "0.64240", "2007-12-31": "0.60170", "2006-12-31": "0.67820", "2005-12-31": "0.66380"}, "Inventory Turnover Ratio": {"2019-12-31": "13.39960", "2018-12-31": "11.33520", "2017-12-31": "9.83000", "2016-12-31": "9.89380", "2015-12-31": "15.61940", "2014-12-31": "19.86320", "2013-12-31": "19.83120", "2012-12-31": "20.45460", "2011-12-31": "18.37840", "2010-12-31": "11.96930", "2009-12-31": "17.77570", "2008-12-31": "25.84620", "2007-12-31": "28.36340", "2006-12-31": "38.32550", "2005-12-31": "56.57990"}, "Receiveable Turnover": {"2019-12-31": "20.86140", "2018-12-31": "23.07230", "2017-12-31": "21.80700", "2016-12-31": "19.46550", "2015-12-31": "21.27180", "2014-12-31": "22.14550", "2013-12-31": "19.31300", "2012-12-31": "16.49890", "2011-12-31": "12.80360", "2010-12-31": "15.82790", "2009-12-31": "15.54720", "2008-12-31": "17.13790", "2007-12-31": "13.85030", "2006-12-31": "13.69810", "2005-12-31": "13.07920"}, "Days Sales In Receivables": {"2019-12-31": "17.49650", "2018-12-31": "15.81990", "2017-12-31": "16.73770", "2016-12-31": "18.75110", "2015-12-31": "17.15890", "2014-12-31": "16.48190", "2013-12-31": "18.89920", "2012-12-31": "22.12280", "2011-12-31": "28.50770", "2010-12-31": "23.06060", "2009-12-31": "23.47690", "2008-12-31": "21.29780", "2007-12-31": "26.35320", "2006-12-31": "26.64600", "2005-12-31": "27.90690"}, "ROE - Return On Equity": {"2019-12-31": "12.76560", "2018-12-31": "4.90920", "2017-12-31": "19.20950", "2016-12-31": "18.15930", "2015-12-31": "-14.17230", "2014-12-31": "17.42890", "2013-12-31": "22.47590", "2012-12-31": "21.24740", "2011-12-31": "22.34030", "2010-12-31": "21.05930", "2009-12-31": "27.33820", "2008-12-31": "17.72770", "2007-12-31": "30.43810", "2006-12-31": "36.01030", "2005-12-31": "33.75770"}, "Return On Tangible Equity": {"2019-12-31": "13.52110", "2018-12-31": "5.20210", "2017-12-31": "20.06850", "2016-12-31": "18.87130", "2015-12-31": "-14.82050", "2014-12-31": "17.92380", "2013-12-31": "23.12670", "2012-12-31": "22.52200", "2011-12-31": "23.56370", "2010-12-31": "22.40900", "2009-12-31": "29.48860", "2008-12-31": "19.46650", "2007-12-31": "34.28740", "2006-12-31": "42.09340", "2005-12-31": "42.77040"}, "ROA - Return On Assets": {"2019-12-31": "5.66860", "2018-12-31": "1.98560", "2017-12-31": "9.00000", "2016-12-31": "8.69820", "2015-12-31": "-6.05510", "2014-12-31": "8.86530", "2013-12-31": "10.81450", "2012-12-31": "9.38280", "2011-12-31": "10.12540", "2010-12-31": "9.43100", "2009-12-31": "11.52540", "2008-12-31": "5.91490", "2007-12-31": "9.47840", "2006-12-31": "10.66430", "2005-12-31": "9.05200"}, "ROI - Return On Investment": {"2019-12-31": "8.59710", "2018-12-31": "3.18190", "2017-12-31": "13.13650", "2016-12-31": "11.93230", "2015-12-31": "-8.51330", "2014-12-31": "12.03930", "2013-12-31": "15.18320", "2012-12-31": "12.52600", "2011-12-31": "13.34480", "2010-12-31": "11.85520", "2009-12-31": "14.98630", "2008-12-31": "8.07460", "2007-12-31": "12.80380", "2006-12-31": "14.84670", "2005-12-31": "12.79230"}, "Book Value Per Share": {"2019-12-31": "45.76840", "2018-12-31": "42.57740", "2017-12-31": "44.98920", "2016-12-31": "43.81140", "2015-12-31": "37.83630", "2014-12-31": "47.17400", "2013-12-31": "43.12910", "2012-12-31": "34.89290", "2011-12-31": "31.65510", "2010-12-31": "26.25480", "2009-12-31": "21.02050", "2008-12-31": "", "2007-12-31": "12.38150", "2006-12-31": "8.65590", "2005-12-31": "5.74290"}, "Operating Cash Flow Per Share": {"2019-12-31": 5.6852, "2018-12-31": -4.3564, "2017-12-31": 3.1108, "2016-12-31": 6.8127, "2015-12-31": -1.4472, "2014-12-31": -10.0283, "2013-12-31": 6.5842, "2012-12-31": 0.9149, "2011-12-31": 4.5441, "2010-12-31": 0.0213, "2009-12-31": 2.1133, "2008-12-31": -0.5486, "2007-12-31": 0.5503, "2006-12-31": 1.8242, "2005-12-31": 2.6947}, "Free Cash Flow Per Share": {"2019-12-31": 8.0456, "2018-12-31": -4.5674, "2017-12-31": 2.4077, "2016-12-31": 6.7113, "2015-12-31": -0.8492, "2014-12-31": -10.3756, "2013-12-31": 8.544, "2012-12-31": -0.2293, "2011-12-31": 5.8418, "2010-12-31": -2.7853, "2009-12-31": 4.4545, "2008-12-31": 2.6555, "2007-12-31": -1.8971, "2006-12-31": -1.2052, "2005-12-31": 1.2815}}, "financial ratios, quarterly": {"Current Ratio": {"2020-09-30": "1.46400", "2020-06-30": "1.62080", "2020-03-31": "1.23120", "2019-12-31": "1.18370", "2019-09-30": "1.03940", "2019-06-30": "0.95690", "2019-03-31": "0.94980", "2018-12-31": "0.92260", "2018-09-30": "1.01960", "2018-06-30": "1.04460", "2018-03-31": "1.07810", "2017-12-31": "1.13330", "2017-09-30": "1.04740", "2017-06-30": "1.23510", "2017-03-31": "1.32890", "2016-12-31": "1.23960", "2016-09-30": "1.10280", "2016-06-30": "1.08650", "2016-03-31": "1.03710", "2015-12-31": "0.92080", "2015-09-30": "1.01720", "2015-06-30": "0.98350", "2015-03-31": "", "2014-12-31": "1.03050", "2014-09-30": "1.31880", "2014-06-30": "1.26780", "2014-03-31": "1.47840", "2013-12-31": "1.34880", "2013-09-30": "1.28470", "2013-06-30": "1.28330", "2013-03-31": "1.25550", "2012-12-31": "1.16330", "2012-09-30": "1.33170", "2012-06-30": "1.02440", "2012-03-31": "", "2011-12-31": "1.14510", "2011-09-30": "1.06370", "2011-06-30": "1.15820", "2011-03-31": "1.35730", "2010-12-31": "1.29050", "2010-09-30": "1.09880", "2010-06-30": "1.04940", "2010-03-31": "1.19080", "2009-12-31": "1.13390", "2009-09-30": "1.06940", "2009-06-30": "1.11080", "2009-03-31": "1.17560", "2008-12-31": "1.04960", "2008-09-30": "1.02600", "2008-06-30": "1.07650", "2008-03-31": "1.11530", "2007-12-31": "1.02530", "2007-09-30": "0.99510", "2007-06-30": "0.90990", "2007-03-31": "0.97280", "2006-12-31": "0.85590", "2006-09-30": "0.77970", "2006-06-30": "0.79680", "2006-03-31": "0.79310", "2005-12-31": "0.72590", "2005-09-30": "0.87040", "2005-06-30": "0.82410", "2005-03-31": "1.16170"}, "Long-term Debt / Capital": {"2020-09-30": "0.43130", "2020-06-30": "0.41910", "2020-03-31": "0.31480", "2019-12-31": "0.32650", "2019-09-30": "0.32910", "2019-06-30": "0.34720", "2019-03-31": "0.35740", "2018-12-31": "0.35180", "2018-09-30": "0.29100", "2018-06-30": "0.29190", "2018-03-31": "0.28760", "2017-12-31": "0.31610", "2017-09-30": "0.31020", "2017-06-30": "0.32900", "2017-03-31": "0.34360", "2016-12-31": "0.34290", "2016-09-30": "0.36060", "2016-06-30": "0.37630", "2016-03-31": "0.37770", "2015-12-31": "0.39930", "2015-09-30": "0.32110", "2015-06-30": "0.31430", "2015-03-31": "", "2014-12-31": "0.30920", "2014-09-30": "0.31690", "2014-06-30": "0.29990", "2014-03-31": "0.30510", "2013-12-31": "0.32450", "2013-09-30": "0.34560", "2013-06-30": "0.36690", "2013-03-31": "0.38580", "2012-12-31": "0.41050", "2012-09-30": "0.40830", "2012-06-30": "0.42600", "2012-03-31": "", "2011-12-31": "0.40270", "2011-09-30": "0.43330", "2011-06-30": "0.44390", "2011-03-31": "0.43580", "2010-12-31": "0.43710", "2010-09-30": "0.46350", "2010-06-30": "0.48800", "2010-03-31": "0.45310", "2009-12-31": "0.45180", "2009-09-30": "0.49180", "2009-06-30": "0.51410", "2009-03-31": "0.53700", "2008-12-31": "0.54450", "2008-09-30": "0.55570", "2008-06-30": "0.57360", "2008-03-31": "0.56180", "2007-12-31": "0.57930", "2007-09-30": "0.58440", "2007-06-30": "0.57460", "2007-03-31": "0.58330", "2006-12-31": "0.58770", "2006-09-30": "0.59580", "2006-06-30": "0.62070", "2006-03-31": "0.58590", "2005-12-31": "0.62110", "2005-09-30": "0.61700", "2005-06-30": "0.65570", "2005-03-31": "0.66140"}, "Debt/Equity Ratio": {"2020-09-30": "0.84640", "2020-06-30": "0.83260", "2020-03-31": "0.59150", "2019-12-31": "0.54820", "2019-09-30": "0.55970", "2019-06-30": "0.65690", "2019-03-31": "0.72700", "2018-12-31": "0.71650", "2018-09-30": "0.53070", "2018-06-30": "0.52440", "2018-03-31": "0.51890", "2017-12-31": "0.61980", "2017-09-30": "0.57760", "2017-06-30": "0.59680", "2017-03-31": "0.60990", "2016-12-31": "0.64280", "2016-09-30": "0.68480", "2016-06-30": "0.72840", "2016-03-31": "0.74330", "2015-12-31": "0.81940", "2015-09-30": "0.59580", "2015-06-30": "0.55190", "2015-03-31": "", "2014-12-31": "0.53810", "2014-09-30": "0.53590", "2014-06-30": "0.49910", "2014-03-31": "0.51650", "2013-12-31": "0.56250", "2013-09-30": "0.60510", "2013-06-30": "0.65590", "2013-03-31": "0.70220", "2012-12-31": "0.78490", "2012-09-30": "0.76660", "2012-06-30": "0.82210", "2012-03-31": "", "2011-12-31": "0.76840", "2011-09-30": "0.84220", "2011-06-30": "0.88040", "2011-03-31": "0.85150", "2010-12-31": "0.86450", "2010-09-30": "0.99620", "2010-06-30": "1.11860", "2010-03-31": "0.94750", "2009-12-31": "0.92800", "2009-09-30": "1.13010", "2009-06-30": "1.26810", "2009-03-31": "1.32370", "2008-12-31": "1.36850", "2008-09-30": "1.44580", "2008-06-30": "1.51500", "2008-03-31": "1.44910", "2007-12-31": "1.58540", "2007-09-30": "1.63000", "2007-06-30": "1.61390", "2007-03-31": "1.64080", "2006-12-31": "1.67150", "2006-09-30": "1.69980", "2006-06-30": "1.86230", "2006-03-31": "1.66930", "2005-12-31": "1.91510", "2005-09-30": "1.87510", "2005-06-30": "2.15740", "2005-03-31": "2.10500"}, "Gross Margin": {"2020-09-30": "64.60690", "2020-06-30": "44.64630", "2020-03-31": "68.76530", "2019-12-31": "65.72070", "2019-09-30": "66.89700", "2019-06-30": "63.73690", "2019-03-31": "66.70760", "2018-12-31": "61.89380", "2018-09-30": "62.19040", "2018-06-30": "61.13970", "2018-03-31": "67.80860", "2017-12-31": "66.56600", "2017-09-30": "67.69950", "2017-06-30": "68.41980", "2017-03-31": "69.92920", "2016-12-31": "66.42980", "2016-09-30": "65.67240", "2016-06-30": "65.39250", "2016-03-31": "69.69650", "2015-12-31": "56.42170", "2015-09-30": "56.08600", "2015-06-30": "54.07820", "2015-03-31": "60.01940", "2014-12-31": "56.03020", "2014-09-30": "53.95940", "2014-06-30": "55.34530", "2014-03-31": "58.39740", "2013-12-31": "58.83450", "2013-09-30": "57.46050", "2013-06-30": "54.73580", "2013-03-31": "55.81150", "2012-12-31": "53.51180", "2012-09-30": "54.74840", "2012-06-30": "51.88730", "2012-03-31": "55.66780", "2011-12-31": "57.01770", "2011-09-30": "57.12360", "2011-06-30": "55.05850", "2011-03-31": "60.78370", "2010-12-31": "61.33790", "2010-09-30": "60.55020", "2010-06-30": "58.72330", "2010-03-31": "63.52910", "2009-12-31": "64.75980", "2009-09-30": "60.50910", "2009-06-30": "58.37150", "2009-03-31": "62.31620", "2008-12-31": "60.86650", "2008-09-30": "52.49240", "2008-06-30": "51.73550", "2008-03-31": "57.78710", "2007-12-31": "59.65090", "2007-09-30": "59.30530", "2007-06-30": "60.86340", "2007-03-31": "64.99360", "2006-12-31": "62.85420", "2006-09-30": "60.13450", "2006-06-30": "58.19970", "2006-03-31": "62.43020", "2005-12-31": "100.00000", "2005-09-30": "61.86220", "2005-06-30": "62.51690", "2005-03-31": "67.88870"}, "Operating Margin": {"2020-09-30": "-330.33170", "2020-06-30": "-2462.66900", "2020-03-31": "16.57330", "2019-12-31": "2.61090", "2019-09-30": "18.76220", "2019-06-30": "12.80420", "2019-03-31": "16.79220", "2018-12-31": "-19.24790", "2018-09-30": "11.56520", "2018-06-30": "9.52930", "2018-03-31": "20.64910", "2017-12-31": "16.10980", "2017-09-30": "18.31850", "2017-06-30": "13.69460", "2017-03-31": "18.88630", "2016-12-31": "11.48770", "2016-09-30": "13.72320", "2016-06-30": "6.99010", "2016-03-31": "16.94940", "2015-12-31": "7.33720", "2015-09-30": "9.23820", "2015-06-30": "9.13080", "2015-03-31": "20.14650", "2014-12-31": "15.56680", "2014-09-30": "16.73380", "2014-06-30": "19.47710", "2014-03-31": "24.80320", "2013-12-31": "18.59430", "2013-09-30": "21.77710", "2013-06-30": "16.50140", "2013-03-31": "22.24110", "2012-12-31": "17.38250", "2012-09-30": "19.32260", "2012-06-30": "14.07770", "2012-03-31": "20.53520", "2011-12-31": "21.76210", "2011-09-30": "20.93360", "2011-06-30": "17.44620", "2011-03-31": "23.87160", "2010-12-31": "22.97770", "2010-09-30": "20.36640", "2010-06-30": "14.37000", "2010-03-31": "23.04210", "2009-12-31": "25.58690", "2009-09-30": "14.17830", "2009-06-30": "13.23700", "2009-03-31": "22.32120", "2008-12-31": "24.27590", "2008-09-30": "16.35730", "2008-06-30": "10.47060", "2008-03-31": "17.47770", "2007-12-31": "15.10620", "2007-09-30": "20.67760", "2007-06-30": "16.57420", "2007-03-31": "25.04630", "2006-12-31": "21.34600", "2006-09-30": "19.61080", "2006-06-30": "14.86800", "2006-03-31": "21.78270", "2005-12-31": "14.90310", "2005-09-30": "20.27180", "2005-06-30": "14.77060", "2005-03-31": "22.86550"}, "EBIT Margin": {"2020-09-30": "-330.33170", "2020-06-30": "-2462.66900", "2020-03-31": "16.57330", "2019-12-31": "2.61100", "2019-09-30": "18.76220", "2019-06-30": "12.80420", "2019-03-31": "16.79220", "2018-12-31": "-19.24790", "2018-09-30": "11.56520", "2018-06-30": "9.52930", "2018-03-31": "20.64910", "2017-12-31": "16.10980", "2017-09-30": "18.31850", "2017-06-30": "13.69460", "2017-03-31": "18.88630", "2016-12-31": "11.48760", "2016-09-30": "13.72320", "2016-06-30": "6.99010", "2016-03-31": "16.94940", "2015-12-31": "7.33720", "2015-09-30": "9.23820", "2015-06-30": "9.13080", "2015-03-31": "20.14650", "2014-12-31": "15.56680", "2014-09-30": "16.73380", "2014-06-30": "19.47710", "2014-03-31": "24.80320", "2013-12-31": "18.59430", "2013-09-30": "21.77710", "2013-06-30": "16.50140", "2013-03-31": "22.24110", "2012-12-31": "17.38250", "2012-09-30": "19.32260", "2012-06-30": "14.07770", "2012-03-31": "20.53520", "2011-12-31": "21.76210", "2011-09-30": "20.93360", "2011-06-30": "17.44620", "2011-03-31": "23.87160", "2010-12-31": "22.97770", "2010-09-30": "20.36640", "2010-06-30": "14.37000", "2010-03-31": "23.04210", "2009-12-31": "25.58690", "2009-09-30": "14.17830", "2009-06-30": "13.23700", "2009-03-31": "22.32120", "2008-12-31": "24.27590", "2008-09-30": "16.35730", "2008-06-30": "10.47060", "2008-03-31": "17.47770", "2007-12-31": "15.10620", "2007-09-30": "20.67760", "2007-06-30": "16.57420", "2007-03-31": "25.04630", "2006-12-31": "21.34600", "2006-09-30": "19.61080", "2006-06-30": "14.86800", "2006-03-31": "21.78270", "2005-12-31": "100.00000", "2005-09-30": "20.27180", "2005-06-30": "14.77060", "2005-03-31": "22.86550"}, "EBITDA Margin": {"2020-09-30": "", "2020-06-30": "", "2020-03-31": "", "2019-12-31": "", "2019-09-30": "", "2019-06-30": "", "2019-03-31": "", "2018-12-31": "", "2018-09-30": "", "2018-06-30": "", "2018-03-31": "", "2017-12-31": "", "2017-09-30": "", "2017-06-30": "", "2017-03-31": "", "2016-12-31": "", "2016-09-30": "", "2016-06-30": "", "2016-03-31": "", "2015-12-31": "", "2015-09-30": "", "2015-06-30": "", "2015-03-31": "", "2014-12-31": "", "2014-09-30": "", "2014-06-30": "", "2014-03-31": "", "2013-12-31": "", "2013-09-30": "", "2013-06-30": "", "2013-03-31": "", "2012-12-31": "", "2012-09-30": "", "2012-06-30": "", "2012-03-31": "", "2011-12-31": "", "2011-09-30": "", "2011-06-30": "", "2011-03-31": "", "2010-12-31": "", "2010-09-30": "", "2010-06-30": "", "2010-03-31": "", "2009-12-31": "", "2009-09-30": "", "2009-06-30": "", "2009-03-31": "", "2008-12-31": "", "2008-09-30": "", "2008-06-30": "", "2008-03-31": "", "2007-12-31": "", "2007-09-30": "", "2007-06-30": "", "2007-03-31": "", "2006-12-31": "", "2006-09-30": "", "2006-06-30": "", "2006-03-31": "", "2005-12-31": "", "2005-09-30": "", "2005-06-30": "", "2005-03-31": ""}, "Pre-Tax Profit Margin": {"2020-09-30": "-365.15660", "2020-06-30": "-2756.01400", "2020-03-31": "13.93240", "2019-12-31": "1.22540", "2019-09-30": "16.42300", "2019-06-30": "10.96600", "2019-03-31": "14.58440", "2018-12-31": "-23.11660", "2018-09-30": "10.24200", "2018-06-30": "9.01130", "2018-03-31": "20.75110", "2017-12-31": "16.41110", "2017-09-30": "18.17930", "2017-06-30": "12.37650", "2017-03-31": "18.19910", "2016-12-31": "16.45050", "2016-09-30": "15.25150", "2016-06-30": "12.18660", "2016-03-31": "22.76860", "2015-12-31": "-75.47370", "2015-09-30": "1.90280", "2015-06-30": "13.23130", "2015-03-31": "20.27570", "2014-12-31": "3.20160", "2014-09-30": "10.79540", "2014-06-30": "19.59860", "2014-03-31": "24.34220", "2013-12-31": "17.76120", "2013-09-30": "22.70960", "2013-06-30": "13.91120", "2013-03-31": "20.03420", "2012-12-31": "16.14510", "2012-09-30": "20.82330", "2012-06-30": "6.93930", "2012-03-31": "20.38650", "2011-12-31": "23.01860", "2011-09-30": "15.75190", "2011-06-30": "11.94000", "2011-03-31": "24.53150", "2010-12-31": "24.92530", "2010-09-30": "21.25410", "2010-06-30": "10.41100", "2010-03-31": "14.56170", "2009-12-31": "27.21260", "2009-09-30": "14.30400", "2009-06-30": "20.99020", "2009-03-31": "25.02170", "2008-12-31": "9.78680", "2008-09-30": "7.08450", "2008-06-30": "11.39130", "2008-03-31": "14.73640", "2007-12-31": "14.26110", "2007-09-30": "19.14720", "2007-06-30": "14.76620", "2007-03-31": "21.80310", "2006-12-31": "18.93650", "2006-09-30": "17.43660", "2006-06-30": "12.85930", "2006-03-31": "18.95730", "2005-12-31": "100.00000", "2005-09-30": "17.51760", "2005-06-30": "13.09270", "2005-03-31": "21.51790"}, "Net Profit Margin": {"2020-09-30": "-364.57600", "2020-06-30": "-2656.33100", "2020-03-31": "12.47340", "2019-12-31": "0.39990", "2019-09-30": "14.68180", "2019-06-30": "7.88500", "2019-03-31": "13.30480", "2018-12-31": "-23.73600", "2018-09-30": "8.56180", "2018-06-30": "7.85340", "2018-03-31": "19.09730", "2017-12-31": "14.70210", "2017-09-30": "15.99060", "2017-06-30": "10.21480", "2017-03-31": "16.41590", "2016-12-31": "15.05830", "2016-09-30": "13.02480", "2016-06-30": "11.02010", "2016-03-31": "20.71040", "2015-12-31": "-76.69400", "2015-09-30": "1.13530", "2015-06-30": "11.90610", "2015-03-31": "17.91340", "2014-12-31": "3.99870", "2014-09-30": "9.94130", "2014-06-30": "17.54440", "2014-03-31": "21.21020", "2013-12-31": "16.22190", "2013-09-30": "18.60500", "2013-06-30": "12.57450", "2013-03-31": "17.75040", "2012-12-31": "14.44100", "2012-09-30": "18.95460", "2012-06-30": "6.20460", "2012-03-31": "17.65830", "2011-12-31": "20.63260", "2011-09-30": "14.82960", "2011-06-30": "9.64850", "2011-03-31": "22.32370", "2010-12-31": "23.92200", "2010-09-30": "19.70420", "2010-06-30": "9.65150", "2010-03-31": "12.51810", "2009-12-31": "22.88540", "2009-09-30": "13.32540", "2009-06-30": "19.86830", "2009-03-31": "23.19470", "2008-12-31": "7.44240", "2008-09-30": "6.58440", "2008-06-30": "10.21420", "2008-03-31": "13.34940", "2007-12-31": "12.48340", "2007-09-30": "17.69310", "2007-06-30": "13.13460", "2007-03-31": "20.00700", "2006-12-31": "17.46570", "2006-09-30": "16.14790", "2006-06-30": "11.94160", "2006-03-31": "16.83650", "2005-12-31": "9.68820", "2005-09-30": "15.55240", "2005-06-30": "10.99990", "2005-03-31": "19.85780"}, "Asset Turnover": {"2020-09-30": "0.00830", "2020-06-30": "0.00360", "2020-03-31": "0.13550", "2019-12-31": "0.15650", "2019-09-30": "0.16030", "2019-06-30": "0.14270", "2019-03-31": "0.14570", "2018-12-31": "0.14770", "2018-09-30": "0.15400", "2018-06-30": "0.14410", "2018-03-31": "0.16510", "2017-12-31": "0.16670", "2017-09-30": "0.15750", "2017-06-30": "0.14060", "2017-03-31": "0.15580", "2016-12-31": "0.15630", "2016-09-30": "0.14910", "2016-06-30": "0.13060", "2016-03-31": "0.14920", "2015-12-31": "0.14330", "2015-09-30": "0.13050", "2015-06-30": "0.12910", "2015-03-31": "", "2014-12-31": "0.16040", "2014-09-30": "0.16220", "2014-06-30": "0.16790", "2014-03-31": "0.18090", "2013-12-31": "0.17650", "2013-09-30": "0.17500", "2013-06-30": "0.16110", "2013-03-31": "0.17980", "2012-12-31": "0.17240", "2012-09-30": "0.17170", "2012-06-30": "0.15670", "2012-03-31": "", "2011-12-31": "0.16500", "2011-09-30": "0.16490", "2011-06-30": "0.15470", "2011-03-31": "0.15760", "2010-12-31": "0.15980", "2010-09-30": "0.15770", "2010-06-30": "0.13570", "2010-03-31": "0.15170", "2009-12-31": "0.16010", "2009-09-30": "0.15600", "2009-06-30": "0.13650", "2009-03-31": "0.15570", "2008-12-31": "0.17250", "2008-09-30": "0.18470", "2008-06-30": "0.16110", "2008-03-31": "0.17000", "2007-12-31": "0.16670", "2007-09-30": "0.16290", "2007-06-30": "0.15770", "2007-03-31": "0.17470", "2006-12-31": "0.18910", "2006-09-30": "0.20460", "2006-06-30": "0.18250", "2006-03-31": "0.20500", "2005-12-31": "0.19590", "2005-09-30": "0.21030", "2005-06-30": "0.16970", "2005-03-31": "0.15740"}, "Inventory Turnover Ratio": {"2020-09-30": "0.14790", "2020-06-30": "0.10500", "2020-03-31": "2.49800", "2019-12-31": "3.38290", "2019-09-30": "2.51870", "2019-06-30": "2.50210", "2019-03-31": "2.45690", "2018-12-31": "2.88920", "2018-09-30": "2.72510", "2018-06-30": "2.82030", "2018-03-31": "2.71280", "2017-12-31": "2.75480", "2017-09-30": "2.69470", "2017-06-30": "2.27930", "2017-03-31": "2.37040", "2016-12-31": "2.70950", "2016-09-30": "2.77180", "2016-06-30": "2.49260", "2016-03-31": "2.68210", "2015-12-31": "3.72870", "2015-09-30": "4.01130", "2015-06-30": "4.16880", "2015-03-31": "", "2014-12-31": "4.79790", "2014-09-30": "4.92110", "2014-06-30": "4.71390", "2014-03-31": "4.97660", "2013-12-31": "5.05580", "2013-09-30": "5.11620", "2013-06-30": "5.45630", "2013-03-31": "4.88150", "2012-12-31": "5.51060", "2012-09-30": "5.20910", "2012-06-30": "5.68110", "2012-03-31": "", "2011-12-31": "5.13080", "2011-09-30": "4.36100", "2011-06-30": "4.27750", "2011-03-31": "3.46500", "2010-12-31": "3.43430", "2010-09-30": "3.57300", "2010-06-30": "4.52390", "2010-03-31": "5.28110", "2009-12-31": "4.49890", "2009-09-30": "5.52540", "2009-06-30": "5.14110", "2009-03-31": "5.60700", "2008-12-31": "6.14200", "2008-09-30": "9.65580", "2008-06-30": "7.86320", "2008-03-31": "7.55790", "2007-12-31": "8.15080", "2007-09-30": "9.21550", "2007-06-30": "8.00680", "2007-03-31": "8.71750", "2006-12-31": "10.17260", "2006-09-30": "12.06210", "2006-06-30": "12.78890", "2006-03-31": "14.61080", "2005-12-31": "18.64460", "2005-09-30": "20.21000", "2005-06-30": "15.97640", "2005-03-31": "14.53430"}, "Receiveable Turnover": {"2020-09-30": "0.86830", "2020-06-30": "0.48210", "2020-03-31": "11.63090", "2019-12-31": "5.25440", "2019-09-30": "5.01920", "2019-06-30": "3.97650", "2019-03-31": "4.21610", "2018-12-31": "5.65310", "2018-09-30": "5.63700", "2018-06-30": "4.55980", "2018-03-31": "4.75420", "2017-12-31": "5.83010", "2017-09-30": "4.65280", "2017-06-30": "3.68570", "2017-03-31": "4.44990", "2016-12-31": "5.26800", "2016-09-30": "5.13940", "2016-06-30": "4.00110", "2016-03-31": "4.76970", "2015-12-31": "5.03510", "2015-09-30": "4.38070", "2015-06-30": "4.53060", "2015-03-31": "", "2014-12-31": "5.35580", "2014-09-30": "4.31990", "2014-06-30": "5.54860", "2014-03-31": "4.62480", "2013-12-31": "5.16650", "2013-09-30": "3.86390", "2013-06-30": "3.45860", "2013-03-31": "3.65070", "2012-12-31": "4.39970", "2012-09-30": "4.11280", "2012-06-30": "3.81300", "2012-03-31": "", "2011-12-31": "3.53780", "2011-09-30": "3.53200", "2011-06-30": "3.08620", "2011-03-31": "4.29300", "2010-12-31": "4.56940", "2010-09-30": "3.51550", "2010-06-30": "2.97610", "2010-03-31": "3.66550", "2009-12-31": "4.28200", "2009-09-30": "3.36710", "2009-06-30": "3.33490", "2009-03-31": "3.62430", "2008-12-31": "4.60180", "2008-09-30": "3.32070", "2008-06-30": "2.99030", "2008-03-31": "3.37550", "2007-12-31": "3.83700", "2007-09-30": "2.44980", "2007-06-30": "2.52320", "2007-03-31": "2.92830", "2006-12-31": "3.81980", "2006-09-30": "3.21170", "2006-06-30": "3.11110", "2006-03-31": "3.37310", "2005-12-31": "3.85960", "2005-09-30": "3.22000", "2005-06-30": "2.60580", "2005-03-31": "3.50950"}, "Days Sales In Receivables": {"2020-09-30": "103.65200", "2020-06-30": "186.69490", "2020-03-31": "7.73800", "2019-12-31": "17.12840", "2019-09-30": "17.93100", "2019-06-30": "22.63300", "2019-03-31": "21.34690", "2018-12-31": "15.92050", "2018-09-30": "15.96610", "2018-06-30": "19.73770", "2018-03-31": "18.93070", "2017-12-31": "15.43720", "2017-09-30": "19.34320", "2017-06-30": "24.41880", "2017-03-31": "20.22520", "2016-12-31": "17.08420", "2016-09-30": "17.51190", "2016-06-30": "22.49350", "2016-03-31": "18.86920", "2015-12-31": "17.87450", "2015-09-30": "20.54460", "2015-06-30": "19.86510", "2015-03-31": "", "2014-12-31": "16.80420", "2014-09-30": "20.83370", "2014-06-30": "16.22020", "2014-03-31": "19.46050", "2013-12-31": "17.41980", "2013-09-30": "23.29260", "2013-06-30": "26.02240", "2013-03-31": "24.65250", "2012-12-31": "20.45590", "2012-09-30": "21.88270", "2012-06-30": "23.60360", "2012-03-31": "", "2011-12-31": "25.43930", "2011-09-30": "25.48120", "2011-06-30": "29.16210", "2011-03-31": "20.96460", "2010-12-31": "19.69600", "2010-09-30": "25.60120", "2010-06-30": "30.24060", "2010-03-31": "24.55300", "2009-12-31": "21.01830", "2009-09-30": "26.72940", "2009-06-30": "26.98750", "2009-03-31": "24.83220", "2008-12-31": "19.55760", "2008-09-30": "27.10250", "2008-06-30": "30.09770", "2008-03-31": "26.66240", "2007-12-31": "23.45590", "2007-09-30": "36.73710", "2007-06-30": "35.66970", "2007-03-31": "30.73460", "2006-12-31": "23.56140", "2006-09-30": "28.02270", "2006-06-30": "28.92890", "2006-03-31": "26.68140", "2005-12-31": "23.31830", "2005-09-30": "27.95030", "2005-06-30": "34.53800", "2005-03-31": "25.64500"}, "ROE - Return On Equity": {"2020-09-30": "-8.00300", "2020-06-30": "-24.25100", "2020-03-31": "3.75760", "2019-12-31": "0.14090", "2019-09-30": "5.28290", "2019-06-30": "2.69060", "2019-03-31": "4.79080", "2018-12-31": "-8.66770", "2018-09-30": "2.57250", "2018-06-30": "2.24630", "2018-03-31": "6.19960", "2017-12-31": "5.23030", "2017-09-30": "5.15630", "2017-06-30": "2.97650", "2017-03-31": "5.24510", "2016-12-31": "4.91500", "2016-09-30": "4.17680", "2016-06-30": "3.17730", "2016-03-31": "6.86220", "2015-12-31": "-25.73180", "2015-09-30": "0.29460", "2015-06-30": "2.97110", "2015-03-31": "", "2014-12-31": "1.26060", "2014-09-30": "3.11680", "2014-06-30": "5.65400", "2014-03-31": "7.52630", "2013-12-31": "5.95140", "2013-09-30": "6.92780", "2013-06-30": "4.31670", "2013-03-31": "6.88370", "2012-12-31": "5.63750", "2012-09-30": "7.23410", "2012-06-30": "2.23320", "2012-03-31": "", "2011-12-31": "7.51210", "2011-09-30": "5.63130", "2011-06-30": "3.49640", "2011-03-31": "7.83040", "2010-12-31": "8.53610", "2010-09-30": "7.58220", "2010-06-30": "3.34660", "2010-03-31": "4.43540", "2009-12-31": "8.68930", "2009-09-30": "5.41380", "2009-06-30": "7.37350", "2009-03-31": "10.22800", "2008-12-31": "3.84780", "2008-09-30": "3.76550", "2008-06-30": "5.14380", "2008-03-31": "6.84570", "2007-12-31": "6.68260", "2007-09-30": "9.45160", "2007-06-30": "6.88760", "2007-03-31": "11.33540", "2006-12-31": "11.15370", "2006-09-30": "11.37510", "2006-06-30": "7.89390", "2006-03-31": "11.60780", "2005-12-31": "7.07700", "2005-09-30": "12.07340", "2005-06-30": "7.54440", "2005-03-31": "11.46840"}, "Return On Tangible Equity": {"2020-09-30": "-8.57110", "2020-06-30": "-25.95470", "2020-03-31": "3.97270", "2019-12-31": "0.14930", "2019-09-30": "5.59110", "2019-06-30": "2.85270", "2019-03-31": "5.07620", "2018-12-31": "-9.18490", "2018-09-30": "2.68460", "2018-06-30": "2.34160", "2018-03-31": "6.44840", "2017-12-31": "5.46420", "2017-09-30": "5.35900", "2017-06-30": "3.09300", "2017-03-31": "5.44500", "2016-12-31": "5.10770", "2016-09-30": "4.35750", "2016-06-30": "3.31820", "2016-03-31": "7.16210", "2015-12-31": "-26.90860", "2015-09-30": "0.30390", "2015-06-30": "3.06020", "2015-03-31": "", "2014-12-31": "1.29640", "2014-09-30": "3.20480", "2014-06-30": "5.81220", "2014-03-31": "7.73100", "2013-12-31": "6.12370", "2013-09-30": "7.26000", "2013-06-30": "4.53500", "2013-03-31": "7.26010", "2012-12-31": "5.97570", "2012-09-30": "7.65260", "2012-06-30": "2.37200", "2012-03-31": "", "2011-12-31": "7.92350", "2011-09-30": "5.97170", "2011-06-30": "3.73150", "2011-03-31": "8.31150", "2010-12-31": "9.08320", "2010-09-30": "8.16000", "2010-06-30": "3.60440", "2010-03-31": "4.78470", "2009-12-31": "9.37280", "2009-09-30": "5.87510", "2009-06-30": "7.96670", "2009-03-31": "10.96320", "2008-12-31": "4.22520", "2008-09-30": "4.14080", "2008-06-30": "5.75180", "2008-03-31": "7.73010", "2007-12-31": "7.52770", "2007-09-30": "10.74020", "2007-06-30": "7.97820", "2007-03-31": "12.97130", "2006-12-31": "13.03790", "2006-09-30": "13.39790", "2006-06-30": "9.34380", "2006-03-31": "14.25740", "2005-12-31": "8.96640", "2005-09-30": "15.71020", "2005-06-30": "10.20800", "2005-03-31": "11.46840"}, "ROA - Return On Assets": {"2020-09-30": "-3.03620", "2020-06-30": "-9.44690", "2020-03-31": "1.69050", "2019-12-31": "0.06260", "2019-09-30": "2.35410", "2019-06-30": "1.12510", "2019-03-31": "1.93790", "2018-12-31": "-3.50580", "2018-09-30": "1.31880", "2018-06-30": "1.13200", "2018-03-31": "3.15360", "2017-12-31": "2.45050", "2017-09-30": "2.51770", "2017-06-30": "1.43610", "2017-03-31": "2.55840", "2016-12-31": "2.35420", "2016-09-30": "1.94150", "2016-06-30": "1.43870", "2016-03-31": "3.09020", "2015-12-31": "-10.99380", "2015-09-30": "0.14820", "2015-06-30": "1.53660", "2015-03-31": "", "2014-12-31": "0.64120", "2014-09-30": "1.61220", "2014-06-30": "2.94560", "2014-03-31": "3.83650", "2013-12-31": "2.86360", "2013-09-30": "3.25630", "2013-06-30": "2.02630", "2013-03-31": "3.19100", "2012-12-31": "2.48950", "2012-09-30": "3.25510", "2012-06-30": "0.97200", "2012-03-31": "", "2011-12-31": "3.40480", "2011-09-30": "2.44520", "2011-06-30": "1.49250", "2011-03-31": "3.51780", "2010-12-31": "3.82270", "2010-09-30": "3.10690", "2010-06-30": "1.31010", "2010-03-31": "1.89920", "2009-12-31": "3.66330", "2009-09-30": "2.07870", "2009-06-30": "2.71260", "2009-03-31": "3.61240", "2008-12-31": "1.28380", "2008-09-30": "1.21620", "2008-06-30": "1.64540", "2008-03-31": "2.26910", "2007-12-31": "2.08090", "2007-09-30": "2.88210", "2007-06-30": "2.07160", "2007-03-31": "3.49440", "2006-12-31": "3.30310", "2006-09-30": "3.30380", "2006-06-30": "2.17930", "2006-03-31": "3.45140", "2005-12-31": "1.89770", "2005-09-30": "3.27080", "2005-06-30": "1.86620", "2005-03-31": "3.12530"}, "ROI - Return On Investment": {"2020-09-30": "-4.55120", "2020-06-30": "-14.08820", "2020-03-31": "2.57480", "2019-12-31": "0.09490", "2019-09-30": "3.54430", "2019-06-30": "1.75650", "2019-03-31": "3.07880", "2018-12-31": "-5.61800", "2018-09-30": "1.82380", "2018-06-30": "1.59050", "2018-03-31": "4.41690", "2017-12-31": "3.57680", "2017-09-30": "3.55670", "2017-06-30": "1.99720", "2017-03-31": "3.44300", "2016-12-31": "3.22960", "2016-09-30": "2.67050", "2016-06-30": "1.98170", "2016-03-31": "4.27030", "2015-12-31": "-15.45720", "2015-09-30": "0.20000", "2015-06-30": "2.03730", "2015-03-31": "", "2014-12-31": "0.87080", "2014-09-30": "2.12900", "2014-06-30": "3.95830", "2014-03-31": "5.22980", "2013-12-31": "4.02040", "2013-09-30": "4.53370", "2013-06-30": "2.73280", "2013-03-31": "4.22780", "2012-12-31": "3.32350", "2012-09-30": "4.28040", "2012-06-30": "1.28180", "2012-03-31": "", "2011-12-31": "4.48730", "2011-09-30": "3.19150", "2011-06-30": "1.94430", "2011-03-31": "4.41810", "2010-12-31": "4.80540", "2010-09-30": "4.06810", "2010-06-30": "1.71330", "2010-03-31": "2.42550", "2009-12-31": "4.76330", "2009-09-30": "2.75120", "2009-06-30": "3.58260", "2009-03-31": "4.73550", "2008-12-31": "1.75260", "2008-09-30": "1.67320", "2008-06-30": "2.19340", "2008-03-31": "2.99940", "2007-12-31": "2.81100", "2007-09-30": "3.92780", "2007-06-30": "2.93030", "2007-03-31": "4.72300", "2006-12-31": "4.59860", "2006-09-30": "4.59830", "2006-06-30": "2.99410", "2006-03-31": "4.80620", "2005-12-31": "2.68180", "2005-09-30": "4.62440", "2005-06-30": "2.59760", "2005-03-31": "3.88330"}, "Book Value Per Share": {"2020-09-30": "34.82760", "2020-06-30": "37.59120", "2020-03-31": "44.12280", "2019-12-31": "45.76850", "2019-09-30": "46.56500", "2019-06-30": "44.72770", "2019-03-31": "41.69700", "2018-12-31": "42.57740", "2018-09-30": "53.03810", "2018-06-30": "52.54190", "2018-03-31": "52.21530", "2017-12-31": "44.98920", "2017-09-30": "45.68020", "2017-06-30": "44.02660", "2017-03-31": "43.07570", "2016-12-31": "43.81140", "2016-09-30": "42.14420", "2016-06-30": "40.81260", "2016-03-31": "40.01630", "2015-12-31": "37.83630", "2015-09-30": "48.57860", "2015-06-30": "49.12480", "2015-03-31": "", "2014-12-31": "47.17400", "2014-09-30": "47.72340", "2014-06-30": "47.10300", "2014-03-31": "45.32210", "2013-12-31": "43.12910", "2013-09-30": "41.01600", "2013-06-30": "38.88680", "2013-03-31": "37.28080", "2012-12-31": "34.89290", "2012-09-30": "34.90020", "2012-06-30": "32.36630", "2012-03-31": "", "2011-12-31": "31.65510", "2011-09-30": "28.20510", "2011-06-30": "26.84420", "2011-03-31": "27.43600", "2010-12-31": "26.25480", "2010-09-30": "21.64240", "2010-06-30": "20.12010", "2010-03-31": "21.77320", "2009-12-31": "21.02050", "2009-09-30": "18.27830", "2009-06-30": "17.16060", "2009-03-31": "16.06110", "2008-12-31": "", "2008-09-30": "14.07680", "2008-06-30": "13.69640", "2008-03-31": "13.35810", "2007-12-31": "12.38150", "2007-09-30": "11.46890", "2007-06-30": "10.38810", "2007-03-31": "9.91910", "2006-12-31": "8.65590", "2006-09-30": "7.62460", "2006-06-30": "6.74560", "2006-03-31": "6.47650", "2005-12-31": "5.74290", "2005-09-30": "5.35420", "2005-06-30": "4.67850", "2005-03-31": "4.59490"}, "Operating Cash Flow Per Share": {"2020-09-30": -0.4392, "2020-06-30": -3.8342, "2020-03-31": "2.50210", "2019-12-31": 5.5548, "2019-09-30": 5.1248, "2019-06-30": 4.4042, "2019-03-31": "3.39140", "2018-12-31": 3.8908, "2018-09-30": 2.6063, "2018-06-30": 2.2445, "2018-03-31": "4.04840", "2017-12-31": 4.8314, "2017-09-30": 4.5301, "2017-06-30": 4.6536, "2017-03-31": "3.13130", "2016-12-31": 4.954, "2016-09-30": 2.7738, "2016-06-30": 3.4889, "2016-03-31": "2.81890", "2015-12-31": 1.8461, "2015-09-30": 0.9574, "2015-06-30": 2.5281, "2015-03-31": "1.89130", "2014-12-31": 5.3295, "2014-09-30": -2.8256, "2014-06-30": 6.1662, "2014-03-31": "", "2013-12-31": 5.9961, "2013-09-30": 4.0561, "2013-06-30": 8.6462, "2013-03-31": "", "2012-12-31": 12.1142, "2012-09-30": 0, "2012-06-30": 0, "2012-03-31": "", "2011-12-31": 11.1993, "2011-09-30": 0, "2011-06-30": 0, "2011-03-31": "", "2010-12-31": 6.6552, "2010-09-30": 0, "2010-06-30": 0, "2010-03-31": "", "2009-12-31": 6.6339, "2009-09-30": 0, "2009-06-30": 0, "2009-03-31": "", "2008-12-31": 4.5206, "2008-09-30": 0, "2008-06-30": 0, "2008-03-31": "", "2007-12-31": 5.0692, "2007-09-30": 0, "2007-06-30": 0, "2007-03-31": "", "2006-12-31": 4.5189, "2006-09-30": 0, "2006-06-30": 0, "2006-03-31": "", "2005-12-31": 2.8059, "2005-09-30": 0, "2005-06-30": 0, "2005-03-31": ""}, "Free Cash Flow Per Share": {"2020-09-30": -0.4392, "2020-06-30": -3.8342, "2020-03-31": "2.50210", "2019-12-31": 5.1124, "2019-09-30": 5.1248, "2019-06-30": 4.4042, "2019-03-31": "3.39140", "2018-12-31": 1.088, "2018-09-30": 2.6063, "2018-06-30": 2.2445, "2018-03-31": "4.04840", "2017-12-31": 2.2396, "2017-09-30": 4.5301, "2017-06-30": 4.6536, "2017-03-31": "3.13130", "2016-12-31": 3.0653, "2016-09-30": 2.7738, "2016-06-30": 3.4889, "2016-03-31": "2.81890", "2015-12-31": 0.0588, "2015-09-30": 0.9574, "2015-06-30": 2.5281, "2015-03-31": "1.89130", "2014-12-31": 2.9442, "2014-09-30": -2.8256, "2014-06-30": 6.1662, "2014-03-31": "", "2013-12-31": 3.9581, "2013-09-30": 4.0561, "2013-06-30": 8.6462, "2013-03-31": "", "2012-12-31": 8.1164, "2012-09-30": 0, "2012-06-30": 0, "2012-03-31": "", "2011-12-31": 8.3457, "2011-09-30": 0, "2011-06-30": 0, "2011-03-31": "", "2010-12-31": 2.5039, "2010-09-30": 0, "2010-06-30": 0, "2010-03-31": "", "2009-12-31": 5.2892, "2009-09-30": 0, "2009-06-30": 0, "2009-03-31": "", "2008-12-31": 0.8347, "2008-09-30": 0, "2008-06-30": 0, "2008-03-31": "", "2007-12-31": -1.8208, "2007-09-30": 0, "2007-06-30": 0, "2007-03-31": "", "2006-12-31": 0.0763, "2006-09-30": 0, "2006-06-30": 0, "2006-03-31": "", "2005-12-31": 1.3806, "2005-09-30": 0, "2005-06-30": 0, "2005-03-31": ""}}, "revenue": {"Copa Holdings, S.A Annual Revenue (Millions of US $)": {"2019": "$2,707", "2018": "$2,678", "2017": "$2,522", "2016": "$2,222", "2015": "$2,250", "2014": "$2,705", "2013": "$2,608", "2012": "$2,249", "2011": "$1,831", "2010": "$1,415", "2009": "$1,256", "2008": "$1,289", "2007": "$1,027", "2006": "$851", "2005": "$609"}, "Copa Holdings, S.A Quarterly Revenue (Millions of US $)": {"2020-09-30": "$32", "2020-06-30": "$15", "2020-03-31": "$595", "2019-12-31": "$682", "2019-09-30": "$708", "2019-06-30": "$645", "2019-03-31": "$672", "2018-12-31": "$656", "2018-09-30": "$672", "2018-06-30": "$634", "2018-03-31": "$715", "2017-12-31": "$674", "2017-09-30": "$659", "2017-06-30": "$574", "2017-03-31": "$615", "2016-12-31": "$601", "2016-09-30": "$568", "2016-06-30": "$495", "2016-03-31": "$557", "2015-12-31": "$533", "2015-09-30": "$547", "2015-06-30": "$538", "2015-03-31": "$632", "2014-12-31": "$654", "2014-09-30": "$664", "2014-06-30": "$674", "2014-03-31": "$714", "2013-12-31": "$698", "2013-09-30": "$677", "2013-06-30": "$592", "2013-03-31": "$641", "2012-12-31": "$600", "2012-09-30": "$590", "2012-06-30": "$516", "2012-03-31": "$543", "2011-12-31": "$506", "2011-09-30": "$474", "2011-06-30": "$428", "2011-03-31": "$423", "2010-12-31": "$408", "2010-09-30": "$363", "2010-06-30": "$304", "2010-03-31": "$339", "2009-12-31": "$346", "2009-09-30": "$324", "2009-06-30": "$278", "2009-03-31": "$309", "2008-12-31": "$346", "2008-09-30": "$349", "2008-06-30": "$298", "2008-03-31": "$296", "2007-12-31": "$285", "2007-09-30": "$265", "2007-06-30": "$235", "2007-03-31": "$243", "2006-12-31": "$237", "2006-09-30": "$231", "2006-06-30": "$191", "2006-03-31": "$192", "2005-12-31": "$180", "2005-09-30": "$178", "2005-06-30": "$137", "2005-03-31": "$114"}}, "gross-profit": {"Copa Holdings, S.A Annual Gross Profit (Millions of US $)": {"2019": "$1,781", "2018": "$1,697", "2017": "$1,717", "2016": "$1,485", "2015": "$1,278", "2014": "$1,514", "2013": "$1,482", "2012": "$1,214", "2011": "$1,052", "2010": "$864", "2009": "$774", "2008": "$719", "2007": "$628", "2006": "$519", "2005": "$376"}, "Copa Holdings, S.A Quarterly Gross Profit (Millions of US $)": {"2020-09-30": "$21", "2020-06-30": "$6", "2020-03-31": "$409", "2019-12-31": "$448", "2019-09-30": "$474", "2019-06-30": "$411", "2019-03-31": "$448", "2018-12-31": "$406", "2018-09-30": "$418", "2018-06-30": "$388", "2018-03-31": "$485", "2017-12-31": "$449", "2017-09-30": "$446", "2017-06-30": "$393", "2017-03-31": "$430", "2016-12-31": "$399", "2016-09-30": "$373", "2016-06-30": "$324", "2016-03-31": "$389", "2015-12-31": "$301", "2015-09-30": "$307", "2015-06-30": "$291", "2015-03-31": "$379", "2014-12-31": "$367", "2014-09-30": "$358", "2014-06-30": "$373", "2014-03-31": "$417", "2013-12-31": "$411", "2013-09-30": "$389", "2013-06-30": "$324", "2013-03-31": "$358", "2012-12-31": "$321", "2012-09-30": "$323", "2012-06-30": "$268", "2012-03-31": "$302", "2011-12-31": "$288", "2011-09-30": "$271", "2011-06-30": "$235", "2011-03-31": "$257", "2010-12-31": "$251", "2010-09-30": "$220", "2010-06-30": "$179", "2010-03-31": "$215", "2009-12-31": "$224", "2009-09-30": "$196", "2009-06-30": "$162", "2009-03-31": "$192", "2008-12-31": "$211", "2008-09-30": "$183", "2008-06-30": "$154", "2008-03-31": "$171", "2007-12-31": "$170", "2007-09-30": "$157", "2007-06-30": "$143", "2007-03-31": "$158", "2006-12-31": "$149", "2006-09-30": "$139", "2006-06-30": "$111", "2006-03-31": "$120", "2005-12-31": "$103", "2005-09-30": "$110", "2005-06-30": "$86", "2005-03-31": "$77"}}, "operating-income": {"Copa Holdings, S.A Annual Operating Income (Millions of US $)": {"2019": "$346", "2018": "$160", "2017": "$424", "2016": "$276", "2015": "$266", "2014": "$521", "2013": "$518", "2012": "$403", "2011": "$385", "2010": "$290", "2009": "$240", "2008": "$224", "2007": "$198", "2006": "$166", "2005": "$109"}, "Copa Holdings, S.A Quarterly Operating Income (Millions of US $)": {"2020-09-30": "$-107", "2020-06-30": "$-358", "2020-03-31": "$99", "2019-12-31": "$18", "2019-09-30": "$133", "2019-06-30": "$83", "2019-03-31": "$113", "2018-12-31": "$-126", "2018-09-30": "$78", "2018-06-30": "$60", "2018-03-31": "$148", "2017-12-31": "$109", "2017-09-30": "$121", "2017-06-30": "$79", "2017-03-31": "$116", "2016-12-31": "$69", "2016-09-30": "$78", "2016-06-30": "$35", "2016-03-31": "$94", "2015-12-31": "$39", "2015-09-30": "$51", "2015-06-30": "$49", "2015-03-31": "$127", "2014-12-31": "$102", "2014-09-30": "$111", "2014-06-30": "$131", "2014-03-31": "$177", "2013-12-31": "$130", "2013-09-30": "$147", "2013-06-30": "$98", "2013-03-31": "$143", "2012-12-31": "$104", "2012-09-30": "$114", "2012-06-30": "$73", "2012-03-31": "$112", "2011-12-31": "$110", "2011-09-30": "$99", "2011-06-30": "$75", "2011-03-31": "$101", "2010-12-31": "$94", "2010-09-30": "$74", "2010-06-30": "$44", "2010-03-31": "$78", "2009-12-31": "$89", "2009-09-30": "$46", "2009-06-30": "$37", "2009-03-31": "$69", "2008-12-31": "$84", "2008-09-30": "$57", "2008-06-30": "$31", "2008-03-31": "$52", "2007-12-31": "$43", "2007-09-30": "$55", "2007-06-30": "$39", "2007-03-31": "$61", "2006-12-31": "$51", "2006-09-30": "$45", "2006-06-30": "$28", "2006-03-31": "$42", "2005-12-31": "$27", "2005-09-30": "$36", "2005-06-30": "$20", "2005-03-31": "$26"}}, "ebitda": {"Copa Holdings, S.A Annual EBITDA (Millions of US $)": {"2019": "$628", "2018": "$436", "2017": "$591", "2016": "$435", "2015": "$401", "2014": "$636", "2013": "$654", "2012": "$492", "2011": "$460", "2010": "$353", "2009": "$291", "2008": "$267", "2007": "$233", "2006": "$191", "2005": "$129"}, "Copa Holdings, S.A Quarterly EBITDA (Millions of US $)": {"2020-09-30": "$-107", "2020-06-30": "$-358", "2020-03-31": "$99", "2019-12-31": "$18", "2019-09-30": "$133", "2019-06-30": "$83", "2019-03-31": "$113", "2018-12-31": "$-126", "2018-09-30": "$78", "2018-06-30": "$60", "2018-03-31": "$148", "2017-12-31": "$109", "2017-09-30": "$121", "2017-06-30": "$79", "2017-03-31": "$116", "2016-12-31": "$69", "2016-09-30": "$78", "2016-06-30": "$35", "2016-03-31": "$94", "2015-12-31": "$39", "2015-09-30": "$51", "2015-06-30": "$49", "2015-03-31": "$127", "2014-12-31": "$102", "2014-09-30": "$111", "2014-06-30": "$131", "2014-03-31": "$177", "2013-12-31": "$130", "2013-09-30": "$147", "2013-06-30": "$98", "2013-03-31": "$143", "2012-12-31": "$104", "2012-09-30": "$114", "2012-06-30": "$73", "2012-03-31": "$112", "2011-12-31": "$110", "2011-09-30": "$99", "2011-06-30": "$75", "2011-03-31": "$101", "2010-12-31": "$94", "2010-09-30": "$74", "2010-06-30": "$44", "2010-03-31": "$78", "2009-12-31": "$89", "2009-09-30": "$46", "2009-06-30": "$37", "2009-03-31": "$69", "2008-12-31": "$84", "2008-09-30": "$57", "2008-06-30": "$31", "2008-03-31": "$52", "2007-12-31": "$43", "2007-09-30": "$55", "2007-06-30": "$39", "2007-03-31": "$61", "2006-12-31": "$51", "2006-09-30": "$45", "2006-06-30": "$28", "2006-03-31": "$42", "2005-12-31": "$27", "2005-09-30": "$36", "2005-06-30": "$20", "2005-03-31": "$26"}}, "net-income": {"Copa Holdings, S.A Annual Net Income (Millions of US $)": {"2019": "$247", "2018": "$88", "2017": "$364", "2016": "$335", "2015": "$-225", "2014": "$362", "2013": "$427", "2012": "$326", "2011": "$310", "2010": "$241", "2009": "$249", "2008": "$119", "2007": "$162", "2006": "$134", "2005": "$83"}, "Copa Holdings, S.A Quarterly Net Income (Millions of US $)": {"2020-09-30": "$-118", "2020-06-30": "$-386", "2020-03-31": "$74", "2019-12-31": "$3", "2019-09-30": "$104", "2019-06-30": "$51", "2019-03-31": "$89", "2018-12-31": "$-156", "2018-09-30": "$58", "2018-06-30": "$50", "2018-03-31": "$137", "2017-12-31": "$99", "2017-09-30": "$105", "2017-06-30": "$59", "2017-03-31": "$101", "2016-12-31": "$91", "2016-09-30": "$74", "2016-06-30": "$55", "2016-03-31": "$115", "2015-12-31": "$-408", "2015-09-30": "$6", "2015-06-30": "$64", "2015-03-31": "$113", "2014-12-31": "$26", "2014-09-30": "$66", "2014-06-30": "$118", "2014-03-31": "$151", "2013-12-31": "$113", "2013-09-30": "$126", "2013-06-30": "$74", "2013-03-31": "$114", "2012-12-31": "$87", "2012-09-30": "$112", "2012-06-30": "$32", "2012-03-31": "$96", "2011-12-31": "$104", "2011-09-30": "$70", "2011-06-30": "$41", "2011-03-31": "$94", "2010-12-31": "$98", "2010-09-30": "$72", "2010-06-30": "$29", "2010-03-31": "$42", "2009-12-31": "$79", "2009-09-30": "$43", "2009-06-30": "$55", "2009-03-31": "$72", "2008-12-31": "$26", "2008-09-30": "$23", "2008-06-30": "$30", "2008-03-31": "$39", "2007-12-31": "$36", "2007-09-30": "$47", "2007-06-30": "$31", "2007-03-31": "$49", "2006-12-31": "$41", "2006-09-30": "$37", "2006-06-30": "$23", "2006-03-31": "$32", "2005-12-31": "$17", "2005-09-30": "$28", "2005-06-30": "$15", "2005-03-31": "$23"}}, "eps-earnings-per-share-diluted": {"Copa Holdings, S.A Annual EPS": {"2019": "$5.81", "2018": "$2.08", "2017": "$8.58", "2016": "$7.90", "2015": "$-5.13", "2014": "$8.15", "2013": "$9.63", "2012": "$7.35", "2011": "$6.98", "2010": "$5.48", "2009": "$5.67", "2008": "$2.71", "2007": "$3.70", "2006": "$3.10", "2005": "$1.94"}, "Copa Holdings, S.A Quarterly EPS": {"2020-09-30": "$-2.78", "2020-06-30": "$-9.08", "2020-03-31": "$1.75", "2019-12-31": "$0.05", "2019-09-30": "$2.45", "2019-06-30": "$1.20", "2019-03-31": "$2.11", "2018-12-31": "$-3.67", "2018-09-30": "$1.36", "2018-06-30": "$1.17", "2018-03-31": "$3.22", "2017-12-31": "$2.34", "2017-09-30": "$2.48", "2017-06-30": "$1.38", "2017-03-31": "$2.38", "2016-12-31": "$2.12", "2016-09-30": "$1.75", "2016-06-30": "$1.29", "2016-03-31": "$2.74", "2015-12-31": "$-9.30", "2015-09-30": "$0.14", "2015-06-30": "$1.46", "2015-03-31": "$2.57", "2014-12-31": "$0.59", "2014-09-30": "$1.49", "2014-06-30": "$2.66", "2014-03-31": "$3.41", "2013-12-31": "$2.55", "2013-09-30": "$2.84", "2013-06-30": "$1.68", "2013-03-31": "$2.56", "2012-12-31": "$1.95", "2012-09-30": "$2.52", "2012-06-30": "$0.72", "2012-03-31": "$2.16", "2011-12-31": "$2.32", "2011-09-30": "$1.59", "2011-06-30": "$0.93", "2011-03-31": "$2.14", "2010-12-31": "$2.21", "2010-09-30": "$1.63", "2010-06-30": "$0.67", "2010-03-31": "$0.97", "2009-12-31": "$1.80", "2009-09-30": "$0.98", "2009-06-30": "$1.26", "2009-03-31": "$1.63", "2008-12-31": "$0.57", "2008-09-30": "$0.53", "2008-06-30": "$0.70", "2008-03-31": "$0.91", "2007-12-31": "$0.79", "2007-09-30": "$1.08", "2007-06-30": "$0.71", "2007-03-31": "$1.12", "2006-12-31": "$0.95", "2006-09-30": "$0.87", "2006-06-30": "$0.53", "2006-03-31": "$0.75", "2005-12-31": "$0.41", "2005-09-30": "$0.65", "2005-06-30": "$0.35", "2005-03-31": "$0.53"}}, "shares-outstanding": {"Copa Holdings, S.A Annual Shares Outstanding (Millions of Shares)": {"2019": "42", "2018": "42", "2017": "42", "2016": "42", "2015": "44", "2014": "44", "2013": "44", "2012": "44", "2011": "44", "2010": "44", "2009": "44", "2008": "44", "2007": "44", "2006": "43", "2005": "43"}, "Copa Holdings, S.A Quarterly Shares Outstanding (Millions of Shares)": {"2020-09-30": "43", "2020-06-30": "43", "2020-03-31": "43", "2019-12-31": "42", "2019-09-30": "42", "2019-06-30": "42", "2019-03-31": "42", "2018-12-31": "42", "2018-09-30": "42", "2018-06-30": "42", "2018-03-31": "42", "2017-12-31": "42", "2017-09-30": "42", "2017-06-30": "42", "2017-03-31": "42", "2016-12-31": "42", "2016-09-30": "42", "2016-06-30": "42", "2016-03-31": "42", "2015-12-31": "44", "2015-09-30": "44", "2015-06-30": "44", "2015-03-31": "44", "2014-12-31": "44", "2014-09-30": "44", "2014-06-30": "44", "2014-03-31": "44", "2013-12-31": "44", "2013-09-30": "44", "2013-06-30": "44", "2013-03-31": "44", "2012-12-31": "44", "2012-09-30": "44", "2012-06-30": "44", "2012-03-31": "44", "2011-12-31": "44", "2011-09-30": "44", "2011-06-30": "44", "2011-03-31": "44", "2010-12-31": "44", "2010-09-30": "44", "2010-06-30": "44", "2010-03-31": "44", "2009-12-31": "44", "2009-09-30": "44", "2009-06-30": "44", "2009-03-31": "44", "2008-12-31": "44", "2008-09-30": "43", "2008-06-30": "43", "2008-03-31": "43", "2007-12-31": "44", "2007-09-30": "43", "2007-06-30": "44", "2007-03-31": "43", "2006-12-31": "43", "2006-09-30": "43", "2006-06-30": "43", "2006-03-31": "43", "2005-12-31": "42", "2005-09-30": "43", "2005-06-30": "43", "2005-03-31": "43"}}, "total-assets": {"Copa Holdings, S.A Annual Total Assets (Millions of US $)": {"2019": "$4,357", "2018": "$4,442", "2017": "$4,045", "2016": "$3,846", "2015": "$3,715", "2014": "$4,080", "2013": "$3,953", "2012": "$3,480", "2011": "$3,066", "2010": "$2,556", "2009": "$2,161", "2008": "$2,006", "2007": "$1,707", "2006": "$1,255", "2005": "$917"}, "Copa Holdings, S.A Quarterly Total Assets (Millions of US $)": {"2020-09-30": "$3,888", "2020-06-30": "$4,086", "2020-03-31": "$4,394", "2019-12-31": "$4,357", "2019-09-30": "$4,417", "2019-06-30": "$4,521", "2019-03-31": "$4,615", "2018-12-31": "$4,442", "2018-09-30": "$4,365", "2018-06-30": "$4,399", "2018-03-31": "$4,330", "2017-12-31": "$4,045", "2017-09-30": "$4,183", "2017-06-30": "$4,080", "2017-03-31": "$3,948", "2016-12-31": "$3,846", "2016-09-30": "$3,812", "2016-06-30": "$3,790", "2016-03-31": "$3,736", "2015-12-31": "$3,715", "2015-09-30": "$4,192", "2015-06-30": "$4,171", "2015-03-31": "$0", "2014-12-31": "$4,080", "2014-09-30": "$4,093", "2014-06-30": "$4,012", "2014-03-31": "$3,945", "2013-12-31": "$3,953", "2013-09-30": "$3,870", "2013-06-30": "$3,674", "2013-03-31": "$3,567", "2012-12-31": "$3,480", "2012-09-30": "$3,438", "2012-06-30": "$3,293", "2012-03-31": "$0", "2011-12-31": "$3,066", "2011-09-30": "$2,876", "2011-06-30": "$2,765", "2011-03-31": "$2,685", "2010-12-31": "$2,556", "2010-09-30": "$2,303", "2010-06-30": "$2,241", "2010-03-31": "$2,235", "2009-12-31": "$2,161", "2009-09-30": "$2,075", "2009-06-30": "$2,034", "2009-03-31": "$1,982", "2008-12-31": "$2,006", "2008-09-30": "$1,889", "2008-06-30": "$1,849", "2008-03-31": "$1,741", "2007-12-31": "$1,707", "2007-09-30": "$1,625", "2007-06-30": "$1,492", "2007-03-31": "$1,390", "2006-12-31": "$1,255", "2006-09-30": "$1,127", "2006-06-30": "$1,049", "2006-03-31": "$935", "2005-12-31": "$917", "2005-09-30": "$846", "2005-06-30": "$810", "2005-03-31": "$722"}}, "cash-on-hand": {"Copa Holdings, S.A Annual Cash on Hand (Millions of US $)": {"2019": "$851", "2018": "$722", "2017": "$944", "2016": "$815", "2015": "$685", "2014": "$767", "2013": "$1,132", "2012": "$651", "2011": "$506", "2010": "$403", "2009": "$352", "2008": "$397", "2007": "$308", "2006": "$197", "2005": "$114"}, "Copa Holdings, S.A Quarterly Cash on Hand (Millions of US $)": {"2020-09-30": "$866", "2020-06-30": "$1,048", "2020-03-31": "$1,013", "2019-12-31": "$851", "2019-09-30": "$761", "2019-06-30": "$749", "2019-03-31": "$768", "2018-12-31": "$722", "2018-09-30": "$750", "2018-06-30": "$830", "2018-03-31": "$847", "2017-12-31": "$944", "2017-09-30": "$816", "2017-06-30": "$924", "2017-03-31": "$840", "2016-12-31": "$815", "2016-09-30": "$772", "2016-06-30": "$764", "2016-03-31": "$723", "2015-12-31": "$685", "2015-09-30": "$654", "2015-06-30": "$628", "2015-03-31": "", "2014-12-31": "$767", "2014-09-30": "$886", "2014-06-30": "$896", "2014-03-31": "$1,116", "2013-12-31": "$1,132", "2013-09-30": "$974", "2013-06-30": "$807", "2013-03-31": "$675", "2012-12-31": "$651", "2012-09-30": "$724", "2012-06-30": "$500", "2012-03-31": "", "2011-12-31": "$506", "2011-09-30": "$446", "2011-06-30": "$437", "2011-03-31": "$454", "2010-12-31": "$403", "2010-09-30": "$369", "2010-06-30": "$353", "2010-03-31": "$355", "2009-12-31": "$352", "2009-09-30": "$368", "2009-06-30": "$386", "2009-03-31": "$395", "2008-12-31": "$397", "2008-09-30": "$353", "2008-06-30": "$310", "2008-03-31": "$305", "2007-12-31": "$308", "2007-09-30": "$267", "2007-06-30": "$251", "2007-03-31": "$218", "2006-12-31": "$197", "2006-09-30": "$138", "2006-06-30": "$127", "2006-03-31": "$115", "2005-12-31": "$114", "2005-09-30": "$124", "2005-06-30": "$100", "2005-03-31": "$111"}}, "long-term-debt": {"Copa Holdings, S.A Annual Long Term Debt (Millions of US $)": {"2019": "$938", "2018": "$975", "2017": "$876", "2016": "$961", "2015": "$1,055", "2014": "$929", "2013": "$914", "2012": "$1,070", "2011": "$937", "2010": "$889", "2009": "$751", "2008": "$800", "2007": "$732", "2006": "$530", "2005": "$403"}, "Copa Holdings, S.A Quarterly Long Term Debt (Millions of US $)": {"2020-09-30": "$1,119", "2020-06-30": "$1,148", "2020-03-31": "$908", "2019-12-31": "$938", "2019-09-30": "$966", "2019-06-30": "$1,005", "2019-03-31": "$1,038", "2018-12-31": "$975", "2018-09-30": "$919", "2018-06-30": "$914", "2018-03-31": "$889", "2017-12-31": "$876", "2017-09-30": "$919", "2017-06-30": "$965", "2017-03-31": "$1,008", "2016-12-31": "$961", "2016-09-30": "$1,000", "2016-06-30": "$1,035", "2016-03-31": "$1,021", "2015-12-31": "$1,055", "2015-09-30": "$998", "2015-06-30": "$989", "2015-03-31": "", "2014-12-31": "$929", "2014-09-30": "$982", "2014-06-30": "$895", "2014-03-31": "$883", "2013-12-31": "$914", "2013-09-30": "$960", "2013-06-30": "$1,000", "2013-03-31": "$1,039", "2012-12-31": "$1,070", "2012-09-30": "$1,068", "2012-06-30": "$1,064", "2012-03-31": "", "2011-12-31": "$937", "2011-09-30": "$955", "2011-06-30": "$942", "2011-03-31": "$932", "2010-12-31": "$889", "2010-09-30": "$815", "2010-06-30": "$836", "2010-03-31": "$793", "2009-12-31": "$751", "2009-09-30": "$771", "2009-06-30": "$792", "2009-03-31": "$812", "2008-12-31": "$800", "2008-09-30": "$763", "2008-06-30": "$796", "2008-03-31": "$740", "2007-12-31": "$732", "2007-09-30": "$697", "2007-06-30": "$606", "2007-03-31": "$600", "2006-12-31": "$530", "2006-09-30": "$482", "2006-06-30": "$474", "2006-03-31": "$394", "2005-12-31": "$403", "2005-09-30": "$369", "2005-06-30": "$381", "2005-03-31": "$384"}}, "total-liabilities": {"Copa Holdings, S.A Annual Total Liabilities (Millions of US $)": {"2019": "$2,422", "2018": "$2,645", "2017": "$2,150", "2016": "$2,004", "2015": "$2,128", "2014": "$2,005", "2013": "$2,051", "2012": "$1,943", "2011": "$1,676", "2010": "$1,411", "2009": "$1,250", "2008": "$1,337", "2007": "$1,176", "2006": "$883", "2005": "$671"}, "Copa Holdings, S.A Quarterly Total Liabilities (Millions of US $)": {"2020-09-30": "$2,413", "2020-06-30": "$2,494", "2020-03-31": "$2,417", "2019-12-31": "$2,422", "2019-09-30": "$2,449", "2019-06-30": "$2,631", "2019-03-31": "$2,748", "2018-12-31": "$2,645", "2018-09-30": "$2,127", "2018-06-30": "$2,182", "2018-03-31": "$2,127", "2017-12-31": "$2,150", "2017-09-30": "$2,141", "2017-06-30": "$2,112", "2017-03-31": "$2,022", "2016-12-31": "$2,004", "2016-09-30": "$2,040", "2016-06-30": "$2,074", "2016-03-31": "$2,054", "2015-12-31": "$2,128", "2015-09-30": "$2,083", "2015-06-30": "$2,014", "2015-03-31": "", "2014-12-31": "$2,005", "2014-09-30": "$1,976", "2014-06-30": "$1,922", "2014-03-31": "$1,934", "2013-12-31": "$2,051", "2013-09-30": "$2,051", "2013-06-30": "$1,949", "2013-03-31": "$1,914", "2012-12-31": "$1,943", "2012-09-30": "$1,891", "2012-06-30": "$1,859", "2012-03-31": "", "2011-12-31": "$1,676", "2011-09-30": "$1,627", "2011-06-30": "$1,585", "2011-03-31": "$1,479", "2010-12-31": "$1,411", "2010-09-30": "$1,359", "2010-06-30": "$1,363", "2010-03-31": "$1,278", "2009-12-31": "$1,250", "2009-09-30": "$1,278", "2009-06-30": "$1,285", "2009-03-31": "$1,282", "2008-12-31": "$1,337", "2008-09-30": "$1,279", "2008-06-30": "$1,258", "2008-03-31": "$1,164", "2007-12-31": "$1,176", "2007-09-30": "$1,129", "2007-06-30": "$1,043", "2007-03-31": "$961", "2006-12-31": "$883", "2006-09-30": "$800", "2006-06-30": "$759", "2006-03-31": "$657", "2005-12-31": "$671", "2005-09-30": "$617", "2005-06-30": "$609", "2005-03-31": "$525"}}, "total-share-holder-equity": {"Copa Holdings, S.A Annual Share Holder Equity (Millions of US $)": {"2019": "$1,935", "2018": "$1,797", "2017": "$1,895", "2016": "$1,842", "2015": "$1,587", "2014": "$2,075", "2013": "$1,902", "2012": "$1,537", "2011": "$1,390", "2010": "$1,145", "2009": "$911", "2008": "$669", "2007": "$532", "2006": "$372", "2005": "$246"}, "Copa Holdings, S.A Quarterly Share Holder Equity (Millions of US $)": {"2020-09-30": "$1,475", "2020-06-30": "$1,592", "2020-03-31": "$1,977", "2019-12-31": "$1,935", "2019-09-30": "$1,968", "2019-06-30": "$1,891", "2019-03-31": "$1,867", "2018-12-31": "$1,797", "2018-09-30": "$2,238", "2018-06-30": "$2,217", "2018-03-31": "$2,203", "2017-12-31": "$1,895", "2017-09-30": "$2,043", "2017-06-30": "$1,969", "2017-03-31": "$1,926", "2016-12-31": "$1,842", "2016-09-30": "$1,772", "2016-06-30": "$1,716", "2016-03-31": "$1,682", "2015-12-31": "$1,587", "2015-09-30": "$2,109", "2015-06-30": "$2,157", "2015-03-31": "", "2014-12-31": "$2,075", "2014-09-30": "$2,117", "2014-06-30": "$2,090", "2014-03-31": "$2,011", "2013-12-31": "$1,902", "2013-09-30": "$1,819", "2013-06-30": "$1,725", "2013-03-31": "$1,654", "2012-12-31": "$1,537", "2012-09-30": "$1,547", "2012-06-30": "$1,433", "2012-03-31": "", "2011-12-31": "$1,390", "2011-09-30": "$1,249", "2011-06-30": "$1,180", "2011-03-31": "$1,206", "2010-12-31": "$1,145", "2010-09-30": "$944", "2010-06-30": "$877", "2010-03-31": "$957", "2009-12-31": "$911", "2009-09-30": "$797", "2009-06-30": "$748", "2009-03-31": "$700", "2008-12-31": "$669", "2008-09-30": "$610", "2008-06-30": "$592", "2008-03-31": "$577", "2007-12-31": "$532", "2007-09-30": "$495", "2007-06-30": "$449", "2007-03-31": "$428", "2006-12-31": "$372", "2006-09-30": "$327", "2006-06-30": "$290", "2006-03-31": "$278", "2005-12-31": "$246", "2005-09-30": "$229", "2005-06-30": "$200", "2005-03-31": "$197"}}, "profit-margins": {"current": "-32.25%"}, "gross margin": {"2020-09-30": "66.77%", "2020-06-30": "66.85%", "2020-03-31": "66.24%", "2019-12-31": "65.79%", "2019-09-30": "64.86%", "2019-06-30": "63.63%", "2019-03-31": "63.02%", "2018-12-31": "63.39%", "2018-09-30": "64.56%", "2018-06-30": "65.92%", "2018-03-31": "67.62%", "2017-12-31": "68.12%", "2017-09-30": "68.11%", "2017-06-30": "67.64%", "2017-03-31": "66.96%", "2016-12-31": "66.86%", "2016-09-30": "64.42%", "2016-06-30": "61.96%", "2016-03-31": "59.22%", "2015-12-31": "56.80%", "2015-09-30": "56.68%", "2015-06-30": "56.07%", "2015-03-31": "56.29%", "2014-12-31": "55.99%", "2014-09-30": "56.69%", "2014-06-30": "57.55%", "2014-03-31": "57.48%", "2013-12-31": "56.83%", "2013-09-30": "55.46%", "2013-06-30": "54.73%", "2013-03-31": "54.11%", "2012-12-31": "53.98%", "2012-09-30": "54.80%", "2012-06-30": "55.37%", "2012-03-31": "56.18%", "2011-12-31": "57.40%", "2011-09-30": "58.51%", "2011-06-30": "59.37%", "2011-03-31": "60.55%", "2010-12-31": "61.17%", "2010-09-30": "61.98%", "2010-06-30": "62.00%", "2010-03-31": "61.93%", "2009-12-31": "61.58%", "2009-09-30": "60.54%", "2009-06-30": "58.35%", "2009-03-31": "56.84%", "2008-12-31": "55.78%", "2008-09-30": "55.21%", "2008-06-30": "56.99%", "2008-03-31": "59.30%", "2007-12-31": "61.09%", "2007-09-30": "61.94%", "2007-06-30": "62.26%", "2007-03-31": "61.75%", "2006-12-31": "60.99%", "2006-09-30": "59.57%", "2006-06-30": "59.92%", "2006-03-31": "60.99%", "2005-12-31": "61.74%"}, "operating margin": {"2020-09-30": "-26.28%", "2020-06-30": "-5.40%", "2020-03-31": "12.66%", "2019-12-31": "12.82%", "2019-09-30": "7.57%", "2019-06-30": "5.60%", "2019-03-31": "4.75%", "2018-12-31": "5.98%", "2018-09-30": "14.66%", "2018-06-30": "16.33%", "2018-03-31": "17.43%", "2017-12-31": "16.85%", "2017-09-30": "15.72%", "2017-06-30": "14.50%", "2017-03-31": "13.08%", "2016-12-31": "12.43%", "2016-09-30": "11.43%", "2016-06-30": "10.27%", "2016-03-31": "10.71%", "2015-12-31": "11.82%", "2015-09-30": "13.88%", "2015-06-30": "15.64%", "2015-03-31": "17.95%", "2014-12-31": "19.25%", "2014-09-30": "19.96%", "2014-06-30": "21.17%", "2014-03-31": "20.59%", "2013-12-31": "19.86%", "2013-09-30": "19.60%", "2013-06-30": "18.94%", "2013-03-31": "18.49%", "2012-12-31": "17.92%", "2012-09-30": "18.98%", "2012-06-30": "19.32%", "2012-03-31": "20.30%", "2011-12-31": "21.03%", "2011-09-30": "21.29%", "2011-06-30": "21.21%", "2011-03-31": "20.89%", "2010-12-31": "20.51%", "2010-09-30": "21.08%", "2010-06-30": "19.57%", "2010-03-31": "19.43%", "2009-12-31": "19.17%", "2009-09-30": "18.77%", "2009-06-30": "19.27%", "2009-03-31": "18.51%", "2008-12-31": "17.38%", "2008-09-30": "14.90%", "2008-06-30": "15.82%", "2008-03-31": "17.48%", "2007-12-31": "19.26%", "2007-09-30": "21.02%", "2007-06-30": "20.72%", "2007-03-31": "20.51%", "2006-12-31": "19.51%", "2006-09-30": "17.88%", "2006-06-30": "17.95%", "2006-03-31": "18.20%", "2005-12-31": "17.90%"}, "ebitda margin": {"2020-09-30": "-26.28%", "2020-06-30": "-5.40%", "2020-03-31": "12.66%", "2019-12-31": "12.82%", "2019-09-30": "7.57%", "2019-06-30": "5.60%", "2019-03-31": "4.75%", "2018-12-31": "5.98%", "2018-09-30": "14.66%", "2018-06-30": "16.33%", "2018-03-31": "17.43%", "2017-12-31": "16.85%", "2017-09-30": "15.72%", "2017-06-30": "14.50%", "2017-03-31": "13.08%", "2016-12-31": "12.43%", "2016-09-30": "11.43%", "2016-06-30": "10.27%", "2016-03-31": "10.71%", "2015-12-31": "11.82%", "2015-09-30": "13.88%", "2015-06-30": "15.64%", "2015-03-31": "17.95%", "2014-12-31": "19.25%", "2014-09-30": "19.96%", "2014-06-30": "21.17%", "2014-03-31": "20.59%", "2013-12-31": "19.86%", "2013-09-30": "19.60%", "2013-06-30": "18.94%", "2013-03-31": "18.49%", "2012-12-31": "17.92%", "2012-09-30": "18.98%", "2012-06-30": "19.32%", "2012-03-31": "20.30%", "2011-12-31": "21.03%", "2011-09-30": "21.29%", "2011-06-30": "21.21%", "2011-03-31": "20.89%", "2010-12-31": "20.51%", "2010-09-30": "21.08%", "2010-06-30": "19.57%", "2010-03-31": "19.43%", "2009-12-31": "19.17%", "2009-09-30": "18.77%", "2009-06-30": "19.27%", "2009-03-31": "18.51%", "2008-12-31": "17.38%", "2008-09-30": "14.90%", "2008-06-30": "15.82%", "2008-03-31": "17.48%", "2007-12-31": "19.26%", "2007-09-30": "21.02%", "2007-06-30": "20.72%", "2007-03-31": "20.51%", "2006-12-31": "19.51%", "2006-09-30": "17.88%", "2006-06-30": "17.95%", "2006-03-31": "18.20%", "2005-12-31": "17.90%"}, "pre tax profit margin": {"2020-09-30": "-32.33%", "2020-06-30": "-9.70%", "2020-03-31": "10.57%", "2019-12-31": "10.82%", "2019-09-30": "4.96%", "2019-06-30": "3.25%", "2019-03-31": "2.73%", "2018-12-31": "4.56%", "2018-09-30": "14.29%", "2018-06-30": "16.26%", "2018-03-31": "17.16%", "2017-12-31": "16.42%", "2017-09-30": "16.41%", "2017-06-30": "15.65%", "2017-03-31": "15.71%", "2016-12-31": "16.79%", "2016-09-30": "-5.95%", "2016-06-30": "-9.62%", "2016-03-31": "-8.92%", "2015-12-31": "-8.58%", "2015-09-30": "9.70%", "2015-06-30": "11.74%", "2015-03-31": "13.45%", "2014-12-31": "14.75%", "2014-09-30": "18.25%", "2014-06-30": "21.14%", "2014-03-31": "19.92%", "2013-12-31": "18.71%", "2013-09-30": "18.37%", "2013-06-30": "17.75%", "2013-03-31": "16.36%", "2012-12-31": "16.32%", "2012-09-30": "17.91%", "2012-06-30": "16.58%", "2012-03-31": "18.09%", "2011-12-31": "18.90%", "2011-09-30": "19.16%", "2011-06-30": "20.59%", "2011-03-31": "21.03%", "2010-12-31": "18.39%", "2010-09-30": "18.64%", "2010-06-30": "16.83%", "2010-03-31": "19.19%", "2009-12-31": "21.88%", "2009-09-30": "17.10%", "2009-06-30": "15.13%", "2009-03-31": "13.06%", "2008-12-31": "10.63%", "2008-09-30": "11.73%", "2008-06-30": "14.86%", "2008-03-31": "15.82%", "2007-12-31": "17.51%", "2007-09-30": "18.78%", "2007-06-30": "18.29%", "2007-03-31": "18.07%", "2006-12-31": "17.16%", "2006-09-30": "35.39%", "2006-06-30": "36.71%", "2006-03-31": "38.57%", "2005-12-31": "41.54%"}, "net profit margin": {"2020-09-30": "-32.25%", "2020-06-30": "-10.25%", "2020-03-31": "8.82%", "2019-12-31": "9.12%", "2019-09-30": "3.28%", "2019-06-30": "1.59%", "2019-03-31": "1.56%", "2018-12-31": "3.32%", "2018-09-30": "12.76%", "2018-06-30": "14.58%", "2018-03-31": "15.26%", "2017-12-31": "14.43%", "2017-09-30": "14.54%", "2017-06-30": "13.78%", "2017-03-31": "14.09%", "2016-12-31": "15.08%", "2016-09-30": "-7.62%", "2016-06-30": "-10.88%", "2016-03-31": "-10.25%", "2015-12-31": "-10.00%", "2015-09-30": "8.81%", "2015-06-30": "10.81%", "2015-03-31": "12.31%", "2014-12-31": "13.34%", "2014-09-30": "16.29%", "2014-06-30": "18.39%", "2014-03-31": "17.31%", "2013-12-31": "16.37%", "2013-09-30": "15.98%", "2013-06-30": "15.97%", "2013-03-31": "14.70%", "2012-12-31": "14.54%", "2012-09-30": "15.96%", "2012-06-30": "14.81%", "2012-03-31": "15.94%", "2011-12-31": "16.88%", "2011-09-30": "17.48%", "2011-06-30": "18.80%", "2011-03-31": "19.56%", "2010-12-31": "17.04%", "2010-09-30": "16.42%", "2010-06-30": "14.70%", "2010-03-31": "17.02%", "2009-12-31": "19.81%", "2009-09-30": "15.59%", "2009-06-30": "13.73%", "2009-03-31": "11.60%", "2008-12-31": "9.15%", "2008-09-30": "10.42%", "2008-06-30": "13.29%", "2008-03-31": "14.15%", "2007-12-31": "15.86%", "2007-09-30": "17.14%", "2007-06-30": "16.70%", "2007-03-31": "16.63%", "2006-12-31": "15.63%", "2006-09-30": "13.73%", "2006-06-30": "13.50%", "2006-03-31": "13.39%", "2005-12-31": "13.63%"}, "pe ratio": {"current": "0.00", "2021-02-05": "0.00", "2020-09-30": "0.00", "2020-06-30": "0.00", "2020-03-31": "8.29", "2019-12-31": "18.39", "2019-09-30": "46.50", "2019-06-30": "95.42", "2019-03-31": "79.87", "2018-12-31": "36.30", "2018-09-30": "9.45", "2018-06-30": "9.77", "2018-03-31": "12.75", "2017-12-31": "14.43", "2017-09-30": "13.52", "2017-06-30": "13.74", "2017-03-31": "13.46", "2016-12-31": "10.40", "2016-09-30": "13.82", "2016-06-30": "11.28", "2016-03-31": "13.92", "2015-12-31": "10.23", "2015-09-30": "7.40", "2015-06-30": "11.28", "2015-03-31": "11.48", "2014-12-31": "10.52", "2014-09-30": "8.92", "2014-06-30": "10.38", "2014-03-31": "11.48", "2013-12-31": "13.68", "2013-09-30": "12.60", "2013-06-30": "12.28", "2013-03-31": "12.59", "2012-12-31": "11.04", "2012-09-30": "8.35", "2012-06-30": "9.62", "2012-03-31": "8.74", "2011-12-31": "6.50", "2011-09-30": "7.03", "2011-06-30": "7.82", "2011-03-31": "6.53", "2010-12-31": "9.24", "2010-09-30": "9.45", "2010-06-30": "8.67", "2010-03-31": "9.58", "2009-12-31": "7.32", "2009-09-30": "6.46", "2009-06-30": "6.29", "2009-03-31": "4.94", "2008-12-31": "6.33", "2008-09-30": "7.68", "2008-06-30": "5.93", "2008-03-31": "7.91", "2007-12-31": "7.64", "2007-09-30": "7.75", "2007-06-30": "13.79", "2007-03-31": "11.08", "2006-12-31": "10.75"}, "price sales": {"2021-02-05": "2.56", "2020-09-30": "1.62", "2020-06-30": "1.07", "2020-03-31": "0.73", "2019-12-31": "1.68", "2019-09-30": "1.54", "2019-06-30": "1.53", "2019-03-31": "1.26", "2018-12-31": "1.20", "2018-09-30": "1.21", "2018-06-30": "1.43", "2018-03-31": "1.97", "2017-12-31": "2.12", "2017-09-30": "2.02", "2017-06-30": "1.95", "2017-03-31": "1.93", "2016-12-31": "1.59", "2016-09-30": "1.59", "2016-06-30": "0.96", "2016-03-31": "1.22", "2015-12-31": "0.84", "2015-09-30": "0.69", "2015-06-30": "1.27", "2015-03-31": "1.46", "2014-12-31": "1.45", "2014-09-30": "1.46", "2014-06-30": "1.92", "2014-03-31": "2.00", "2013-12-31": "2.25", "2013-09-30": "2.01", "2013-06-30": "1.96", "2013-03-31": "1.85", "2012-12-31": "1.60", "2012-09-30": "1.33", "2012-06-30": "1.43", "2012-03-31": "1.40", "2011-12-31": "1.10", "2011-09-30": "1.21", "2011-06-30": "1.41", "2011-03-31": "1.17", "2010-12-31": "1.39", "2010-09-30": "1.33", "2010-06-30": "1.12", "2010-03-31": "1.54", "2009-12-31": "1.41", "2009-09-30": "1.15", "2009-06-30": "1.03", "2009-03-31": "0.70", "2008-12-31": "0.75", "2008-09-30": "0.84", "2008-06-30": "0.79", "2008-03-31": "1.11", "2007-12-31": "1.15", "2007-09-30": "1.28", "2007-06-30": "2.22", "2007-03-31": "1.77", "2006-12-31": "1.69"}, "price book": {"current": "2.28", "2021-02-05": "2.29", "2020-09-30": "1.45", "2020-06-30": "1.34", "2020-03-31": "1.03", "2019-12-31": "2.34", "2019-09-30": "2.09", "2019-06-30": "2.13", "2019-03-31": "1.88", "2018-12-31": "1.78", "2018-09-30": "1.45", "2018-06-30": "1.72", "2018-03-31": "2.33", "2017-12-31": "2.80", "2017-09-30": "2.55", "2017-06-30": "2.47", "2017-03-31": "2.41", "2016-12-31": "1.91", "2016-09-30": "1.91", "2016-06-30": "1.16", "2016-03-31": "1.52", "2015-12-31": "1.14", "2015-09-30": "0.76", "2015-06-30": "1.45", "2015-03-31": "0.00", "2014-12-31": "1.87", "2014-09-30": "1.89", "2014-06-30": "2.53", "2014-03-31": "2.66", "2013-12-31": "3.06", "2013-09-30": "2.77", "2013-06-30": "2.75", "2013-03-31": "2.62", "2012-12-31": "2.33", "2012-09-30": "1.86", "2012-06-30": "2.03", "2012-03-31": "0.00", "2011-12-31": "1.44", "2011-09-30": "1.69", "2011-06-30": "1.93", "2011-03-31": "1.46", "2010-12-31": "1.70", "2010-09-30": "1.89", "2010-06-30": "1.66", "2010-03-31": "2.07", "2009-12-31": "1.92", "2009-09-30": "1.80", "2009-06-30": "1.76", "2009-03-31": "1.31", "2008-12-31": "0.00", "2008-09-30": "1.69", "2008-06-30": "1.51", "2008-03-31": "2.07", "2007-12-31": "2.20", "2007-09-30": "2.53", "2007-06-30": "4.69", "2007-03-31": "3.74", "2006-12-31": "3.88", "2006-09-30": "3.24", "2006-06-30": "2.42", "2006-03-31": "2.52"}, "price fcf": {"2021-02-05": "", "2020-09-30": "$3.34", "2020-06-30": "$8.91", "2020-03-31": "$17.14", "2019-12-31": "$18.03", "2019-09-30": "$14.01", "2019-06-30": "$11.49", "2019-03-31": "$9.33", "2018-12-31": "$9.99", "2018-09-30": "$11.14", "2018-06-30": "$13.06", "2018-03-31": "$15.47", "2017-12-31": "$14.55", "2017-09-30": "$15.38", "2017-06-30": "$13.62", "2017-03-31": "$12.46", "2016-12-31": "$12.15", "2016-09-30": "$9.14", "2016-06-30": "$7.32", "2016-03-31": "$6.36", "2015-12-31": "$5.44", "2015-09-30": "$8.32", "2015-06-30": "$4.54", "2015-03-31": "$8.18", "2014-12-31": "$6.28", "2014-09-30": "$7.30", "2014-06-30": "$14.18", "2014-03-31": "$16.66", "2013-12-31": "$16.66", "2013-09-30": "$20.82", "2013-06-30": "$16.76", "2013-03-31": "$8.12", "2012-12-31": "$8.12", "2012-09-30": "$8.35", "2012-06-30": "$8.35", "2012-03-31": "$8.35", "2011-12-31": "$8.35", "2011-09-30": "$2.50", "2011-06-30": "$2.50", "2011-03-31": "$2.50", "2010-12-31": "$2.50", "2010-09-30": "$5.29", "2010-06-30": "$5.29", "2010-03-31": "$5.29", "2009-12-31": "$5.29", "2009-09-30": "$0.83", "2009-06-30": "$0.83", "2009-03-31": "$0.83", "2008-12-31": "$0.83", "2008-09-30": "$-1.82", "2008-06-30": "$-1.82", "2008-03-31": "$-1.82", "2007-12-31": "$-1.82", "2007-09-30": "$0.08", "2007-06-30": "$0.08", "2007-03-31": "$0.08", "2006-12-31": "$0.08"}, "net worth": {"value": "$0B"}, "current ratio": {"2020-09-30": "1.46", "2020-06-30": "1.62", "2020-03-31": "1.23", "2019-12-31": "1.18", "2019-09-30": "1.04", "2019-06-30": "0.96", "2019-03-31": "0.95", "2018-12-31": "0.92", "2018-09-30": "1.02", "2018-06-30": "1.05", "2018-03-31": "1.08", "2017-12-31": "1.13", "2017-09-30": "1.05", "2017-06-30": "1.24", "2017-03-31": "1.33", "2016-12-31": "1.24", "2016-09-30": "1.10", "2016-06-30": "1.09", "2016-03-31": "1.04", "2015-12-31": "0.92", "2015-09-30": "1.02", "2015-06-30": "0.98", "2015-03-31": "0.00", "2014-12-31": "1.03", "2014-09-30": "1.32", "2014-06-30": "1.27", "2014-03-31": "1.48", "2013-12-31": "1.35", "2013-09-30": "1.29", "2013-06-30": "1.28", "2013-03-31": "1.26", "2012-12-31": "1.16", "2012-09-30": "1.33", "2012-06-30": "1.02", "2012-03-31": "0.00", "2011-12-31": "1.15", "2011-09-30": "1.06", "2011-06-30": "1.16", "2011-03-31": "1.36", "2010-12-31": "1.29", "2010-09-30": "1.10", "2010-06-30": "1.05", "2010-03-31": "1.19", "2009-12-31": "1.13", "2009-09-30": "1.07", "2009-06-30": "1.11", "2009-03-31": "1.18", "2008-12-31": "1.05", "2008-09-30": "1.03", "2008-06-30": "1.08", "2008-03-31": "1.12", "2007-12-31": "1.03", "2007-09-30": "1.00", "2007-06-30": "0.91", "2007-03-31": "0.97", "2006-12-31": "0.86", "2006-09-30": "0.78", "2006-06-30": "0.80", "2006-03-31": "0.79", "2005-12-31": "0.73", "2005-09-30": "0.87", "2005-06-30": "0.82", "2005-03-31": "1.16"}, "quick ratio": {"2020-09-30": "1.37", "2020-06-30": "1.53", "2020-03-31": "1.16", "2019-12-31": "1.12", "2019-09-30": "0.95", "2019-06-30": "0.88", "2019-03-31": "0.88", "2018-12-31": "0.85", "2018-09-30": "0.93", "2018-06-30": "0.96", "2018-03-31": "1.00", "2017-12-31": "1.06", "2017-09-30": "0.97", "2017-06-30": "1.15", "2017-03-31": "1.24", "2016-12-31": "1.15", "2016-09-30": "1.03", "2016-06-30": "1.01", "2016-03-31": "0.97", "2015-12-31": "0.86", "2015-09-30": "0.96", "2015-06-30": "0.92", "2015-03-31": "0.00", "2014-12-31": "0.97", "2014-09-30": "1.25", "2014-06-30": "1.20", "2014-03-31": "1.42", "2013-12-31": "1.29", "2013-09-30": "1.23", "2013-06-30": "1.23", "2013-03-31": "1.18", "2012-12-31": "1.10", "2012-09-30": "1.26", "2012-06-30": "0.96", "2012-03-31": "0.00", "2011-12-31": "1.08", "2011-09-30": "0.99", "2011-06-30": "1.08", "2011-03-31": "1.26", "2010-12-31": "1.19", "2010-09-30": "1.02", "2010-06-30": "0.99", "2010-03-31": "1.14", "2009-12-31": "1.07", "2009-09-30": "1.02", "2009-06-30": "1.06", "2009-03-31": "1.13", "2008-12-31": "1.01", "2008-09-30": "0.99", "2008-06-30": "1.04", "2008-03-31": "1.07", "2007-12-31": "0.99", "2007-09-30": "0.97", "2007-06-30": "0.88", "2007-03-31": "0.95", "2006-12-31": "0.83", "2006-09-30": "0.76", "2006-06-30": "0.77", "2006-03-31": "0.77", "2005-12-31": "0.71", "2005-09-30": "0.86", "2005-06-30": "0.81", "2005-03-31": "1.14"}, "debt equity ratio": {"current": "0.76", "2020-09-30": "1.64", "2020-06-30": "1.57", "2020-03-31": "1.22", "2019-12-31": "1.25", "2019-09-30": "1.24", "2019-06-30": "1.39", "2019-03-31": "1.47", "2018-12-31": "1.47", "2018-09-30": "0.95", "2018-06-30": "0.98", "2018-03-31": "0.97", "2017-12-31": "1.13", "2017-09-30": "1.05", "2017-06-30": "1.07", "2017-03-31": "1.05", "2016-12-31": "1.09", "2016-09-30": "1.15", "2016-06-30": "1.21", "2016-03-31": "1.22", "2015-12-31": "1.34", "2015-09-30": "0.99", "2015-06-30": "0.93", "2015-03-31": "0.00", "2014-12-31": "0.97", "2014-09-30": "0.93", "2014-06-30": "0.92", "2014-03-31": "0.96", "2013-12-31": "1.08", "2013-09-30": "1.13", "2013-06-30": "1.13", "2013-03-31": "1.16", "2012-12-31": "1.26", "2012-09-30": "1.22", "2012-06-30": "1.30", "2012-03-31": "0.00", "2011-12-31": "1.21", "2011-09-30": "1.30", "2011-06-30": "1.34", "2011-03-31": "1.23", "2010-12-31": "1.23", "2010-09-30": "1.44", "2010-06-30": "1.55", "2010-03-31": "1.34", "2009-12-31": "1.37", "2009-09-30": "1.60", "2009-06-30": "1.72", "2009-03-31": "1.83", "2008-12-31": "2.00", "2008-09-30": "2.10", "2008-06-30": "2.13", "2008-03-31": "2.02", "2007-12-31": "2.21", "2007-09-30": "2.28", "2007-06-30": "2.33", "2007-03-31": "2.24", "2006-12-31": "2.38", "2006-09-30": "2.44", "2006-06-30": "2.62", "2006-03-31": "2.36", "2005-12-31": "2.73", "2005-09-30": "2.69", "2005-06-30": "3.04", "2005-03-31": "2.67"}, "return on equity": {"2020-09-30": "-24.47%", "2020-06-30": "-10.97%", "2020-03-31": "11.94%", "2019-12-31": "12.90%", "2019-09-30": "4.68%", "2019-06-30": "2.16%", "2019-03-31": "2.02%", "2018-12-31": "4.21%", "2018-09-30": "16.09%", "2018-06-30": "18.71%", "2018-03-31": "19.73%", "2017-12-31": "18.59%", "2017-09-30": "18.30%", "2017-06-30": "17.31%", "2017-03-31": "17.70%", "2016-12-31": "19.11%", "2016-09-30": "-9.71%", "2016-06-30": "-13.08%", "2016-03-31": "-11.84%", "2015-12-31": "-15.38%", "2015-09-30": "13.18%", "2015-06-30": "16.95%", "2015-03-31": "20.57%", "2014-12-31": "17.41%", "2014-09-30": "22.07%", "2014-06-30": "25.98%", "2014-03-31": "24.89%", "2013-12-31": "24.06%", "2013-09-30": "23.82%", "2013-06-30": "23.95%", "2013-03-31": "22.36%", "2012-12-31": "28.96%", "2012-09-30": "31.49%", "2012-06-30": "29.67%", "2012-03-31": "32.57%", "2011-12-31": "24.60%", "2011-09-30": "25.36%", "2011-06-30": "27.26%", "2011-03-31": "28.09%", "2010-12-31": "24.57%", "2010-09-30": "24.07%", "2010-06-30": "21.80%", "2010-03-31": "25.67%", "2009-12-31": "31.56%", "2009-09-30": "26.90%", "2009-06-30": "25.82%", "2009-03-31": "23.49%", "2008-12-31": "19.28%", "2008-09-30": "22.15%", "2008-06-30": "27.69%", "2008-03-31": "29.81%", "2007-12-31": "34.24%", "2007-09-30": "38.53%", "2007-06-30": "40.10%", "2007-03-31": "42.34%", "2006-12-31": "41.99%", "2006-09-30": "38.21%", "2006-06-30": "38.35%", "2006-03-31": "38.61%", "2005-12-31": "38.07%"}, "return on assets": {"2020-09-30": "-10.21%", "2020-06-30": "-4.75%", "2020-03-31": "5.25%", "2019-12-31": "5.52%", "2019-09-30": "1.96%", "2019-06-30": "0.94%", "2019-03-31": "0.92%", "2018-12-31": "2.03%", "2018-09-30": "8.03%", "2018-06-30": "9.22%", "2018-03-31": "9.62%", "2017-12-31": "8.96%", "2017-09-30": "8.87%", "2017-06-30": "8.29%", "2017-03-31": "8.34%", "2016-12-31": "8.83%", "2016-09-30": "-4.36%", "2016-06-30": "-6.01%", "2016-03-31": "-5.64%", "2015-12-31": "-7.45%", "2015-09-30": "6.72%", "2015-06-30": "8.72%", "2015-03-31": "10.60%", "2014-12-31": "8.95%", "2014-09-30": "11.20%", "2014-06-30": "12.88%", "2014-03-31": "12.02%", "2013-12-31": "11.34%", "2013-09-30": "10.99%", "2013-06-30": "10.93%", "2013-03-31": "10.02%", "2012-12-31": "12.81%", "2012-09-30": "14.05%", "2012-06-30": "13.08%", "2012-03-31": "14.29%", "2011-12-31": "10.85%", "2011-09-30": "11.14%", "2011-06-30": "11.83%", "2011-03-31": "11.98%", "2010-12-31": "10.33%", "2010-09-30": "9.93%", "2010-06-30": "8.86%", "2010-03-31": "10.30%", "2009-12-31": "12.07%", "2009-09-30": "9.68%", "2009-06-30": "8.90%", "2009-03-31": "7.82%", "2008-12-31": "6.31%", "2008-09-30": "7.12%", "2008-06-30": "8.78%", "2008-03-31": "9.32%", "2007-12-31": "10.49%", "2007-09-30": "11.66%", "2007-06-30": "12.01%", "2007-03-31": "12.45%", "2006-12-31": "12.19%", "2006-09-30": "10.82%", "2006-06-30": "10.68%", "2006-03-31": "10.49%", "2005-12-31": "10.08%"}, "return on investments": {"2020-09-30": "-12.55%", "2020-06-30": "-3.78%", "2020-03-31": "11.49%", "2019-12-31": "11.96%", "2019-09-30": "7.06%", "2019-06-30": "5.05%", "2019-03-31": "4.18%", "2018-12-31": "5.27%", "2018-09-30": "13.00%", "2018-06-30": "14.65%", "2018-03-31": "15.55%", "2017-12-31": "14.66%", "2017-09-30": "13.24%", "2017-06-30": "11.95%", "2017-03-31": "10.59%", "2016-12-31": "10.01%", "2016-09-30": "9.05%", "2016-06-30": "7.82%", "2016-03-31": "8.03%", "2015-12-31": "11.96%", "2015-09-30": "14.22%", "2015-06-30": "16.82%", "2015-03-31": "20.73%", "2014-12-31": "17.39%", "2014-09-30": "18.62%", "2014-06-30": "20.40%", "2014-03-31": "19.69%", "2013-12-31": "18.82%", "2013-09-30": "18.22%", "2013-06-30": "17.26%", "2013-03-31": "16.68%", "2012-12-31": "20.89%", "2012-09-30": "22.00%", "2012-06-30": "22.43%", "2012-03-31": "23.81%", "2011-12-31": "17.52%", "2011-09-30": "17.37%", "2011-06-30": "17.09%", "2011-03-31": "16.38%", "2010-12-31": "15.99%", "2010-09-30": "16.56%", "2010-06-30": "15.36%", "2010-03-31": "15.34%", "2009-12-31": "15.35%", "2009-09-30": "15.50%", "2009-06-30": "16.76%", "2009-03-31": "16.79%", "2008-12-31": "16.15%", "2008-09-30": "13.71%", "2008-06-30": "14.03%", "2008-03-31": "15.66%", "2007-12-31": "17.45%", "2007-09-30": "19.73%", "2007-06-30": "20.66%", "2007-03-31": "21.12%", "2006-12-31": "21.10%", "2006-09-30": "19.62%", "2006-06-30": "19.83%", "2006-03-31": "19.99%", "2005-12-31": "18.09%"}, "return on tangible equity": {"2020-09-30": "-26.03%", "2020-06-30": "-11.64%", "2020-03-31": "12.64%", "2019-12-31": "13.66%", "2019-09-30": "4.96%", "2019-06-30": "2.28%", "2019-03-31": "2.12%", "2018-12-31": "4.40%", "2018-09-30": "16.77%", "2018-06-30": "19.49%", "2018-03-31": "20.53%", "2017-12-31": "19.34%", "2017-09-30": "19.02%", "2017-06-30": "18.00%", "2017-03-31": "18.42%", "2016-12-31": "19.92%", "2016-09-30": "-10.14%", "2016-06-30": "-13.61%", "2016-03-31": "-12.27%", "2015-12-31": "-15.91%", "2015-09-30": "13.58%", "2015-06-30": "17.43%", "2015-03-31": "21.15%", "2014-12-31": "17.90%", "2014-09-30": "22.69%", "2014-06-30": "26.83%", "2014-03-31": "25.84%", "2013-12-31": "25.14%", "2013-09-30": "25.08%", "2013-06-30": "25.29%", "2013-03-31": "23.67%", "2012-12-31": "30.70%", "2012-09-30": "33.33%", "2012-06-30": "31.43%", "2012-03-31": "34.55%", "2011-12-31": "26.09%", "2011-09-30": "26.96%", "2011-06-30": "29.08%", "2011-03-31": "30.03%", "2010-12-31": "26.38%", "2010-09-30": "25.94%", "2010-06-30": "23.54%", "2010-03-31": "27.74%", "2009-12-31": "34.06%", "2009-09-30": "29.16%", "2009-06-30": "28.05%", "2009-03-31": "25.73%", "2008-12-31": "21.41%", "2008-09-30": "24.77%", "2008-06-30": "31.21%", "2008-03-31": "33.89%", "2007-12-31": "39.07%", "2007-09-30": "44.36%", "2007-06-30": "46.57%", "2007-03-31": "49.38%", "2006-12-31": "49.86%", "2006-09-30": "46.24%", "2006-06-30": "47.56%", "2006-03-31": "49.46%", "2005-12-31": "46.43%"}, "dividend yield history": {"last payout": "$0.80", "last yield": "1.00%"}}