{"ticker": "CLGX", "price": {"title": "CoreLogic Historical Annual Stock Price Data", "value": 81.9, "historical": {"2021": {"Average Stock Price": "76.4888", "Year Open": "76.8800", "Year High": "81.9000", "Year Low": "74.3200", "Year Close": "81.9000", "Annual % Change": "5.92%"}, "2020": {"Average Stock Price": "57.8738", "Year Open": "43.9200", "Year High": "79.2400", "Year Low": "25.3400", "Year Close": "77.3200", "Annual % Change": "76.89%"}, "2019": {"Average Stock Price": "41.5959", "Year Open": "33.4000", "Year High": "48.9300", "Year Low": "32.8000", "Year Close": "43.7100", "Annual % Change": "30.79%"}, "2018": {"Average Stock Price": "46.9614", "Year Open": "45.5100", "Year High": "55.4800", "Year Low": "32.0900", "Year Close": "33.4200", "Annual % Change": "-27.68%"}, "2017": {"Average Stock Price": "42.9747", "Year Open": "37.0400", "Year High": "49.1000", "Year Low": "35.0100", "Year Close": "46.2100", "Annual % Change": "25.47%"}, "2016": {"Average Stock Price": "37.3010", "Year Open": "33.4400", "Year High": "42.5600", "Year Low": "32.1900", "Year Close": "36.8300", "Annual % Change": "8.77%"}, "2015": {"Average Stock Price": "37.0567", "Year Open": "31.4300", "Year High": "42.1800", "Year Low": "30.7500", "Year Close": "33.8600", "Annual % Change": "7.19%"}, "2014": {"Average Stock Price": "30.0964", "Year Open": "35.2300", "Year High": "35.8600", "Year Low": "26.0000", "Year Close": "31.5900", "Annual % Change": "-11.09%"}, "2013": {"Average Stock Price": "27.9619", "Year Open": "27.4500", "Year High": "35.9300", "Year Low": "21.8800", "Year Close": "35.5300", "Annual % Change": "31.98%"}, "2012": {"Average Stock Price": "20.2945", "Year Open": "12.8800", "Year High": "28.0000", "Year Low": "12.5500", "Year Close": "26.9200", "Annual % Change": "108.20%"}, "2011": {"Average Stock Price": "15.4575", "Year Open": "18.6900", "Year High": "20.9100", "Year Low": "7.8000", "Year Close": "12.9300", "Annual % Change": "-30.18%"}, "2010": {"Average Stock Price": "18.7016", "Year Open": "18.5145", "Year High": "21.1635", "Year Low": "16.8817", "Year Close": "18.5200", "Annual % Change": "-2.02%"}, "2009": {"Average Stock Price": "16.1063", "Year Open": "16.3051", "Year High": "19.3423", "Year Low": "11.1841", "Year Close": "18.9027", "Annual % Change": "14.61%"}, "2008": {"Average Stock Price": "16.8646", "Year Open": "19.0854", "Year High": "24.8801", "Year Low": "8.6264", "Year Close": "16.4935", "Annual % Change": "-15.33%"}, "2007": {"Average Stock Price": "24.9960", "Year Open": "23.2816", "Year High": "31.4627", "Year Low": "17.1672", "Year Close": "19.4793", "Annual % Change": "-16.13%"}, "2006": {"Average Stock Price": "23.3445", "Year Open": "25.8335", "Year High": "26.8041", "Year Low": "20.6097", "Year Close": "23.2245", "Annual % Change": "-10.20%"}, "2005": {"Average Stock Price": "22.9138", "Year Open": "19.8447", "Year High": "27.9858", "Year Low": "17.8751", "Year Close": "25.8621", "Annual % Change": "28.91%"}, "2004": {"Average Stock Price": "16.7756", "Year Open": "17.2985", "Year High": "20.0617", "Year Low": "14.0443", "Year Close": "20.0617", "Annual % Change": "18.04%"}, "2003": {"Average Stock Price": "14.6792", "Year Open": "12.4743", "Year High": "17.4926", "Year Low": "12.4001", "Year Close": "16.9959", "Annual % Change": "34.10%"}, "2002": {"Average Stock Price": "11.7542", "Year Open": "10.5903", "Year High": "13.1879", "Year Low": "9.4428", "Year Close": "12.6741", "Annual % Change": "18.46%"}, "2001": {"Average Stock Price": "12.4700", "Year Open": "16.7333", "Year High": "19.9303", "Year Low": "9.4257", "Year Close": "10.6988", "Annual % Change": "-42.99%"}, "2000": {"Average Stock Price": "9.4374", "Year Open": "7.1706", "Year High": "18.7657", "Year Low": "6.1030", "Year Close": "18.7657", "Annual % Change": "164.23%"}, "1999": {"Average Stock Price": "10.1713", "Year Open": "19.0911", "Year High": "19.8733", "Year Low": "6.5654", "Year Close": "7.1021", "Annual % Change": "-61.27%"}, "1998": {"Average Stock Price": "15.2790", "Year Open": "9.3413", "Year High": "23.6241", "Year Low": "9.1821", "Year Close": "18.3375", "Annual % Change": "95.64%"}, "1997": {"Average Stock Price": "5.9247", "Year Open": "5.2650", "Year High": "9.3730", "Year Low": "3.9799", "Year Close": "9.3730", "Annual % Change": "79.67%"}, "1996": {"Average Stock Price": "3.9614", "Year Open": "3.4254", "Year High": "5.2168", "Year Low": "3.1565", "Year Close": "5.2168", "Annual % Change": "53.72%"}, "1995": {"Average Stock Price": "2.8121", "Year Open": "2.1720", "Year High": "3.4724", "Year Low": "2.1250", "Year Close": "3.3937", "Annual % Change": "55.07%"}, "1994": {"Average Stock Price": "3.2617", "Year Open": "4.3452", "Year High": "4.7411", "Year Low": "2.1098", "Year Close": "2.1885", "Annual % Change": "-50.71%"}, "1993": {"Average Stock Price": "3.8101", "Year Open": "3.3937", "Year High": "4.8844", "Year Low": "2.8863", "Year Close": "4.4404", "Annual % Change": "33.33%"}, "1992": {"Average Stock Price": "2.3113", "Year Open": "1.5554", "Year High": "3.3303", "Year Low": "1.5554", "Year Close": "3.3303", "Annual % Change": "122.85%"}, "1991": {"Average Stock Price": "1.2131", "Year Open": "0.9149", "Year High": "1.5859", "Year Low": "0.7929", "Year Close": "1.4944", "Annual % Change": "68.97%"}}}, "market cap": {"value": "$6.37B"}, "income statement": {"Revenue": {"2019-12-31": "1762.23500", "2018-12-31": "1788.37800", "2017-12-31": "1851.11700", "2016-12-31": "1952.55700", "2015-12-31": "1528.11000", "2014-12-31": "1405.04000", "2013-12-31": "1404.40100", "2012-12-31": "1333.47900", "2011-12-31": "1010.17900", "2010-12-31": "1280.27600", "2009-12-31": "1330.16200", "2008-12-31": "1542.98800", "2007-12-31": "8222.38300", "2006-12-31": "8533.59700", "2005-12-31": "8104.75100"}, "Cost Of Goods Sold": {"2019-12-31": "880.13300", "2018-12-31": "921.42900", "2017-12-31": "974.85100", "2016-12-31": "1043.93700", "2015-12-31": "776.50900", "2014-12-31": "740.30100", "2013-12-31": "717.20500", "2012-12-31": "669.48400", "2011-12-31": "517.87400", "2010-12-31": "683.88300", "2009-12-31": "290.07400", "2008-12-31": "422.39500", "2007-12-31": "2111.79800", "2006-12-31": "2404.89200", "2005-12-31": "2298.62200"}, "Gross Profit": {"2019-12-31": "882.10200", "2018-12-31": "866.94900", "2017-12-31": "876.26590", "2016-12-31": "908.62000", "2015-12-31": "751.60100", "2014-12-31": "664.73900", "2013-12-31": "687.19600", "2012-12-31": "663.99500", "2011-12-31": "492.30500", "2010-12-31": "596.39300", "2009-12-31": "1040.08800", "2008-12-31": "1120.59300", "2007-12-31": "6110.58500", "2006-12-31": "6128.70500", "2005-12-31": "5806.12900"}, "Research And Development Expenses": {"2019-12-31": "", "2018-12-31": "", "2017-12-31": "", "2016-12-31": "", "2015-12-31": "", "2014-12-31": "", "2013-12-31": "", "2012-12-31": "", "2011-12-31": "", "2010-12-31": "", "2009-12-31": "", "2008-12-31": "", "2007-12-31": "", "2006-12-31": "", "2005-12-31": ""}, "SG&A Expenses": {"2019-12-31": "480.93800", "2018-12-31": "444.61400", "2017-12-31": "459.84200", "2016-12-31": "458.10200", "2015-12-31": "397.77500", "2014-12-31": "351.61700", "2013-12-31": "374.28900", "2012-12-31": "356.60500", "2011-12-31": "347.38200", "2010-12-31": "387.82900", "2009-12-31": "565.91700", "2008-12-31": "640.74300", "2007-12-31": "2603.55100", "2006-12-31": "2571.35300", "2005-12-31": "2428.91300"}, "Other Operating Income Or Expenses": {"2019-12-31": "-47.91200", "2018-12-31": "-7.72100", "2017-12-31": "0.00000", "2016-12-31": "", "2015-12-31": "", "2014-12-31": "", "2013-12-31": "-44.43300", "2012-12-31": "-19.88000", "2011-12-31": "", "2010-12-31": "", "2009-12-31": "-251.14500", "2008-12-31": "-275.85800", "2007-12-31": "-3032.39800", "2006-12-31": "-2680.61700", "2005-12-31": "-2268.05800"}, "Operating Expenses": {"2019-12-31": "1596.69900", "2018-12-31": "1565.76000", "2017-12-31": "1612.49900", "2016-12-31": "1674.61700", "2015-12-31": "1324.66100", "2014-12-31": "1235.28200", "2013-12-31": "1262.25900", "2012-12-31": "1163.07700", "2011-12-31": "973.31900", "2010-12-31": "1166.59300", "2009-12-31": "1221.51000", "2008-12-31": "1475.64200", "2007-12-31": "8070.32000", "2006-12-31": "7936.69400", "2005-12-31": "7207.00900"}, "Operating Income": {"2019-12-31": "165.53600", "2018-12-31": "222.61800", "2017-12-31": "238.61790", "2016-12-31": "277.94010", "2015-12-31": "203.44900", "2014-12-31": "169.75810", "2013-12-31": "142.14210", "2012-12-31": "170.40200", "2011-12-31": "36.86010", "2010-12-31": "113.68300", "2009-12-31": "108.65200", "2008-12-31": "67.34610", "2007-12-31": "152.06300", "2006-12-31": "596.90230", "2005-12-31": "897.74220"}, "Total Non-Operating Income/Expense": {"2019-12-31": "-90.05100", "2018-12-31": "-55.96900", "2017-12-31": "-69.72600", "2016-12-31": "-113.96600", "2015-12-31": "-30.22300", "2014-12-31": "-63.10000", "2013-12-31": "-35.57000", "2012-12-31": "-47.47700", "2011-12-31": "2.24500", "2010-12-31": "-41.11000", "2009-12-31": "-36.77900", "2008-12-31": "-45.11200", "2007-12-31": "", "2006-12-31": "", "2005-12-31": ""}, "Pre-Tax Income": {"2019-12-31": "75.48500", "2018-12-31": "166.64900", "2017-12-31": "168.89200", "2016-12-31": "163.97410", "2015-12-31": "173.22600", "2014-12-31": "106.65800", "2013-12-31": "106.57200", "2012-12-31": "122.92500", "2011-12-31": "39.10500", "2010-12-31": "72.57300", "2009-12-31": "71.87300", "2008-12-31": "22.23400", "2007-12-31": "152.06300", "2006-12-31": "596.90300", "2005-12-31": "897.74200"}, "Income Taxes": {"2019-12-31": "9.19000", "2018-12-31": "45.69100", "2017-12-31": "18.17200", "2016-12-31": "54.52400", "2015-12-31": "57.39400", "2014-12-31": "29.77000", "2013-12-31": "33.67300", "2012-12-31": "63.48800", "2011-12-31": "47.53700", "2010-12-31": "30.32300", "2009-12-31": "17.10100", "2008-12-31": "11.91700", "2007-12-31": "43.68900", "2006-12-31": "220.10000", "2005-12-31": "323.50000"}, "Income After Taxes": {"2019-12-31": "66.29500", "2018-12-31": "120.95800", "2017-12-31": "150.72000", "2016-12-31": "109.45010", "2015-12-31": "115.83200", "2014-12-31": "76.88800", "2013-12-31": "72.89900", "2012-12-31": "59.43700", "2011-12-31": "-8.43200", "2010-12-31": "42.25000", "2009-12-31": "54.77200", "2008-12-31": "10.31700", "2007-12-31": "108.37400", "2006-12-31": "376.80300", "2005-12-31": "574.24200"}, "Other Income": {"2019-12-31": "", "2018-12-31": "", "2017-12-31": "", "2016-12-31": "", "2015-12-31": "", "2014-12-31": "", "2013-12-31": "", "2012-12-31": "", "2011-12-31": "", "2010-12-31": "", "2009-12-31": "", "2008-12-31": "", "2007-12-31": "", "2006-12-31": "", "2005-12-31": ""}, "Income From Continuous Operations": {"2019-12-31": "66.85000", "2018-12-31": "122.45100", "2017-12-31": "149.53400", "2016-12-31": "109.94600", "2015-12-31": "129.55200", "2014-12-31": "91.00800", "2013-12-31": "100.26000", "2012-12-31": "95.42000", "2011-12-31": "22.08300", "2010-12-31": "83.89100", "2009-12-31": "103.61900", "2008-12-31": "33.95700", "2007-12-31": "108.37400", "2006-12-31": "287.67600", "2005-12-31": "480.38000"}, "Income From Discontinued Operations": {"2019-12-31": "-17.47000", "2018-12-31": "-0.58700", "2017-12-31": "2.62800", "2016-12-31": "-3.39600", "2015-12-31": "-0.55600", "2014-12-31": "-16.54100", "2013-12-31": "7.41500", "2012-12-31": "16.22800", "2011-12-31": "-95.71200", "2010-12-31": "-102.52100", "2009-12-31": "150.65800", "2008-12-31": "-17.11500", "2007-12-31": "", "2006-12-31": "", "2005-12-31": ""}, "Net Income": {"2019-12-31": "49.38000", "2018-12-31": "121.86400", "2017-12-31": "152.16200", "2016-12-31": "106.55000", "2015-12-31": "127.84400", "2014-12-31": "73.20000", "2013-12-31": "107.72800", "2012-12-31": "112.29300", "2011-12-31": "-74.60900", "2010-12-31": "-56.30000", "2009-12-31": "196.63900", "2008-12-31": "-26.32000", "2007-12-31": "-3.11900", "2006-12-31": "287.67600", "2005-12-31": "480.38000"}, "EBITDA": {"2019-12-31": "373.73000", "2018-12-31": "420.04800", "2017-12-31": "422.07390", "2016-12-31": "456.30310", "2015-12-31": "360.08500", "2014-12-31": "320.19010", "2013-12-31": "268.47410", "2012-12-31": "287.51000", "2011-12-31": "144.92300", "2010-12-31": "208.56400", "2009-12-31": "223.02600", "2008-12-31": "203.99210", "2007-12-31": "474.63600", "2006-12-31": "876.73430", "2005-12-31": "1109.15800"}, "EBIT": {"2019-12-31": "165.53600", "2018-12-31": "222.61800", "2017-12-31": "238.61790", "2016-12-31": "277.94010", "2015-12-31": "203.44900", "2014-12-31": "169.75810", "2013-12-31": "142.14210", "2012-12-31": "170.40200", "2011-12-31": "36.86010", "2010-12-31": "113.68300", "2009-12-31": "108.65200", "2008-12-31": "67.34610", "2007-12-31": "242.29700", "2006-12-31": "669.80930", "2005-12-31": "951.71920"}, "Basic Shares Outstanding": {"2019-12-31": "79.88500", "2018-12-31": "80.85400", "2017-12-31": "83.49900", "2016-12-31": "87.50200", "2015-12-31": "89.07000", "2014-12-31": "90.82500", "2013-12-31": "95.08800", "2012-12-31": "102.91300", "2011-12-31": "109.12200", "2010-12-31": "111.52900", "2009-12-31": "94.55100", "2008-12-31": "92.51600", "2007-12-31": "94.64900", "2006-12-31": "96.20600", "2005-12-31": "94.35100"}, "Shares Outstanding": {"2019-12-31": "81.02100", "2018-12-31": "82.27500", "2017-12-31": "85.23400", "2016-12-31": "89.12200", "2015-12-31": "90.56400", "2014-12-31": "92.42900", "2013-12-31": "97.10900", "2012-12-31": "104.05000", "2011-12-31": "109.71200", "2010-12-31": "112.36300", "2009-12-31": "95.47800", "2008-12-31": "92.51600", "2007-12-31": "94.64900", "2006-12-31": "98.65300", "2005-12-31": "97.69100"}, "Basic EPS": {"2019-12-31": "0.62000", "2018-12-31": "1.50000", "2017-12-31": "1.82000", "2016-12-31": "1.22000", "2015-12-31": "1.43000", "2014-12-31": "0.81000", "2013-12-31": "1.13000", "2012-12-31": "1.09000", "2011-12-31": "-0.69000", "2010-12-31": "-0.51000", "2009-12-31": "2.08000", "2008-12-31": "-0.28000", "2007-12-31": "-0.03000", "2006-12-31": "2.99000", "2005-12-31": "5.09000"}, "EPS - Earnings Per Share": {"2019-12-31": "0.61000", "2018-12-31": "1.48000", "2017-12-31": "1.78000", "2016-12-31": "1.19000", "2015-12-31": "1.41000", "2014-12-31": "0.79000", "2013-12-31": "1.11000", "2012-12-31": "1.08000", "2011-12-31": "-0.69000", "2010-12-31": "-0.51000", "2009-12-31": "2.06000", "2008-12-31": "-0.28000", "2007-12-31": "-0.03000", "2006-12-31": "2.92000", "2005-12-31": "4.92000"}}, "income statement, quarterly": {"Revenue": {"2020-09-30": "436.72700", "2020-06-30": "477.46400", "2020-03-31": "443.88500", "2019-12-31": "509.41800", "2019-09-30": "375.57100", "2019-06-30": "459.53800", "2019-03-31": "417.70800", "2018-12-31": "403.30910", "2018-09-30": "451.76800", "2018-06-30": "488.40100", "2018-03-31": "444.90000", "2017-12-31": "454.15690", "2017-09-30": "483.13100", "2017-06-30": "473.97800", "2017-03-31": "439.85100", "2016-12-31": "474.91400", "2016-09-30": "523.89600", "2016-06-30": "500.20400", "2016-03-31": "453.54300", "2015-12-31": "390.88600", "2015-09-30": "386.43900", "2015-06-30": "386.01300", "2015-03-31": "364.77200", "2014-12-31": "345.51210", "2014-09-30": "367.45400", "2014-06-30": "365.97000", "2014-03-31": "326.10400", "2013-12-31": "368.31810", "2013-09-30": "356.58100", "2013-06-30": "348.20100", "2013-03-31": "331.30100", "2012-12-31": "176.25700", "2012-09-30": "409.76000", "2012-06-30": "389.36100", "2012-03-31": "358.10100", "2011-12-31": "17.03000", "2011-09-30": "348.44600", "2011-06-30": "328.42100", "2011-03-31": "316.28200", "2010-12-31": "141.28600", "2010-09-30": "330.14600", "2010-06-30": "410.97600", "2010-03-31": "397.86800", "2009-12-31": "1492.10100", "2009-09-30": "469.79600", "2009-06-30": "499.92900", "2009-03-31": "1377.81200", "2008-12-31": "1350.61200", "2008-09-30": "1518.97000", "2008-06-30": "1685.05100", "2008-03-31": "1659.12500", "2007-12-31": "1895.42400", "2007-09-30": "2051.19300", "2007-06-30": "2155.33700", "2007-03-31": "2120.42900", "2006-12-31": "2187.01000", "2006-09-30": "2175.61400", "2006-06-30": "2167.78800", "2006-03-31": "2003.18400", "2005-12-31": "2248.11000", "2005-09-30": "2168.18200", "2005-06-30": "1983.97500", "2005-03-31": "1704.48400"}, "Cost Of Goods Sold": {"2020-09-30": "154.19200", "2020-06-30": "214.49100", "2020-03-31": "215.56500", "2019-12-31": "269.14690", "2019-09-30": "164.71500", "2019-06-30": "227.21000", "2019-03-31": "219.06100", "2018-12-31": "212.27500", "2018-09-30": "230.41900", "2018-06-30": "239.34600", "2018-03-31": "239.38900", "2017-12-31": "229.53700", "2017-09-30": "244.18600", "2017-06-30": "249.16200", "2017-03-31": "251.96600", "2016-12-31": "258.36000", "2016-09-30": "275.46900", "2016-06-30": "264.73100", "2016-03-31": "245.37700", "2015-12-31": "208.38500", "2015-09-30": "192.83800", "2015-06-30": "189.74300", "2015-03-31": "185.54300", "2014-12-31": "175.38500", "2014-09-30": "185.16800", "2014-06-30": "192.08800", "2014-03-31": "187.66000", "2013-12-31": "203.61800", "2013-09-30": "177.89800", "2013-06-30": "168.06000", "2013-03-31": "167.62900", "2012-12-31": "53.08700", "2012-09-30": "213.00800", "2012-06-30": "205.72400", "2012-03-31": "197.66500", "2011-12-31": "306.41800", "2011-09-30": "78.17800", "2011-06-30": "69.33700", "2011-03-31": "63.94100", "2010-12-31": "354.68400", "2010-09-30": "76.54300", "2010-06-30": "126.84200", "2010-03-31": "125.81400", "2009-12-31": "355.99500", "2009-09-30": "139.92400", "2009-06-30": "156.69500", "2009-03-31": "239.55900", "2008-12-31": "285.96000", "2008-09-30": "347.37900", "2008-06-30": "377.06200", "2008-03-31": "364.05100", "2007-12-31": "484.03610", "2007-09-30": "546.99400", "2007-06-30": "528.57300", "2007-03-31": "552.19500", "2006-12-31": "604.50210", "2006-09-30": "617.38500", "2006-06-30": "590.53100", "2006-03-31": "592.47400", "2005-12-31": "665.75900", "2005-09-30": "607.23900", "2005-06-30": "539.66500", "2005-03-31": "485.95900"}, "Gross Profit": {"2020-09-30": "282.53500", "2020-06-30": "262.97300", "2020-03-31": "228.32000", "2019-12-31": "240.27100", "2019-09-30": "210.85600", "2019-06-30": "232.32800", "2019-03-31": "198.64700", "2018-12-31": "191.03410", "2018-09-30": "221.34900", "2018-06-30": "249.05500", "2018-03-31": "205.51100", "2017-12-31": "224.61990", "2017-09-30": "238.94500", "2017-06-30": "224.81600", "2017-03-31": "187.88500", "2016-12-31": "216.55400", "2016-09-30": "248.42700", "2016-06-30": "235.47300", "2016-03-31": "208.16600", "2015-12-31": "182.50100", "2015-09-30": "193.60100", "2015-06-30": "196.27000", "2015-03-31": "179.22900", "2014-12-31": "170.12700", "2014-09-30": "182.28600", "2014-06-30": "173.88200", "2014-03-31": "138.44400", "2013-12-31": "164.70010", "2013-09-30": "178.68300", "2013-06-30": "180.14100", "2013-03-31": "163.67200", "2012-12-31": "123.17000", "2012-09-30": "196.75200", "2012-06-30": "183.63700", "2012-03-31": "160.43600", "2011-12-31": "-289.38800", "2011-09-30": "270.26800", "2011-06-30": "259.08400", "2011-03-31": "252.34100", "2010-12-31": "-213.39800", "2010-09-30": "253.60300", "2010-06-30": "284.13400", "2010-03-31": "272.05400", "2009-12-31": "1136.10600", "2009-09-30": "329.87200", "2009-06-30": "343.23400", "2009-03-31": "1138.25300", "2008-12-31": "1064.65200", "2008-09-30": "1171.59100", "2008-06-30": "1307.98900", "2008-03-31": "1295.07400", "2007-12-31": "1411.38700", "2007-09-30": "1504.19900", "2007-06-30": "1626.76400", "2007-03-31": "1568.23400", "2006-12-31": "1582.50800", "2006-09-30": "1558.22900", "2006-06-30": "1577.25700", "2006-03-31": "1410.71000", "2005-12-31": "1582.35100", "2005-09-30": "1560.94300", "2005-06-30": "1444.31000", "2005-03-31": "1218.52500"}, "Research And Development Expenses": {"2020-09-30": "", "2020-06-30": "", "2020-03-31": "", "2019-12-31": "", "2019-09-30": "", "2019-06-30": "", "2019-03-31": "", "2018-12-31": "", "2018-09-30": "", "2018-06-30": "", "2018-03-31": "", "2017-12-31": "", "2017-09-30": "", "2017-06-30": "", "2017-03-31": "", "2016-12-31": "", "2016-09-30": "", "2016-06-30": "", "2016-03-31": "", "2015-12-31": "", "2015-09-30": "", "2015-06-30": "", "2015-03-31": "", "2014-12-31": "", "2014-09-30": "", "2014-06-30": "", "2014-03-31": "", "2013-12-31": "", "2013-09-30": "", "2013-06-30": "", "2013-03-31": "", "2012-12-31": "", "2012-09-30": "", "2012-06-30": "", "2012-03-31": "", "2011-12-31": "", "2011-09-30": "", "2011-06-30": "", "2011-03-31": "", "2010-12-31": "", "2010-09-30": "", "2010-06-30": "", "2010-03-31": "", "2009-12-31": "", "2009-09-30": "", "2009-06-30": "", "2009-03-31": "", "2008-12-31": "", "2008-09-30": "", "2008-06-30": "", "2008-03-31": "", "2007-12-31": "", "2007-09-30": "", "2007-06-30": "", "2007-03-31": "", "2006-12-31": "", "2006-09-30": "", "2006-06-30": "", "2006-03-31": "", "2005-12-31": "", "2005-09-30": "", "2005-06-30": "", "2005-03-31": ""}, "SG&A Expenses": {"2020-09-30": "165.74200", "2020-06-30": "124.06100", "2020-03-31": "114.40600", "2019-12-31": "123.31600", "2019-09-30": "106.60000", "2019-06-30": "122.79800", "2019-03-31": "128.22400", "2018-12-31": "104.56500", "2018-09-30": "113.07500", "2018-06-30": "112.02200", "2018-03-31": "114.95200", "2017-12-31": "113.11700", "2017-09-30": "131.32300", "2017-06-30": "103.55200", "2017-03-31": "111.85000", "2016-12-31": "113.81300", "2016-09-30": "118.20800", "2016-06-30": "115.78400", "2016-03-31": "110.29700", "2015-12-31": "114.25700", "2015-09-30": "91.24100", "2015-06-30": "98.29100", "2015-03-31": "93.98600", "2014-12-31": "96.13300", "2014-09-30": "68.09900", "2014-06-30": "93.42200", "2014-03-31": "93.96300", "2013-12-31": "105.73100", "2013-09-30": "87.88600", "2013-06-30": "98.47600", "2013-03-31": "82.19600", "2012-12-31": "83.38400", "2012-09-30": "102.33300", "2012-06-30": "85.17000", "2012-03-31": "85.71800", "2011-12-31": "-67.16400", "2011-09-30": "131.52300", "2011-06-30": "142.02700", "2011-03-31": "140.99600", "2010-12-31": "-40.61500", "2010-09-30": "133.81200", "2010-06-30": "141.12500", "2010-03-31": "153.50700", "2009-12-31": "482.94300", "2009-09-30": "166.58200", "2009-06-30": "173.00600", "2009-03-31": "462.86000", "2008-12-31": "446.53200", "2008-09-30": "513.71000", "2008-06-30": "562.90000", "2008-03-31": "577.61400", "2007-12-31": "632.26500", "2007-09-30": "651.09900", "2007-06-30": "675.70800", "2007-03-31": "644.47900", "2006-12-31": "644.74000", "2006-09-30": "646.03300", "2006-06-30": "639.19500", "2006-03-31": "641.38500", "2005-12-31": "649.47220", "2005-09-30": "629.01200", "2005-06-30": "601.94400", "2005-03-31": "548.48500"}, "Other Operating Income Or Expenses": {"2020-09-30": "", "2020-06-30": "-1.22800", "2020-03-31": "", "2019-12-31": "-0.07800", "2019-09-30": "", "2019-06-30": "-47.83400", "2019-03-31": "", "2018-12-31": "-7.63900", "2018-09-30": "-0.03300", "2018-06-30": "-0.04900", "2018-03-31": "", "2017-12-31": "", "2017-09-30": "", "2017-06-30": "", "2017-03-31": "", "2016-12-31": "", "2016-09-30": "", "2016-06-30": "", "2016-03-31": "", "2015-12-31": "", "2015-09-30": "", "2015-06-30": "", "2015-03-31": "", "2014-12-31": "", "2014-09-30": "-0.66700", "2014-06-30": "-4.07400", "2014-03-31": "-0.14800", "2013-12-31": "", "2013-09-30": "", "2013-06-30": "", "2013-03-31": "", "2012-12-31": "", "2012-09-30": "", "2012-06-30": "", "2012-03-31": "", "2011-12-31": "", "2011-09-30": "-76.06100", "2011-06-30": "-71.94600", "2011-03-31": "-61.73200", "2010-12-31": "", "2010-09-30": "-50.60400", "2010-06-30": "-88.58700", "2010-03-31": "-74.01300", "2009-12-31": "-512.34300", "2009-09-30": "-87.92500", "2009-06-30": "-77.28200", "2009-03-31": "-524.28700", "2008-12-31": "-605.89000", "2008-09-30": "-579.49200", "2008-06-30": "-606.13300", "2008-03-31": "-568.75500", "2007-12-31": "-744.08700", "2007-09-30": "-667.97800", "2007-06-30": "-950.34800", "2007-03-31": "-669.98500", "2006-12-31": "-658.02010", "2006-09-30": "-655.58600", "2006-06-30": "-797.07600", "2006-03-31": "-569.93500", "2005-12-31": "-666.09880", "2005-09-30": "-604.20400", "2005-06-30": "-529.87500", "2005-03-31": "-467.88000"}, "Operating Expenses": {"2020-09-30": "363.54400", "2020-06-30": "386.48100", "2020-03-31": "376.81400", "2019-12-31": "441.54300", "2019-09-30": "313.70400", "2019-06-30": "444.94800", "2019-03-31": "396.50400", "2018-12-31": "374.52690", "2018-09-30": "391.98800", "2018-06-30": "398.76400", "2018-03-31": "400.48100", "2017-12-31": "388.79110", "2017-09-30": "420.83500", "2017-06-30": "395.58500", "2017-03-31": "407.28800", "2016-12-31": "417.31790", "2016-09-30": "438.17500", "2016-06-30": "423.80600", "2016-03-31": "395.31800", "2015-12-31": "363.32910", "2015-09-30": "320.51900", "2015-06-30": "325.30600", "2015-03-31": "315.50700", "2014-12-31": "309.35600", "2014-09-30": "289.69900", "2014-06-30": "324.95000", "2014-03-31": "311.27700", "2013-12-31": "382.38290", "2013-09-30": "295.22000", "2013-06-30": "300.69000", "2013-03-31": "283.96600", "2012-12-31": "180.02600", "2012-09-30": "348.37800", "2012-06-30": "321.79900", "2012-03-31": "312.87400", "2011-12-31": "53.41900", "2011-09-30": "320.60600", "2011-06-30": "309.58800", "2011-03-31": "289.70600", "2010-12-31": "118.64800", "2010-09-30": "284.45400", "2010-06-30": "384.18600", "2010-03-31": "379.30500", "2009-12-31": "1416.73100", "2009-09-30": "439.41000", "2009-06-30": "439.30500", "2009-03-31": "1294.79900", "2008-12-31": "1440.40700", "2008-09-30": "1518.14700", "2008-06-30": "1621.44200", "2008-03-31": "1589.55100", "2007-12-31": "1951.83000", "2007-09-30": "1943.18200", "2007-06-30": "2235.29700", "2007-03-31": "1940.01100", "2006-12-31": "1986.05000", "2006-09-30": "1988.72200", "2006-06-30": "2093.76900", "2006-03-31": "1868.15400", "2005-12-31": "2042.24700", "2005-09-30": "1894.15100", "2005-06-30": "1719.82800", "2005-03-31": "1550.78200"}, "Operating Income": {"2020-09-30": "73.18300", "2020-06-30": "90.98300", "2020-03-31": "67.07100", "2019-12-31": "67.87500", "2019-09-30": "61.86700", "2019-06-30": "14.59000", "2019-03-31": "21.20400", "2018-12-31": "28.78220", "2018-09-30": "59.78000", "2018-06-30": "89.63700", "2018-03-31": "44.41900", "2017-12-31": "65.36580", "2017-09-30": "62.29600", "2017-06-30": "78.39300", "2017-03-31": "32.56300", "2016-12-31": "57.59610", "2016-09-30": "85.72100", "2016-06-30": "76.39800", "2016-03-31": "58.22500", "2015-12-31": "27.55700", "2015-09-30": "65.92000", "2015-06-30": "60.70700", "2015-03-31": "49.26500", "2014-12-31": "36.15600", "2014-09-30": "77.75500", "2014-06-30": "41.02000", "2014-03-31": "14.82700", "2013-12-31": "-14.06490", "2013-09-30": "61.36100", "2013-06-30": "47.51100", "2013-03-31": "47.33500", "2012-12-31": "-3.76900", "2012-09-30": "61.38200", "2012-06-30": "67.56200", "2012-03-31": "45.22700", "2011-12-31": "-36.38900", "2011-09-30": "27.84000", "2011-06-30": "18.83300", "2011-03-31": "26.57600", "2010-12-31": "22.63790", "2010-09-30": "45.69200", "2010-06-30": "26.79000", "2010-03-31": "18.56300", "2009-12-31": "75.37000", "2009-09-30": "30.38600", "2009-06-30": "60.62400", "2009-03-31": "83.01310", "2008-12-31": "-89.79490", "2008-09-30": "0.82300", "2008-06-30": "63.60890", "2008-03-31": "69.57400", "2007-12-31": "-56.40600", "2007-09-30": "108.01100", "2007-06-30": "-79.96000", "2007-03-31": "180.41770", "2006-12-31": "200.96070", "2006-09-30": "186.89210", "2006-06-30": "74.01900", "2006-03-31": "135.02990", "2005-12-31": "205.86300", "2005-09-30": "274.03080", "2005-06-30": "264.14700", "2005-03-31": "153.70200"}, "Total Non-Operating Income/Expense": {"2020-09-30": "18.75300", "2020-06-30": "-10.50900", "2020-03-31": "-20.82600", "2019-12-31": "-17.32500", "2019-09-30": "-19.27600", "2019-06-30": "-35.45900", "2019-03-31": "-17.99100", "2018-12-31": "-6.08500", "2018-09-30": "-16.24800", "2018-06-30": "-16.63500", "2018-03-31": "-17.00100", "2017-12-31": "-19.18400", "2017-09-30": "-19.38800", "2017-06-30": "-18.29600", "2017-03-31": "-12.85800", "2016-12-31": "-48.97500", "2016-09-30": "-34.40400", "2016-06-30": "-15.76900", "2016-03-31": "-14.81800", "2015-12-31": "18.80900", "2015-09-30": "-19.01000", "2015-06-30": "-17.95400", "2015-03-31": "-12.06800", "2014-12-31": "-16.45900", "2014-09-30": "-17.34500", "2014-06-30": "-9.28800", "2014-03-31": "-20.00800", "2013-12-31": "-10.01300", "2013-09-30": "-3.88500", "2013-06-30": "-11.36000", "2013-03-31": "-10.31200", "2012-12-31": "-3.41100", "2012-09-30": "-16.97900", "2012-06-30": "-14.58600", "2012-03-31": "-12.50100", "2011-12-31": "-40.76100", "2011-09-30": "-18.53700", "2011-06-30": "38.23200", "2011-03-31": "23.31100", "2010-12-31": "-17.85800", "2010-09-30": "-5.34300", "2010-06-30": "-14.79500", "2010-03-31": "-3.11400", "2009-12-31": "-22.56100", "2009-09-30": "-6.98100", "2009-06-30": "-7.23700", "2009-03-31": "", "2008-12-31": "", "2008-09-30": "", "2008-06-30": "", "2008-03-31": "", "2007-12-31": "", "2007-09-30": "", "2007-06-30": "", "2007-03-31": "", "2006-12-31": "", "2006-09-30": "", "2006-06-30": "", "2006-03-31": "", "2005-12-31": "", "2005-09-30": "", "2005-06-30": "", "2005-03-31": ""}, "Pre-Tax Income": {"2020-09-30": "91.93600", "2020-06-30": "80.47400", "2020-03-31": "46.24500", "2019-12-31": "50.55000", "2019-09-30": "42.59100", "2019-06-30": "-20.86900", "2019-03-31": "3.21300", "2018-12-31": "22.69700", "2018-09-30": "43.53200", "2018-06-30": "73.00200", "2018-03-31": "27.41800", "2017-12-31": "46.18200", "2017-09-30": "42.90800", "2017-06-30": "60.09700", "2017-03-31": "19.70500", "2016-12-31": "8.62110", "2016-09-30": "51.31700", "2016-06-30": "60.62900", "2016-03-31": "43.40700", "2015-12-31": "46.36600", "2015-09-30": "46.91000", "2015-06-30": "42.75300", "2015-03-31": "37.19700", "2014-12-31": "19.69700", "2014-09-30": "60.41000", "2014-06-30": "31.73200", "2014-03-31": "-5.18100", "2013-12-31": "-24.07800", "2013-09-30": "57.47600", "2013-06-30": "36.15100", "2013-03-31": "37.02300", "2012-12-31": "-7.18000", "2012-09-30": "44.40300", "2012-06-30": "52.97600", "2012-03-31": "32.72600", "2011-12-31": "-77.15000", "2011-09-30": "9.30300", "2011-06-30": "57.06500", "2011-03-31": "49.88700", "2010-12-31": "4.78000", "2010-09-30": "40.34900", "2010-06-30": "11.99500", "2010-03-31": "15.44900", "2009-12-31": "75.37000", "2009-09-30": "23.40500", "2009-06-30": "53.38700", "2009-03-31": "83.01300", "2008-12-31": "-89.79500", "2008-09-30": "0.82300", "2008-06-30": "63.60900", "2008-03-31": "69.57400", "2007-12-31": "-56.40600", "2007-09-30": "108.01100", "2007-06-30": "-79.96000", "2007-03-31": "180.41800", "2006-12-31": "200.96200", "2006-09-30": "186.89200", "2006-06-30": "74.01900", "2006-03-31": "135.03000", "2005-12-31": "205.86200", "2005-09-30": "274.03100", "2005-06-30": "264.14700", "2005-03-31": "153.70200"}, "Income Taxes": {"2020-09-30": "-9.56000", "2020-06-30": "21.84500", "2020-03-31": "12.95100", "2019-12-31": "11.63300", "2019-09-30": "11.53000", "2019-06-30": "-15.03100", "2019-03-31": "1.05800", "2018-12-31": "8.25900", "2018-09-30": "20.83600", "2018-06-30": "17.30700", "2018-03-31": "-0.71100", "2017-12-31": "-18.58800", "2017-09-30": "11.85100", "2017-06-30": "18.63500", "2017-03-31": "6.27400", "2016-12-31": "2.54000", "2016-09-30": "15.92200", "2016-06-30": "20.28300", "2016-03-31": "15.77900", "2015-12-31": "10.00800", "2015-09-30": "21.76500", "2015-06-30": "14.15600", "2015-03-31": "11.46500", "2014-12-31": "6.70000", "2014-09-30": "14.31900", "2014-06-30": "8.63700", "2014-03-31": "0.11400", "2013-12-31": "-13.84300", "2013-09-30": "19.76500", "2013-06-30": "13.52900", "2013-03-31": "14.22200", "2012-12-31": "10.26600", "2012-09-30": "16.40600", "2012-06-30": "23.57800", "2012-03-31": "13.23800", "2011-12-31": "-29.29200", "2011-09-30": "20.53500", "2011-06-30": "22.49500", "2011-03-31": "33.79900", "2010-12-31": "21.94400", "2010-09-30": "-5.58000", "2010-06-30": "11.04700", "2010-03-31": "2.91200", "2009-12-31": "26.36900", "2009-09-30": "3.83200", "2009-06-30": "13.37000", "2009-03-31": "28.05500", "2008-12-31": "-32.11400", "2008-09-30": "-1.03300", "2008-06-30": "26.87600", "2008-03-31": "22.11700", "2007-12-31": "-17.42800", "2007-09-30": "41.44300", "2007-06-30": "-39.76500", "2007-03-31": "59.43900", "2006-12-31": "73.30000", "2006-09-30": "72.90000", "2006-06-30": "25.30000", "2006-03-31": "48.60000", "2005-12-31": "68.30000", "2005-09-30": "100.90000", "2005-06-30": "100.50000", "2005-03-31": "53.80000"}, "Income After Taxes": {"2020-09-30": "101.49600", "2020-06-30": "58.62900", "2020-03-31": "33.29400", "2019-12-31": "38.91700", "2019-09-30": "31.06100", "2019-06-30": "-5.83800", "2019-03-31": "2.15500", "2018-12-31": "14.43800", "2018-09-30": "22.69600", "2018-06-30": "55.69500", "2018-03-31": "28.12900", "2017-12-31": "64.77000", "2017-09-30": "31.05700", "2017-06-30": "41.46200", "2017-03-31": "13.43100", "2016-12-31": "6.08110", "2016-09-30": "35.39500", "2016-06-30": "40.34600", "2016-03-31": "27.62800", "2015-12-31": "36.35800", "2015-09-30": "25.14500", "2015-06-30": "28.59700", "2015-03-31": "25.73200", "2014-12-31": "12.99700", "2014-09-30": "46.09100", "2014-06-30": "23.09500", "2014-03-31": "-5.29500", "2013-12-31": "-10.23500", "2013-09-30": "37.71100", "2013-06-30": "22.62200", "2013-03-31": "22.80100", "2012-12-31": "-17.44600", "2012-09-30": "27.99700", "2012-06-30": "29.39800", "2012-03-31": "19.48800", "2011-12-31": "-47.85800", "2011-09-30": "-11.23200", "2011-06-30": "34.57000", "2011-03-31": "16.08800", "2010-12-31": "-17.16400", "2010-09-30": "45.92900", "2010-06-30": "0.94800", "2010-03-31": "12.53700", "2009-12-31": "49.00100", "2009-09-30": "19.57300", "2009-06-30": "40.01700", "2009-03-31": "54.95800", "2008-12-31": "-57.68100", "2008-09-30": "1.85600", "2008-06-30": "36.73300", "2008-03-31": "47.45700", "2007-12-31": "-38.97800", "2007-09-30": "66.56800", "2007-06-30": "-40.19500", "2007-03-31": "120.97900", "2006-12-31": "127.66200", "2006-09-30": "113.99200", "2006-06-30": "48.71900", "2006-03-31": "86.43000", "2005-12-31": "137.56200", "2005-09-30": "173.13100", "2005-06-30": "163.64700", "2005-03-31": "99.90200"}, "Other Income": {"2020-09-30": "", "2020-06-30": "", "2020-03-31": "", "2019-12-31": "", "2019-09-30": "", "2019-06-30": "", "2019-03-31": "", "2018-12-31": "", "2018-09-30": "", "2018-06-30": "", "2018-03-31": "", "2017-12-31": "", "2017-09-30": "", "2017-06-30": "", "2017-03-31": "", "2016-12-31": "", "2016-09-30": "", "2016-06-30": "", "2016-03-31": "", "2015-12-31": "", "2015-09-30": "", "2015-06-30": "", "2015-03-31": "", "2014-12-31": "", "2014-09-30": "", "2014-06-30": "", "2014-03-31": "", "2013-12-31": "", "2013-09-30": "", "2013-06-30": "", "2013-03-31": "", "2012-12-31": "", "2012-09-30": "", "2012-06-30": "", "2012-03-31": "", "2011-12-31": "", "2011-09-30": "", "2011-06-30": "", "2011-03-31": "", "2010-12-31": "", "2010-09-30": "", "2010-06-30": "", "2010-03-31": "", "2009-12-31": "", "2009-09-30": "", "2009-06-30": "", "2009-03-31": "", "2008-12-31": "", "2008-09-30": "", "2008-06-30": "", "2008-03-31": "", "2007-12-31": "", "2007-09-30": "", "2007-06-30": "", "2007-03-31": "", "2006-12-31": "", "2006-09-30": "", "2006-06-30": "", "2006-03-31": "", "2005-12-31": "", "2005-09-30": "", "2005-06-30": "", "2005-03-31": ""}, "Income From Continuous Operations": {"2020-09-30": "102.46700", "2020-06-30": "59.00500", "2020-03-31": "33.80600", "2019-12-31": "38.97300", "2019-09-30": "31.66800", "2019-06-30": "-5.52400", "2019-03-31": "1.73300", "2018-12-31": "13.02200", "2018-09-30": "22.53500", "2018-06-30": "58.53200", "2018-03-31": "28.36200", "2017-12-31": "64.81600", "2017-09-30": "30.82800", "2017-06-30": "41.18200", "2017-03-31": "12.70800", "2016-12-31": "5.98200", "2016-09-30": "36.00200", "2016-06-30": "40.42400", "2016-03-31": "27.53800", "2015-12-31": "38.14800", "2015-09-30": "28.64200", "2015-06-30": "33.26400", "2015-03-31": "29.49800", "2014-12-31": "16.82900", "2014-09-30": "50.12300", "2014-06-30": "26.96900", "2014-03-31": "-2.91300", "2013-12-31": "-6.72500", "2013-09-30": "43.42700", "2013-06-30": "31.96900", "2013-03-31": "31.58900", "2012-12-31": "-10.84400", "2012-09-30": "36.16300", "2012-06-30": "41.14300", "2012-03-31": "28.95800", "2011-12-31": "-37.73600", "2011-09-30": "-2.89200", "2011-06-30": "40.28900", "2011-03-31": "22.42200", "2010-12-31": "-5.11500", "2010-09-30": "59.43600", "2010-06-30": "9.51000", "2010-03-31": "20.06000", "2009-12-31": "49.00100", "2009-09-30": "31.57400", "2009-06-30": "55.69300", "2009-03-31": "54.95800", "2008-12-31": "-57.68100", "2008-09-30": "1.85600", "2008-06-30": "36.73300", "2008-03-31": "47.45700", "2007-12-31": "43.99400", "2007-09-30": "46.58900", "2007-06-30": "-65.99600", "2007-03-31": "83.78700", "2006-12-31": "103.97100", "2006-09-30": "90.42900", "2006-06-30": "25.47600", "2006-03-31": "67.80000", "2005-12-31": "114.94600", "2005-09-30": "147.99200", "2005-06-30": "138.28000", "2005-03-31": "79.16200"}, "Income From Discontinued Operations": {"2020-09-30": "10.67900", "2020-06-30": "0.00000", "2020-03-31": "0.01300", "2019-12-31": "-8.89100", "2019-09-30": "-8.48500", "2019-06-30": "-0.04800", "2019-03-31": "-0.04600", "2018-12-31": "-0.41200", "2018-09-30": "-0.08400", "2018-06-30": "-0.01600", "2018-03-31": "-0.07500", "2017-12-31": "-0.10600", "2017-09-30": "-0.07400", "2017-06-30": "0.07800", "2017-03-31": "2.73000", "2016-12-31": "-2.39800", "2016-09-30": "-0.93600", "2016-06-30": "-0.00400", "2016-03-31": "-0.05800", "2015-12-31": "-0.11100", "2015-09-30": "-0.11700", "2015-06-30": "-0.21700", "2015-03-31": "-0.11100", "2014-12-31": "-1.79600", "2014-09-30": "-4.38000", "2014-06-30": "-10.75000", "2014-03-31": "0.38500", "2013-12-31": "-6.39900", "2013-09-30": "0.28000", "2013-06-30": "11.58100", "2013-03-31": "1.95300", "2012-12-31": "25.09300", "2012-09-30": "2.10700", "2012-06-30": "1.44900", "2012-03-31": "-12.42100", "2011-12-31": "15.41300", "2011-09-30": "-104.22000", "2011-06-30": "-8.55600", "2011-03-31": "1.65100", "2010-12-31": "-2.55600", "2010-09-30": "-142.47900", "2010-06-30": "23.93500", "2010-03-31": "18.57900", "2009-12-31": "79.59600", "2009-09-30": "37.62000", "2009-06-30": "33.44200", "2009-03-31": "", "2008-12-31": "", "2008-09-30": "", "2008-06-30": "", "2008-03-31": "", "2007-12-31": "", "2007-09-30": "", "2007-06-30": "", "2007-03-31": "", "2006-12-31": "", "2006-09-30": "", "2006-06-30": "", "2006-03-31": "", "2005-12-31": "", "2005-09-30": "", "2005-06-30": "", "2005-03-31": ""}, "Net Income": {"2020-09-30": "113.14600", "2020-06-30": "59.00500", "2020-03-31": "33.81900", "2019-12-31": "30.08200", "2019-09-30": "23.18300", "2019-06-30": "-5.57200", "2019-03-31": "1.68700", "2018-12-31": "12.61000", "2018-09-30": "22.45100", "2018-06-30": "58.51600", "2018-03-31": "28.28700", "2017-12-31": "64.71000", "2017-09-30": "30.75400", "2017-06-30": "41.26000", "2017-03-31": "15.43800", "2016-12-31": "3.58400", "2016-09-30": "35.06600", "2016-06-30": "40.42000", "2016-03-31": "27.48000", "2015-12-31": "37.70800", "2015-09-30": "28.16800", "2015-06-30": "32.78900", "2015-03-31": "29.17900", "2014-12-31": "14.66400", "2014-09-30": "45.33900", "2014-06-30": "15.98900", "2014-03-31": "-2.79200", "2013-12-31": "-13.05200", "2013-09-30": "43.66200", "2013-06-30": "43.55000", "2013-03-31": "33.56800", "2012-12-31": "14.68500", "2012-09-30": "38.32000", "2012-06-30": "42.65700", "2012-03-31": "16.63100", "2011-12-31": "-22.16000", "2011-09-30": "-107.19000", "2011-06-30": "31.48500", "2011-03-31": "23.25600", "2010-12-31": "-16.71200", "2010-09-30": "-93.41500", "2010-06-30": "24.41000", "2010-03-31": "29.41700", "2009-12-31": "37.99200", "2009-09-30": "55.36200", "2009-06-30": "70.27200", "2009-03-31": "36.02500", "2008-12-31": "-66.90300", "2008-09-30": "-8.34000", "2008-06-30": "19.60500", "2008-03-31": "29.31800", "2007-12-31": "-67.49900", "2007-09-30": "46.58900", "2007-06-30": "-65.99600", "2007-03-31": "83.78700", "2006-12-31": "103.97100", "2006-09-30": "90.42900", "2006-06-30": "25.47600", "2006-03-31": "67.80000", "2005-12-31": "114.94600", "2005-09-30": "147.99200", "2005-06-30": "138.28000", "2005-03-31": "79.16200"}, "EBITDA": {"2020-09-30": "115.27800", "2020-06-30": "142.57000", "2020-03-31": "118.80500", "2019-12-31": "127.79100", "2019-09-30": "103.31400", "2019-06-30": "66.86400", "2019-03-31": "75.76100", "2018-12-31": "80.16120", "2018-09-30": "109.60000", "2018-06-30": "138.35200", "2018-03-31": "91.93500", "2017-12-31": "112.89080", "2017-09-30": "109.01400", "2017-06-30": "122.69400", "2017-03-31": "77.47500", "2016-12-31": "104.19310", "2016-09-30": "131.58600", "2016-06-30": "121.17000", "2016-03-31": "99.35400", "2015-12-31": "69.56800", "2015-09-30": "103.86700", "2015-06-30": "99.94100", "2015-03-31": "86.70900", "2014-12-31": "85.95200", "2014-09-30": "113.51900", "2014-06-30": "76.38600", "2014-03-31": "44.33300", "2013-12-31": "15.57020", "2013-09-30": "89.76300", "2013-06-30": "81.66500", "2013-03-31": "81.47600", "2012-12-31": "19.90500", "2012-09-30": "94.41900", "2012-06-30": "98.46800", "2012-03-31": "74.71800", "2011-12-31": "-12.48600", "2011-09-30": "62.68500", "2011-06-30": "45.11100", "2011-03-31": "49.61300", "2010-12-31": "45.32090", "2010-09-30": "64.28700", "2010-06-30": "54.42200", "2010-03-31": "44.53400", "2009-12-31": "91.74200", "2009-09-30": "75.36500", "2009-06-30": "72.96700", "2009-03-31": "151.10610", "2008-12-31": "-114.06890", "2008-09-30": "78.38900", "2008-06-30": "138.95590", "2008-03-31": "148.70500", "2007-12-31": "32.63000", "2007-09-30": "185.12200", "2007-06-30": "3.11400", "2007-03-31": "253.76970", "2006-12-31": "279.74770", "2006-09-30": "256.61010", "2006-06-30": "140.98600", "2006-03-31": "199.38990", "2005-12-31": "266.78100", "2005-09-30": "327.72680", "2005-06-30": "312.49100", "2005-03-31": "202.16000"}, "EBIT": {"2020-09-30": "73.18300", "2020-06-30": "90.98300", "2020-03-31": "67.07100", "2019-12-31": "67.87500", "2019-09-30": "61.86700", "2019-06-30": "14.59000", "2019-03-31": "21.20400", "2018-12-31": "28.78200", "2018-09-30": "59.78000", "2018-06-30": "89.63700", "2018-03-31": "44.41900", "2017-12-31": "65.36590", "2017-09-30": "62.29600", "2017-06-30": "78.39300", "2017-03-31": "32.56300", "2016-12-31": "57.59600", "2016-09-30": "85.72100", "2016-06-30": "76.39800", "2016-03-31": "58.22500", "2015-12-31": "27.55700", "2015-09-30": "65.92000", "2015-06-30": "60.70700", "2015-03-31": "49.26500", "2014-12-31": "36.15600", "2014-09-30": "77.75500", "2014-06-30": "41.02000", "2014-03-31": "14.82700", "2013-12-31": "-14.06490", "2013-09-30": "61.36100", "2013-06-30": "47.51100", "2013-03-31": "47.33500", "2012-12-31": "-3.76900", "2012-09-30": "61.38200", "2012-06-30": "67.56200", "2012-03-31": "45.22700", "2011-12-31": "-36.38900", "2011-09-30": "27.84000", "2011-06-30": "18.83300", "2011-03-31": "26.57600", "2010-12-31": "22.63800", "2010-09-30": "45.69200", "2010-06-30": "26.79000", "2010-03-31": "18.56300", "2009-12-31": "86.69200", "2009-09-30": "30.38600", "2009-06-30": "60.62400", "2009-03-31": "99.10410", "2008-12-31": "-73.49590", "2008-09-30": "18.39600", "2008-06-30": "79.25290", "2008-03-31": "91.18200", "2007-12-31": "-27.04080", "2007-09-30": "130.14300", "2007-06-30": "-60.49000", "2007-03-31": "199.68470", "2006-12-31": "223.33730", "2006-09-30": "204.75410", "2006-06-30": "90.46100", "2006-03-31": "151.25690", "2005-12-31": "220.33940", "2005-09-30": "289.67780", "2005-06-30": "275.28900", "2005-03-31": "166.41300"}, "Basic Shares Outstanding": {"2020-09-30": "79.46700", "2020-06-30": "79.40300", "2020-03-31": "79.02800", "2019-12-31": "79.88500", "2019-09-30": "79.76100", "2019-06-30": "80.47300", "2019-03-31": "80.17900", "2018-12-31": "80.85400", "2018-09-30": "80.68000", "2018-06-30": "81.28400", "2018-03-31": "81.25400", "2017-12-31": "83.49900", "2017-09-30": "83.36200", "2017-06-30": "84.54800", "2017-03-31": "84.43200", "2016-12-31": "87.50200", "2016-09-30": "87.58400", "2016-06-30": "88.57200", "2016-03-31": "88.31000", "2015-12-31": "89.07000", "2015-09-30": "88.71900", "2015-06-30": "89.65400", "2015-03-31": "89.75100", "2014-12-31": "90.82500", "2014-09-30": "90.51800", "2014-06-30": "91.75000", "2014-03-31": "91.43300", "2013-12-31": "95.08800", "2013-09-30": "94.77300", "2013-06-30": "95.51600", "2013-03-31": "97.11300", "2012-12-31": "102.91300", "2012-09-30": "101.65000", "2012-06-30": "105.89500", "2012-03-31": "106.59400", "2011-12-31": "109.12200", "2011-09-30": "106.41400", "2011-06-30": "108.01800", "2011-03-31": "115.54500", "2010-12-31": "111.52900", "2010-09-30": "116.99100", "2010-06-30": "108.93600", "2010-03-31": "103.47400", "2009-12-31": "98.47400", "2009-09-30": "93.44800", "2009-06-30": "93.26000", "2009-03-31": "93.02200", "2008-12-31": "92.90000", "2008-09-30": "92.65900", "2008-06-30": "92.50300", "2008-03-31": "92.00000", "2007-12-31": "94.64900", "2007-09-30": "93.74600", "2007-06-30": "96.37700", "2007-03-31": "96.74900", "2006-12-31": "96.20600", "2006-09-30": "96.05400", "2006-06-30": "96.56300", "2006-03-31": "95.86000", "2005-12-31": "94.35100", "2005-09-30": "95.34100", "2005-06-30": "94.63900", "2005-03-31": "91.57400"}, "Shares Outstanding": {"2020-09-30": "81.40200", "2020-06-30": "80.64600", "2020-03-31": "80.52500", "2019-12-31": "81.02100", "2019-09-30": "80.91400", "2019-06-30": "80.47300", "2019-03-31": "81.27700", "2018-12-31": "82.27500", "2018-09-30": "82.01700", "2018-06-30": "82.44000", "2018-03-31": "82.82000", "2017-12-31": "85.23400", "2017-09-30": "85.09000", "2017-06-30": "86.09700", "2017-03-31": "86.34100", "2016-12-31": "89.12200", "2016-09-30": "89.18800", "2016-06-30": "89.96800", "2016-03-31": "89.91900", "2015-12-31": "90.56400", "2015-09-30": "90.15400", "2015-06-30": "90.96300", "2015-03-31": "91.11700", "2014-12-31": "92.42900", "2014-09-30": "91.98700", "2014-06-30": "93.06200", "2014-03-31": "91.43300", "2013-12-31": "97.10900", "2013-09-30": "96.79300", "2013-06-30": "97.18000", "2013-03-31": "99.05600", "2012-12-31": "104.05000", "2012-09-30": "103.11300", "2012-06-30": "106.46800", "2012-03-31": "107.32700", "2011-12-31": "109.71200", "2011-09-30": "106.41400", "2011-06-30": "108.64100", "2011-03-31": "116.30600", "2010-12-31": "112.36300", "2010-09-30": "117.82900", "2010-06-30": "109.71600", "2010-03-31": "104.75200", "2009-12-31": "99.73400", "2009-09-30": "94.52500", "2009-06-30": "94.00500", "2009-03-31": "93.69500", "2008-12-31": "92.90000", "2008-09-30": "92.65900", "2008-06-30": "93.20500", "2008-03-31": "92.72500", "2007-12-31": "94.64900", "2007-09-30": "95.06400", "2007-06-30": "96.37700", "2007-03-31": "99.14400", "2006-12-31": "98.65300", "2006-09-30": "98.48200", "2006-06-30": "99.17000", "2006-03-31": "98.68700", "2005-12-31": "97.69100", "2005-09-30": "98.76800", "2005-06-30": "97.99000", "2005-03-31": "95.13100"}, "Basic EPS": {"2020-09-30": "1.42000", "2020-06-30": "0.74000", "2020-03-31": "0.43000", "2019-12-31": "0.38000", "2019-09-30": "0.29000", "2019-06-30": "-0.07000", "2019-03-31": "0.02000", "2018-12-31": "0.15000", "2018-09-30": "0.28000", "2018-06-30": "0.72000", "2018-03-31": "0.35000", "2017-12-31": "0.78000", "2017-09-30": "0.37000", "2017-06-30": "0.49000", "2017-03-31": "0.18000", "2016-12-31": "0.05000", "2016-09-30": "0.40000", "2016-06-30": "0.46000", "2016-03-31": "0.31000", "2015-12-31": "0.41000", "2015-09-30": "0.32000", "2015-06-30": "0.37000", "2015-03-31": "0.33000", "2014-12-31": "0.16000", "2014-09-30": "0.51000", "2014-06-30": "0.17000", "2014-03-31": "-0.03000", "2013-12-31": "-0.14000", "2013-09-30": "0.47000", "2013-06-30": "0.45000", "2013-03-31": "0.35000", "2012-12-31": "0.15000", "2012-09-30": "0.38000", "2012-06-30": "0.40000", "2012-03-31": "0.16000", "2011-12-31": "-0.17000", "2011-09-30": "-1.01000", "2011-06-30": "0.29000", "2011-03-31": "0.20000", "2010-12-31": "-0.21000", "2010-09-30": "-0.80000", "2010-06-30": "0.22000", "2010-03-31": "0.28000", "2009-12-31": "0.39000", "2009-09-30": "0.59000", "2009-06-30": "0.75000", "2009-03-31": "0.39000", "2008-12-31": "-0.72000", "2008-09-30": "-0.09000", "2008-06-30": "0.21000", "2008-03-31": "0.32000", "2007-12-31": "-0.72000", "2007-09-30": "0.50000", "2007-06-30": "-0.68000", "2007-03-31": "0.87000", "2006-12-31": "1.08000", "2006-09-30": "0.94000", "2006-06-30": "0.26000", "2006-03-31": "0.71000", "2005-12-31": "1.22000", "2005-09-30": "1.55000", "2005-06-30": "1.46000", "2005-03-31": "0.86000"}, "EPS - Earnings Per Share": {"2020-09-30": "1.39000", "2020-06-30": "0.73000", "2020-03-31": "0.42000", "2019-12-31": "0.37000", "2019-09-30": "0.29000", "2019-06-30": "-0.07000", "2019-03-31": "0.02000", "2018-12-31": "0.16000", "2018-09-30": "0.27000", "2018-06-30": "0.71000", "2018-03-31": "0.34000", "2017-12-31": "0.76000", "2017-09-30": "0.36000", "2017-06-30": "0.48000", "2017-03-31": "0.18000", "2016-12-31": "0.04000", "2016-09-30": "0.39000", "2016-06-30": "0.45000", "2016-03-31": "0.31000", "2015-12-31": "0.42000", "2015-09-30": "0.31000", "2015-06-30": "0.36000", "2015-03-31": "0.32000", "2014-12-31": "0.15000", "2014-09-30": "0.50000", "2014-06-30": "0.17000", "2014-03-31": "-0.03000", "2013-12-31": "-0.14000", "2013-09-30": "0.46000", "2013-06-30": "0.45000", "2013-03-31": "0.34000", "2012-12-31": "0.15000", "2012-09-30": "0.37000", "2012-06-30": "0.40000", "2012-03-31": "0.16000", "2011-12-31": "-0.17000", "2011-09-30": "-1.01000", "2011-06-30": "0.29000", "2011-03-31": "0.20000", "2010-12-31": "-0.21000", "2010-09-30": "-0.80000", "2010-06-30": "0.22000", "2010-03-31": "0.28000", "2009-12-31": "0.38000", "2009-09-30": "0.59000", "2009-06-30": "0.75000", "2009-03-31": "0.38000", "2008-12-31": "-0.72000", "2008-09-30": "-0.09000", "2008-06-30": "0.21000", "2008-03-31": "0.32000", "2007-12-31": "-0.68000", "2007-09-30": "0.49000", "2007-06-30": "-0.68000", "2007-03-31": "0.84000", "2006-12-31": "1.05000", "2006-09-30": "0.92000", "2006-06-30": "0.26000", "2006-03-31": "0.69000", "2005-12-31": "1.18000", "2005-09-30": "1.50000", "2005-06-30": "1.41000", "2005-03-31": "0.83000"}}, "balance sheet": {"Cash On Hand": {"2019-12-31": "105.18500", "2018-12-31": "85.27100", "2017-12-31": "118.80400", "2016-12-31": "89.97400", "2015-12-31": "110.01600", "2014-12-31": "117.03700", "2013-12-31": "146.46900", "2012-12-31": "174.10400", "2011-12-31": "281.31000", "2010-12-31": "447.30700", "2009-12-31": "467.51000", "2008-12-31": "934.94500", "2007-12-31": "1162.56900", "2006-12-31": "1404.88400", "2005-12-31": "1561.14400"}, "Receivables": {"2019-12-31": "282.86900", "2018-12-31": "268.11300", "2017-12-31": "264.24400", "2016-12-31": "276.13400", "2015-12-31": "278.01700", "2014-12-31": "227.70100", "2013-12-31": "228.53600", "2012-12-31": "223.22700", "2011-12-31": "229.07000", "2010-12-31": "207.00000", "2009-12-31": "290.88500", "2008-12-31": "772.31600", "2007-12-31": "715.93400", "2006-12-31": "659.59800", "2005-12-31": "581.74500"}, "Inventory": {"2019-12-31": "", "2018-12-31": "", "2017-12-31": "", "2016-12-31": "", "2015-12-31": "", "2014-12-31": "", "2013-12-31": "", "2012-12-31": "", "2011-12-31": "", "2010-12-31": "", "2009-12-31": "", "2008-12-31": "", "2007-12-31": "", "2006-12-31": "", "2005-12-31": ""}, "Pre-Paid Expenses": {"2019-12-31": "", "2018-12-31": "", "2017-12-31": "", "2016-12-31": "", "2015-12-31": "", "2014-12-31": "", "2013-12-31": "", "2012-12-31": "", "2011-12-31": "", "2010-12-31": "", "2009-12-31": "", "2008-12-31": "", "2007-12-31": "", "2006-12-31": "", "2005-12-31": ""}, "Other Current Assets": {"2019-12-31": "", "2018-12-31": "", "2017-12-31": "", "2016-12-31": "", "2015-12-31": "", "2014-12-31": "", "2013-12-31": "", "2012-12-31": "", "2011-12-31": "", "2010-12-31": "", "2009-12-31": "", "2008-12-31": "", "2007-12-31": "", "2006-12-31": "", "2005-12-31": ""}, "Total Current Assets": {"2019-12-31": "388.05400", "2018-12-31": "353.38400", "2017-12-31": "383.04800", "2016-12-31": "366.10800", "2015-12-31": "388.03300", "2014-12-31": "344.73800", "2013-12-31": "375.00500", "2012-12-31": "397.33100", "2011-12-31": "510.38000", "2010-12-31": "654.30700", "2009-12-31": "758.39500", "2008-12-31": "1707.26100", "2007-12-31": "1878.50300", "2006-12-31": "2064.48200", "2005-12-31": "2142.88900"}, "Property, Plant, And Equipment": {"2019-12-31": "451.02100", "2018-12-31": "456.49700", "2017-12-31": "447.65900", "2016-12-31": "449.19900", "2015-12-31": "375.65400", "2014-12-31": "368.61400", "2013-12-31": "197.54200", "2012-12-31": "181.19700", "2011-12-31": "214.23700", "2010-12-31": "197.42600", "2009-12-31": "219.86400", "2008-12-31": "665.30500", "2007-12-31": "755.43500", "2006-12-31": "741.69100", "2005-12-31": "685.52200"}, "Long-Term Investments": {"2019-12-31": "16.66600", "2018-12-31": "22.42900", "2017-12-31": "38.98900", "2016-12-31": "40.80900", "2015-12-31": "91.91400", "2014-12-31": "125.86200", "2013-12-31": "117.56300", "2012-12-31": "116.39500", "2011-12-31": "134.69300", "2010-12-31": "240.93000", "2009-12-31": "247.74100", "2008-12-31": "2381.72000", "2007-12-31": "2171.13300", "2006-12-31": "1930.51600", "2005-12-31": "1632.57900"}, "Goodwill And Intangible Assets": {"2019-12-31": "3101.99200", "2018-12-31": "3184.40800", "2017-12-31": "3055.61500", "2016-12-31": "2914.08900", "2015-12-31": "2561.53600", "2014-12-31": "2392.29300", "2013-12-31": "1974.28600", "2012-12-31": "1848.14600", "2011-12-31": "1940.57700", "2010-12-31": "1611.06900", "2009-12-31": "1789.76200", "2008-12-31": "3578.23900", "2007-12-31": "3559.22600", "2006-12-31": "3169.17000", "2005-12-31": "2878.81200"}, "Other Long-Term Assets": {"2019-12-31": "135.09900", "2018-12-31": "152.27200", "2017-12-31": "152.10200", "2016-12-31": "135.81300", "2015-12-31": "158.47300", "2014-12-31": "194.51400", "2013-12-31": "252.24800", "2012-12-31": "394.28600", "2011-12-31": "232.29500", "2010-12-31": "493.96700", "2009-12-31": "5802.14700", "2008-12-31": "326.07200", "2007-12-31": "260.35000", "2006-12-31": "274.53600", "2005-12-31": "258.83900"}, "Total Long-Term Assets": {"2019-12-31": "3704.77800", "2018-12-31": "3815.60600", "2017-12-31": "3694.36500", "2016-12-31": "3541.42600", "2015-12-31": "3285.68300", "2014-12-31": "3171.62400", "2013-12-31": "2628.12600", "2012-12-31": "2632.99700", "2011-12-31": "2608.32000", "2010-12-31": "2580.51800", "2009-12-31": "8073.32400", "2008-12-31": "7100.80900", "2007-12-31": "6769.41800", "2006-12-31": "6159.80300", "2005-12-31": "5455.75200"}, "Total Assets": {"2019-12-31": "4158.65700", "2018-12-31": "4168.99000", "2017-12-31": "4077.41300", "2016-12-31": "3907.53400", "2015-12-31": "3673.71600", "2014-12-31": "3516.36200", "2013-12-31": "3003.13100", "2012-12-31": "3030.32800", "2011-12-31": "3118.70000", "2010-12-31": "3234.82500", "2009-12-31": "8831.71900", "2008-12-31": "8808.07000", "2007-12-31": "8647.92100", "2006-12-31": "8224.28500", "2005-12-31": "7598.64100"}, "Total Current Liabilities": {"2019-12-31": "316.60900", "2018-12-31": "278.13300", "2017-12-31": "309.41800", "2016-12-31": "380.67600", "2015-12-31": "323.89700", "2014-12-31": "281.55600", "2013-12-31": "289.87200", "2012-12-31": "255.95300", "2011-12-31": "271.57100", "2010-12-31": "428.14800", "2009-12-31": "181.63000", "2008-12-31": "2772.84700", "2007-12-31": "2254.30600", "2006-12-31": "1903.23800", "2005-12-31": "1486.31100"}, "Long Term Debt": {"2019-12-31": "1610.53800", "2018-12-31": "1752.24100", "2017-12-31": "1683.52400", "2016-12-31": "1496.88900", "2015-12-31": "1288.17700", "2014-12-31": "1319.21100", "2013-12-31": "811.77600", "2012-12-31": "792.32400", "2011-12-31": "846.02700", "2010-12-31": "487.43700", "2009-12-31": "535.06400", "2008-12-31": "968.27400", "2007-12-31": "1006.04600", "2006-12-31": "947.99100", "2005-12-31": "948.56900"}, "Other Non-Current Liabilities": {"2019-12-31": "1066.70700", "2018-12-31": "1013.15000", "2017-12-31": "974.02400", "2016-12-31": "906.92200", "2015-12-31": "885.92200", "2014-12-31": "819.42600", "2013-12-31": "769.93900", "2012-12-31": "750.88400", "2011-12-31": "729.26900", "2010-12-31": "702.09900", "2009-12-31": "4412.97500", "2008-12-31": "1681.71800", "2007-12-31": "1726.83700", "2006-12-31": "1638.68900", "2005-12-31": "1667.96800"}, "Total Long Term Liabilities": {"2019-12-31": "2787.64100", "2018-12-31": "2890.35900", "2017-12-31": "2760.11900", "2016-12-31": "2523.87400", "2015-12-31": "2300.32900", "2014-12-31": "2220.63900", "2013-12-31": "1668.88600", "2012-12-31": "1603.42900", "2011-12-31": "1602.30800", "2010-12-31": "1261.53600", "2009-12-31": "5480.83200", "2008-12-31": "2649.99200", "2007-12-31": "3408.79000", "2006-12-31": "3118.99400", "2005-12-31": "3106.59700"}, "Total Liabilities": {"2019-12-31": "3207.44700", "2018-12-31": "3168.49200", "2017-12-31": "3069.53700", "2016-12-31": "2904.55000", "2015-12-31": "2624.22600", "2014-12-31": "2502.19500", "2013-12-31": "1958.75800", "2012-12-31": "1859.38200", "2011-12-31": "1873.87900", "2010-12-31": "1689.68400", "2009-12-31": "5662.46200", "2008-12-31": "5422.83900", "2007-12-31": "5663.09600", "2006-12-31": "5022.23200", "2005-12-31": "4592.90800"}, "Common Stock Net": {"2019-12-31": "0.00100", "2018-12-31": "0.00100", "2017-12-31": "0.00100", "2016-12-31": "0.00100", "2015-12-31": "0.00100", "2014-12-31": "0.00100", "2013-12-31": "0.00100", "2012-12-31": "0.00100", "2011-12-31": "0.00100", "2010-12-31": "0.00100", "2009-12-31": "0.00100", "2008-12-31": "92.96300", "2007-12-31": "91.83000", "2006-12-31": "96.48400", "2005-12-31": "95.86000"}, "Retained Earnings (Accumulated Deficit)": {"2019-12-31": "1006.99200", "2018-12-31": "975.37500", "2017-12-31": "877.11100", "2016-12-31": "724.94900", "2015-12-31": "618.39900", "2014-12-31": "492.44100", "2013-12-31": "425.79600", "2012-12-31": "318.09400", "2011-12-31": "209.38900", "2010-12-31": "297.03600", "2009-12-31": "2217.50500", "2008-12-31": "2099.65400", "2007-12-31": "2205.99400", "2006-12-31": "2297.43200", "2005-12-31": "2078.96900"}, "Comprehensive Income": {"2019-12-31": "-166.78300", "2018-12-31": "-135.74800", "2017-12-31": "-93.69100", "2016-12-31": "-122.41800", "2015-12-31": "-120.11600", "2014-12-31": "-83.78600", "2013-12-31": "-53.58900", "2012-12-31": "-15.51400", "2011-12-31": "-20.31600", "2010-12-31": "15.94300", "2009-12-31": "-167.79800", "2008-12-31": "-296.19500", "2007-12-31": "-75.73300", "2006-12-31": "-175.28400", "2005-12-31": "-125.81600"}, "Other Share Holders Equity": {"2019-12-31": "", "2018-12-31": "", "2017-12-31": "", "2016-12-31": "", "2015-12-31": "", "2014-12-31": "", "2013-12-31": "", "2012-12-31": "", "2011-12-31": "", "2010-12-31": "", "2009-12-31": "", "2008-12-31": "", "2007-12-31": "", "2006-12-31": "", "2005-12-31": ""}, "Share Holder Equity": {"2019-12-31": "951.21000", "2018-12-31": "1000.49800", "2017-12-31": "1007.87600", "2016-12-31": "1002.98400", "2015-12-31": "1049.49000", "2014-12-31": "1014.16700", "2013-12-31": "1044.37300", "2012-12-31": "1170.94600", "2011-12-31": "1244.82100", "2010-12-31": "1545.14100", "2009-12-31": "3169.25700", "2008-12-31": "3385.23100", "2007-12-31": "2984.82500", "2006-12-31": "3202.05300", "2005-12-31": "3005.73300"}, "Total Liabilities And Share Holders Equity": {"2019-12-31": "4158.65700", "2018-12-31": "4168.99000", "2017-12-31": "4077.41300", "2016-12-31": "3907.53400", "2015-12-31": "3673.71600", "2014-12-31": "3516.36200", "2013-12-31": "3003.13100", "2012-12-31": "3030.32800", "2011-12-31": "3118.70000", "2010-12-31": "3234.82500", "2009-12-31": "8831.71900", "2008-12-31": "8808.07000", "2007-12-31": "8647.92100", "2006-12-31": "8224.28500", "2005-12-31": "7598.64100"}}, "balance sheet, quarterly": {"Cash On Hand": {"2020-09-30": "302.32900", "2020-06-30": "137.28600", "2020-03-31": "152.82200", "2019-12-31": "104.16200", "2019-09-30": "88.23800", "2019-06-30": "82.04200", "2019-03-31": "86.82800", "2018-12-31": "85.27100", "2018-09-30": "97.88400", "2018-06-30": "85.03100", "2018-03-31": "123.69800", "2017-12-31": "118.80400", "2017-09-30": "162.94300", "2017-06-30": "106.85700", "2017-03-31": "120.35500", "2016-12-31": "89.97400", "2016-09-30": "87.95100", "2016-06-30": "83.37600", "2016-03-31": "144.14700", "2015-12-31": "110.01600", "2015-09-30": "171.12100", "2015-06-30": "124.83400", "2015-03-31": "101.92000", "2014-12-31": "117.03700", "2014-09-30": "141.11100", "2014-06-30": "153.45300", "2014-03-31": "135.53600", "2013-12-31": "146.46900", "2013-09-30": "151.94700", "2013-06-30": "196.61600", "2013-03-31": "147.71700", "2012-12-31": "174.10400", "2012-09-30": "176.63300", "2012-06-30": "281.70700", "2012-03-31": "278.43100", "2011-12-31": "281.31000", "2011-09-30": "159.59200", "2011-06-30": "194.86400", "2011-03-31": "170.80800", "2010-12-31": "447.30700", "2010-09-30": "348.39900", "2010-06-30": "395.17400", "2010-03-31": "758.81600", "2009-12-31": "467.51000", "2009-09-30": "1095.92200", "2009-06-30": "1022.93100", "2009-03-31": "934.08000", "2008-12-31": "934.94500", "2008-09-30": "825.66200", "2008-06-30": "935.53700", "2008-03-31": "929.68000", "2007-12-31": "1162.56900", "2007-09-30": "1085.93200", "2007-06-30": "1064.97000", "2007-03-31": "1103.28900", "2006-12-31": "1404.88400", "2006-09-30": "1372.57700", "2006-06-30": "1286.66200", "2006-03-31": "1398.66200", "2005-12-31": "1561.14400", "2005-09-30": "1628.86700", "2005-06-30": "1542.12200", "2005-03-31": "1431.48500"}, "Receivables": {"2020-09-30": "279.49200", "2020-06-30": "290.19900", "2020-03-31": "285.52800", "2019-12-31": "247.68300", "2019-09-30": "275.69400", "2019-06-30": "282.16700", "2019-03-31": "260.30000", "2018-12-31": "268.11300", "2018-09-30": "263.24700", "2018-06-30": "272.55700", "2018-03-31": "252.09900", "2017-12-31": "264.24400", "2017-09-30": "285.52400", "2017-06-30": "291.60700", "2017-03-31": "267.72600", "2016-12-31": "276.13400", "2016-09-30": "285.89800", "2016-06-30": "275.84500", "2016-03-31": "272.24800", "2015-12-31": "278.01700", "2015-09-30": "243.43900", "2015-06-30": "278.29300", "2015-03-31": "239.82300", "2014-12-31": "227.70100", "2014-09-30": "223.69700", "2014-06-30": "197.66200", "2014-03-31": "214.00100", "2013-12-31": "228.53600", "2013-09-30": "270.00000", "2013-06-30": "264.06500", "2013-03-31": "260.27400", "2012-12-31": "223.22700", "2012-09-30": "260.83800", "2012-06-30": "239.48300", "2012-03-31": "243.53900", "2011-12-31": "229.07000", "2011-09-30": "277.29600", "2011-06-30": "246.09000", "2011-03-31": "226.30500", "2010-12-31": "207.00000", "2010-09-30": "307.59100", "2010-06-30": "288.01700", "2010-03-31": "681.60100", "2009-12-31": "290.88500", "2009-09-30": "694.57300", "2009-06-30": "735.42000", "2009-03-31": "712.96400", "2008-12-31": "772.31600", "2008-09-30": "880.40700", "2008-06-30": "885.24790", "2008-03-31": "835.67500", "2007-12-31": "715.93400", "2007-09-30": "840.34500", "2007-06-30": "759.31700", "2007-03-31": "707.78800", "2006-12-31": "659.59800", "2006-09-30": "679.10300", "2006-06-30": "679.06500", "2006-03-31": "599.87800", "2005-12-31": "581.74500", "2005-09-30": "634.78000", "2005-06-30": "642.01500", "2005-03-31": "566.52700"}, "Inventory": {"2020-09-30": "", "2020-06-30": "", "2020-03-31": "", "2019-12-31": "", "2019-09-30": "", "2019-06-30": "", "2019-03-31": "", "2018-12-31": "", "2018-09-30": "", "2018-06-30": "", "2018-03-31": "", "2017-12-31": "", "2017-09-30": "", "2017-06-30": "", "2017-03-31": "", "2016-12-31": "", "2016-09-30": "", "2016-06-30": "", "2016-03-31": "", "2015-12-31": "", "2015-09-30": "", "2015-06-30": "", "2015-03-31": "", "2014-12-31": "", "2014-09-30": "", "2014-06-30": "", "2014-03-31": "", "2013-12-31": "", "2013-09-30": "", "2013-06-30": "", "2013-03-31": "", "2012-12-31": "", "2012-09-30": "", "2012-06-30": "", "2012-03-31": "", "2011-12-31": "", "2011-09-30": "", "2011-06-30": "", "2011-03-31": "", "2010-12-31": "", "2010-09-30": "", "2010-06-30": "", "2010-03-31": "", "2009-12-31": "", "2009-09-30": "", "2009-06-30": "", "2009-03-31": "", "2008-12-31": "", "2008-09-30": "", "2008-06-30": "", "2008-03-31": "", "2007-12-31": "", "2007-09-30": "", "2007-06-30": "", "2007-03-31": "", "2006-12-31": "", "2006-09-30": "", "2006-06-30": "", "2006-03-31": "", "2005-12-31": "", "2005-09-30": "", "2005-06-30": "", "2005-03-31": ""}, "Pre-Paid Expenses": {"2020-09-30": "", "2020-06-30": "", "2020-03-31": "", "2019-12-31": "", "2019-09-30": "", "2019-06-30": "", "2019-03-31": "", "2018-12-31": "", "2018-09-30": "", "2018-06-30": "", "2018-03-31": "", "2017-12-31": "", "2017-09-30": "", "2017-06-30": "", "2017-03-31": "", "2016-12-31": "", "2016-09-30": "", "2016-06-30": "", "2016-03-31": "", "2015-12-31": "", "2015-09-30": "", "2015-06-30": "", "2015-03-31": "", "2014-12-31": "", "2014-09-30": "", "2014-06-30": "", "2014-03-31": "", "2013-12-31": "", "2013-09-30": "", "2013-06-30": "", "2013-03-31": "", "2012-12-31": "", "2012-09-30": "", "2012-06-30": "", "2012-03-31": "", "2011-12-31": "", "2011-09-30": "", "2011-06-30": "", "2011-03-31": "", "2010-12-31": "", "2010-09-30": "", "2010-06-30": "", "2010-03-31": "", "2009-12-31": "", "2009-09-30": "", "2009-06-30": "", "2009-03-31": "", "2008-12-31": "", "2008-09-30": "", "2008-06-30": "", "2008-03-31": "", "2007-12-31": "", "2007-09-30": "", "2007-06-30": "", "2007-03-31": "", "2006-12-31": "", "2006-09-30": "", "2006-06-30": "", "2006-03-31": "", "2005-12-31": "", "2005-09-30": "", "2005-06-30": "", "2005-03-31": ""}, "Other Current Assets": {"2020-09-30": "", "2020-06-30": "", "2020-03-31": "", "2019-12-31": "", "2019-09-30": "", "2019-06-30": "", "2019-03-31": "", "2018-12-31": "", "2018-09-30": "", "2018-06-30": "", "2018-03-31": "", "2017-12-31": "", "2017-09-30": "", "2017-06-30": "", "2017-03-31": "", "2016-12-31": "", "2016-09-30": "", "2016-06-30": "", "2016-03-31": "", "2015-12-31": "", "2015-09-30": "", "2015-06-30": "", "2015-03-31": "", "2014-12-31": "", "2014-09-30": "", "2014-06-30": "", "2014-03-31": "", "2013-12-31": "", "2013-09-30": "", "2013-06-30": "", "2013-03-31": "", "2012-12-31": "", "2012-09-30": "", "2012-06-30": "", "2012-03-31": "", "2011-12-31": "", "2011-09-30": "", "2011-06-30": "", "2011-03-31": "", "2010-12-31": "", "2010-09-30": "", "2010-06-30": "", "2010-03-31": "", "2009-12-31": "", "2009-09-30": "", "2009-06-30": "", "2009-03-31": "", "2008-12-31": "", "2008-09-30": "", "2008-06-30": "", "2008-03-31": "", "2007-12-31": "", "2007-09-30": "", "2007-06-30": "", "2007-03-31": "", "2006-12-31": "", "2006-09-30": "", "2006-06-30": "", "2006-03-31": "", "2005-12-31": "", "2005-09-30": "", "2005-06-30": "", "2005-03-31": ""}, "Total Current Assets": {"2020-09-30": "581.82100", "2020-06-30": "427.48500", "2020-03-31": "438.35000", "2019-12-31": "351.84500", "2019-09-30": "363.93200", "2019-06-30": "364.20900", "2019-03-31": "347.12800", "2018-12-31": "353.38400", "2018-09-30": "361.13100", "2018-06-30": "357.58800", "2018-03-31": "375.79700", "2017-12-31": "383.04800", "2017-09-30": "448.46700", "2017-06-30": "398.46400", "2017-03-31": "388.08100", "2016-12-31": "366.10800", "2016-09-30": "373.84900", "2016-06-30": "359.22100", "2016-03-31": "416.39500", "2015-12-31": "388.03300", "2015-09-30": "414.56000", "2015-06-30": "403.12700", "2015-03-31": "341.74300", "2014-12-31": "344.73800", "2014-09-30": "364.80800", "2014-06-30": "351.11500", "2014-03-31": "349.53700", "2013-12-31": "375.00500", "2013-09-30": "421.94700", "2013-06-30": "460.68100", "2013-03-31": "407.99100", "2012-12-31": "397.33100", "2012-09-30": "437.47100", "2012-06-30": "521.19000", "2012-03-31": "521.97000", "2011-12-31": "510.38000", "2011-09-30": "436.88800", "2011-06-30": "440.95400", "2011-03-31": "397.11300", "2010-12-31": "654.30700", "2010-09-30": "655.99000", "2010-06-30": "683.19100", "2010-03-31": "1440.41700", "2009-12-31": "758.39500", "2009-09-30": "1790.49500", "2009-06-30": "1758.35100", "2009-03-31": "1647.04400", "2008-12-31": "1707.26100", "2008-09-30": "1706.06900", "2008-06-30": "1820.78500", "2008-03-31": "1765.35500", "2007-12-31": "1878.50300", "2007-09-30": "1926.27700", "2007-06-30": "1824.28700", "2007-03-31": "1811.07700", "2006-12-31": "2064.48200", "2006-09-30": "2051.68000", "2006-06-30": "1965.72700", "2006-03-31": "1998.54000", "2005-12-31": "2142.88900", "2005-09-30": "2263.64700", "2005-06-30": "2184.13700", "2005-03-31": "1998.01200"}, "Property, Plant, And Equipment": {"2020-09-30": "407.22800", "2020-06-30": "440.01500", "2020-03-31": "443.99800", "2019-12-31": "424.67000", "2019-09-30": "446.05700", "2019-06-30": "448.61700", "2019-03-31": "459.47800", "2018-12-31": "456.49700", "2018-09-30": "453.43100", "2018-06-30": "453.78000", "2018-03-31": "443.86900", "2017-12-31": "447.65900", "2017-09-30": "453.87600", "2017-06-30": "433.39300", "2017-03-31": "440.39500", "2016-12-31": "449.19900", "2016-09-30": "443.58900", "2016-06-30": "455.43800", "2016-03-31": "370.02500", "2015-12-31": "375.65400", "2015-09-30": "340.99300", "2015-06-30": "350.96900", "2015-03-31": "359.27500", "2014-12-31": "368.61400", "2014-09-30": "365.75000", "2014-06-30": "372.84600", "2014-03-31": "375.17500", "2013-12-31": "197.54200", "2013-09-30": "193.97500", "2013-06-30": "181.72900", "2013-03-31": "186.39900", "2012-12-31": "181.19700", "2012-09-30": "197.21400", "2012-06-30": "203.18600", "2012-03-31": "212.49400", "2011-12-31": "214.23700", "2011-09-30": "231.29400", "2011-06-30": "243.59600", "2011-03-31": "227.39000", "2010-12-31": "197.42600", "2010-09-30": "248.47800", "2010-06-30": "247.03500", "2010-03-31": "592.44000", "2009-12-31": "219.86400", "2009-09-30": "605.54900", "2009-06-30": "629.14100", "2009-03-31": "638.01800", "2008-12-31": "665.30500", "2008-09-30": "699.24700", "2008-06-30": "723.49300", "2008-03-31": "744.71700", "2007-12-31": "755.43500", "2007-09-30": "778.49300", "2007-06-30": "792.94500", "2007-03-31": "771.17200", "2006-12-31": "741.69100", "2006-09-30": "722.85200", "2006-06-30": "699.20600", "2006-03-31": "684.52200", "2005-12-31": "685.52200", "2005-09-30": "635.99200", "2005-06-30": "632.96700", "2005-03-31": "605.56000"}, "Long-Term Investments": {"2020-09-30": "1.12100", "2020-06-30": "11.83900", "2020-03-31": "11.33900", "2019-12-31": "16.66600", "2019-09-30": "18.57500", "2019-06-30": "22.28400", "2019-03-31": "21.86700", "2018-12-31": "22.42900", "2018-09-30": "42.09000", "2018-06-30": "42.30500", "2018-03-31": "38.52500", "2017-12-31": "38.98900", "2017-09-30": "37.42500", "2017-06-30": "103.46000", "2017-03-31": "39.63800", "2016-12-31": "40.80900", "2016-09-30": "87.16600", "2016-06-30": "85.91800", "2016-03-31": "87.90900", "2015-12-31": "91.91400", "2015-09-30": "123.16900", "2015-06-30": "127.34900", "2015-03-31": "123.66500", "2014-12-31": "125.86200", "2014-09-30": "125.26000", "2014-06-30": "125.64500", "2014-03-31": "135.21900", "2013-12-31": "117.56300", "2013-09-30": "118.64900", "2013-06-30": "121.91400", "2013-03-31": "119.10400", "2012-12-31": "116.39500", "2012-09-30": "131.05400", "2012-06-30": "132.76100", "2012-03-31": "131.05200", "2011-12-31": "134.69300", "2011-09-30": "178.82000", "2011-06-30": "178.93900", "2011-03-31": "206.72600", "2010-12-31": "240.93000", "2010-09-30": "246.06100", "2010-06-30": "247.12000", "2010-03-31": "2588.66400", "2009-12-31": "247.74100", "2009-09-30": "2284.28300", "2009-06-30": "2246.16700", "2009-03-31": "2365.50400", "2008-12-31": "2381.72000", "2008-09-30": "2430.72500", "2008-06-30": "2398.22100", "2008-03-31": "2316.75400", "2007-12-31": "2171.13300", "2007-09-30": "2176.03400", "2007-06-30": "1998.27200", "2007-03-31": "2016.03900", "2006-12-31": "1930.51600", "2006-09-30": "1836.08900", "2006-06-30": "1728.88600", "2006-03-31": "1599.76700", "2005-12-31": "1632.57900", "2005-09-30": "1578.04800", "2005-06-30": "1439.82900", "2005-03-31": "1257.45600"}, "Goodwill And Intangible Assets": {"2020-09-30": "2947.63800", "2020-06-30": "3079.40300", "2020-03-31": "3065.96000", "2019-12-31": "2970.93400", "2019-09-30": "3108.74300", "2019-06-30": "3121.54300", "2019-03-31": "3172.00500", "2018-12-31": "3184.40800", "2018-09-30": "3112.11300", "2018-06-30": "3136.39800", "2018-03-31": "3053.00800", "2017-12-31": "3055.61500", "2017-09-30": "3064.82100", "2017-06-30": "2897.66600", "2017-03-31": "2912.68700", "2016-12-31": "2914.08900", "2016-09-30": "2937.76000", "2016-06-30": "2937.73000", "2016-03-31": "2563.40300", "2015-12-31": "2561.53600", "2015-09-30": "2448.88000", "2015-06-30": "2355.99800", "2015-03-31": "2364.55700", "2014-12-31": "2392.29300", "2014-09-30": "2399.70000", "2014-06-30": "2412.61500", "2014-03-31": "2410.85000", "2013-12-31": "1974.28600", "2013-09-30": "2046.78800", "2013-06-30": "1958.21900", "2013-03-31": "1998.56800", "2012-12-31": "1848.14600", "2012-09-30": "1933.04100", "2012-06-30": "1930.56800", "2012-03-31": "1939.01600", "2011-12-31": "1940.57700", "2011-09-30": "1937.95800", "2011-06-30": "2134.88600", "2011-03-31": "1831.95000", "2010-12-31": "1611.06900", "2010-09-30": "2010.18000", "2010-06-30": "2189.08300", "2010-03-31": "3561.30800", "2009-12-31": "1789.76200", "2009-09-30": "3578.42800", "2009-06-30": "3587.65500", "2009-03-31": "3582.21000", "2008-12-31": "3578.23900", "2008-09-30": "3611.16000", "2008-06-30": "3624.36200", "2008-03-31": "3606.48900", "2007-12-31": "3559.22600", "2007-09-30": "3479.67400", "2007-06-30": "3505.90200", "2007-03-31": "3463.60800", "2006-12-31": "3169.17000", "2006-09-30": "3131.47800", "2006-06-30": "3085.55300", "2006-03-31": "2904.06100", "2005-12-31": "2878.81200", "2005-09-30": "2375.61500", "2005-06-30": "2292.79100", "2005-03-31": "2220.60600"}, "Other Long-Term Assets": {"2020-09-30": "369.17300", "2020-06-30": "145.07800", "2020-03-31": "126.20600", "2019-12-31": "329.34100", "2019-09-30": "135.84600", "2019-06-30": "131.94900", "2019-03-31": "148.91200", "2018-12-31": "152.27200", "2018-09-30": "172.89500", "2018-06-30": "166.63500", "2018-03-31": "155.92300", "2017-12-31": "152.10200", "2017-09-30": "133.95800", "2017-06-30": "142.73900", "2017-03-31": "137.40400", "2016-12-31": "135.81300", "2016-09-30": "167.03100", "2016-06-30": "178.77500", "2016-03-31": "156.45800", "2015-12-31": "158.47300", "2015-09-30": "184.62700", "2015-06-30": "193.56300", "2015-03-31": "194.39400", "2014-12-31": "194.51400", "2014-09-30": "218.70800", "2014-06-30": "347.55200", "2014-03-31": "360.19600", "2013-12-31": "252.24800", "2013-09-30": "203.76200", "2013-06-30": "201.67500", "2013-03-31": "197.29300", "2012-12-31": "394.28600", "2012-09-30": "191.95600", "2012-06-30": "215.07500", "2012-03-31": "222.20300", "2011-12-31": "232.29500", "2011-09-30": "280.62600", "2011-06-30": "208.99800", "2011-03-31": "222.22500", "2010-12-31": "493.96700", "2010-09-30": "205.02400", "2010-06-30": "189.23300", "2010-03-31": "346.16900", "2009-12-31": "5802.14700", "2009-09-30": "257.68200", "2009-06-30": "244.48500", "2009-03-31": "247.99500", "2008-12-31": "326.07200", "2008-09-30": "243.38700", "2008-06-30": "263.47400", "2008-03-31": "259.64000", "2007-12-31": "260.35000", "2007-09-30": "273.09600", "2007-06-30": "285.17100", "2007-03-31": "259.79800", "2006-12-31": "274.53600", "2006-09-30": "280.95900", "2006-06-30": "287.93400", "2006-03-31": "279.33600", "2005-12-31": "258.83900", "2005-09-30": "514.03900", "2005-06-30": "476.12400", "2005-03-31": "419.27800"}, "Total Long-Term Assets": {"2020-09-30": "3725.16000", "2020-06-30": "3676.33500", "2020-03-31": "3647.50300", "2019-12-31": "3741.61100", "2019-09-30": "3709.22100", "2019-06-30": "3724.39300", "2019-03-31": "3802.26200", "2018-12-31": "3815.60600", "2018-09-30": "3780.52900", "2018-06-30": "3799.24500", "2018-03-31": "3691.38200", "2017-12-31": "3694.36500", "2017-09-30": "3691.42100", "2017-06-30": "3578.64000", "2017-03-31": "3531.52200", "2016-12-31": "3541.42600", "2016-09-30": "3637.72600", "2016-06-30": "3660.10100", "2016-03-31": "3190.25000", "2015-12-31": "3285.68300", "2015-09-30": "3188.01000", "2015-06-30": "3118.22000", "2015-03-31": "3132.23200", "2014-12-31": "3171.62400", "2014-09-30": "3210.10600", "2014-06-30": "3347.65300", "2014-03-31": "3370.48100", "2013-12-31": "2628.12600", "2013-09-30": "2662.75100", "2013-06-30": "2563.27800", "2013-03-31": "2600.20000", "2012-12-31": "2632.99700", "2012-09-30": "2526.95300", "2012-06-30": "2557.72700", "2012-03-31": "2580.90200", "2011-12-31": "2608.32000", "2011-09-30": "2685.21600", "2011-06-30": "2820.79800", "2011-03-31": "2540.75700", "2010-12-31": "2580.51800", "2010-09-30": "2732.75400", "2010-06-30": "2895.48200", "2010-03-31": "7101.83600", "2009-12-31": "8073.32400", "2009-09-30": "6826.86500", "2009-06-30": "6808.37100", "2009-03-31": "6981.88700", "2008-12-31": "7100.80900", "2008-09-30": "7039.89900", "2008-06-30": "7050.69500", "2008-03-31": "6997.59800", "2007-12-31": "6769.41800", "2007-09-30": "6859.35700", "2007-06-30": "6777.94800", "2007-03-31": "6653.58400", "2006-12-31": "6159.80300", "2006-09-30": "5971.37800", "2006-06-30": "5818.96500", "2006-03-31": "5467.68600", "2005-12-31": "5455.75200", "2005-09-30": "5144.44700", "2005-06-30": "4852.17300", "2005-03-31": "4545.19000"}, "Total Assets": {"2020-09-30": "4393.47000", "2020-06-30": "4163.39100", "2020-03-31": "4147.60700", "2019-12-31": "4159.28100", "2019-09-30": "4138.45500", "2019-06-30": "4150.51200", "2019-03-31": "4213.99600", "2018-12-31": "4168.99000", "2018-09-30": "4141.66000", "2018-06-30": "4156.83300", "2018-03-31": "4067.17900", "2017-12-31": "4077.41300", "2017-09-30": "4139.88800", "2017-06-30": "3977.10400", "2017-03-31": "3919.60300", "2016-12-31": "3907.53400", "2016-09-30": "4011.57500", "2016-06-30": "4019.32200", "2016-03-31": "3606.64500", "2015-12-31": "3673.71600", "2015-09-30": "3602.57000", "2015-06-30": "3521.34700", "2015-03-31": "3473.97500", "2014-12-31": "3516.36200", "2014-09-30": "3574.91400", "2014-06-30": "3698.76800", "2014-03-31": "3720.01800", "2013-12-31": "3003.13100", "2013-09-30": "3084.69800", "2013-06-30": "3023.95900", "2013-03-31": "3008.19100", "2012-12-31": "3030.32800", "2012-09-30": "2964.42400", "2012-06-30": "3078.91700", "2012-03-31": "3102.87200", "2011-12-31": "3118.70000", "2011-09-30": "3122.10400", "2011-06-30": "3261.75200", "2011-03-31": "2937.87000", "2010-12-31": "3234.82500", "2010-09-30": "3388.74400", "2010-06-30": "3578.67300", "2010-03-31": "8542.25300", "2009-12-31": "8831.71900", "2009-09-30": "8617.36000", "2009-06-30": "8566.72200", "2009-03-31": "8628.93100", "2008-12-31": "8808.07000", "2008-09-30": "8745.96800", "2008-06-30": "8871.48000", "2008-03-31": "8762.95300", "2007-12-31": "8647.92100", "2007-09-30": "8785.63400", "2007-06-30": "8602.23500", "2007-03-31": "8464.66200", "2006-12-31": "8224.28500", "2006-09-30": "8023.05800", "2006-06-30": "7784.69200", "2006-03-31": "7466.22600", "2005-12-31": "7598.64100", "2005-09-30": "7408.09400", "2005-06-30": "7036.31000", "2005-03-31": "6543.20200"}, "Total Current Liabilities": {"2020-09-30": "304.14200", "2020-06-30": "254.89800", "2020-03-31": "318.37400", "2019-12-31": "278.95100", "2019-09-30": "328.55700", "2019-06-30": "310.30400", "2019-03-31": "285.37100", "2018-12-31": "278.13300", "2018-09-30": "263.81900", "2018-06-30": "273.80700", "2018-03-31": "296.87500", "2017-12-31": "309.41800", "2017-09-30": "336.15800", "2017-06-30": "346.37300", "2017-03-31": "390.52100", "2016-12-31": "380.67600", "2016-09-30": "366.80100", "2016-06-30": "303.56500", "2016-03-31": "309.24600", "2015-12-31": "323.89700", "2015-09-30": "315.10000", "2015-06-30": "301.02800", "2015-03-31": "264.93200", "2014-12-31": "281.55600", "2014-09-30": "245.14600", "2014-06-30": "268.17500", "2014-03-31": "274.79100", "2013-12-31": "289.87200", "2013-09-30": "276.57100", "2013-06-30": "257.61200", "2013-03-31": "254.04500", "2012-12-31": "255.95300", "2012-09-30": "257.14000", "2012-06-30": "213.02300", "2012-03-31": "234.96800", "2011-12-31": "271.57100", "2011-09-30": "274.87400", "2011-06-30": "265.58600", "2011-03-31": "268.03500", "2010-12-31": "428.14800", "2010-09-30": "300.03400", "2010-06-30": "340.17700", "2010-03-31": "3404.96600", "2009-12-31": "181.63000", "2009-09-30": "3386.52100", "2009-06-30": "3369.35400", "2009-03-31": "3547.81000", "2008-12-31": "2772.84700", "2008-09-30": "3389.65900", "2008-06-30": "3463.95200", "2008-03-31": "3347.08200", "2007-12-31": "2254.30600", "2007-09-30": "3234.27100", "2007-06-30": "3111.36400", "2007-03-31": "2715.07200", "2006-12-31": "1903.23800", "2006-09-30": "2622.74800", "2006-06-30": "2475.45200", "2006-03-31": "2206.12700", "2005-12-31": "1486.31100", "2005-09-30": "2349.71100", "2005-06-30": "2174.75800", "2005-03-31": "1918.08700"}, "Long Term Debt": {"2020-09-30": "1548.78500", "2020-06-30": "1566.29200", "2020-03-31": "1589.50700", "2019-12-31": "1610.53800", "2019-09-30": "1636.27200", "2019-06-30": "1667.02100", "2019-03-31": "1709.50100", "2018-12-31": "1752.24100", "2018-09-30": "1737.85500", "2018-06-30": "1759.05000", "2018-03-31": "1660.24100", "2017-12-31": "1683.52400", "2017-09-30": "1704.84900", "2017-06-30": "1501.04800", "2017-03-31": "1463.93800", "2016-12-31": "1496.88900", "2016-09-30": "1527.22400", "2016-06-30": "1584.94700", "2016-03-31": "1278.94100", "2015-12-31": "1288.17700", "2015-09-30": "1350.89800", "2015-06-30": "1261.27000", "2015-03-31": "1278.88100", "2014-12-31": "1319.21100", "2014-09-30": "1389.80700", "2014-06-30": "1440.26200", "2014-03-31": "1480.67500", "2013-12-31": "811.77600", "2013-09-30": "783.28000", "2013-06-30": "783.73100", "2013-03-31": "788.04800", "2012-12-31": "792.32400", "2012-09-30": "794.45700", "2012-06-30": "793.66000", "2012-03-31": "820.35600", "2011-12-31": "846.02700", "2011-09-30": "848.61600", "2011-06-30": "909.66700", "2011-03-31": "486.20700", "2010-12-31": "487.43700", "2010-09-30": "492.87600", "2010-06-30": "584.62800", "2010-03-31": "863.71900", "2009-12-31": "535.06400", "2009-09-30": "909.58900", "2009-06-30": "933.55300", "2009-03-31": "962.79600", "2008-12-31": "968.27400", "2008-09-30": "1035.35900", "2008-06-30": "1020.34100", "2008-03-31": "1009.94600", "2007-12-31": "1006.04600", "2007-09-30": "1152.49400", "2007-06-30": "993.31700", "2007-03-31": "1036.92000", "2006-12-31": "947.99100", "2006-09-30": "989.83800", "2006-06-30": "1003.61200", "2006-03-31": "923.67700", "2005-12-31": "948.56900", "2005-09-30": "874.65700", "2005-06-30": "853.48500", "2005-03-31": "841.62500"}, "Other Non-Current Liabilities": {"2020-09-30": "1231.09500", "2020-06-30": "1160.53200", "2020-03-31": "1129.88700", "2019-12-31": "1122.60200", "2019-09-30": "1037.85300", "2019-06-30": "1017.59000", "2019-03-31": "995.22890", "2018-12-31": "1013.15000", "2018-09-30": "1000.51400", "2018-06-30": "992.92200", "2018-03-31": "998.35900", "2017-12-31": "974.02400", "2017-09-30": "962.63000", "2017-06-30": "955.93400", "2017-03-31": "919.55400", "2016-12-31": "906.92200", "2016-09-30": "927.26400", "2016-06-30": "918.67000", "2016-03-31": "898.23600", "2015-12-31": "885.92200", "2015-09-30": "867.06700", "2015-06-30": "857.94000", "2015-03-31": "820.76600", "2014-12-31": "819.42600", "2014-09-30": "779.41500", "2014-06-30": "791.37600", "2014-03-31": "809.81500", "2013-12-31": "769.93900", "2013-09-30": "758.16700", "2013-06-30": "743.83000", "2013-03-31": "737.46500", "2012-12-31": "750.88400", "2012-09-30": "728.77100", "2012-06-30": "731.10800", "2012-03-31": "754.35200", "2011-12-31": "729.26900", "2011-09-30": "715.24000", "2011-06-30": "651.03100", "2011-03-31": "648.91100", "2010-12-31": "702.09900", "2010-09-30": "644.48100", "2010-06-30": "582.88600", "2010-03-31": "687.98900", "2009-12-31": "4412.97500", "2009-09-30": "710.05300", "2009-06-30": "702.73800", "2009-03-31": "702.64400", "2008-12-31": "1681.71800", "2008-09-30": "741.56200", "2008-06-30": "734.24100", "2008-03-31": "736.24300", "2007-12-31": "1726.83700", "2007-09-30": "751.57400", "2007-06-30": "735.64310", "2007-03-31": "734.81700", "2006-12-31": "1638.68900", "2006-09-30": "755.12700", "2006-06-30": "752.54400", "2006-03-31": "752.02000", "2005-12-31": "1667.96800", "2005-09-30": "764.34090", "2005-06-30": "749.09300", "2005-03-31": "724.00100"}, "Total Long Term Liabilities": {"2020-09-30": "2847.05100", "2020-06-30": "2812.10400", "2020-03-31": "2804.40200", "2019-12-31": "2825.92300", "2019-09-30": "2774.35400", "2019-06-30": "2789.97500", "2019-03-31": "2829.79400", "2018-12-31": "2890.35900", "2018-09-30": "2847.72500", "2018-06-30": "2858.78700", "2018-03-31": "2762.29500", "2017-12-31": "2760.11900", "2017-09-30": "2797.59300", "2017-06-30": "2580.08800", "2017-03-31": "2513.23000", "2016-12-31": "2523.87400", "2016-09-30": "2564.15500", "2016-06-30": "2605.49800", "2016-03-31": "2202.48500", "2015-12-31": "2300.32900", "2015-09-30": "2297.95900", "2015-06-30": "2199.96400", "2015-03-31": "2180.85600", "2014-12-31": "2220.63900", "2014-09-30": "2293.14800", "2014-06-30": "2380.49100", "2014-03-31": "2401.03400", "2013-12-31": "1668.88600", "2013-09-30": "1657.15800", "2013-06-30": "1616.70300", "2013-03-31": "1621.16400", "2012-12-31": "1603.42900", "2012-09-30": "1557.45300", "2012-06-30": "1576.32300", "2012-03-31": "1592.11300", "2011-12-31": "1602.30800", "2011-09-30": "1578.42300", "2011-06-30": "1592.72500", "2011-03-31": "1136.11300", "2010-12-31": "1261.53600", "2010-09-30": "1608.68700", "2010-06-30": "1673.28200", "2010-03-31": "1937.55500", "2009-12-31": "5480.83200", "2009-09-30": "1619.64200", "2009-06-30": "1636.29100", "2009-03-31": "1665.44000", "2008-12-31": "2649.99200", "2008-09-30": "2448.46200", "2008-06-30": "2431.74200", "2008-03-31": "2434.14100", "2007-12-31": "3408.79000", "2007-09-30": "2567.61100", "2007-06-30": "2382.24500", "2007-03-31": "2497.85300", "2006-12-31": "3118.99400", "2006-09-30": "2244.56800", "2006-06-30": "2229.50000", "2006-03-31": "2209.62400", "2005-12-31": "3106.59700", "2005-09-30": "2112.56300", "2005-06-30": "2063.73200", "2005-03-31": "1952.37600"}, "Total Liabilities": {"2020-09-30": "3270.73100", "2020-06-30": "3161.26800", "2020-03-31": "3220.60900", "2019-12-31": "3208.07100", "2019-09-30": "3205.59400", "2019-06-30": "3197.02000", "2019-03-31": "3214.72500", "2018-12-31": "3168.49200", "2018-09-30": "3111.54400", "2018-06-30": "3132.59400", "2018-03-31": "3059.17000", "2017-12-31": "3069.53700", "2017-09-30": "3133.75100", "2017-06-30": "2926.46100", "2017-03-31": "2903.75100", "2016-12-31": "2904.55000", "2016-09-30": "2930.95600", "2016-06-30": "2909.06300", "2016-03-31": "2511.73100", "2015-12-31": "2624.22600", "2015-09-30": "2613.05900", "2015-06-30": "2500.99200", "2015-03-31": "2445.78800", "2014-12-31": "2502.19500", "2014-09-30": "2538.29400", "2014-06-30": "2648.66600", "2014-03-31": "2675.82500", "2013-12-31": "1958.75800", "2013-09-30": "1933.72900", "2013-06-30": "1874.31500", "2013-03-31": "1875.20900", "2012-12-31": "1859.38200", "2012-09-30": "1814.59300", "2012-06-30": "1789.34600", "2012-03-31": "1827.08100", "2011-12-31": "1873.87900", "2011-09-30": "1853.29700", "2011-06-30": "1858.31100", "2011-03-31": "1404.14800", "2010-12-31": "1689.68400", "2010-09-30": "1908.72100", "2010-06-30": "2013.45900", "2010-03-31": "5342.52100", "2009-12-31": "5662.46200", "2009-09-30": "5006.16300", "2009-06-30": "5005.64500", "2009-03-31": "5213.25000", "2008-12-31": "5422.83900", "2008-09-30": "5838.12100", "2008-06-30": "5895.69400", "2008-03-31": "5781.22300", "2007-12-31": "5663.09600", "2007-09-30": "5801.88200", "2007-06-30": "5493.60900", "2007-03-31": "5212.92500", "2006-12-31": "5022.23200", "2006-09-30": "4867.31600", "2006-06-30": "4704.95200", "2006-03-31": "4415.75100", "2005-12-31": "4592.90800", "2005-09-30": "4462.27400", "2005-06-30": "4238.49000", "2005-03-31": "3870.46300"}, "Common Stock Net": {"2020-09-30": "0.00100", "2020-06-30": "0.00100", "2020-03-31": "0.00100", "2019-12-31": "0.00100", "2019-09-30": "0.00100", "2019-06-30": "0.00100", "2019-03-31": "0.00100", "2018-12-31": "0.00100", "2018-09-30": "0.00100", "2018-06-30": "0.00100", "2018-03-31": "0.00100", "2017-12-31": "0.00100", "2017-09-30": "0.00100", "2017-06-30": "0.00100", "2017-03-31": "0.00100", "2016-12-31": "0.00100", "2016-09-30": "0.00100", "2016-06-30": "0.00100", "2016-03-31": "0.00100", "2015-12-31": "0.00100", "2015-09-30": "0.00100", "2015-06-30": "0.00100", "2015-03-31": "0.00100", "2014-12-31": "0.00100", "2014-09-30": "0.00100", "2014-06-30": "0.00100", "2014-03-31": "0.00100", "2013-12-31": "0.00100", "2013-09-30": "0.00100", "2013-06-30": "0.00100", "2013-03-31": "0.00100", "2012-12-31": "0.00100", "2012-09-30": "0.00100", "2012-06-30": "0.00100", "2012-03-31": "0.00100", "2011-12-31": "0.00100", "2011-09-30": "0.00100", "2011-06-30": "0.00100", "2011-03-31": "0.00100", "2010-12-31": "0.00100", "2010-09-30": "0.00100", "2010-06-30": "0.00100", "2010-03-31": "103.84600", "2009-12-31": "0.00100", "2009-09-30": "93.57900", "2009-06-30": "93.35700", "2009-03-31": "93.19000", "2008-12-31": "92.96300", "2008-09-30": "92.86500", "2008-06-30": "92.59400", "2008-03-31": "92.21200", "2007-12-31": "91.83000", "2007-09-30": "92.11400", "2007-06-30": "95.76000", "2007-03-31": "96.78900", "2006-12-31": "96.48400", "2006-09-30": "95.99900", "2006-06-30": "96.23400", "2006-03-31": "95.79800", "2005-12-31": "95.86000", "2005-09-30": "95.71000", "2005-06-30": "94.97900", "2005-03-31": "94.74800"}, "Retained Earnings (Accumulated Deficit)": {"2020-09-30": "1185.90400", "2020-06-30": "1099.15400", "2020-03-31": "1057.69200", "2019-12-31": "1006.99200", "2019-09-30": "994.67300", "2019-06-30": "971.49000", "2019-03-31": "977.06200", "2018-12-31": "975.37500", "2018-09-30": "962.76500", "2018-06-30": "940.31400", "2018-03-31": "881.79800", "2017-12-31": "877.11100", "2017-09-30": "812.40200", "2017-06-30": "781.64700", "2017-03-31": "740.38700", "2016-12-31": "724.94900", "2016-09-30": "721.36600", "2016-06-30": "686.30100", "2016-03-31": "645.87900", "2015-12-31": "618.39900", "2015-09-30": "581.93400", "2015-06-30": "554.90300", "2015-03-31": "523.06800", "2014-12-31": "492.44100", "2014-09-30": "484.35900", "2014-06-30": "439.02000", "2014-03-31": "423.03000", "2013-12-31": "425.79600", "2013-09-30": "438.87500", "2013-06-30": "395.21300", "2013-03-31": "351.66200", "2012-12-31": "318.09400", "2012-09-30": "303.79500", "2012-06-30": "265.47400", "2012-03-31": "222.81700", "2011-12-31": "209.38900", "2011-09-30": "246.14000", "2011-06-30": "353.33000", "2011-03-31": "321.84600", "2010-12-31": "297.03600", "2010-09-30": "336.15200", "2010-06-30": "433.96900", "2010-03-31": "2223.79200", "2009-12-31": "2217.50500", "2009-09-30": "2200.50100", "2009-06-30": "2166.05400", "2009-03-31": "2115.54400", "2008-12-31": "2099.65400", "2008-09-30": "2185.49000", "2008-06-30": "2214.25700", "2008-03-31": "2215.02400", "2007-12-31": "2205.99400", "2007-09-30": "2291.03600", "2007-06-30": "2264.73600", "2007-03-31": "2351.81600", "2006-12-31": "2297.43200", "2006-09-30": "2210.82800", "2006-06-30": "2137.67900", "2006-03-31": "2165.71800", "2005-12-31": "2078.96900", "2005-09-30": "2013.02500", "2005-06-30": "1881.13400", "2005-03-31": "1758.74000"}, "Comprehensive Income": {"2020-09-30": "-198.43300", "2020-06-30": "-217.06100", "2020-03-31": "-242.17600", "2019-12-31": "-166.78300", "2019-09-30": "-186.68500", "2019-06-30": "-164.88600", "2019-03-31": "-142.76100", "2018-12-31": "-135.74800", "2018-09-30": "-106.61300", "2018-06-30": "-102.89200", "2018-03-31": "-93.38400", "2017-12-31": "-93.69100", "2017-09-30": "-96.51700", "2017-06-30": "-102.53000", "2017-03-31": "-107.44600", "2016-12-31": "-122.41800", "2016-09-30": "-112.42700", "2016-06-30": "-118.14400", "2016-03-31": "-110.83300", "2015-12-31": "-120.11600", "2015-09-30": "-132.05300", "2015-06-30": "-105.24600", "2015-03-31": "-108.03400", "2014-12-31": "-83.78600", "2014-09-30": "-59.89400", "2014-06-30": "-34.25700", "2014-03-31": "-40.60000", "2013-12-31": "-53.58900", "2013-09-30": "-46.64100", "2013-06-30": "-53.98600", "2013-03-31": "-16.05200", "2012-12-31": "-15.51400", "2012-09-30": "-14.67900", "2012-06-30": "-18.94300", "2012-03-31": "-16.18100", "2011-12-31": "-20.31600", "2011-09-30": "-32.38400", "2011-06-30": "-0.66300", "2011-03-31": "1.84600", "2010-12-31": "15.94300", "2010-09-30": "5.71900", "2010-06-30": "0.59000", "2010-03-31": "-158.92200", "2009-12-31": "-167.79800", "2009-09-30": "-193.77600", "2009-06-30": "-221.23600", "2009-03-31": "-297.32400", "2008-12-31": "-296.19500", "2008-09-30": "-167.58900", "2008-06-30": "-118.47600", "2008-03-31": "-100.23200", "2007-12-31": "-75.73300", "2007-09-30": "-156.03100", "2007-06-30": "-168.96000", "2007-03-31": "-170.77000", "2006-12-31": "-175.28400", "2006-09-30": "-124.78700", "2006-06-30": "-132.58600", "2006-03-31": "-128.43800", "2005-12-31": "-125.81600", "2005-09-30": "-85.86400", "2005-06-30": "-83.41200", "2005-03-31": "-87.88100"}, "Other Share Holders Equity": {"2020-09-30": "", "2020-06-30": "", "2020-03-31": "", "2019-12-31": "", "2019-09-30": "", "2019-06-30": "", "2019-03-31": "", "2018-12-31": "", "2018-09-30": "", "2018-06-30": "", "2018-03-31": "", "2017-12-31": "", "2017-09-30": "", "2017-06-30": "", "2017-03-31": "", "2016-12-31": "", "2016-09-30": "", "2016-06-30": "", "2016-03-31": "", "2015-12-31": "", "2015-09-30": "", "2015-06-30": "", "2015-03-31": "", "2014-12-31": "", "2014-09-30": "", "2014-06-30": "", "2014-03-31": "", "2013-12-31": "", "2013-09-30": "", "2013-06-30": "", "2013-03-31": "", "2012-12-31": "", "2012-09-30": "", "2012-06-30": "", "2012-03-31": "", "2011-12-31": "", "2011-09-30": "", "2011-06-30": "", "2011-03-31": "", "2010-12-31": "", "2010-09-30": "", "2010-06-30": "", "2010-03-31": "", "2009-12-31": "", "2009-09-30": "", "2009-06-30": "", "2009-03-31": "", "2008-12-31": "", "2008-09-30": "", "2008-06-30": "", "2008-03-31": "", "2007-12-31": "", "2007-09-30": "", "2007-06-30": "", "2007-03-31": "", "2006-12-31": "", "2006-09-30": "", "2006-06-30": "", "2006-03-31": "", "2005-12-31": "", "2005-09-30": "", "2005-06-30": "", "2005-03-31": ""}, "Share Holder Equity": {"2020-09-30": "1122.73900", "2020-06-30": "1002.12300", "2020-03-31": "926.99800", "2019-12-31": "951.21000", "2019-09-30": "932.86100", "2019-06-30": "953.49200", "2019-03-31": "999.27100", "2018-12-31": "1000.49800", "2018-09-30": "1030.11600", "2018-06-30": "1024.23900", "2018-03-31": "1008.00900", "2017-12-31": "1007.87600", "2017-09-30": "1006.13700", "2017-06-30": "1050.64300", "2017-03-31": "1015.85200", "2016-12-31": "1002.98400", "2016-09-30": "1080.61900", "2016-06-30": "1110.25900", "2016-03-31": "1094.91400", "2015-12-31": "1049.49000", "2015-09-30": "989.51100", "2015-06-30": "1020.35500", "2015-03-31": "1028.18700", "2014-12-31": "1014.16700", "2014-09-30": "1036.62000", "2014-06-30": "1050.10200", "2014-03-31": "1044.19300", "2013-12-31": "1044.37300", "2013-09-30": "1150.96900", "2013-06-30": "1149.64400", "2013-03-31": "1132.98200", "2012-12-31": "1170.94600", "2012-09-30": "1149.83100", "2012-06-30": "1289.57100", "2012-03-31": "1275.79100", "2011-12-31": "1244.82100", "2011-09-30": "1268.80700", "2011-06-30": "1403.44100", "2011-03-31": "1533.72200", "2010-12-31": "1545.14100", "2010-09-30": "1480.02300", "2010-06-30": "1565.21400", "2010-03-31": "3199.73200", "2009-12-31": "3169.25700", "2009-09-30": "3611.19700", "2009-06-30": "3561.07700", "2009-03-31": "3415.68100", "2008-12-31": "3385.23100", "2008-09-30": "2907.84700", "2008-06-30": "2975.78600", "2008-03-31": "2981.73000", "2007-12-31": "2984.82500", "2007-09-30": "2983.75200", "2007-06-30": "3108.62600", "2007-03-31": "3251.73700", "2006-12-31": "3202.05300", "2006-09-30": "3155.74200", "2006-06-30": "3079.74000", "2006-03-31": "3050.47500", "2005-12-31": "3005.73300", "2005-09-30": "2945.82000", "2005-06-30": "2797.82000", "2005-03-31": "2672.73900"}, "Total Liabilities And Share Holders Equity": {"2020-09-30": "4393.47000", "2020-06-30": "4163.39100", "2020-03-31": "4147.60700", "2019-12-31": "4159.28100", "2019-09-30": "4138.45500", "2019-06-30": "4150.51200", "2019-03-31": "4213.99600", "2018-12-31": "4168.99000", "2018-09-30": "4141.66000", "2018-06-30": "4156.83300", "2018-03-31": "4067.17900", "2017-12-31": "4077.41300", "2017-09-30": "4139.88800", "2017-06-30": "3977.10400", "2017-03-31": "3919.60300", "2016-12-31": "3907.53400", "2016-09-30": "4011.57500", "2016-06-30": "4019.32200", "2016-03-31": "3606.64500", "2015-12-31": "3673.71600", "2015-09-30": "3602.57000", "2015-06-30": "3521.34700", "2015-03-31": "3473.97500", "2014-12-31": "3516.36200", "2014-09-30": "3574.91400", "2014-06-30": "3698.76800", "2014-03-31": "3720.01800", "2013-12-31": "3003.13100", "2013-09-30": "3084.69800", "2013-06-30": "3023.95900", "2013-03-31": "3008.19100", "2012-12-31": "3030.32800", "2012-09-30": "2964.42400", "2012-06-30": "3078.91700", "2012-03-31": "3102.87200", "2011-12-31": "3118.70000", "2011-09-30": "3122.10400", "2011-06-30": "3261.75200", "2011-03-31": "2937.87000", "2010-12-31": "3234.82500", "2010-09-30": "3388.74400", "2010-06-30": "3578.67300", "2010-03-31": "8542.25300", "2009-12-31": "8831.71900", "2009-09-30": "8617.36000", "2009-06-30": "8566.72200", "2009-03-31": "8628.93100", "2008-12-31": "8808.07000", "2008-09-30": "8745.96800", "2008-06-30": "8871.48000", "2008-03-31": "8762.95300", "2007-12-31": "8647.92100", "2007-09-30": "8785.63400", "2007-06-30": "8602.23500", "2007-03-31": "8464.66200", "2006-12-31": "8224.28500", "2006-09-30": "8023.05800", "2006-06-30": "7784.69200", "2006-03-31": "7466.22600", "2005-12-31": "7598.64100", "2005-09-30": "7408.09400", "2005-06-30": "7036.31000", "2005-03-31": "6543.20200"}}, "cash flow statement": {"Net Income/Loss": {"2019-12-31": "49.38000", "2018-12-31": "121.86400", "2017-12-31": "152.16200", "2016-12-31": "106.55000", "2015-12-31": "128.99600", "2014-12-31": "74.46700", "2013-12-31": "107.67500", "2012-12-31": "111.64800", "2011-12-31": "-73.62900", "2010-12-31": "-18.63000", "2009-12-31": "254.27700", "2008-12-31": "16.84200", "2007-12-31": "108.37400", "2006-12-31": "287.67600", "2005-12-31": "480.38000"}, "Total Depreciation And Amortization - Cash Flow": {"2019-12-31": "208.19400", "2018-12-31": "197.43000", "2017-12-31": "183.45600", "2016-12-31": "178.36300", "2015-12-31": "156.63600", "2014-12-31": "150.43200", "2013-12-31": "126.33200", "2012-12-31": "117.10800", "2011-12-31": "108.06300", "2010-12-31": "94.88100", "2009-12-31": "114.37400", "2008-12-31": "136.64600", "2007-12-31": "232.33900", "2006-12-31": "206.92500", "2005-12-31": "157.43900"}, "Other Non-Cash Items": {"2019-12-31": "108.41200", "2018-12-31": "66.37600", "2017-12-31": "21.69200", "2016-12-31": "130.66700", "2015-12-31": "19.64900", "2014-12-31": "23.11800", "2013-12-31": "66.44500", "2012-12-31": "64.76400", "2011-12-31": "46.37700", "2010-12-31": "141.30700", "2009-12-31": "229.17900", "2008-12-31": "237.88100", "2007-12-31": "814.54990", "2006-12-31": "711.84800", "2005-12-31": "454.83200"}, "Total Non-Cash Items": {"2019-12-31": "316.60600", "2018-12-31": "263.80600", "2017-12-31": "205.14800", "2016-12-31": "309.03000", "2015-12-31": "176.28500", "2014-12-31": "173.55000", "2013-12-31": "192.77700", "2012-12-31": "181.87200", "2011-12-31": "154.44000", "2010-12-31": "236.18800", "2009-12-31": "343.55300", "2008-12-31": "374.52700", "2007-12-31": "1046.88900", "2006-12-31": "918.77310", "2005-12-31": "612.27090"}, "Change In Accounts Receivable": {"2019-12-31": "-37.05100", "2018-12-31": "21.09300", "2017-12-31": "15.52200", "2016-12-31": "-24.39100", "2015-12-31": "-15.40000", "2014-12-31": "13.15100", "2013-12-31": "24.55300", "2012-12-31": "-35.03200", "2011-12-31": "-8.24200", "2010-12-31": "-10.01100", "2009-12-31": "32.71100", "2008-12-31": "-51.64000", "2007-12-31": "-475.21000", "2006-12-31": "-436.08400", "2005-12-31": "-380.63500"}, "Change In Inventories": {"2019-12-31": "", "2018-12-31": "", "2017-12-31": "", "2016-12-31": "", "2015-12-31": "", "2014-12-31": "", "2013-12-31": "", "2012-12-31": "", "2011-12-31": "", "2010-12-31": "", "2009-12-31": "", "2008-12-31": "", "2007-12-31": "", "2006-12-31": "", "2005-12-31": ""}, "Change In Accounts Payable": {"2019-12-31": "0.29600", "2018-12-31": "-17.95700", "2017-12-31": "-44.62900", "2016-12-31": "-29.26700", "2015-12-31": "-45.28900", "2014-12-31": "-5.00000", "2013-12-31": "-9.33000", "2012-12-31": "61.07300", "2011-12-31": "-31.14300", "2010-12-31": "0.09500", "2009-12-31": "-0.60500", "2008-12-31": "11.68500", "2007-12-31": "32.30800", "2006-12-31": "-78.24300", "2005-12-31": "27.82300"}, "Change In Assets/Liabilities": {"2019-12-31": "12.77600", "2018-12-31": "-32.55100", "2017-12-31": "57.70400", "2016-12-31": "22.88300", "2015-12-31": "116.71600", "2014-12-31": "77.08800", "2013-12-31": "65.68800", "2012-12-31": "59.29100", "2011-12-31": "41.38700", "2010-12-31": "54.31800", "2009-12-31": "17.76800", "2008-12-31": "7.22000", "2007-12-31": "42.72700", "2006-12-31": "-37.08500", "2005-12-31": "32.09700"}, "Total Change In Assets/Liabilities": {"2019-12-31": "-1.77000", "2018-12-31": "-30.55700", "2017-12-31": "28.55400", "2016-12-31": "-2.03500", "2015-12-31": "23.25600", "2014-12-31": "73.85900", "2013-12-31": "53.36800", "2012-12-31": "69.62500", "2011-12-31": "82.18500", "2010-12-31": "-11.36400", "2009-12-31": "-38.91100", "2008-12-31": "-93.27700", "2007-12-31": "-495.65400", "2006-12-31": "-594.30600", "2005-12-31": "-167.44200"}, "Cash Flow From Operating Activities": {"2019-12-31": "364.21600", "2018-12-31": "355.11300", "2017-12-31": "385.86400", "2016-12-31": "413.54500", "2015-12-31": "328.53700", "2014-12-31": "321.87600", "2013-12-31": "353.82000", "2012-12-31": "363.14500", "2011-12-31": "162.99600", "2010-12-31": "206.19400", "2009-12-31": "558.91900", "2008-12-31": "298.09200", "2007-12-31": "659.60900", "2006-12-31": "612.14300", "2005-12-31": "925.20900"}, "Net Change In Property, Plant, And Equipment": {"2019-12-31": "-91.56900", "2018-12-31": "-62.09700", "2017-12-31": "-40.17300", "2016-12-31": "-45.18000", "2015-12-31": "-44.01200", "2014-12-31": "-38.08800", "2013-12-31": "-68.74500", "2012-12-31": "-49.68200", "2011-12-31": "-16.11100", "2010-12-31": "-52.61000", "2009-12-31": "-31.88700", "2008-12-31": "-43.10000", "2007-12-31": "-171.40900", "2006-12-31": "-214.43200", "2005-12-31": "-189.80100"}, "Net Change In Intangible Assets": {"2019-12-31": "-40.01900", "2018-12-31": "-35.07500", "2017-12-31": "-34.99000", "2016-12-31": "-35.50700", "2015-12-31": "-36.40900", "2014-12-31": "-35.12900", "2013-12-31": "-37.84100", "2012-12-31": "-32.18900", "2011-12-31": "-27.00900", "2010-12-31": "-24.81400", "2009-12-31": "-25.50600", "2008-12-31": "-34.81000", "2007-12-31": "-25.31900", "2006-12-31": "-23.30100", "2005-12-31": "-21.21600"}, "Net Acquisitions/Divestitures": {"2019-12-31": "-9.17400", "2018-12-31": "-216.41000", "2017-12-31": "-188.85400", "2016-12-31": "-414.96400", "2015-12-31": "-194.49100", "2014-12-31": "-669.50490", "2013-12-31": "-89.78600", "2012-12-31": "-68.35400", "2011-12-31": "-186.16100", "2010-12-31": "255.77200", "2009-12-31": "-59.66400", "2008-12-31": "-2.01600", "2007-12-31": "-239.54300", "2006-12-31": "-261.58900", "2005-12-31": "-378.62000"}, "Net Change In Short-term Investments": {"2019-12-31": "", "2018-12-31": "", "2017-12-31": "", "2016-12-31": "21.81900", "2015-12-31": "", "2014-12-31": "", "2013-12-31": "", "2012-12-31": "", "2011-12-31": "", "2010-12-31": "-12.75400", "2009-12-31": "0.00000", "2008-12-31": "0.00000", "2007-12-31": "-64.22400", "2006-12-31": "-0.54900", "2005-12-31": "60.59100"}, "Net Change In Long-Term Investments": {"2019-12-31": "4.93300", "2018-12-31": "4.71600", "2017-12-31": "-4.90000", "2016-12-31": "-0.91500", "2015-12-31": "-3.74800", "2014-12-31": "", "2013-12-31": "-2.35100", "2012-12-31": "8.00000", "2011-12-31": "48.22300", "2010-12-31": "-0.52700", "2009-12-31": "7.10300", "2008-12-31": "-6.79100", "2007-12-31": "-206.83900", "2006-12-31": "-89.13100", "2005-12-31": "-377.43100"}, "Net Change In Investments - Total": {"2019-12-31": "4.93300", "2018-12-31": "4.71600", "2017-12-31": "-4.90000", "2016-12-31": "20.90400", "2015-12-31": "-3.74800", "2014-12-31": "", "2013-12-31": "-2.35100", "2012-12-31": "8.00000", "2011-12-31": "48.22300", "2010-12-31": "-13.28100", "2009-12-31": "7.10300", "2008-12-31": "-6.79100", "2007-12-31": "-271.06300", "2006-12-31": "-89.68000", "2005-12-31": "-316.84000"}, "Investing Activities - Other": {"2019-12-31": "", "2018-12-31": "", "2017-12-31": "", "2016-12-31": "", "2015-12-31": "1.43400", "2014-12-31": "1.22600", "2013-12-31": "11.93000", "2012-12-31": "-5.11700", "2011-12-31": "-6.61500", "2010-12-31": "-103.82400", "2009-12-31": "-4.12400", "2008-12-31": "-858.05500", "2007-12-31": "218.93900", "2006-12-31": "-56.71300", "2005-12-31": "35.80800"}, "Cash Flow From Investing Activities": {"2019-12-31": "-135.82900", "2018-12-31": "-308.86600", "2017-12-31": "-268.91700", "2016-12-31": "-474.74700", "2015-12-31": "-277.22600", "2014-12-31": "-741.49600", "2013-12-31": "-186.79300", "2012-12-31": "-147.34200", "2011-12-31": "-187.67300", "2010-12-31": "61.24300", "2009-12-31": "-114.07800", "2008-12-31": "-944.77200", "2007-12-31": "-488.39500", "2006-12-31": "-645.71500", "2005-12-31": "-870.66900"}, "Net Long-Term Debt": {"2019-12-31": "-113.95500", "2018-12-31": "18.05500", "2017-12-31": "152.71000", "2016-12-31": "235.74600", "2015-12-31": "31.48400", "2014-12-31": "490.01100", "2013-12-31": "46.98100", "2012-12-31": "-116.71500", "2011-12-31": "124.74700", "2010-12-31": "129.88100", "2009-12-31": "-51.40600", "2008-12-31": "-24.24000", "2007-12-31": "31.13500", "2006-12-31": "-94.99700", "2005-12-31": "-14.87400"}, "Net Current Debt": {"2019-12-31": "", "2018-12-31": "", "2017-12-31": "", "2016-12-31": "", "2015-12-31": "", "2014-12-31": "", "2013-12-31": "", "2012-12-31": "", "2011-12-31": "", "2010-12-31": "", "2009-12-31": "", "2008-12-31": "", "2007-12-31": "-62.64100", "2006-12-31": "113.15100", "2005-12-31": "293.74600"}, "Debt Issuance/Retirement Net - Total": {"2019-12-31": "-113.95500", "2018-12-31": "18.05500", "2017-12-31": "152.71000", "2016-12-31": "235.74600", "2015-12-31": "31.48400", "2014-12-31": "490.01100", "2013-12-31": "46.98100", "2012-12-31": "-116.71500", "2011-12-31": "124.74700", "2010-12-31": "129.88100", "2009-12-31": "-51.40600", "2008-12-31": "-24.24000", "2007-12-31": "-31.50600", "2006-12-31": "18.15400", "2005-12-31": "278.87200"}, "Net Common Equity Issued/Repurchased": {"2019-12-31": "-76.52600", "2018-12-31": "-87.92300", "2017-12-31": "-197.82100", "2016-12-31": "-180.09600", "2015-12-31": "-74.86100", "2014-12-31": "-76.26200", "2013-12-31": "-212.92900", "2012-12-31": "-213.13200", "2011-12-31": "-173.42500", "2010-12-31": "-18.49700", "2009-12-31": "12.60100", "2008-12-31": "20.75300", "2007-12-31": "-255.19500", "2006-12-31": "-35.05500", "2005-12-31": "6.06200"}, "Net Total Equity Issued/Repurchased": {"2019-12-31": "-76.52600", "2018-12-31": "-87.92300", "2017-12-31": "-197.82100", "2016-12-31": "-180.09600", "2015-12-31": "-74.86100", "2014-12-31": "-76.26200", "2013-12-31": "-212.92900", "2012-12-31": "-213.13200", "2011-12-31": "-173.42500", "2010-12-31": "-18.49700", "2009-12-31": "12.60100", "2008-12-31": "20.75300", "2007-12-31": "-255.19500", "2006-12-31": "-35.05500", "2005-12-31": "6.06200"}, "Total Common And Preferred Stock Dividends Paid": {"2019-12-31": "", "2018-12-31": "", "2017-12-31": "", "2016-12-31": "", "2015-12-31": "", "2014-12-31": "", "2013-12-31": "", "2012-12-31": "", "2011-12-31": "", "2010-12-31": "-22.65700", "2009-12-31": "-82.05400", "2008-12-31": "-81.29100", "2007-12-31": "-79.99200", "2006-12-31": "-69.09300", "2005-12-31": "-64.90000"}, "Financial Activities - Other": {"2019-12-31": "-20.68400", "2018-12-31": "-12.85800", "2017-12-31": "-28.33700", "2016-12-31": "-14.50600", "2015-12-31": "-15.16900", "2014-12-31": "-23.23100", "2013-12-31": "-13.95500", "2012-12-31": "-2.62000", "2011-12-31": "-101.26000", "2010-12-31": "-400.59000", "2009-12-31": "-229.03300", "2008-12-31": "504.25200", "2007-12-31": "-46.83600", "2006-12-31": "-36.69400", "2005-12-31": "-50.07300"}, "Cash Flow From Financial Activities": {"2019-12-31": "-211.16500", "2018-12-31": "-82.72600", "2017-12-31": "-73.44800", "2016-12-31": "41.14400", "2015-12-31": "-58.54600", "2014-12-31": "390.51800", "2013-12-31": "-179.90300", "2012-12-31": "-332.46700", "2011-12-31": "-149.93800", "2010-12-31": "-311.86300", "2009-12-31": "-349.89200", "2008-12-31": "419.47400", "2007-12-31": "-413.52900", "2006-12-31": "-122.68800", "2005-12-31": "169.96100"}, "Net Cash Flow": {"2019-12-31": "17.45200", "2018-12-31": "-33.90400", "2017-12-31": "42.17400", "2016-12-31": "-20.05600", "2015-12-31": "-5.58600", "2014-12-31": "-29.74200", "2013-12-31": "-15.14900", "2012-12-31": "-108.54800", "2011-12-31": "-159.67200", "2010-12-31": "-33.30700", "2009-12-31": "176.40000", "2008-12-31": "-44.38800", "2007-12-31": "-242.31500", "2006-12-31": "-156.26000", "2005-12-31": "224.50100"}, "Stock-Based Compensation": {"2019-12-31": "36.29200", "2018-12-31": "37.19600", "2017-12-31": "35.86700", "2016-12-31": "39.84900", "2015-12-31": "35.78600", "2014-12-31": "25.37900", "2013-12-31": "26.90100", "2012-12-31": "20.75200", "2011-12-31": "11.20900", "2010-12-31": "13.96900", "2009-12-31": "25.63700", "2008-12-31": "16.03900", "2007-12-31": "43.40700", "2006-12-31": "25.65400", "2005-12-31": "2.14400"}, "Common Stock Dividends Paid": {"2019-12-31": "", "2018-12-31": "", "2017-12-31": "", "2016-12-31": "", "2015-12-31": "", "2014-12-31": "", "2013-12-31": "", "2012-12-31": "", "2011-12-31": "", "2010-12-31": "-22.65700", "2009-12-31": "-82.05400", "2008-12-31": "-81.29100", "2007-12-31": "-79.99200", "2006-12-31": "-69.09300", "2005-12-31": "-64.90000"}}, "cash flow statement, quarterly": {"Net Income/Loss": {"2020-09-30": 113.145, "2020-06-30": 59.005, "2020-03-31": "33.81900", "2019-12-31": 30.082, "2019-09-30": 23.183, "2019-06-30": -5.572, "2019-03-31": "1.68700", "2018-12-31": 12.61, "2018-09-30": 22.451, "2018-06-30": 58.516, "2018-03-31": "28.28700", "2017-12-31": 64.709, "2017-09-30": 30.755, "2017-06-30": 41.26, "2017-03-31": "15.43800", "2016-12-31": 3.583, "2016-09-30": 35.065, "2016-06-30": 40.422, "2016-03-31": "27.48000", "2015-12-31": 38.035, "2015-09-30": 28.528, "2015-06-30": 33.046, "2015-03-31": "29.38700", "2014-12-31": 15.03, "2014-09-30": 45.744, "2014-06-30": 16.221, "2014-03-31": "-2.52800", "2013-12-31": -13.125, "2013-09-30": 43.707, "2013-06-30": 43.551, "2013-03-31": "33.54200", "2012-12-31": 14.249, "2012-09-30": 38.27, "2012-06-30": 42.592, "2012-03-31": "16.53700", "2011-12-31": -22.321, "2011-09-30": -107.113, "2011-06-30": 31.732, "2011-03-31": "24.07300", "2010-12-31": -7.671, "2010-09-30": -83.042, "2010-06-30": 33.444, "2010-03-31": "38.63900", "2009-12-31": 43.457, "2009-09-30": 69.194, "2009-06-30": 86.668, "2009-03-31": "54.95800", "2008-12-31": -69.204, "2008-09-30": 1.856, "2008-06-30": 36.733, "2008-03-31": "47.45700", "2007-12-31": 43.994, "2007-09-30": 46.589, "2007-06-30": -65.996, "2007-03-31": "83.78700", "2006-12-31": 103.971, "2006-09-30": 90.429, "2006-06-30": 25.476, "2006-03-31": "67.80000", "2005-12-31": 116.552, "2005-09-30": 147.992, "2005-06-30": 136.674, "2005-03-31": "79.16200"}, "Total Depreciation And Amortization - Cash Flow": {"2020-09-30": 42.095, "2020-06-30": 51.587, "2020-03-31": "51.73400", "2019-12-31": 59.916, "2019-09-30": 41.447, "2019-06-30": 52.274, "2019-03-31": "54.55700", "2018-12-31": 51.379, "2018-09-30": 49.82, "2018-06-30": 48.715, "2018-03-31": "47.51600", "2017-12-31": 47.525, "2017-09-30": 46.718, "2017-06-30": 44.301, "2017-03-31": "44.91200", "2016-12-31": 46.597, "2016-09-30": 45.865, "2016-06-30": 44.772, "2016-03-31": "41.12900", "2015-12-31": 42.011, "2015-09-30": 37.947, "2015-06-30": 39.234, "2015-03-31": "37.44400", "2014-12-31": 49.796, "2014-09-30": 35.764, "2014-06-30": 35.366, "2014-03-31": "29.50600", "2013-12-31": 29.635, "2013-09-30": 28.402, "2013-06-30": 34.154, "2013-03-31": "34.14100", "2012-12-31": 23.674, "2012-09-30": 33.037, "2012-06-30": 30.906, "2012-03-31": "29.49100", "2011-12-31": 23.903, "2011-09-30": 34.845, "2011-06-30": 26.278, "2011-03-31": "23.03700", "2010-12-31": 22.683, "2010-09-30": 18.595, "2010-06-30": 27.632, "2010-03-31": "25.97100", "2009-12-31": 5.05, "2009-09-30": 44.979, "2009-06-30": 12.343, "2009-03-31": "52.00200", "2008-12-31": -40.573, "2008-09-30": 59.993, "2008-06-30": 59.703, "2008-03-31": "57.52300", "2007-12-31": 59.671, "2007-09-30": 54.979, "2007-06-30": 63.604, "2007-03-31": "54.08500", "2006-12-31": 56.411, "2006-09-30": 51.856, "2006-06-30": 50.525, "2006-03-31": "48.13300", "2005-12-31": 46.441, "2005-09-30": 38.049, "2005-06-30": 37.202, "2005-03-31": "35.74700"}, "Other Non-Cash Items": {"2020-09-30": -4.987, "2020-06-30": 12.995, "2020-03-31": "16.07900", "2019-12-31": 0.598, "2019-09-30": 25.74, "2019-06-30": 64.314, "2019-03-31": "17.76000", "2018-12-31": 23.209, "2018-09-30": 21.13, "2018-06-30": 4.58, "2018-03-31": "17.45700", "2017-12-31": -21.543, "2017-09-30": 3.117, "2017-06-30": 18.249, "2017-03-31": "21.86900", "2016-12-31": 64.026, "2016-09-30": 35.375, "2016-06-30": 14.262, "2016-03-31": "17.00400", "2015-12-31": 10.566, "2015-09-30": 4.385, "2015-06-30": 0.925, "2015-03-31": "3.77300", "2014-12-31": -5.351, "2014-09-30": -5.168, "2014-06-30": 20.702, "2014-03-31": "12.93500", "2013-12-31": 53.778, "2013-09-30": -10.657, "2013-06-30": 12.349, "2013-03-31": "10.97500", "2012-12-31": 32.919, "2012-09-30": 10.644, "2012-06-30": 10.393, "2012-03-31": "10.80800", "2011-12-31": 15.285, "2011-09-30": 68.498, "2011-06-30": -22.257, "2011-03-31": "-15.14900", "2010-12-31": 75.02, "2010-09-30": 105.759, "2010-06-30": 37.648, "2010-03-31": "-77.12000", "2009-12-31": 147.87, "2009-09-30": 42.335, "2009-06-30": -39.567, "2009-03-31": "78.54100", "2008-12-31": -185.009, "2008-09-30": 168.623, "2008-06-30": 148.816, "2008-03-31": "105.45100", "2007-12-31": 93.8909, "2007-09-30": 165.589, "2007-06-30": 432.548, "2007-03-31": "122.52200", "2006-12-31": 106.927, "2006-09-30": 160.137, "2006-06-30": 302.735, "2006-03-31": "142.04900", "2005-12-31": 77.729, "2005-09-30": 144.946, "2005-06-30": 122.262, "2005-03-31": "109.89500"}, "Total Non-Cash Items": {"2020-09-30": 37.108, "2020-06-30": 64.582, "2020-03-31": "67.81300", "2019-12-31": 60.514, "2019-09-30": 67.187, "2019-06-30": 116.588, "2019-03-31": "72.31700", "2018-12-31": 74.588, "2018-09-30": 70.95, "2018-06-30": 53.295, "2018-03-31": "64.97300", "2017-12-31": 25.982, "2017-09-30": 49.835, "2017-06-30": 62.55, "2017-03-31": "66.78100", "2016-12-31": 110.623, "2016-09-30": 81.24, "2016-06-30": 59.034, "2016-03-31": "58.13300", "2015-12-31": 52.577, "2015-09-30": 42.332, "2015-06-30": 40.159, "2015-03-31": "41.21700", "2014-12-31": 44.445, "2014-09-30": 30.596, "2014-06-30": 56.068, "2014-03-31": "42.44100", "2013-12-31": 83.413, "2013-09-30": 17.745, "2013-06-30": 46.503, "2013-03-31": "45.11600", "2012-12-31": 56.593, "2012-09-30": 43.681, "2012-06-30": 41.299, "2012-03-31": "40.29900", "2011-12-31": 39.188, "2011-09-30": 103.343, "2011-06-30": 4.021, "2011-03-31": "7.88800", "2010-12-31": 97.703, "2010-09-30": 124.354, "2010-06-30": 65.28, "2010-03-31": "-51.14900", "2009-12-31": 152.92, "2009-09-30": 87.314, "2009-06-30": -27.224, "2009-03-31": "130.54300", "2008-12-31": -225.582, "2008-09-30": 228.616, "2008-06-30": 208.519, "2008-03-31": "162.97400", "2007-12-31": 153.562, "2007-09-30": 220.568, "2007-06-30": 496.152, "2007-03-31": "176.60700", "2006-12-31": 163.3381, "2006-09-30": 211.993, "2006-06-30": 353.26, "2006-03-31": "190.18200", "2005-12-31": 124.1699, "2005-09-30": 182.995, "2005-06-30": 159.464, "2005-03-31": "145.64200"}, "Change In Accounts Receivable": {"2020-09-30": -23.614, "2020-06-30": -5.534, "2020-03-31": "-4.01100", "2019-12-31": -13.833, "2019-09-30": 15.627, "2019-06-30": -33.356, "2019-03-31": "-5.48900", "2018-12-31": 18.474, "2018-09-30": 2.36, "2018-06-30": -12.486, "2018-03-31": "12.74500", "2017-12-31": 21.177, "2017-09-30": -3.585, "2017-06-30": -13.022, "2017-03-31": "10.95200", "2016-12-31": 12.346, "2016-09-30": -16.264, "2016-06-30": -15.706, "2016-03-31": "-4.76700", "2015-12-31": 8.17, "2015-09-30": 29.222, "2015-06-30": -40.722, "2015-03-31": "-12.07000", "2014-12-31": 6.636, "2014-09-30": -1.188, "2014-06-30": -4.065, "2014-03-31": "11.76800", "2013-12-31": 43.371, "2013-09-30": -7.494, "2013-06-30": -5.062, "2013-03-31": "-6.26200", "2012-12-31": 11.326, "2012-09-30": -20.171, "2012-06-30": -17.794, "2012-03-31": "-8.39300", "2011-12-31": 9.161, "2011-09-30": -26.131, "2011-06-30": 2.382, "2011-03-31": "6.34600", "2010-12-31": 8.784, "2010-09-30": -12.904, "2010-06-30": -8.723, "2010-03-31": "2.83200", "2009-12-31": 10.367, "2009-09-30": 19.318, "2009-06-30": 81.843, "2009-03-31": "-78.81700", "2008-12-31": 349.786, "2008-09-30": -93.467, "2008-06-30": -106.606, "2008-03-31": "-201.35300", "2007-12-31": -43.163, "2007-09-30": -145.477, "2007-06-30": -154.701, "2007-03-31": "-131.86900", "2006-12-31": -167.152, "2006-09-30": -11.34, "2006-06-30": -158.516, "2006-03-31": "-99.07600", "2005-12-31": -43.579, "2005-09-30": -77.139, "2005-06-30": -150.173, "2005-03-31": "-109.74400"}, "Change In Inventories": {"2020-09-30": 0, "2020-06-30": 0, "2020-03-31": "", "2019-12-31": 0, "2019-09-30": 0, "2019-06-30": 0, "2019-03-31": "", "2018-12-31": 0, "2018-09-30": 0, "2018-06-30": 0, "2018-03-31": "", "2017-12-31": 0, "2017-09-30": 0, "2017-06-30": 0, "2017-03-31": "", "2016-12-31": 0, "2016-09-30": 0, "2016-06-30": 0, "2016-03-31": "", "2015-12-31": 0, "2015-09-30": 0, "2015-06-30": 0, "2015-03-31": "", "2014-12-31": 0, "2014-09-30": 0, "2014-06-30": 0, "2014-03-31": "", "2013-12-31": 0, "2013-09-30": 0, "2013-06-30": 0, "2013-03-31": "", "2012-12-31": 0, "2012-09-30": 0, "2012-06-30": 0, "2012-03-31": "", "2011-12-31": 0, "2011-09-30": 0, "2011-06-30": 0, "2011-03-31": "", "2010-12-31": 0, "2010-09-30": 0, "2010-06-30": 0, "2010-03-31": "", "2009-12-31": 0, "2009-09-30": 0, "2009-06-30": 0, "2009-03-31": "", "2008-12-31": 0, "2008-09-30": 0, "2008-06-30": 0, "2008-03-31": "", "2007-12-31": 0, "2007-09-30": 0, "2007-06-30": 0, "2007-03-31": "", "2006-12-31": 0, "2006-09-30": 0, "2006-06-30": 0, "2006-03-31": "", "2005-12-31": 0, "2005-09-30": 0, "2005-06-30": 0, "2005-03-31": ""}, "Change In Accounts Payable": {"2020-09-30": 49.958, "2020-06-30": 13.001, "2020-03-31": "-8.11200", "2019-12-31": 20.19, "2019-09-30": 5.068, "2019-06-30": -17.297, "2019-03-31": "-7.66500", "2018-12-31": 4.08, "2018-09-30": 5.197, "2018-06-30": -32.221, "2018-03-31": "4.98700", "2017-12-31": -3.948, "2017-09-30": 33.69, "2017-06-30": -63.104, "2017-03-31": "-11.26700", "2016-12-31": -25.874, "2016-09-30": 18.227, "2016-06-30": -5.628, "2016-03-31": "-15.99200", "2015-12-31": -36.897, "2015-09-30": 8.19, "2015-06-30": 2.988, "2015-03-31": "-19.57000", "2014-12-31": 45.357, "2014-09-30": -20.043, "2014-06-30": 1.95, "2014-03-31": "-32.26400", "2013-12-31": 5.856, "2013-09-30": 17.677, "2013-06-30": -10.682, "2013-03-31": "-22.18100", "2012-12-31": 29.348, "2012-09-30": 29.468, "2012-06-30": 13.161, "2012-03-31": "-10.90400", "2011-12-31": -14.265, "2011-09-30": -4.889, "2011-06-30": -10.205, "2011-03-31": "-1.78400", "2010-12-31": 2.767, "2010-09-30": 49.195, "2010-06-30": -30.038, "2010-03-31": "-21.82900", "2009-12-31": 43.999, "2009-09-30": 86.503, "2009-06-30": -21.503, "2009-03-31": "-109.60400", "2008-12-31": 120.217, "2008-09-30": 13.095, "2008-06-30": -41.373, "2008-03-31": "-80.25400", "2007-12-31": -122.847, "2007-09-30": 103.707, "2007-06-30": 201.829, "2007-03-31": "-150.38100", "2006-12-31": 65.904, "2006-09-30": -8.947, "2006-06-30": 66.717, "2006-03-31": "-201.91700", "2005-12-31": -28.866, "2005-09-30": 64.701, "2005-06-30": 84.93, "2005-03-31": "-92.94200"}, "Change In Assets/Liabilities": {"2020-09-30": 24.289, "2020-06-30": 12.042, "2020-03-31": "18.42600", "2019-12-31": 29.2, "2019-09-30": 0.085, "2019-06-30": -9.274, "2019-03-31": "-7.23500", "2018-12-31": -5.797, "2018-09-30": -6.773, "2018-06-30": -9.681, "2018-03-31": "-10.30000", "2017-12-31": 6.29, "2017-09-30": 7.446, "2017-06-30": 27.926, "2017-03-31": "16.04200", "2016-12-31": 0.302, "2016-09-30": 19.774, "2016-06-30": -9.33, "2016-03-31": "12.13700", "2015-12-31": 49.415, "2015-09-30": 12.626, "2015-06-30": 51.046, "2015-03-31": "3.62900", "2014-12-31": 62.003, "2014-09-30": 13.866, "2014-06-30": -3.873, "2014-03-31": "5.09200", "2013-12-31": 11.402, "2013-09-30": 25.491, "2013-06-30": 14.073, "2013-03-31": "14.72200", "2012-12-31": 23.546, "2012-09-30": 7.139, "2012-06-30": 20.6, "2012-03-31": "8.00600", "2011-12-31": 76.088, "2011-09-30": -4.355, "2011-06-30": 5.478, "2011-03-31": "-35.82400", "2010-12-31": 65.05, "2010-09-30": 5.243, "2010-06-30": 0.271, "2010-03-31": "-16.24600", "2009-12-31": 14.184, "2009-09-30": -44.191, "2009-06-30": 77.429, "2009-03-31": "-29.65400", "2008-12-31": 42.585, "2008-09-30": -11.211, "2008-06-30": -4.523, "2008-03-31": "-19.63100", "2007-12-31": 83.245, "2007-09-30": 27.385, "2007-06-30": -60.546, "2007-03-31": "-7.35700", "2006-12-31": 28.362, "2006-09-30": 14.134, "2006-06-30": -31.965, "2006-03-31": "-47.61600", "2005-12-31": 117.402, "2005-09-30": -42.141, "2005-06-30": -32.815, "2005-03-31": "-10.34900"}, "Total Change In Assets/Liabilities": {"2020-09-30": 25.711, "2020-06-30": 6.686, "2020-03-31": "11.23300", "2019-12-31": 26.527, "2019-09-30": 36.129, "2019-06-30": -55.003, "2019-03-31": "-9.42300", "2018-12-31": 15.615, "2018-09-30": 10.488, "2018-06-30": -63.61, "2018-03-31": "6.95000", "2017-12-31": 22.832, "2017-09-30": 51.64, "2017-06-30": -59.352, "2017-03-31": "13.43400", "2016-12-31": -17.467, "2016-09-30": 27.257, "2016-06-30": -12.939, "2016-03-31": "1.11400", "2015-12-31": -14.155, "2015-09-30": 55.465, "2015-06-30": 12.316, "2015-03-31": "-30.37000", "2014-12-31": 53.762, "2014-09-30": -3.234, "2014-06-30": 46.591, "2014-03-31": "-23.26000", "2013-12-31": 22.442, "2013-09-30": 34.44, "2013-06-30": -15.931, "2013-03-31": "12.41700", "2012-12-31": 23.83, "2012-09-30": -6.035, "2012-06-30": 43.634, "2012-03-31": "8.19600", "2011-12-31": 90.304, "2011-09-30": 18.134, "2011-06-30": -16.925, "2011-03-31": "-9.32800", "2010-12-31": 17.886, "2010-09-30": 46.064, "2010-06-30": -81.28, "2010-03-31": "5.96600", "2009-12-31": -27.197, "2009-09-30": 22.252, "2009-06-30": 169.822, "2009-03-31": "-203.78800", "2008-12-31": 560.624, "2008-09-30": -115.096, "2008-06-30": -174.1, "2008-03-31": "-364.70500", "2007-12-31": 4.543, "2007-09-30": -21.445, "2007-06-30": -231.834, "2007-03-31": "-246.91800", "2006-12-31": -74.774, "2006-09-30": 9.603, "2006-06-30": -210.848, "2006-03-31": "-318.28700", "2005-12-31": 44.316, "2005-09-30": -20.756, "2005-06-30": -22.664, "2005-03-31": "-168.33800"}, "Cash Flow From Operating Activities": {"2020-09-30": 175.964, "2020-06-30": 130.273, "2020-03-31": "112.86500", "2019-12-31": 117.123, "2019-09-30": 126.499, "2019-06-30": 56.013, "2019-03-31": "64.58100", "2018-12-31": 102.813, "2018-09-30": 103.889, "2018-06-30": 48.201, "2018-03-31": "100.21000", "2017-12-31": 113.523, "2017-09-30": 132.23, "2017-06-30": 44.458, "2017-03-31": "95.65300", "2016-12-31": 96.739, "2016-09-30": 143.562, "2016-06-30": 86.517, "2016-03-31": "86.72700", "2015-12-31": 76.457, "2015-09-30": 126.325, "2015-06-30": 85.521, "2015-03-31": "40.23400", "2014-12-31": 113.237, "2014-09-30": 73.106, "2014-06-30": 118.88, "2014-03-31": "16.65300", "2013-12-31": 92.73, "2013-09-30": 95.892, "2013-06-30": 74.123, "2013-03-31": "91.07500", "2012-12-31": 94.672, "2012-09-30": 75.916, "2012-06-30": 127.525, "2012-03-31": "65.03200", "2011-12-31": 107.171, "2011-09-30": 14.364, "2011-06-30": 18.828, "2011-03-31": "22.63300", "2010-12-31": 107.918, "2010-09-30": 87.376, "2010-06-30": 17.444, "2010-03-31": "-6.54400", "2009-12-31": 169.18, "2009-09-30": 178.76, "2009-06-30": 229.266, "2009-03-31": "-18.28700", "2008-12-31": 265.838, "2008-09-30": 115.376, "2008-06-30": 71.152, "2008-03-31": "-154.27400", "2007-12-31": 202.099, "2007-09-30": 245.712, "2007-06-30": 198.322, "2007-03-31": "13.47600", "2006-12-31": 192.535, "2006-09-30": 312.025, "2006-06-30": 167.888, "2006-03-31": "-60.30500", "2005-12-31": 285.038, "2005-09-30": 310.231, "2005-06-30": 273.474, "2005-03-31": "56.46600"}, "Net Change In Property, Plant, And Equipment": {"2020-09-30": -8.332, "2020-06-30": -17.543, "2020-03-31": "-14.31200", "2019-12-31": -38.765, "2019-09-30": -8.09, "2019-06-30": -20.694, "2019-03-31": "-24.02000", "2018-12-31": -21.275, "2018-09-30": -19.641, "2018-06-30": -11.341, "2018-03-31": "-9.84000", "2017-12-31": -11.955, "2017-09-30": -8.285, "2017-06-30": -11.265, "2017-03-31": "-8.66800", "2016-12-31": -10.045, "2016-09-30": -7.293, "2016-06-30": -18.04, "2016-03-31": "-9.80200", "2015-12-31": -14.097, "2015-09-30": -8.419, "2015-06-30": -10.099, "2015-03-31": "-11.39700", "2014-12-31": -14.903, "2014-09-30": 3.075, "2014-06-30": -12.833, "2014-03-31": "-13.42700", "2013-12-31": -17.078, "2013-09-30": -17.257, "2013-06-30": -16.36, "2013-03-31": "-18.05000", "2012-12-31": -12.781, "2012-09-30": -13.794, "2012-06-30": -9.633, "2012-03-31": "-13.47400", "2011-12-31": 17.058, "2011-09-30": -10.495, "2011-06-30": -12.953, "2011-03-31": "-9.72100", "2010-12-31": -6.876, "2010-09-30": -17.578, "2010-06-30": -7.104, "2010-03-31": "-21.05200", "2009-12-31": 4.07, "2009-09-30": -13.853, "2009-06-30": -11.945, "2009-03-31": "-10.15900", "2008-12-31": 50.596, "2008-09-30": -28.891, "2008-06-30": -22.615, "2008-03-31": "-42.19000", "2007-12-31": -24.804, "2007-09-30": -46.818, "2007-06-30": -44.342, "2007-03-31": "-55.44500", "2006-12-31": -58.78, "2006-09-30": -65.28, "2006-06-30": -51.919, "2006-03-31": "-38.45300", "2005-12-31": -60.351, "2005-09-30": -35.613, "2005-06-30": -50.919, "2005-03-31": "-42.91800"}, "Net Change In Intangible Assets": {"2020-09-30": -10.182, "2020-06-30": -9.071, "2020-03-31": "-9.46400", "2019-12-31": -14.174, "2019-09-30": -7.538, "2019-06-30": -9.36, "2019-03-31": "-8.94700", "2018-12-31": -10.062, "2018-09-30": -6.424, "2018-06-30": -9.045, "2018-03-31": "-9.54400", "2017-12-31": -9.246, "2017-09-30": -8.542, "2017-06-30": -8.761, "2017-03-31": "-8.44100", "2016-12-31": -8.295, "2016-09-30": -9.285, "2016-06-30": -8.906, "2016-03-31": "-9.02100", "2015-12-31": -8.703, "2015-09-30": -8.999, "2015-06-30": -7.463, "2015-03-31": "-11.24400", "2014-12-31": -9.922, "2014-09-30": -8.674, "2014-06-30": -9.348, "2014-03-31": "-7.18500", "2013-12-31": -9.046, "2013-09-30": -9.867, "2013-06-30": -9.439, "2013-03-31": "-9.48900", "2012-12-31": -8.135, "2012-09-30": -8.657, "2012-06-30": -8.438, "2012-03-31": "-6.95900", "2011-12-31": -7.135, "2011-09-30": -6.716, "2011-06-30": -6.86, "2011-03-31": "-6.29800", "2010-12-31": -6.453, "2010-09-30": -6.307, "2010-06-30": -6.105, "2010-03-31": "-5.94900", "2009-12-31": -6.077, "2009-09-30": -6.852, "2009-06-30": -6.483, "2009-03-31": "-6.09400", "2008-12-31": -10.406, "2008-09-30": -8.137, "2008-06-30": -10.353, "2008-03-31": "-5.91400", "2007-12-31": -6.541, "2007-09-30": -6.059, "2007-06-30": -6.505, "2007-03-31": "-6.21400", "2006-12-31": -5.439, "2006-09-30": -6.461, "2006-06-30": -6.119, "2006-03-31": "-5.28200", "2005-12-31": -5.308, "2005-09-30": -4.839, "2005-06-30": -6.144, "2005-03-31": "-4.92500"}, "Net Acquisitions/Divestitures": {"2020-09-30": 0.001, "2020-06-30": -0.286, "2020-03-31": "-11.76000", "2019-12-31": -0.003, "2019-09-30": -10.212, "2019-06-30": -0.041, "2019-03-31": "1.08200", "2018-12-31": -78.678, "2018-09-30": 3.324, "2018-06-30": -120.523, "2018-03-31": "-20.53300", "2017-12-31": -0.482, "2017-09-30": -188.372, "2017-06-30": 0, "2017-03-31": "", "2016-12-31": -0.125, "2016-09-30": 0, "2016-06-30": -396.816, "2016-03-31": "-18.02300", "2015-12-31": -75.145, "2015-09-30": -119.346, "2015-06-30": 0, "2015-03-31": "", "2014-12-31": -22.6939, "2014-09-30": 23.225, "2014-06-30": -4.278, "2014-03-31": "-665.75800", "2013-12-31": -21.145, "2013-09-30": -64.052, "2013-06-30": 0.175, "2013-03-31": "-4.76400", "2012-12-31": -78.465, "2012-09-30": 10.111, "2012-06-30": 0, "2012-03-31": "", "2011-12-31": 100.053, "2011-09-30": -29.994, "2011-06-30": -156.823, "2011-03-31": "-99.39700", "2010-12-31": 333.479, "2010-09-30": 0.018, "2010-06-30": -3.658, "2010-03-31": "-74.06700", "2009-12-31": -24.285, "2009-09-30": -0.459, "2009-06-30": -7.216, "2009-03-31": "-27.70400", "2008-12-31": 112.998, "2008-09-30": -4.604, "2008-06-30": -34.303, "2008-03-31": "-76.10700", "2007-12-31": -22.498, "2007-09-30": -3.601, "2007-06-30": -107.568, "2007-03-31": "-105.87600", "2006-12-31": -45.15, "2006-09-30": -103.923, "2006-06-30": -75.982, "2006-03-31": "-36.53400", "2005-12-31": -167.8, "2005-09-30": -65.786, "2005-06-30": -85.097, "2005-03-31": "-59.93700"}, "Net Change In Short-term Investments": {"2020-09-30": 0, "2020-06-30": 0, "2020-03-31": "", "2019-12-31": 0, "2019-09-30": 0, "2019-06-30": 0, "2019-03-31": "", "2018-12-31": 0, "2018-09-30": 0, "2018-06-30": 0, "2018-03-31": "", "2017-12-31": 0, "2017-09-30": 0, "2017-06-30": 0, "2017-03-31": "", "2016-12-31": 21.819, "2016-09-30": 0, "2016-06-30": 0, "2016-03-31": "", "2015-12-31": 0, "2015-09-30": 0, "2015-06-30": 0, "2015-03-31": "", "2014-12-31": 0, "2014-09-30": 0, "2014-06-30": 0, "2014-03-31": "", "2013-12-31": 0, "2013-09-30": 0, "2013-06-30": 0, "2013-03-31": "", "2012-12-31": 0, "2012-09-30": 0, "2012-06-30": 0, "2012-03-31": "", "2011-12-31": 0, "2011-09-30": 0, "2011-06-30": 0, "2011-03-31": "", "2010-12-31": -12.754, "2010-09-30": 0, "2010-06-30": 0, "2010-03-31": "", "2009-12-31": 0, "2009-09-30": 0, "2009-06-30": 26.995, "2009-03-31": "-26.99500", "2008-12-31": 98.776, "2008-09-30": 99.163, "2008-06-30": -17.239, "2008-03-31": "-180.70000", "2007-12-31": 2.809, "2007-09-30": -42.529, "2007-06-30": -15.871, "2007-03-31": "-8.63300", "2006-12-31": 36.693, "2006-09-30": 4.253, "2006-06-30": -10.367, "2006-03-31": "-31.12800", "2005-12-31": 46.203, "2005-09-30": -2.091, "2005-06-30": 7.915, "2005-03-31": "8.56400"}, "Net Change In Long-Term Investments": {"2020-09-30": 45.07, "2020-06-30": 1.63, "2020-03-31": "0.02000", "2019-12-31": 0, "2019-09-30": 4.434, "2019-06-30": -0.658, "2019-03-31": "1.15700", "2018-12-31": 3.736, "2018-09-30": 0, "2018-06-30": 0, "2018-03-31": "0.98000", "2017-12-31": -4.9, "2017-09-30": 70, "2017-06-30": -70, "2017-03-31": "", "2016-12-31": 0, "2016-09-30": -0.3, "2016-06-30": -0.175, "2016-03-31": "-0.44000", "2015-12-31": 0, "2015-09-30": -1.232, "2015-06-30": -2.128, "2015-03-31": "-0.38800", "2014-12-31": 0, "2014-09-30": 0, "2014-06-30": 0, "2014-03-31": "", "2013-12-31": 0, "2013-09-30": 0, "2013-06-30": 0, "2013-03-31": "-2.35100", "2012-12-31": 0, "2012-09-30": 8, "2012-06-30": 0, "2012-03-31": "", "2011-12-31": 21.274, "2011-09-30": 1.823, "2011-06-30": 0.028, "2011-03-31": "25.09800", "2010-12-31": -5.392, "2010-09-30": 3.103, "2010-06-30": -25.987, "2010-03-31": "27.74900", "2009-12-31": 2.298, "2009-09-30": 14.963, "2009-06-30": -54.447, "2009-03-31": "44.28900", "2008-12-31": 377.701, "2008-09-30": -227.949, "2008-06-30": -141.335, "2008-03-31": "-15.20800", "2007-12-31": -39.626, "2007-09-30": -87.636, "2007-06-30": -6.578, "2007-03-31": "-72.99900", "2006-12-31": -95.165, "2006-09-30": -37.132, "2006-06-30": -27.591, "2006-03-31": "70.75700", "2005-12-31": -32.236, "2005-09-30": -114.689, "2005-06-30": -155.52, "2005-03-31": "-74.98600"}, "Net Change In Investments - Total": {"2020-09-30": 45.07, "2020-06-30": 1.63, "2020-03-31": "0.02000", "2019-12-31": 0, "2019-09-30": 4.434, "2019-06-30": -0.658, "2019-03-31": "1.15700", "2018-12-31": 3.736, "2018-09-30": 0, "2018-06-30": 0, "2018-03-31": "0.98000", "2017-12-31": -4.9, "2017-09-30": 70, "2017-06-30": -70, "2017-03-31": "", "2016-12-31": 21.819, "2016-09-30": -0.3, "2016-06-30": -0.175, "2016-03-31": "-0.44000", "2015-12-31": 0, "2015-09-30": -1.232, "2015-06-30": -2.128, "2015-03-31": "-0.38800", "2014-12-31": 0, "2014-09-30": 0, "2014-06-30": 0, "2014-03-31": "", "2013-12-31": 0, "2013-09-30": 0, "2013-06-30": 0, "2013-03-31": "-2.35100", "2012-12-31": 0, "2012-09-30": 8, "2012-06-30": 0, "2012-03-31": "", "2011-12-31": 21.274, "2011-09-30": 1.823, "2011-06-30": 0.028, "2011-03-31": "25.09800", "2010-12-31": -18.146, "2010-09-30": 3.103, "2010-06-30": -25.987, "2010-03-31": "27.74900", "2009-12-31": 2.298, "2009-09-30": 14.963, "2009-06-30": -27.452, "2009-03-31": "17.29400", "2008-12-31": 476.477, "2008-09-30": -128.786, "2008-06-30": -158.574, "2008-03-31": "-195.90800", "2007-12-31": -36.817, "2007-09-30": -130.165, "2007-06-30": -22.449, "2007-03-31": "-81.63200", "2006-12-31": -58.472, "2006-09-30": -32.879, "2006-06-30": -37.958, "2006-03-31": "39.62900", "2005-12-31": 13.967, "2005-09-30": -116.78, "2005-06-30": -147.605, "2005-03-31": "-66.42200"}, "Investing Activities - Other": {"2020-09-30": -9.259, "2020-06-30": 0, "2020-03-31": "", "2019-12-31": 13.987, "2019-09-30": -13.987, "2019-06-30": 0, "2019-03-31": "", "2018-12-31": 0, "2018-09-30": 0, "2018-06-30": 0, "2018-03-31": "", "2017-12-31": 0, "2017-09-30": 0, "2017-06-30": 0, "2017-03-31": "", "2016-12-31": -1.99, "2016-09-30": 2.073, "2016-06-30": 0.034, "2016-03-31": "-0.11700", "2015-12-31": -0.062, "2015-09-30": 0.842, "2015-06-30": 0.508, "2015-03-31": "0.14600", "2014-12-31": 1.133, "2014-09-30": 0.587, "2014-06-30": 0.092, "2014-03-31": "-0.58600", "2013-12-31": 4.339, "2013-09-30": 5.751, "2013-06-30": 1.967, "2013-03-31": "-0.12700", "2012-12-31": -3.727, "2012-09-30": 3.232, "2012-06-30": -4.675, "2012-03-31": "0.05300", "2011-12-31": -27.605, "2011-09-30": 23.989, "2011-06-30": -1.51, "2011-03-31": "-1.48900", "2010-12-31": -14.179, "2010-09-30": -24.792, "2010-06-30": 93.445, "2010-03-31": "-158.29800", "2009-12-31": -134.597, "2009-09-30": -53.517, "2009-06-30": 174.358, "2009-03-31": "9.63200", "2008-12-31": -891.687, "2008-09-30": 11.727, "2008-06-30": 1.904, "2008-03-31": "20.00100", "2007-12-31": 149.294, "2007-09-30": 24.145, "2007-06-30": 39.47, "2007-03-31": "6.03000", "2006-12-31": -5.826, "2006-09-30": -2.759, "2006-06-30": -68.576, "2006-03-31": "20.44800", "2005-12-31": -5.391, "2005-09-30": 6.1, "2005-06-30": 15.411, "2005-03-31": "19.68800"}, "Cash Flow From Investing Activities": {"2020-09-30": 17.298, "2020-06-30": -25.27, "2020-03-31": "-35.51600", "2019-12-31": -38.955, "2019-09-30": -35.393, "2019-06-30": -30.753, "2019-03-31": "-30.72800", "2018-12-31": -106.279, "2018-09-30": -22.741, "2018-06-30": -140.909, "2018-03-31": "-38.93700", "2017-12-31": -26.583, "2017-09-30": -135.199, "2017-06-30": -90.026, "2017-03-31": "-17.10900", "2016-12-31": 1.364, "2016-09-30": -14.805, "2016-06-30": -423.903, "2016-03-31": "-37.40300", "2015-12-31": -98.007, "2015-09-30": -137.154, "2015-06-30": -19.182, "2015-03-31": "-22.88300", "2014-12-31": -46.386, "2014-09-30": 18.213, "2014-06-30": -26.367, "2014-03-31": "-686.95600", "2013-12-31": -42.93, "2013-09-30": -85.425, "2013-06-30": -23.657, "2013-03-31": "-34.78100", "2012-12-31": -103.108, "2012-09-30": -1.108, "2012-06-30": -22.746, "2012-03-31": "-20.38000", "2011-12-31": 103.645, "2011-09-30": -21.393, "2011-06-30": -178.118, "2011-03-31": "-91.80700", "2010-12-31": 287.825, "2010-09-30": -45.556, "2010-06-30": 50.591, "2010-03-31": "-231.61700", "2009-12-31": -158.591, "2009-09-30": -59.718, "2009-06-30": 121.261, "2009-03-31": "-17.03000", "2008-12-31": -262.022, "2008-09-30": -158.691, "2008-06-30": -223.941, "2008-03-31": "-300.11800", "2007-12-31": 58.634, "2007-09-30": -162.498, "2007-06-30": -141.394, "2007-03-31": "-243.13700", "2006-12-31": -173.667, "2006-09-30": -211.302, "2006-06-30": -240.554, "2006-03-31": "-20.19200", "2005-12-31": -224.883, "2005-09-30": -216.918, "2005-06-30": -274.354, "2005-03-31": "-154.51400"}, "Net Long-Term Debt": {"2020-09-30": -0.781, "2020-06-30": -100.957, "2020-03-31": "-0.72300", "2019-12-31": -39.8, "2019-09-30": -54.453, "2019-06-30": 5.861, "2019-03-31": "-25.56300", "2018-12-31": 12.586, "2018-09-30": -45.728, "2018-06-30": 96.824, "2018-03-31": "-45.62700", "2017-12-31": -45.629, "2017-09-30": 163.573, "2017-06-30": 52.407, "2017-03-31": "-17.64100", "2016-12-31": -17.722, "2016-09-30": -34.867, "2016-06-30": 304.165, "2016-03-31": "-15.83000", "2015-12-31": -35.892, "2015-09-30": 89.079, "2015-06-30": 13.713, "2015-03-31": "-35.41600", "2014-12-31": -81.17, "2014-09-30": -62.286, "2014-06-30": -51.02, "2014-03-31": "684.48700", "2013-12-31": 50.422, "2013-09-30": 0.431, "2013-06-30": 0.528, "2013-03-31": "-4.40000", "2012-12-31": -2.35, "2012-09-30": -0.54, "2012-06-30": -61.578, "2012-03-31": "-52.24700", "2011-12-31": -5.539, "2011-09-30": -22.741, "2011-06-30": 364.347, "2011-03-31": "-211.32000", "2010-12-31": 191.67, "2010-09-30": -106.483, "2010-06-30": 63.972, "2010-03-31": "-19.27800", "2009-12-31": -23.098, "2009-09-30": -22.713, "2009-06-30": -0.441, "2009-03-31": "-5.15400", "2008-12-31": -56.132, "2008-09-30": 15.794, "2008-06-30": 10.736, "2008-03-31": "5.36200", "2007-12-31": -147.924, "2007-09-30": 158.962, "2007-06-30": -52.977, "2007-03-31": "73.07400", "2006-12-31": -57.471, "2006-09-30": -17.681, "2006-06-30": 10.088, "2006-03-31": "-29.93300", "2005-12-31": 3.018, "2005-09-30": 1.33, "2005-06-30": -9.861, "2005-03-31": "-9.36100"}, "Net Current Debt": {"2020-09-30": 0, "2020-06-30": 0, "2020-03-31": "", "2019-12-31": 0, "2019-09-30": 0, "2019-06-30": 0, "2019-03-31": "", "2018-12-31": 0, "2018-09-30": 0, "2018-06-30": 0, "2018-03-31": "", "2017-12-31": 0, "2017-09-30": 0, "2017-06-30": 0, "2017-03-31": "", "2016-12-31": 0, "2016-09-30": 0, "2016-06-30": 0, "2016-03-31": "", "2015-12-31": 0, "2015-09-30": 0, "2015-06-30": 0, "2015-03-31": "", "2014-12-31": 0, "2014-09-30": 0, "2014-06-30": 0, "2014-03-31": "", "2013-12-31": 0, "2013-09-30": 0, "2013-06-30": 0, "2013-03-31": "", "2012-12-31": 0, "2012-09-30": 0, "2012-06-30": 0, "2012-03-31": "", "2011-12-31": 0, "2011-09-30": 0, "2011-06-30": 0, "2011-03-31": "", "2010-12-31": 0, "2010-09-30": 0, "2010-06-30": 0, "2010-03-31": "", "2009-12-31": 0, "2009-09-30": 0, "2009-06-30": -59.975, "2009-03-31": "59.97500", "2008-12-31": -353.361, "2008-09-30": -56.485, "2008-06-30": 172.368, "2008-03-31": "237.47800", "2007-12-31": 13.04, "2007-09-30": -18.63, "2007-06-30": 52.831, "2007-03-31": "-109.88200", "2006-12-31": 84.933, "2006-09-30": 45.523, "2006-06-30": 3.784, "2006-03-31": "-21.08900", "2005-12-31": -98.158, "2005-09-30": 24.707, "2005-06-30": 152.332, "2005-03-31": "214.86500"}, "Debt Issuance/Retirement Net - Total": {"2020-09-30": -0.781, "2020-06-30": -100.957, "2020-03-31": "-0.72300", "2019-12-31": -39.8, "2019-09-30": -54.453, "2019-06-30": 5.861, "2019-03-31": "-25.56300", "2018-12-31": 12.586, "2018-09-30": -45.728, "2018-06-30": 96.824, "2018-03-31": "-45.62700", "2017-12-31": -45.629, "2017-09-30": 163.573, "2017-06-30": 52.407, "2017-03-31": "-17.64100", "2016-12-31": -17.722, "2016-09-30": -34.867, "2016-06-30": 304.165, "2016-03-31": "-15.83000", "2015-12-31": -35.892, "2015-09-30": 89.079, "2015-06-30": 13.713, "2015-03-31": "-35.41600", "2014-12-31": -81.17, "2014-09-30": -62.286, "2014-06-30": -51.02, "2014-03-31": "684.48700", "2013-12-31": 50.422, "2013-09-30": 0.431, "2013-06-30": 0.528, "2013-03-31": "-4.40000", "2012-12-31": -2.35, "2012-09-30": -0.54, "2012-06-30": -61.578, "2012-03-31": "-52.24700", "2011-12-31": -5.539, "2011-09-30": -22.741, "2011-06-30": 364.347, "2011-03-31": "-211.32000", "2010-12-31": 191.67, "2010-09-30": -106.483, "2010-06-30": 63.972, "2010-03-31": "-19.27800", "2009-12-31": -23.098, "2009-09-30": -22.713, "2009-06-30": -60.416, "2009-03-31": "54.82100", "2008-12-31": -409.493, "2008-09-30": -40.691, "2008-06-30": 183.104, "2008-03-31": "242.84000", "2007-12-31": -134.884, "2007-09-30": 140.332, "2007-06-30": -0.146, "2007-03-31": "-36.80800", "2006-12-31": 27.462, "2006-09-30": 27.842, "2006-06-30": 13.872, "2006-03-31": "-51.02200", "2005-12-31": -95.14, "2005-09-30": 26.037, "2005-06-30": 142.471, "2005-03-31": "205.50400"}, "Net Common Equity Issued/Repurchased": {"2020-09-30": -5.785, "2020-06-30": -3.989, "2020-03-31": "0.50100", "2019-12-31": -14.919, "2019-09-30": -39.136, "2019-06-30": -25.229, "2019-03-31": "2.75800", "2018-12-31": -20.48, "2018-09-30": -21.687, "2018-06-30": -42.75, "2018-03-31": "-3.00600", "2017-12-31": -71.691, "2017-09-30": -89.684, "2017-06-30": -18.999, "2017-03-31": "-17.44700", "2016-12-31": -80.254, "2016-09-30": -80.517, "2016-06-30": -25.621, "2016-03-31": "6.29600", "2015-12-31": 3.015, "2015-09-30": -37.265, "2015-06-30": -51.312, "2015-03-31": "10.70100", "2014-12-31": -9.217, "2014-09-30": -39.444, "2014-06-30": -23.481, "2014-03-31": "-4.12000", "2013-12-31": -91.026, "2013-09-30": -53.346, "2013-06-30": 2.498, "2013-03-31": "-71.05500", "2012-12-31": 3.873, "2012-09-30": -189.029, "2012-06-30": -28.163, "2012-03-31": "0.18700", "2011-12-31": -1.361, "2011-09-30": 1.028, "2011-06-30": -160.227, "2011-03-31": "-12.86500", "2010-12-31": -25.872, "2010-09-30": 0.252, "2010-06-30": 3.146, "2010-03-31": "3.97700", "2009-12-31": 2.784, "2009-09-30": 5.219, "2009-06-30": 1.991, "2009-03-31": "2.60700", "2008-12-31": 1.481, "2008-09-30": 2.698, "2008-06-30": 9.268, "2008-03-31": "7.30600", "2007-12-31": -12.843, "2007-09-30": -167.526, "2007-06-30": -61.757, "2007-03-31": "-13.06900", "2006-12-31": 0, "2006-09-30": -9.975, "2006-06-30": -19.178, "2006-03-31": "-5.90200", "2005-12-31": -2.704, "2005-09-30": 3.919, "2005-06-30": -9.973, "2005-03-31": "14.82000"}, "Net Total Equity Issued/Repurchased": {"2020-09-30": -5.785, "2020-06-30": -3.989, "2020-03-31": "0.50100", "2019-12-31": -14.919, "2019-09-30": -39.136, "2019-06-30": -25.229, "2019-03-31": "2.75800", "2018-12-31": -20.48, "2018-09-30": -21.687, "2018-06-30": -42.75, "2018-03-31": "-3.00600", "2017-12-31": -71.691, "2017-09-30": -89.684, "2017-06-30": -18.999, "2017-03-31": "-17.44700", "2016-12-31": -80.254, "2016-09-30": -80.517, "2016-06-30": -25.621, "2016-03-31": "6.29600", "2015-12-31": 3.015, "2015-09-30": -37.265, "2015-06-30": -51.312, "2015-03-31": "10.70100", "2014-12-31": -9.217, "2014-09-30": -39.444, "2014-06-30": -23.481, "2014-03-31": "-4.12000", "2013-12-31": -91.026, "2013-09-30": -53.346, "2013-06-30": 2.498, "2013-03-31": "-71.05500", "2012-12-31": 3.873, "2012-09-30": -189.029, "2012-06-30": -28.163, "2012-03-31": "0.18700", "2011-12-31": -1.361, "2011-09-30": 1.028, "2011-06-30": -160.227, "2011-03-31": "-12.86500", "2010-12-31": -25.872, "2010-09-30": 0.252, "2010-06-30": 3.146, "2010-03-31": "3.97700", "2009-12-31": 2.784, "2009-09-30": 5.219, "2009-06-30": 1.991, "2009-03-31": "2.60700", "2008-12-31": 1.481, "2008-09-30": 2.698, "2008-06-30": 9.268, "2008-03-31": "7.30600", "2007-12-31": -12.843, "2007-09-30": -167.526, "2007-06-30": -61.757, "2007-03-31": "-13.06900", "2006-12-31": 0, "2006-09-30": -9.975, "2006-06-30": -19.178, "2006-03-31": "-5.90200", "2005-12-31": -2.704, "2005-09-30": 3.919, "2005-06-30": -9.973, "2005-03-31": "14.82000"}, "Total Common And Preferred Stock Dividends Paid": {"2020-09-30": -26.223, "2020-06-30": -17.465, "2020-03-31": "-17.37400", "2019-12-31": 0, "2019-09-30": 0, "2019-06-30": 0, "2019-03-31": "", "2018-12-31": 0, "2018-09-30": 0, "2018-06-30": 0, "2018-03-31": "", "2017-12-31": 0, "2017-09-30": 0, "2017-06-30": 0, "2017-03-31": "", "2016-12-31": 0, "2016-09-30": 0, "2016-06-30": 0, "2016-03-31": "", "2015-12-31": 0, "2015-09-30": 0, "2015-06-30": 0, "2015-03-31": "", "2014-12-31": 0, "2014-09-30": 0, "2014-06-30": 0, "2014-03-31": "", "2013-12-31": 0, "2013-09-30": 0, "2013-06-30": 0, "2013-03-31": "", "2012-12-31": 0, "2012-09-30": 0, "2012-06-30": 0, "2012-03-31": "", "2011-12-31": 0, "2011-09-30": 0, "2011-06-30": 0, "2011-03-31": "", "2010-12-31": 0, "2010-09-30": 0.189, "2010-06-30": 0, "2010-03-31": "-22.84600", "2009-12-31": -20.562, "2009-09-30": -20.538, "2009-06-30": -20.502, "2009-03-31": "-20.45200", "2008-12-31": -20.427, "2008-09-30": -20.372, "2008-06-30": -20.288, "2008-03-31": "-20.20400", "2007-12-31": -20.267, "2007-09-30": -21.066, "2007-06-30": -21.292, "2007-03-31": "-17.36700", "2006-12-31": -17.28, "2006-09-30": -17.322, "2006-06-30": -17.243, "2006-03-31": "-17.24800", "2005-12-31": -17.118, "2005-09-30": -17.211, "2005-06-30": -13.513, "2005-03-31": "-17.05800"}, "Financial Activities - Other": {"2020-09-30": 8.011, "2020-06-30": -1.295, "2020-03-31": "-8.05100", "2019-12-31": -9.197, "2019-09-30": 8.001, "2019-06-30": -10.337, "2019-03-31": "-9.15100", "2018-12-31": -0.235, "2018-09-30": -0.941, "2018-06-30": -1.15, "2018-03-31": "-10.53200", "2017-12-31": -0.414, "2017-09-30": -14.503, "2017-06-30": -1.158, "2017-03-31": "-12.26200", "2016-12-31": -1, "2016-09-30": -6.224, "2016-06-30": -1.369, "2016-03-31": "-5.91300", "2015-12-31": -0.576, "2015-09-30": -1.04, "2015-06-30": -6.336, "2015-03-31": "-7.21700", "2014-12-31": -0.294, "2014-09-30": -0.136, "2014-06-30": -0.387, "2014-03-31": "-22.41400", "2013-12-31": -9.957, "2013-09-30": 0.03, "2013-06-30": 0.088, "2013-03-31": "-4.11600", "2012-12-31": -0.241, "2012-09-30": 0.097, "2012-06-30": -2.523, "2012-03-31": "0.04700", "2011-12-31": -72.626, "2011-09-30": -0.906, "2011-06-30": -23.655, "2011-03-31": "-4.07300", "2010-12-31": -399.976, "2010-09-30": -3.648, "2010-06-30": -14.758, "2010-03-31": "17.79200", "2009-12-31": -35.528, "2009-09-30": -9.177, "2009-06-30": -181.804, "2009-03-31": "-2.52400", "2008-12-31": 534.324, "2008-09-30": -8.195, "2008-06-30": -13.438, "2008-03-31": "-8.43900", "2007-12-31": -16.102, "2007-09-30": -13.992, "2007-06-30": -12.052, "2007-03-31": "-4.69000", "2006-12-31": 3.257, "2006-09-30": -15.353, "2006-06-30": -16.785, "2006-03-31": "-7.81300", "2005-12-31": -12.916, "2005-09-30": -19.313, "2005-06-30": -7.468, "2005-03-31": "-10.37600"}, "Cash Flow From Financial Activities": {"2020-09-30": -24.778, "2020-06-30": -123.706, "2020-03-31": "-25.64700", "2019-12-31": -63.916, "2019-09-30": -85.588, "2019-06-30": -29.705, "2019-03-31": "-31.95600", "2018-12-31": -8.129, "2018-09-30": -68.356, "2018-06-30": 52.924, "2018-03-31": "-59.16500", "2017-12-31": -117.734, "2017-09-30": 59.386, "2017-06-30": 32.25, "2017-03-31": "-47.35000", "2016-12-31": -98.976, "2016-09-30": -121.608, "2016-06-30": 277.175, "2016-03-31": "-15.44700", "2015-12-31": -33.453, "2015-09-30": 50.774, "2015-06-30": -43.935, "2015-03-31": "-31.93200", "2014-12-31": -90.681, "2014-09-30": -101.866, "2014-06-30": -74.888, "2014-03-31": "657.95300", "2013-12-31": -50.561, "2013-09-30": -52.885, "2013-06-30": 3.114, "2013-03-31": "-79.57100", "2012-12-31": 1.282, "2012-09-30": -189.472, "2012-06-30": -92.264, "2012-03-31": "-52.01300", "2011-12-31": -79.526, "2011-09-30": -22.619, "2011-06-30": 180.465, "2011-03-31": "-228.25800", "2010-12-31": -234.178, "2010-09-30": -109.69, "2010-06-30": 52.36, "2010-03-31": "-20.35500", "2009-12-31": -76.404, "2009-09-30": -47.209, "2009-06-30": -260.731, "2009-03-31": "34.45200", "2008-12-31": 105.885, "2008-09-30": -66.56, "2008-06-30": 158.646, "2008-03-31": "221.50300", "2007-12-31": -184.096, "2007-09-30": -62.252, "2007-06-30": -95.247, "2007-03-31": "-71.93400", "2006-12-31": 13.439, "2006-09-30": -14.808, "2006-06-30": -39.334, "2006-03-31": "-81.98500", "2005-12-31": -127.878, "2005-09-30": -6.568, "2005-06-30": 111.517, "2005-03-31": "192.89000"}, "Net Cash Flow": {"2020-09-30": 166.708, "2020-06-30": -15.566, "2020-03-31": "47.01200", "2019-12-31": 11.818, "2019-09-30": 8.156, "2019-06-30": -4.219, "2019-03-31": "1.69700", "2018-12-31": -11.059, "2018-09-30": 13.452, "2018-06-30": -38.716, "2018-03-31": "2.41900", "2017-12-31": -30.795, "2017-09-30": 56.086, "2017-06-30": -13.498, "2017-03-31": "30.38100", "2016-12-31": 0.019, "2016-09-30": 6.648, "2016-06-30": -60.737, "2016-03-31": "34.01400", "2015-12-31": -59.577, "2015-09-30": 45.54, "2015-06-30": 23.422, "2015-03-31": "-14.97100", "2014-12-31": -22.941, "2014-09-30": -12.606, "2014-06-30": 17.999, "2014-03-31": "-12.19400", "2013-12-31": -2.049, "2013-09-30": -39.095, "2013-06-30": 49.348, "2013-03-31": "-23.35300", "2012-12-31": -3.834, "2012-09-30": -105.121, "2012-06-30": 3.314, "2012-03-31": "-2.90700", "2011-12-31": 127.872, "2011-09-30": -8.729, "2011-06-30": 18.241, "2011-03-31": "-297.05600", "2010-12-31": 142.687, "2010-09-30": -70.361, "2010-06-30": 22.165, "2010-03-31": "-127.79800", "2009-12-31": 61.145, "2009-09-30": 98.578, "2009-06-30": 17.542, "2009-03-31": "-0.86500", "2008-12-31": 292.519, "2008-09-30": -109.875, "2008-06-30": 5.857, "2008-03-31": "-232.88900", "2007-12-31": 76.637, "2007-09-30": 20.962, "2007-06-30": -38.319, "2007-03-31": "-301.59500", "2006-12-31": 32.307, "2006-09-30": 85.915, "2006-06-30": -112, "2006-03-31": "-162.48200", "2005-12-31": -67.723, "2005-09-30": 86.745, "2005-06-30": 110.637, "2005-03-31": "94.84200"}, "Stock-Based Compensation": {"2020-09-30": 12.06, "2020-06-30": 13.753, "2020-03-31": "8.08500", "2019-12-31": 10.274, "2019-09-30": 8.263, "2019-06-30": 7.863, "2019-03-31": "9.89200", "2018-12-31": 7.622, "2018-09-30": 9.775, "2018-06-30": 11.122, "2018-03-31": "8.67700", "2017-12-31": 6.309, "2017-09-30": 8.619, "2017-06-30": 8.772, "2017-03-31": "12.16700", "2016-12-31": 9.99, "2016-09-30": 10.541, "2016-06-30": 9.775, "2016-03-31": "9.54300", "2015-12-31": 9.367, "2015-09-30": 7.88, "2015-06-30": 9.807, "2015-03-31": "8.73200", "2014-12-31": 3.302, "2014-09-30": 6.317, "2014-06-30": 7.749, "2014-03-31": "8.01100", "2013-12-31": 6.213, "2013-09-30": 3.977, "2013-06-30": 8.608, "2013-03-31": "8.10300", "2012-12-31": 4.541, "2012-09-30": 7.18, "2012-06-30": 4.677, "2012-03-31": "4.35400", "2011-12-31": 1.686, "2011-09-30": 3.545, "2011-06-30": 2.868, "2011-03-31": "3.11000", "2010-12-31": 2.422, "2010-09-30": 2.583, "2010-06-30": 2.499, "2010-03-31": "6.46500", "2009-12-31": 11.592, "2009-09-30": 4.151, "2009-06-30": -1.398, "2009-03-31": "11.29200", "2008-12-31": -4.933, "2008-09-30": 6.319, "2008-06-30": 6.914, "2008-03-31": "7.73900", "2007-12-31": 21.129, "2007-09-30": 5.623, "2007-06-30": 6.743, "2007-03-31": "9.91200", "2006-12-31": 4.627, "2006-09-30": 5.737, "2006-06-30": 6.491, "2006-03-31": "8.79900", "2005-12-31": 0.603, "2005-09-30": 0.454, "2005-06-30": 1.087, "2005-03-31": ""}, "Common Stock Dividends Paid": {"2020-09-30": -26.223, "2020-06-30": -17.465, "2020-03-31": "-17.37400", "2019-12-31": 0, "2019-09-30": 0, "2019-06-30": 0, "2019-03-31": "", "2018-12-31": 0, "2018-09-30": 0, "2018-06-30": 0, "2018-03-31": "", "2017-12-31": 0, "2017-09-30": 0, "2017-06-30": 0, "2017-03-31": "", "2016-12-31": 0, "2016-09-30": 0, "2016-06-30": 0, "2016-03-31": "", "2015-12-31": 0, "2015-09-30": 0, "2015-06-30": 0, "2015-03-31": "", "2014-12-31": 0, "2014-09-30": 0, "2014-06-30": 0, "2014-03-31": "", "2013-12-31": 0, "2013-09-30": 0, "2013-06-30": 0, "2013-03-31": "", "2012-12-31": 0, "2012-09-30": 0, "2012-06-30": 0, "2012-03-31": "", "2011-12-31": 0, "2011-09-30": 0, "2011-06-30": 0, "2011-03-31": "", "2010-12-31": 0, "2010-09-30": 0.189, "2010-06-30": 0, "2010-03-31": "-22.84600", "2009-12-31": -20.562, "2009-09-30": -20.538, "2009-06-30": -20.502, "2009-03-31": "-20.45200", "2008-12-31": -20.427, "2008-09-30": -20.372, "2008-06-30": -20.288, "2008-03-31": "-20.20400", "2007-12-31": -20.267, "2007-09-30": -21.066, "2007-06-30": -21.292, "2007-03-31": "-17.36700", "2006-12-31": -17.28, "2006-09-30": -17.322, "2006-06-30": -17.243, "2006-03-31": "-17.24800", "2005-12-31": -17.118, "2005-09-30": -17.211, "2005-06-30": -13.513, "2005-03-31": "-17.05800"}}, "financial ratios": {"Current Ratio": {"2019-12-31": "", "2018-12-31": "", "2017-12-31": "", "2016-12-31": "", "2015-12-31": "", "2014-12-31": "", "2013-12-31": "", "2012-12-31": "", "2011-12-31": "", "2010-12-31": "", "2009-12-31": "", "2008-12-31": "", "2007-12-31": "", "2006-12-31": "", "2005-12-31": ""}, "Long-term Debt / Capital": {"2019-12-31": "0.62870", "2018-12-31": "0.63650", "2017-12-31": "0.62550", "2016-12-31": "0.59880", "2015-12-31": "0.55110", "2014-12-31": "0.56540", "2013-12-31": "0.43730", "2012-12-31": "0.40360", "2011-12-31": "0.40460", "2010-12-31": "0.23980", "2009-12-31": "0.14440", "2008-12-31": "0.22240", "2007-12-31": "0.25210", "2006-12-31": "0.22840", "2005-12-31": "0.23990"}, "Debt/Equity Ratio": {"2019-12-31": "1.75200", "2018-12-31": "1.77830", "2017-12-31": "1.73990", "2016-12-31": "1.59730", "2015-12-31": "1.27360", "2014-12-31": "1.31200", "2013-12-31": "0.80420", "2012-12-31": "0.67670", "2011-12-31": "0.72970", "2010-12-31": "0.46660", "2009-12-31": "0.18000", "2008-12-31": "0.28600", "2007-12-31": "0.33710", "2006-12-31": "0.29610", "2005-12-31": "0.31560"}, "Gross Margin": {"2019-12-31": "", "2018-12-31": "", "2017-12-31": "", "2016-12-31": "", "2015-12-31": "", "2014-12-31": "", "2013-12-31": "", "2012-12-31": "", "2011-12-31": "", "2010-12-31": "", "2009-12-31": "", "2008-12-31": "", "2007-12-31": "", "2006-12-31": "", "2005-12-31": ""}, "Operating Margin": {"2019-12-31": "9.39350", "2018-12-31": "12.44800", "2017-12-31": "12.89050", "2016-12-31": "14.23470", "2015-12-31": "13.31380", "2014-12-31": "12.08210", "2013-12-31": "10.12120", "2012-12-31": "12.77880", "2011-12-31": "3.64890", "2010-12-31": "8.87960", "2009-12-31": "8.16830", "2008-12-31": "4.36470", "2007-12-31": "1.84940", "2006-12-31": "6.99470", "2005-12-31": "11.07670"}, "EBIT Margin": {"2019-12-31": "9.39350", "2018-12-31": "12.44800", "2017-12-31": "12.89050", "2016-12-31": "14.23470", "2015-12-31": "13.31380", "2014-12-31": "12.08210", "2013-12-31": "10.12120", "2012-12-31": "12.77880", "2011-12-31": "3.64890", "2010-12-31": "8.87960", "2009-12-31": "8.16830", "2008-12-31": "4.36470", "2007-12-31": "2.94680", "2006-12-31": "7.84910", "2005-12-31": "11.74270"}, "EBITDA Margin": {"2019-12-31": "21.20770", "2018-12-31": "23.48770", "2017-12-31": "22.80100", "2016-12-31": "23.36950", "2015-12-31": "23.56410", "2014-12-31": "22.78870", "2013-12-31": "19.11660", "2012-12-31": "21.56090", "2011-12-31": "14.34630", "2010-12-31": "16.29060", "2009-12-31": "16.76680", "2008-12-31": "13.22060", "2007-12-31": "5.77250", "2006-12-31": "10.27390", "2005-12-31": "13.68530"}, "Pre-Tax Profit Margin": {"2019-12-31": "4.28350", "2018-12-31": "9.31840", "2017-12-31": "9.12380", "2016-12-31": "8.39790", "2015-12-31": "11.33600", "2014-12-31": "7.59110", "2013-12-31": "7.58840", "2012-12-31": "9.21840", "2011-12-31": "3.87110", "2010-12-31": "5.66850", "2009-12-31": "5.40330", "2008-12-31": "1.44100", "2007-12-31": "1.84940", "2006-12-31": "6.99470", "2005-12-31": "11.07670"}, "Net Profit Margin": {"2019-12-31": "2.80210", "2018-12-31": "6.81420", "2017-12-31": "8.22000", "2016-12-31": "5.45690", "2015-12-31": "8.36620", "2014-12-31": "5.20980", "2013-12-31": "7.67070", "2012-12-31": "8.42110", "2011-12-31": "-7.38570", "2010-12-31": "-4.39750", "2009-12-31": "14.78310", "2008-12-31": "-1.70580", "2007-12-31": "-0.03790", "2006-12-31": "3.37110", "2005-12-31": "5.92710"}, "Asset Turnover": {"2019-12-31": "0.42380", "2018-12-31": "0.42900", "2017-12-31": "0.45400", "2016-12-31": "0.49970", "2015-12-31": "0.41600", "2014-12-31": "0.39960", "2013-12-31": "0.46760", "2012-12-31": "0.44000", "2011-12-31": "0.32390", "2010-12-31": "0.39580", "2009-12-31": "0.15060", "2008-12-31": "0.17520", "2007-12-31": "0.95080", "2006-12-31": "1.03760", "2005-12-31": "1.06660"}, "Inventory Turnover Ratio": {"2019-12-31": "", "2018-12-31": "", "2017-12-31": "", "2016-12-31": "", "2015-12-31": "", "2014-12-31": "", "2013-12-31": "", "2012-12-31": "", "2011-12-31": "", "2010-12-31": "", "2009-12-31": "", "2008-12-31": "", "2007-12-31": "", "2006-12-31": "", "2005-12-31": ""}, "Receiveable Turnover": {"2019-12-31": "", "2018-12-31": "", "2017-12-31": "", "2016-12-31": "", "2015-12-31": "", "2014-12-31": "", "2013-12-31": "", "2012-12-31": "", "2011-12-31": "", "2010-12-31": "", "2009-12-31": "", "2008-12-31": "", "2007-12-31": "", "2006-12-31": "", "2005-12-31": ""}, "Days Sales In Receivables": {"2019-12-31": "", "2018-12-31": "", "2017-12-31": "", "2016-12-31": "", "2015-12-31": "", "2014-12-31": "", "2013-12-31": "", "2012-12-31": "", "2011-12-31": "", "2010-12-31": "", "2009-12-31": "", "2008-12-31": "", "2007-12-31": "", "2006-12-31": "", "2005-12-31": ""}, "ROE - Return On Equity": {"2019-12-31": "7.02790", "2018-12-31": "12.23900", "2017-12-31": "14.83660", "2016-12-31": "10.96190", "2015-12-31": "12.34430", "2014-12-31": "8.97370", "2013-12-31": "9.60000", "2012-12-31": "8.14900", "2011-12-31": "1.77400", "2010-12-31": "5.42930", "2009-12-31": "3.26950", "2008-12-31": "1.00310", "2007-12-31": "3.63080", "2006-12-31": "8.98410", "2005-12-31": "15.98210"}, "Return On Tangible Equity": {"2019-12-31": "-3.10820", "2018-12-31": "-5.60700", "2017-12-31": "-7.30240", "2016-12-31": "-5.75300", "2015-12-31": "-8.56800", "2014-12-31": "-6.60380", "2013-12-31": "-10.78170", "2012-12-31": "-14.09040", "2011-12-31": "-3.17400", "2010-12-31": "-127.24640", "2009-12-31": "7.51140", "2008-12-31": "-17.59360", "2007-12-31": "-18.86730", "2006-12-31": "874.83930", "2005-12-31": "378.48770"}, "ROA - Return On Assets": {"2019-12-31": "1.60750", "2018-12-31": "2.93720", "2017-12-31": "3.66740", "2016-12-31": "2.81370", "2015-12-31": "3.52650", "2014-12-31": "2.58810", "2013-12-31": "3.33850", "2012-12-31": "3.14880", "2011-12-31": "0.70810", "2010-12-31": "2.59340", "2009-12-31": "1.17330", "2008-12-31": "0.38550", "2007-12-31": "1.25320", "2006-12-31": "3.49790", "2005-12-31": "6.32190"}, "ROI - Return On Investment": {"2019-12-31": "2.60950", "2018-12-31": "4.44830", "2017-12-31": "5.55600", "2016-12-31": "4.39810", "2015-12-31": "5.54190", "2014-12-31": "3.90030", "2013-12-31": "5.40150", "2012-12-31": "4.86030", "2011-12-31": "1.05620", "2010-12-31": "4.12730", "2009-12-31": "2.79720", "2008-12-31": "0.78000", "2007-12-31": "2.71550", "2006-12-31": "6.93190", "2005-12-31": "12.14830"}, "Book Value Per Share": {"2019-12-31": "12.04490", "2018-12-31": "12.49190", "2017-12-31": "12.46060", "2016-12-31": "11.88820", "2015-12-31": "11.89520", "2014-12-31": "11.35140", "2013-12-31": "11.44470", "2012-12-31": "11.98540", "2011-12-31": "11.68360", "2010-12-31": "13.37800", "2009-12-31": "30.68520", "2008-12-31": "36.41480", "2007-12-31": "32.50380", "2006-12-31": "33.18740", "2005-12-31": "31.35540"}, "Operating Cash Flow Per Share": {"2019-12-31": 0.1791, "2018-12-31": -0.2109, "2017-12-31": -0.1131, "2016-12-31": 1.0125, "2015-12-31": 0.1453, "2014-12-31": -0.1611, "2013-12-31": 0.1534, "2012-12-31": 2.0044, "2011-12-31": -0.3494, "2010-12-31": -4.0188, "2009-12-31": 2.6318, "2008-12-31": -3.7469, "2007-12-31": 0.764, "2006-12-31": -3.2658, "2005-12-31": 9.4708}, "Free Cash Flow Per Share": {"2019-12-31": -0.1963, "2018-12-31": -0.4944, "2017-12-31": -0.0775, "2016-12-31": 0.9916, "2015-12-31": 0.0714, "2014-12-31": 0.1347, "2013-12-31": -0.077, "2012-12-31": 1.6738, "2011-12-31": -0.0281, "2010-12-31": -4.153, "2009-12-31": 2.7637, "2008-12-31": -2.4018, "2007-12-31": 1.1266, "2006-12-31": -3.4965, "2005-12-31": 7.5279}}, "financial ratios, quarterly": {"Current Ratio": {"2020-09-30": "", "2020-06-30": "", "2020-03-31": "", "2019-12-31": "", "2019-09-30": "", "2019-06-30": "", "2019-03-31": "", "2018-12-31": "", "2018-09-30": "", "2018-06-30": "", "2018-03-31": "", "2017-12-31": "", "2017-09-30": "", "2017-06-30": "", "2017-03-31": "", "2016-12-31": "", "2016-09-30": "", "2016-06-30": "", "2016-03-31": "", "2015-12-31": "", "2015-09-30": "", "2015-06-30": "", "2015-03-31": "", "2014-12-31": "", "2014-09-30": "", "2014-06-30": "", "2014-03-31": "", "2013-12-31": "", "2013-09-30": "", "2013-06-30": "", "2013-03-31": "", "2012-12-31": "", "2012-09-30": "", "2012-06-30": "", "2012-03-31": "", "2011-12-31": "", "2011-09-30": "", "2011-06-30": "", "2011-03-31": "", "2010-12-31": "", "2010-09-30": "", "2010-06-30": "", "2010-03-31": "", "2009-12-31": "", "2009-09-30": "", "2009-06-30": "", "2009-03-31": "", "2008-12-31": "", "2008-09-30": "", "2008-06-30": "", "2008-03-31": "", "2007-12-31": "", "2007-09-30": "", "2007-06-30": "", "2007-03-31": "", "2006-12-31": "", "2006-09-30": "", "2006-06-30": "", "2006-03-31": "", "2005-12-31": "", "2005-09-30": "", "2005-06-30": "", "2005-03-31": ""}, "Long-term Debt / Capital": {"2020-09-30": "0.57970", "2020-06-30": "0.60980", "2020-03-31": "0.63160", "2019-12-31": "0.62870", "2019-09-30": "0.63690", "2019-06-30": "0.63610", "2019-03-31": "0.63110", "2018-12-31": "0.63650", "2018-09-30": "0.62780", "2018-06-30": "0.63200", "2018-03-31": "0.62220", "2017-12-31": "0.62550", "2017-09-30": "0.62890", "2017-06-30": "0.58830", "2017-03-31": "0.59030", "2016-12-31": "0.59880", "2016-09-30": "0.58560", "2016-06-30": "0.58810", "2016-03-31": "0.53880", "2015-12-31": "0.55110", "2015-09-30": "0.57720", "2015-06-30": "0.55280", "2015-03-31": "0.55430", "2014-12-31": "0.56540", "2014-09-30": "0.57280", "2014-06-30": "0.57830", "2014-03-31": "0.58640", "2013-12-31": "0.43730", "2013-09-30": "0.40500", "2013-06-30": "0.40540", "2013-03-31": "0.41020", "2012-12-31": "0.40360", "2012-09-30": "0.40860", "2012-06-30": "0.38100", "2012-03-31": "0.39140", "2011-12-31": "0.40460", "2011-09-30": "0.40080", "2011-06-30": "0.39330", "2011-03-31": "0.24070", "2010-12-31": "0.23980", "2010-09-30": "0.24980", "2010-06-30": "0.27190", "2010-03-31": "0.21260", "2009-12-31": "0.14440", "2009-09-30": "0.20120", "2009-06-30": "0.20770", "2009-03-31": "0.21990", "2008-12-31": "0.22240", "2008-09-30": "0.26260", "2008-06-30": "0.25530", "2008-03-31": "0.25300", "2007-12-31": "0.25210", "2007-09-30": "0.27860", "2007-06-30": "0.24220", "2007-03-31": "0.24180", "2006-12-31": "0.22840", "2006-09-30": "0.23880", "2006-06-30": "0.24580", "2006-03-31": "0.23240", "2005-12-31": "0.23990", "2005-09-30": "0.22890", "2005-06-30": "0.23370", "2005-03-31": "0.23950"}, "Debt/Equity Ratio": {"2020-09-30": "1.39850", "2020-06-30": "1.56550", "2020-03-31": "1.79850", "2019-12-31": "1.75200", "2019-09-30": "1.82720", "2019-06-30": "1.84280", "2019-03-31": "1.75820", "2018-12-31": "1.77830", "2018-09-30": "1.71330", "2018-06-30": "1.76590", "2018-03-31": "1.69640", "2017-12-31": "1.73990", "2017-09-30": "1.78630", "2017-06-30": "1.56200", "2017-03-31": "1.56180", "2016-12-31": "1.59730", "2016-09-30": "1.49420", "2016-06-30": "1.46710", "2016-03-31": "1.20790", "2015-12-31": "1.27360", "2015-09-30": "1.41400", "2015-06-30": "1.28320", "2015-03-31": "1.25960", "2014-12-31": "1.31200", "2014-09-30": "1.36190", "2014-06-30": "1.40330", "2014-03-31": "1.46000", "2013-12-31": "0.80420", "2013-09-30": "0.68580", "2013-06-30": "0.68610", "2013-03-31": "0.69560", "2012-12-31": "0.67670", "2012-09-30": "0.69120", "2012-06-30": "0.61620", "2012-03-31": "0.67150", "2011-12-31": "0.72970", "2011-09-30": "0.71810", "2011-06-30": "0.66920", "2011-03-31": "0.34180", "2010-12-31": "0.46660", "2010-09-30": "0.35870", "2010-06-30": "0.39440", "2010-03-31": "0.26990", "2009-12-31": "0.18000", "2009-09-30": "0.25190", "2009-06-30": "0.26220", "2009-03-31": "0.28190", "2008-12-31": "0.28600", "2008-09-30": "0.35610", "2008-06-30": "0.34290", "2008-03-31": "0.33870", "2007-12-31": "0.33710", "2007-09-30": "0.38630", "2007-06-30": "0.31950", "2007-03-31": "0.31890", "2006-12-31": "0.29610", "2006-09-30": "0.31370", "2006-06-30": "0.32590", "2006-03-31": "0.30280", "2005-12-31": "0.31560", "2005-09-30": "0.29690", "2005-06-30": "0.30510", "2005-03-31": "0.31490"}, "Gross Margin": {"2020-09-30": "", "2020-06-30": "", "2020-03-31": "", "2019-12-31": "", "2019-09-30": "", "2019-06-30": "", "2019-03-31": "", "2018-12-31": "", "2018-09-30": "", "2018-06-30": "", "2018-03-31": "", "2017-12-31": "", "2017-09-30": "", "2017-06-30": "", "2017-03-31": "", "2016-12-31": "", "2016-09-30": "", "2016-06-30": "", "2016-03-31": "", "2015-12-31": "", "2015-09-30": "", "2015-06-30": "", "2015-03-31": "", "2014-12-31": "", "2014-09-30": "", "2014-06-30": "", "2014-03-31": "", "2013-12-31": "", "2013-09-30": "", "2013-06-30": "", "2013-03-31": "", "2012-12-31": "", "2012-09-30": "", "2012-06-30": "", "2012-03-31": "", "2011-12-31": "", "2011-09-30": "", "2011-06-30": "", "2011-03-31": "", "2010-12-31": "", "2010-09-30": "", "2010-06-30": "", "2010-03-31": "", "2009-12-31": "", "2009-09-30": "", "2009-06-30": "", "2009-03-31": "", "2008-12-31": "", "2008-09-30": "", "2008-06-30": "", "2008-03-31": "", "2007-12-31": "", "2007-09-30": "", "2007-06-30": "", "2007-03-31": "", "2006-12-31": "", "2006-09-30": "", "2006-06-30": "", "2006-03-31": "", "2005-12-31": "", "2005-09-30": "", "2005-06-30": "", "2005-03-31": ""}, "Operating Margin": {"2020-09-30": "16.75720", "2020-06-30": "19.05550", "2020-03-31": "15.11000", "2019-12-31": "13.32400", "2019-09-30": "16.47280", "2019-06-30": "3.17490", "2019-03-31": "5.07630", "2018-12-31": "7.13650", "2018-09-30": "13.23250", "2018-06-30": "18.35320", "2018-03-31": "9.98400", "2017-12-31": "14.39280", "2017-09-30": "12.89420", "2017-06-30": "16.53940", "2017-03-31": "7.40320", "2016-12-31": "12.12770", "2016-09-30": "16.36220", "2016-06-30": "15.27340", "2016-03-31": "12.83780", "2015-12-31": "7.04990", "2015-09-30": "17.05830", "2015-06-30": "15.72670", "2015-03-31": "13.50570", "2014-12-31": "10.46450", "2014-09-30": "21.16050", "2014-06-30": "11.20860", "2014-03-31": "4.54670", "2013-12-31": "-3.81870", "2013-09-30": "17.20820", "2013-06-30": "13.64470", "2013-03-31": "14.28760", "2012-12-31": "-2.13840", "2012-09-30": "14.98000", "2012-06-30": "17.35200", "2012-03-31": "12.62970", "2011-12-31": "-213.67540", "2011-09-30": "7.98980", "2011-06-30": "5.73440", "2011-03-31": "8.40260", "2010-12-31": "16.02280", "2010-09-30": "13.83990", "2010-06-30": "6.51860", "2010-03-31": "4.66560", "2009-12-31": "5.05130", "2009-09-30": "6.46790", "2009-06-30": "12.12650", "2009-03-31": "6.02500", "2008-12-31": "-6.64850", "2008-09-30": "0.05420", "2008-06-30": "3.77490", "2008-03-31": "4.19340", "2007-12-31": "-2.97590", "2007-09-30": "5.26580", "2007-06-30": "-3.70990", "2007-03-31": "8.50850", "2006-12-31": "9.18880", "2006-09-30": "8.59030", "2006-06-30": "3.41450", "2006-03-31": "6.74080", "2005-12-31": "9.15720", "2005-09-30": "12.63870", "2005-06-30": "13.31400", "2005-03-31": "9.01750"}, "EBIT Margin": {"2020-09-30": "16.75720", "2020-06-30": "19.05550", "2020-03-31": "15.11000", "2019-12-31": "13.32400", "2019-09-30": "16.47280", "2019-06-30": "3.17490", "2019-03-31": "5.07630", "2018-12-31": "7.13650", "2018-09-30": "13.23250", "2018-06-30": "18.35320", "2018-03-31": "9.98400", "2017-12-31": "14.39280", "2017-09-30": "12.89420", "2017-06-30": "16.53940", "2017-03-31": "7.40320", "2016-12-31": "12.12770", "2016-09-30": "16.36220", "2016-06-30": "15.27340", "2016-03-31": "12.83780", "2015-12-31": "7.04990", "2015-09-30": "17.05830", "2015-06-30": "15.72670", "2015-03-31": "13.50570", "2014-12-31": "10.46450", "2014-09-30": "21.16050", "2014-06-30": "11.20860", "2014-03-31": "4.54670", "2013-12-31": "-3.81870", "2013-09-30": "17.20820", "2013-06-30": "13.64470", "2013-03-31": "14.28760", "2012-12-31": "-2.13840", "2012-09-30": "14.98000", "2012-06-30": "17.35200", "2012-03-31": "12.62970", "2011-12-31": "-213.67540", "2011-09-30": "7.98980", "2011-06-30": "5.73440", "2011-03-31": "8.40260", "2010-12-31": "16.02280", "2010-09-30": "13.83990", "2010-06-30": "6.51860", "2010-03-31": "4.66560", "2009-12-31": "5.81010", "2009-09-30": "6.46790", "2009-06-30": "12.12650", "2009-03-31": "7.19290", "2008-12-31": "-5.44170", "2008-09-30": "1.21110", "2008-06-30": "4.70330", "2008-03-31": "5.49580", "2007-12-31": "-1.42660", "2007-09-30": "6.34470", "2007-06-30": "-2.80650", "2007-03-31": "9.41720", "2006-12-31": "10.21200", "2006-09-30": "9.41130", "2006-06-30": "4.17300", "2006-03-31": "7.55080", "2005-12-31": "9.80110", "2005-09-30": "13.36040", "2005-06-30": "13.87560", "2005-03-31": "9.76320"}, "EBITDA Margin": {"2020-09-30": "", "2020-06-30": "", "2020-03-31": "", "2019-12-31": "", "2019-09-30": "", "2019-06-30": "", "2019-03-31": "", "2018-12-31": "", "2018-09-30": "", "2018-06-30": "", "2018-03-31": "", "2017-12-31": "", "2017-09-30": "", "2017-06-30": "", "2017-03-31": "", "2016-12-31": "", "2016-09-30": "", "2016-06-30": "", "2016-03-31": "", "2015-12-31": "", "2015-09-30": "", "2015-06-30": "", "2015-03-31": "", "2014-12-31": "", "2014-09-30": "", "2014-06-30": "", "2014-03-31": "", "2013-12-31": "", "2013-09-30": "", "2013-06-30": "", "2013-03-31": "", "2012-12-31": "", "2012-09-30": "", "2012-06-30": "", "2012-03-31": "", "2011-12-31": "", "2011-09-30": "", "2011-06-30": "", "2011-03-31": "", "2010-12-31": "", "2010-09-30": "", "2010-06-30": "", "2010-03-31": "", "2009-12-31": "", "2009-09-30": "", "2009-06-30": "", "2009-03-31": "", "2008-12-31": "", "2008-09-30": "", "2008-06-30": "", "2008-03-31": "", "2007-12-31": "", "2007-09-30": "", "2007-06-30": "", "2007-03-31": "", "2006-12-31": "", "2006-09-30": "", "2006-06-30": "", "2006-03-31": "", "2005-12-31": "", "2005-09-30": "", "2005-06-30": "", "2005-03-31": ""}, "Pre-Tax Profit Margin": {"2020-09-30": "21.05110", "2020-06-30": "16.85450", "2020-03-31": "10.41820", "2019-12-31": "9.92310", "2019-09-30": "11.34030", "2019-06-30": "-4.54130", "2019-03-31": "0.76920", "2018-12-31": "5.62770", "2018-09-30": "9.63590", "2018-06-30": "14.94710", "2018-03-31": "6.16270", "2017-12-31": "10.16870", "2017-09-30": "8.88120", "2017-06-30": "12.67930", "2017-03-31": "4.47990", "2016-12-31": "1.81530", "2016-09-30": "9.79530", "2016-06-30": "12.12090", "2016-03-31": "9.57060", "2015-12-31": "11.86180", "2015-09-30": "12.13900", "2015-06-30": "11.07550", "2015-03-31": "10.19730", "2014-12-31": "5.70080", "2014-09-30": "16.44020", "2014-06-30": "8.67070", "2014-03-31": "-1.58880", "2013-12-31": "-6.53730", "2013-09-30": "16.11860", "2013-06-30": "10.38220", "2013-03-31": "11.17500", "2012-12-31": "-4.07360", "2012-09-30": "10.83630", "2012-06-30": "13.60590", "2012-03-31": "9.13880", "2011-12-31": "-453.02330", "2011-09-30": "2.66990", "2011-06-30": "17.37560", "2011-03-31": "15.77300", "2010-12-31": "3.38320", "2010-09-30": "12.22160", "2010-06-30": "2.91870", "2010-03-31": "3.88290", "2009-12-31": "5.05130", "2009-09-30": "4.98200", "2009-06-30": "10.67890", "2009-03-31": "6.02500", "2008-12-31": "-6.64850", "2008-09-30": "0.05420", "2008-06-30": "3.77490", "2008-03-31": "4.19340", "2007-12-31": "-2.97590", "2007-09-30": "5.26580", "2007-06-30": "-3.70990", "2007-03-31": "8.50860", "2006-12-31": "9.18890", "2006-09-30": "8.59030", "2006-06-30": "3.41450", "2006-03-31": "6.74080", "2005-12-31": "9.15710", "2005-09-30": "12.63880", "2005-06-30": "13.31400", "2005-03-31": "9.01750"}, "Net Profit Margin": {"2020-09-30": "25.90770", "2020-06-30": "12.35800", "2020-03-31": "7.61890", "2019-12-31": "5.90520", "2019-09-30": "6.17270", "2019-06-30": "-1.21250", "2019-03-31": "0.40390", "2018-12-31": "3.12660", "2018-09-30": "4.96960", "2018-06-30": "11.98110", "2018-03-31": "6.35810", "2017-12-31": "14.24840", "2017-09-30": "6.36560", "2017-06-30": "8.70500", "2017-03-31": "3.50980", "2016-12-31": "0.75470", "2016-09-30": "6.69330", "2016-06-30": "8.08070", "2016-03-31": "6.05900", "2015-12-31": "9.64680", "2015-09-30": "7.28910", "2015-06-30": "8.49430", "2015-03-31": "7.99920", "2014-12-31": "4.24410", "2014-09-30": "12.33870", "2014-06-30": "4.36890", "2014-03-31": "-0.85620", "2013-12-31": "-3.54370", "2013-09-30": "12.24460", "2013-06-30": "12.50710", "2013-03-31": "10.13220", "2012-12-31": "8.33160", "2012-09-30": "9.35180", "2012-06-30": "10.95560", "2012-03-31": "4.64420", "2011-12-31": "-130.12310", "2011-09-30": "-30.76230", "2011-06-30": "9.58680", "2011-03-31": "7.35290", "2010-12-31": "-11.82850", "2010-09-30": "-28.29510", "2010-06-30": "5.93950", "2010-03-31": "7.39370", "2009-12-31": "2.54620", "2009-09-30": "11.78430", "2009-06-30": "14.05640", "2009-03-31": "2.61470", "2008-12-31": "-4.95350", "2008-09-30": "-0.54910", "2008-06-30": "1.16350", "2008-03-31": "1.76710", "2007-12-31": "-3.56120", "2007-09-30": "2.27130", "2007-06-30": "-3.06200", "2007-03-31": "3.95140", "2006-12-31": "4.75400", "2006-09-30": "4.15650", "2006-06-30": "1.17520", "2006-03-31": "3.38460", "2005-12-31": "5.11300", "2005-09-30": "6.82560", "2005-06-30": "6.96980", "2005-03-31": "4.64430"}, "Asset Turnover": {"2020-09-30": "0.09940", "2020-06-30": "0.11470", "2020-03-31": "0.10700", "2019-12-31": "0.12250", "2019-09-30": "0.09080", "2019-06-30": "0.11070", "2019-03-31": "0.09910", "2018-12-31": "0.09670", "2018-09-30": "0.10910", "2018-06-30": "0.11750", "2018-03-31": "0.10940", "2017-12-31": "0.11140", "2017-09-30": "0.11670", "2017-06-30": "0.11920", "2017-03-31": "0.11220", "2016-12-31": "0.12150", "2016-09-30": "0.13060", "2016-06-30": "0.12440", "2016-03-31": "0.12580", "2015-12-31": "0.10640", "2015-09-30": "0.10730", "2015-06-30": "0.10960", "2015-03-31": "0.10500", "2014-12-31": "0.09830", "2014-09-30": "0.10280", "2014-06-30": "0.09890", "2014-03-31": "0.08770", "2013-12-31": "0.12260", "2013-09-30": "0.11560", "2013-06-30": "0.11510", "2013-03-31": "0.11010", "2012-12-31": "0.05820", "2012-09-30": "0.13820", "2012-06-30": "0.12650", "2012-03-31": "0.11540", "2011-12-31": "0.00550", "2011-09-30": "0.11160", "2011-06-30": "0.10070", "2011-03-31": "0.10770", "2010-12-31": "0.04370", "2010-09-30": "0.09740", "2010-06-30": "0.11480", "2010-03-31": "0.04660", "2009-12-31": "0.16890", "2009-09-30": "0.05450", "2009-06-30": "0.05840", "2009-03-31": "0.15970", "2008-12-31": "0.15330", "2008-09-30": "0.17370", "2008-06-30": "0.18990", "2008-03-31": "0.18930", "2007-12-31": "0.21920", "2007-09-30": "0.23350", "2007-06-30": "0.25060", "2007-03-31": "0.25050", "2006-12-31": "0.26590", "2006-09-30": "0.27120", "2006-06-30": "0.27850", "2006-03-31": "0.26830", "2005-12-31": "0.29590", "2005-09-30": "0.29270", "2005-06-30": "0.28200", "2005-03-31": "0.26050"}, "Inventory Turnover Ratio": {"2020-09-30": "", "2020-06-30": "", "2020-03-31": "", "2019-12-31": "", "2019-09-30": "", "2019-06-30": "", "2019-03-31": "", "2018-12-31": "", "2018-09-30": "", "2018-06-30": "", "2018-03-31": "", "2017-12-31": "", "2017-09-30": "", "2017-06-30": "", "2017-03-31": "", "2016-12-31": "", "2016-09-30": "", "2016-06-30": "", "2016-03-31": "", "2015-12-31": "", "2015-09-30": "", "2015-06-30": "", "2015-03-31": "", "2014-12-31": "", "2014-09-30": "", "2014-06-30": "", "2014-03-31": "", "2013-12-31": "", "2013-09-30": "", "2013-06-30": "", "2013-03-31": "", "2012-12-31": "", "2012-09-30": "", "2012-06-30": "", "2012-03-31": "", "2011-12-31": "", "2011-09-30": "", "2011-06-30": "", "2011-03-31": "", "2010-12-31": "", "2010-09-30": "", "2010-06-30": "", "2010-03-31": "", "2009-12-31": "", "2009-09-30": "", "2009-06-30": "", "2009-03-31": "", "2008-12-31": "", "2008-09-30": "", "2008-06-30": "", "2008-03-31": "", "2007-12-31": "", "2007-09-30": "", "2007-06-30": "", "2007-03-31": "", "2006-12-31": "", "2006-09-30": "", "2006-06-30": "", "2006-03-31": "", "2005-12-31": "", "2005-09-30": "", "2005-06-30": "", "2005-03-31": ""}, "Receiveable Turnover": {"2020-09-30": "", "2020-06-30": "", "2020-03-31": "", "2019-12-31": "", "2019-09-30": "", "2019-06-30": "", "2019-03-31": "", "2018-12-31": "", "2018-09-30": "", "2018-06-30": "", "2018-03-31": "", "2017-12-31": "", "2017-09-30": "", "2017-06-30": "", "2017-03-31": "", "2016-12-31": "", "2016-09-30": "", "2016-06-30": "", "2016-03-31": "", "2015-12-31": "", "2015-09-30": "", "2015-06-30": "", "2015-03-31": "", "2014-12-31": "", "2014-09-30": "", "2014-06-30": "", "2014-03-31": "", "2013-12-31": "", "2013-09-30": "", "2013-06-30": "", "2013-03-31": "", "2012-12-31": "", "2012-09-30": "", "2012-06-30": "", "2012-03-31": "", "2011-12-31": "", "2011-09-30": "", "2011-06-30": "", "2011-03-31": "", "2010-12-31": "", "2010-09-30": "", "2010-06-30": "", "2010-03-31": "", "2009-12-31": "", "2009-09-30": "", "2009-06-30": "", "2009-03-31": "", "2008-12-31": "", "2008-09-30": "", "2008-06-30": "", "2008-03-31": "", "2007-12-31": "", "2007-09-30": "", "2007-06-30": "", "2007-03-31": "", "2006-12-31": "", "2006-09-30": "", "2006-06-30": "", "2006-03-31": "", "2005-12-31": "", "2005-09-30": "", "2005-06-30": "", "2005-03-31": ""}, "Days Sales In Receivables": {"2020-09-30": "", "2020-06-30": "", "2020-03-31": "", "2019-12-31": "", "2019-09-30": "", "2019-06-30": "", "2019-03-31": "", "2018-12-31": "", "2018-09-30": "", "2018-06-30": "", "2018-03-31": "", "2017-12-31": "", "2017-09-30": "", "2017-06-30": "", "2017-03-31": "", "2016-12-31": "", "2016-09-30": "", "2016-06-30": "", "2016-03-31": "", "2015-12-31": "", "2015-09-30": "", "2015-06-30": "", "2015-03-31": "", "2014-12-31": "", "2014-09-30": "", "2014-06-30": "", "2014-03-31": "", "2013-12-31": "", "2013-09-30": "", "2013-06-30": "", "2013-03-31": "", "2012-12-31": "", "2012-09-30": "", "2012-06-30": "", "2012-03-31": "", "2011-12-31": "", "2011-09-30": "", "2011-06-30": "", "2011-03-31": "", "2010-12-31": "", "2010-09-30": "", "2010-06-30": "", "2010-03-31": "", "2009-12-31": "", "2009-09-30": "", "2009-06-30": "", "2009-03-31": "", "2008-12-31": "", "2008-09-30": "", "2008-06-30": "", "2008-03-31": "", "2007-12-31": "", "2007-09-30": "", "2007-06-30": "", "2007-03-31": "", "2006-12-31": "", "2006-09-30": "", "2006-06-30": "", "2006-03-31": "", "2005-12-31": "", "2005-09-30": "", "2005-06-30": "", "2005-03-31": ""}, "ROE - Return On Equity": {"2020-09-30": "9.12650", "2020-06-30": "5.88800", "2020-03-31": "3.64680", "2019-12-31": "4.09720", "2019-09-30": "3.39470", "2019-06-30": "-0.57930", "2019-03-31": "0.17340", "2018-12-31": "1.30160", "2018-09-30": "2.18760", "2018-06-30": "5.71470", "2018-03-31": "2.81370", "2017-12-31": "6.43090", "2017-09-30": "3.06400", "2017-06-30": "3.91970", "2017-03-31": "1.25100", "2016-12-31": "0.59640", "2016-09-30": "3.33160", "2016-06-30": "3.64100", "2016-03-31": "2.51510", "2015-12-31": "3.63490", "2015-09-30": "2.89460", "2015-06-30": "3.26000", "2015-03-31": "2.86890", "2014-12-31": "1.65940", "2014-09-30": "4.83520", "2014-06-30": "2.56820", "2014-03-31": "-0.27900", "2013-12-31": "-0.64390", "2013-09-30": "3.77310", "2013-06-30": "2.78080", "2013-03-31": "2.78810", "2012-12-31": "-0.92610", "2012-09-30": "3.14510", "2012-06-30": "3.19040", "2012-03-31": "2.26980", "2011-12-31": "-3.03140", "2011-09-30": "-0.22790", "2011-06-30": "2.87070", "2011-03-31": "1.46190", "2010-12-31": "-0.33100", "2010-09-30": "4.01590", "2010-06-30": "0.60760", "2010-03-31": "0.62690", "2009-12-31": "1.54610", "2009-09-30": "0.87430", "2009-06-30": "1.56390", "2009-03-31": "1.60900", "2008-12-31": "-1.70390", "2008-09-30": "0.06380", "2008-06-30": "1.23440", "2008-03-31": "1.59160", "2007-12-31": "1.47390", "2007-09-30": "1.56140", "2007-06-30": "-2.12300", "2007-03-31": "2.57670", "2006-12-31": "3.24700", "2006-09-30": "2.86550", "2006-06-30": "0.82720", "2006-03-31": "2.22260", "2005-12-31": "3.82420", "2005-09-30": "5.02380", "2005-06-30": "4.94240", "2005-03-31": "2.96180"}, "Return On Tangible Equity": {"2020-09-30": "-5.61490", "2020-06-30": "-2.84050", "2020-03-31": "-1.58050", "2019-12-31": "-1.92960", "2019-09-30": "-1.45540", "2019-06-30": "0.25480", "2019-03-31": "-0.07980", "2018-12-31": "-0.59630", "2018-09-30": "-1.08240", "2018-06-30": "-2.77120", "2018-03-31": "-1.38690", "2017-12-31": "-3.16520", "2017-09-30": "-1.49750", "2017-06-30": "-2.22960", "2017-03-31": "-0.67000", "2016-12-31": "-0.31300", "2016-09-30": "-1.93860", "2016-06-30": "-2.21200", "2016-03-31": "-1.87530", "2015-12-31": "-2.52290", "2015-09-30": "-1.96260", "2015-06-30": "-2.49050", "2015-03-31": "-2.20730", "2014-12-31": "-1.22120", "2014-09-30": "-3.67720", "2014-06-30": "-1.97940", "2014-03-31": "0.21310", "2013-12-31": "0.72320", "2013-09-30": "-4.84770", "2013-06-30": "-3.95370", "2013-03-31": "-3.64940", "2012-12-31": "1.60130", "2012-09-30": "-4.61730", "2012-06-30": "-6.41860", "2012-03-31": "-4.36620", "2011-12-31": "5.42370", "2011-09-30": "0.43220", "2011-06-30": "-5.50810", "2011-03-31": "-7.51840", "2010-12-31": "7.75850", "2010-09-30": "-11.21100", "2010-06-30": "-1.52440", "2010-03-31": "-5.54790", "2009-12-31": "3.55210", "2009-09-30": "96.35310", "2009-06-30": "-209.54260", "2009-03-31": "-33.00200", "2008-12-31": "29.88540", "2008-09-30": "-0.26390", "2008-06-30": "-5.66360", "2008-03-31": "-7.59600", "2007-12-31": "-7.65910", "2007-09-30": "-9.39440", "2007-06-30": "16.61210", "2007-03-31": "-39.54630", "2006-12-31": "316.18180", "2006-09-30": "372.68920", "2006-06-30": "-438.24150", "2006-03-31": "46.30700", "2005-12-31": "90.56510", "2005-09-30": "25.95420", "2005-06-30": "27.38060", "2005-03-31": "17.50860"}, "ROA - Return On Assets": {"2020-09-30": "2.33230", "2020-06-30": "1.41720", "2020-03-31": "0.81510", "2019-12-31": "0.93700", "2019-09-30": "0.76520", "2019-06-30": "-0.13310", "2019-03-31": "0.04110", "2018-12-31": "0.31240", "2018-09-30": "0.54410", "2018-06-30": "1.40810", "2018-03-31": "0.69730", "2017-12-31": "1.58960", "2017-09-30": "0.74470", "2017-06-30": "1.03550", "2017-03-31": "0.32420", "2016-12-31": "0.15310", "2016-09-30": "0.89750", "2016-06-30": "1.00570", "2016-03-31": "0.76350", "2015-12-31": "1.03840", "2015-09-30": "0.79500", "2015-06-30": "0.94460", "2015-03-31": "0.84910", "2014-12-31": "0.47860", "2014-09-30": "1.40210", "2014-06-30": "0.72910", "2014-03-31": "-0.07830", "2013-12-31": "-0.22390", "2013-09-30": "1.40780", "2013-06-30": "1.05720", "2013-03-31": "1.05010", "2012-12-31": "-0.35780", "2012-09-30": "1.21990", "2012-06-30": "1.33630", "2012-03-31": "0.93330", "2011-12-31": "-1.21000", "2011-09-30": "-0.09260", "2011-06-30": "1.23520", "2011-03-31": "0.76320", "2010-12-31": "-0.15810", "2010-09-30": "1.75390", "2010-06-30": "0.26570", "2010-03-31": "0.23480", "2009-12-31": "0.55480", "2009-09-30": "0.36640", "2009-06-30": "0.65010", "2009-03-31": "0.63690", "2008-12-31": "-0.65490", "2008-09-30": "0.02120", "2008-06-30": "0.41410", "2008-03-31": "0.54160", "2007-12-31": "0.50870", "2007-09-30": "0.53030", "2007-06-30": "-0.76720", "2007-03-31": "0.98980", "2006-12-31": "1.26420", "2006-09-30": "1.12710", "2006-06-30": "0.32730", "2006-03-31": "0.90810", "2005-12-31": "1.51270", "2005-09-30": "1.99770", "2005-06-30": "1.96520", "2005-03-31": "1.20980"}, "ROI - Return On Investment": {"2020-09-30": "3.83550", "2020-06-30": "2.29730", "2020-03-31": "1.34340", "2019-12-31": "1.52130", "2019-09-30": "1.23260", "2019-06-30": "-0.21080", "2019-03-31": "0.06400", "2018-12-31": "0.47310", "2018-09-30": "0.81410", "2018-06-30": "2.10300", "2018-03-31": "1.06290", "2017-12-31": "2.40830", "2017-09-30": "1.13720", "2017-06-30": "1.61390", "2017-03-31": "0.51250", "2016-12-31": "0.23930", "2016-09-30": "1.38050", "2016-06-30": "1.49980", "2016-03-31": "1.16010", "2015-12-31": "1.63190", "2015-09-30": "1.22380", "2015-06-30": "1.45790", "2015-03-31": "1.27860", "2014-12-31": "0.72120", "2014-09-30": "2.06570", "2014-06-30": "1.08290", "2014-03-31": "-0.11540", "2013-12-31": "-0.36230", "2013-09-30": "2.24520", "2013-06-30": "1.65350", "2013-03-31": "1.64440", "2012-12-31": "-0.55230", "2012-09-30": "1.86000", "2012-06-30": "1.97500", "2012-03-31": "1.38150", "2011-12-31": "-1.80480", "2011-09-30": "-0.13660", "2011-06-30": "1.74180", "2011-03-31": "1.11000", "2010-12-31": "-0.25170", "2010-09-30": "3.01260", "2010-06-30": "0.44240", "2010-03-31": "0.49370", "2009-12-31": "1.32280", "2009-09-30": "0.69840", "2009-06-30": "1.23910", "2009-03-31": "1.25520", "2008-12-31": "-1.32490", "2008-09-30": "0.04710", "2008-06-30": "0.91920", "2008-03-31": "1.18890", "2007-12-31": "1.10240", "2007-09-30": "1.12640", "2007-06-30": "-1.60890", "2007-03-31": "1.95370", "2006-12-31": "2.50530", "2006-09-30": "2.18130", "2006-06-30": "0.62390", "2006-03-31": "1.70600", "2005-12-31": "2.90690", "2005-09-30": "3.87370", "2005-06-30": "3.78710", "2005-03-31": "2.25250"}, "Book Value Per Share": {"2020-09-30": "14.11450", "2020-06-30": "12.61180", "2020-03-31": "11.67340", "2019-12-31": "12.04490", "2019-09-30": "11.73130", "2019-06-30": "11.89890", "2019-03-31": "12.39280", "2018-12-31": "12.49190", "2018-09-30": "12.78660", "2018-06-30": "12.65370", "2018-03-31": "12.34760", "2017-12-31": "12.46060", "2017-09-30": "12.21430", "2017-06-30": "12.46270", "2017-03-31": "12.00350", "2016-12-31": "11.88820", "2016-09-30": "12.51270", "2016-06-30": "12.57470", "2016-03-31": "12.32410", "2015-12-31": "11.89520", "2015-09-30": "11.22760", "2015-06-30": "11.45580", "2015-03-31": "11.39970", "2014-12-31": "11.35140", "2014-09-30": "11.55240", "2014-06-30": "11.52270", "2014-03-31": "11.37290", "2013-12-31": "11.44470", "2013-09-30": "12.28130", "2013-06-30": "12.02510", "2013-03-31": "11.88110", "2012-12-31": "11.98540", "2012-09-30": "11.80080", "2012-06-30": "12.25070", "2012-03-31": "11.94540", "2011-12-31": "11.68360", "2011-09-30": "11.91580", "2011-06-30": "13.19250", "2011-03-31": "13.34030", "2010-12-31": "13.37800", "2010-09-30": "12.64970", "2010-06-30": "13.38110", "2010-03-31": "30.81230", "2009-12-31": "30.68520", "2009-09-30": "38.58980", "2009-06-30": "38.14470", "2009-03-31": "36.65290", "2008-12-31": "36.41480", "2008-09-30": "31.31260", "2008-06-30": "32.13800", "2008-03-31": "32.33560", "2007-12-31": "32.50380", "2007-09-30": "32.39200", "2007-06-30": "32.46270", "2007-03-31": "33.59610", "2006-12-31": "33.18740", "2006-09-30": "32.87270", "2006-06-30": "32.00260", "2006-03-31": "31.84280", "2005-12-31": "31.35540", "2005-09-30": "30.77860", "2005-06-30": "29.45730", "2005-03-31": "28.20890"}, "Operating Cash Flow Per Share": {"2020-09-30": 2.1336, "2020-06-30": 1.6133, "2020-03-31": "1.40160", "2019-12-31": 1.4415, "2019-09-30": 1.5552, "2019-06-30": 0.704, "2019-03-31": "0.79460", "2018-12-31": 1.24, "2018-09-30": 1.276, "2018-06-30": 0.5902, "2018-03-31": "1.21000", "2017-12-31": 1.3265, "2017-09-30": 1.5732, "2017-06-30": 0.5195, "2017-03-31": "1.10790", "2016-12-31": 1.0881, "2016-09-30": 1.6265, "2016-06-30": 0.9611, "2016-03-31": "0.96450", "2015-12-31": 0.8316, "2015-09-30": 1.4136, "2015-06-30": 0.9409, "2015-03-31": "0.44160", "2014-12-31": 1.2143, "2014-09-30": 0.8117, "2014-06-30": 1.2743, "2014-03-31": "0.18210", "2013-12-31": 0.9461, "2013-09-30": 0.9975, "2013-06-30": 0.7805, "2013-03-31": "0.91940", "2012-12-31": 0.8864, "2012-09-30": 0.7951, "2012-06-30": 1.2027, "2012-03-31": "0.60590", "2011-12-31": 0.9611, "2011-09-30": 0.143, "2011-06-30": 0.187, "2011-03-31": "0.19460", "2010-12-31": 1.001, "2010-09-30": 0.7348, "2010-06-30": 0.1618, "2010-03-31": "-0.06250", "2009-12-31": 1.481, "2009-09-30": 1.8788, "2009-06-30": 2.4395, "2009-03-31": "-0.19520", "2008-12-31": 2.8606, "2008-09-30": 1.2399, "2008-06-30": 0.772, "2008-03-31": "-1.66380", "2007-12-31": 2.1563, "2007-09-30": 2.6151, "2007-06-30": 2.0617, "2007-03-31": "0.13590", "2006-12-31": 1.9442, "2006-09-30": 3.176, "2006-06-30": 1.6959, "2006-03-31": "-0.61110", "2005-12-31": 2.9892, "2005-09-30": 3.1145, "2005-06-30": 2.7735, "2005-03-31": "0.59360"}, "Free Cash Flow Per Share": {"2020-09-30": 2.035, "2020-06-30": 1.396, "2020-03-31": "1.22390", "2019-12-31": 0.9639, "2019-09-30": 1.4583, "2019-06-30": 0.4439, "2019-03-31": "0.49900", "2018-12-31": 0.9829, "2018-09-30": 1.0352, "2018-06-30": 0.4521, "2018-03-31": "1.09120", "2017-12-31": 1.1868, "2017-09-30": 1.4732, "2017-06-30": 0.3883, "2017-03-31": "1.00750", "2016-12-31": 0.9751, "2016-09-30": 1.542, "2016-06-30": 0.7607, "2016-03-31": "0.85550", "2015-12-31": 0.6774, "2015-09-30": 1.3181, "2015-06-30": 0.8297, "2015-03-31": "0.31650", "2014-12-31": 1.0542, "2014-09-30": 0.8419, "2014-06-30": 1.1389, "2014-03-31": "0.03530", "2013-12-31": 0.772, "2013-09-30": 0.8178, "2013-06-30": 0.6086, "2013-03-31": "0.73720", "2012-12-31": 0.7668, "2012-09-30": 0.6542, "2012-06-30": 1.1112, "2012-03-31": "0.48040", "2011-12-31": 1.1259, "2011-09-30": 0.04, "2011-06-30": 0.0619, "2011-03-31": "0.11100", "2010-12-31": 0.921, "2010-09-30": 0.6032, "2010-06-30": 0.1061, "2010-03-31": "-0.26340", "2009-12-31": 1.5417, "2009-09-30": 1.7335, "2009-06-30": 2.3128, "2009-03-31": "-0.30360", "2008-12-31": 3.4079, "2008-09-30": 0.924, "2008-06-30": 0.5317, "2008-03-31": "-2.11880", "2007-12-31": 1.8875, "2007-09-30": 2.1083, "2007-06-30": 1.5855, "2007-03-31": "-0.42330", "2006-12-31": 1.3512, "2006-09-30": 2.5066, "2006-06-30": 1.1743, "2006-03-31": "-1.00070", "2005-12-31": 2.357, "2005-09-30": 2.7614, "2005-06-30": 2.2671, "2005-03-31": "0.14240"}}, "revenue": {"CoreLogic Annual Revenue (Millions of US $)": {"2019": "$1,762", "2018": "$1,788", "2017": "$1,851", "2016": "$1,953", "2015": "$1,528", "2014": "$1,405", "2013": "$1,404", "2012": "$1,333", "2011": "$1,010", "2010": "$1,280", "2009": "$1,330", "2008": "$1,543", "2007": "$8,222", "2006": "$8,534", "2005": "$8,105"}, "CoreLogic Quarterly Revenue (Millions of US $)": {"2020-09-30": "$437", "2020-06-30": "$477", "2020-03-31": "$444", "2019-12-31": "$509", "2019-09-30": "$376", "2019-06-30": "$460", "2019-03-31": "$418", "2018-12-31": "$403", "2018-09-30": "$452", "2018-06-30": "$488", "2018-03-31": "$445", "2017-12-31": "$454", "2017-09-30": "$483", "2017-06-30": "$474", "2017-03-31": "$440", "2016-12-31": "$475", "2016-09-30": "$524", "2016-06-30": "$500", "2016-03-31": "$454", "2015-12-31": "$391", "2015-09-30": "$386", "2015-06-30": "$386", "2015-03-31": "$365", "2014-12-31": "$346", "2014-09-30": "$367", "2014-06-30": "$366", "2014-03-31": "$326", "2013-12-31": "$368", "2013-09-30": "$357", "2013-06-30": "$348", "2013-03-31": "$331", "2012-12-31": "$176", "2012-09-30": "$410", "2012-06-30": "$389", "2012-03-31": "$358", "2011-12-31": "$17", "2011-09-30": "$348", "2011-06-30": "$328", "2011-03-31": "$316", "2010-12-31": "$141", "2010-09-30": "$330", "2010-06-30": "$411", "2010-03-31": "$398", "2009-12-31": "$1,492", "2009-09-30": "$470", "2009-06-30": "$500", "2009-03-31": "$1,378", "2008-12-31": "$1,351", "2008-09-30": "$1,519", "2008-06-30": "$1,685", "2008-03-31": "$1,659", "2007-12-31": "$1,895", "2007-09-30": "$2,051", "2007-06-30": "$2,155", "2007-03-31": "$2,120", "2006-12-31": "$2,187", "2006-09-30": "$2,176", "2006-06-30": "$2,168", "2006-03-31": "$2,003", "2005-12-31": "$2,248", "2005-09-30": "$2,168", "2005-06-30": "$1,984", "2005-03-31": "$1,704"}}, "gross-profit": {"CoreLogic Annual Gross Profit (Millions of US $)": {"2019": "$882", "2018": "$867", "2017": "$876", "2016": "$909", "2015": "$752", "2014": "$665", "2013": "$687", "2012": "$664", "2011": "$492", "2010": "$596", "2009": "$1,040", "2008": "$1,121", "2007": "$6,111", "2006": "$6,129", "2005": "$5,806"}, "CoreLogic Quarterly Gross Profit (Millions of US $)": {"2020-09-30": "$283", "2020-06-30": "$263", "2020-03-31": "$228", "2019-12-31": "$240", "2019-09-30": "$211", "2019-06-30": "$232", "2019-03-31": "$199", "2018-12-31": "$191", "2018-09-30": "$221", "2018-06-30": "$249", "2018-03-31": "$206", "2017-12-31": "$225", "2017-09-30": "$239", "2017-06-30": "$225", "2017-03-31": "$188", "2016-12-31": "$217", "2016-09-30": "$248", "2016-06-30": "$235", "2016-03-31": "$208", "2015-12-31": "$183", "2015-09-30": "$194", "2015-06-30": "$196", "2015-03-31": "$179", "2014-12-31": "$170", "2014-09-30": "$182", "2014-06-30": "$174", "2014-03-31": "$138", "2013-12-31": "$165", "2013-09-30": "$179", "2013-06-30": "$180", "2013-03-31": "$164", "2012-12-31": "$123", "2012-09-30": "$197", "2012-06-30": "$184", "2012-03-31": "$160", "2011-12-31": "$-289", "2011-09-30": "$270", "2011-06-30": "$259", "2011-03-31": "$252", "2010-12-31": "$-213", "2010-09-30": "$254", "2010-06-30": "$284", "2010-03-31": "$272", "2009-12-31": "$1,136", "2009-09-30": "$330", "2009-06-30": "$343", "2009-03-31": "$1,138", "2008-12-31": "$1,065", "2008-09-30": "$1,172", "2008-06-30": "$1,308", "2008-03-31": "$1,295", "2007-12-31": "$1,411", "2007-09-30": "$1,504", "2007-06-30": "$1,627", "2007-03-31": "$1,568", "2006-12-31": "$1,583", "2006-09-30": "$1,558", "2006-06-30": "$1,577", "2006-03-31": "$1,411", "2005-12-31": "$1,582", "2005-09-30": "$1,561", "2005-06-30": "$1,444", "2005-03-31": "$1,219"}}, "operating-income": {"CoreLogic Annual Operating Income (Millions of US $)": {"2019": "$166", "2018": "$223", "2017": "$239", "2016": "$278", "2015": "$203", "2014": "$170", "2013": "$142", "2012": "$170", "2011": "$37", "2010": "$114", "2009": "$109", "2008": "$67", "2007": "$152", "2006": "$597", "2005": "$898"}, "CoreLogic Quarterly Operating Income (Millions of US $)": {"2020-09-30": "$73", "2020-06-30": "$91", "2020-03-31": "$67", "2019-12-31": "$68", "2019-09-30": "$62", "2019-06-30": "$15", "2019-03-31": "$21", "2018-12-31": "$29", "2018-09-30": "$60", "2018-06-30": "$90", "2018-03-31": "$44", "2017-12-31": "$65", "2017-09-30": "$62", "2017-06-30": "$78", "2017-03-31": "$33", "2016-12-31": "$58", "2016-09-30": "$86", "2016-06-30": "$76", "2016-03-31": "$58", "2015-12-31": "$28", "2015-09-30": "$66", "2015-06-30": "$61", "2015-03-31": "$49", "2014-12-31": "$36", "2014-09-30": "$78", "2014-06-30": "$41", "2014-03-31": "$15", "2013-12-31": "$-14", "2013-09-30": "$61", "2013-06-30": "$48", "2013-03-31": "$47", "2012-12-31": "$-4", "2012-09-30": "$61", "2012-06-30": "$68", "2012-03-31": "$45", "2011-12-31": "$-36", "2011-09-30": "$28", "2011-06-30": "$19", "2011-03-31": "$27", "2010-12-31": "$23", "2010-09-30": "$46", "2010-06-30": "$27", "2010-03-31": "$19", "2009-12-31": "$75", "2009-09-30": "$30", "2009-06-30": "$61", "2009-03-31": "$83", "2008-12-31": "$-90", "2008-09-30": "$1", "2008-06-30": "$64", "2008-03-31": "$70", "2007-12-31": "$-56", "2007-09-30": "$108", "2007-06-30": "$-80", "2007-03-31": "$180", "2006-12-31": "$201", "2006-09-30": "$187", "2006-06-30": "$74", "2006-03-31": "$135", "2005-12-31": "$206", "2005-09-30": "$274", "2005-06-30": "$264", "2005-03-31": "$154"}}, "ebitda": {"CoreLogic Annual EBITDA (Millions of US $)": {"2019": "$374", "2018": "$420", "2017": "$422", "2016": "$456", "2015": "$360", "2014": "$320", "2013": "$268", "2012": "$288", "2011": "$145", "2010": "$209", "2009": "$223", "2008": "$204", "2007": "$475", "2006": "$877", "2005": "$1,109"}, "CoreLogic Quarterly EBITDA (Millions of US $)": {"2020-09-30": "$115", "2020-06-30": "$143", "2020-03-31": "$119", "2019-12-31": "$128", "2019-09-30": "$103", "2019-06-30": "$67", "2019-03-31": "$76", "2018-12-31": "$80", "2018-09-30": "$110", "2018-06-30": "$138", "2018-03-31": "$92", "2017-12-31": "$113", "2017-09-30": "$109", "2017-06-30": "$123", "2017-03-31": "$77", "2016-12-31": "$104", "2016-09-30": "$132", "2016-06-30": "$121", "2016-03-31": "$99", "2015-12-31": "$70", "2015-09-30": "$104", "2015-06-30": "$100", "2015-03-31": "$87", "2014-12-31": "$86", "2014-09-30": "$114", "2014-06-30": "$76", "2014-03-31": "$44", "2013-12-31": "$16", "2013-09-30": "$90", "2013-06-30": "$82", "2013-03-31": "$81", "2012-12-31": "$20", "2012-09-30": "$94", "2012-06-30": "$98", "2012-03-31": "$75", "2011-12-31": "$-12", "2011-09-30": "$63", "2011-06-30": "$45", "2011-03-31": "$50", "2010-12-31": "$45", "2010-09-30": "$64", "2010-06-30": "$54", "2010-03-31": "$45", "2009-12-31": "$92", "2009-09-30": "$75", "2009-06-30": "$73", "2009-03-31": "$151", "2008-12-31": "$-114", "2008-09-30": "$78", "2008-06-30": "$139", "2008-03-31": "$149", "2007-12-31": "$33", "2007-09-30": "$185", "2007-06-30": "$3", "2007-03-31": "$254", "2006-12-31": "$280", "2006-09-30": "$257", "2006-06-30": "$141", "2006-03-31": "$199", "2005-12-31": "$267", "2005-09-30": "$328", "2005-06-30": "$312", "2005-03-31": "$202"}}, "net-income": {"CoreLogic Annual Net Income (Millions of US $)": {"2019": "$49", "2018": "$122", "2017": "$152", "2016": "$107", "2015": "$128", "2014": "$73", "2013": "$108", "2012": "$112", "2011": "$-75", "2010": "$-56", "2009": "$197", "2008": "$-26", "2007": "$-3", "2006": "$288", "2005": "$480"}, "CoreLogic Quarterly Net Income (Millions of US $)": {"2020-09-30": "$113", "2020-06-30": "$59", "2020-03-31": "$34", "2019-12-31": "$30", "2019-09-30": "$23", "2019-06-30": "$-6", "2019-03-31": "$2", "2018-12-31": "$13", "2018-09-30": "$22", "2018-06-30": "$59", "2018-03-31": "$28", "2017-12-31": "$65", "2017-09-30": "$31", "2017-06-30": "$41", "2017-03-31": "$15", "2016-12-31": "$4", "2016-09-30": "$35", "2016-06-30": "$40", "2016-03-31": "$27", "2015-12-31": "$38", "2015-09-30": "$28", "2015-06-30": "$33", "2015-03-31": "$29", "2014-12-31": "$15", "2014-09-30": "$45", "2014-06-30": "$16", "2014-03-31": "$-3", "2013-12-31": "$-13", "2013-09-30": "$44", "2013-06-30": "$44", "2013-03-31": "$34", "2012-12-31": "$15", "2012-09-30": "$38", "2012-06-30": "$43", "2012-03-31": "$17", "2011-12-31": "$-22", "2011-09-30": "$-107", "2011-06-30": "$31", "2011-03-31": "$23", "2010-12-31": "$-17", "2010-09-30": "$-93", "2010-06-30": "$24", "2010-03-31": "$29", "2009-12-31": "$38", "2009-09-30": "$55", "2009-06-30": "$70", "2009-03-31": "$36", "2008-12-31": "$-67", "2008-09-30": "$-8", "2008-06-30": "$20", "2008-03-31": "$29", "2007-12-31": "$-67", "2007-09-30": "$47", "2007-06-30": "$-66", "2007-03-31": "$84", "2006-12-31": "$104", "2006-09-30": "$90", "2006-06-30": "$25", "2006-03-31": "$68", "2005-12-31": "$115", "2005-09-30": "$148", "2005-06-30": "$138", "2005-03-31": "$79"}}, "eps-earnings-per-share-diluted": {"CoreLogic Annual EPS": {"2019": "$0.61", "2018": "$1.48", "2017": "$1.78", "2016": "$1.19", "2015": "$1.41", "2014": "$0.79", "2013": "$1.11", "2012": "$1.08", "2011": "$-0.69", "2010": "$-0.51", "2009": "$2.06", "2008": "$-0.28", "2007": "$-0.03", "2006": "$2.92", "2005": "$4.92"}, "CoreLogic Quarterly EPS": {"2020-09-30": "$1.39", "2020-06-30": "$0.73", "2020-03-31": "$0.42", "2019-12-31": "$0.37", "2019-09-30": "$0.29", "2019-06-30": "$-0.07", "2019-03-31": "$0.02", "2018-12-31": "$0.16", "2018-09-30": "$0.27", "2018-06-30": "$0.71", "2018-03-31": "$0.34", "2017-12-31": "$0.76", "2017-09-30": "$0.36", "2017-06-30": "$0.48", "2017-03-31": "$0.18", "2016-12-31": "$0.04", "2016-09-30": "$0.39", "2016-06-30": "$0.45", "2016-03-31": "$0.31", "2015-12-31": "$0.42", "2015-09-30": "$0.31", "2015-06-30": "$0.36", "2015-03-31": "$0.32", "2014-12-31": "$0.15", "2014-09-30": "$0.50", "2014-06-30": "$0.17", "2014-03-31": "$-0.03", "2013-12-31": "$-0.14", "2013-09-30": "$0.46", "2013-06-30": "$0.45", "2013-03-31": "$0.34", "2012-12-31": "$0.15", "2012-09-30": "$0.37", "2012-06-30": "$0.40", "2012-03-31": "$0.16", "2011-12-31": "$-0.17", "2011-09-30": "$-1.01", "2011-06-30": "$0.29", "2011-03-31": "$0.20", "2010-12-31": "$-0.21", "2010-09-30": "$-0.80", "2010-06-30": "$0.22", "2010-03-31": "$0.28", "2009-12-31": "$0.38", "2009-09-30": "$0.59", "2009-06-30": "$0.75", "2009-03-31": "$0.38", "2008-12-31": "$-0.72", "2008-09-30": "$-0.09", "2008-06-30": "$0.21", "2008-03-31": "$0.32", "2007-12-31": "$-0.68", "2007-09-30": "$0.49", "2007-06-30": "$-0.68", "2007-03-31": "$0.84", "2006-12-31": "$1.05", "2006-09-30": "$0.92", "2006-06-30": "$0.26", "2006-03-31": "$0.69", "2005-12-31": "$1.18", "2005-09-30": "$1.50", "2005-06-30": "$1.41", "2005-03-31": "$0.83"}}, "shares-outstanding": {"CoreLogic Annual Shares Outstanding (Millions of Shares)": {"2019": "81", "2018": "82", "2017": "85", "2016": "89", "2015": "91", "2014": "92", "2013": "97", "2012": "104", "2011": "110", "2010": "112", "2009": "95", "2008": "93", "2007": "95", "2006": "99", "2005": "98"}, "CoreLogic Quarterly Shares Outstanding (Millions of Shares)": {"2020-09-30": "81", "2020-06-30": "81", "2020-03-31": "81", "2019-12-31": "81", "2019-09-30": "81", "2019-06-30": "80", "2019-03-31": "81", "2018-12-31": "82", "2018-09-30": "82", "2018-06-30": "82", "2018-03-31": "83", "2017-12-31": "85", "2017-09-30": "85", "2017-06-30": "86", "2017-03-31": "86", "2016-12-31": "89", "2016-09-30": "89", "2016-06-30": "90", "2016-03-31": "90", "2015-12-31": "91", "2015-09-30": "90", "2015-06-30": "91", "2015-03-31": "91", "2014-12-31": "92", "2014-09-30": "92", "2014-06-30": "93", "2014-03-31": "91", "2013-12-31": "97", "2013-09-30": "97", "2013-06-30": "97", "2013-03-31": "99", "2012-12-31": "104", "2012-09-30": "103", "2012-06-30": "106", "2012-03-31": "107", "2011-12-31": "110", "2011-09-30": "106", "2011-06-30": "109", "2011-03-31": "116", "2010-12-31": "112", "2010-09-30": "118", "2010-06-30": "110", "2010-03-31": "105", "2009-12-31": "100", "2009-09-30": "95", "2009-06-30": "94", "2009-03-31": "94", "2008-12-31": "93", "2008-09-30": "93", "2008-06-30": "93", "2008-03-31": "93", "2007-12-31": "95", "2007-09-30": "95", "2007-06-30": "96", "2007-03-31": "99", "2006-12-31": "99", "2006-09-30": "98", "2006-06-30": "99", "2006-03-31": "99", "2005-12-31": "98", "2005-09-30": "99", "2005-06-30": "98", "2005-03-31": "95"}}, "total-assets": {"CoreLogic Annual Total Assets (Millions of US $)": {"2019": "$4,159", "2018": "$4,169", "2017": "$4,077", "2016": "$3,908", "2015": "$3,674", "2014": "$3,516", "2013": "$3,003", "2012": "$3,030", "2011": "$3,119", "2010": "$3,235", "2009": "$8,832", "2008": "$8,808", "2007": "$8,648", "2006": "$8,224", "2005": "$7,599"}, "CoreLogic Quarterly Total Assets (Millions of US $)": {"2020-09-30": "$4,393", "2020-06-30": "$4,163", "2020-03-31": "$4,148", "2019-12-31": "$4,159", "2019-09-30": "$4,138", "2019-06-30": "$4,151", "2019-03-31": "$4,214", "2018-12-31": "$4,169", "2018-09-30": "$4,142", "2018-06-30": "$4,157", "2018-03-31": "$4,067", "2017-12-31": "$4,077", "2017-09-30": "$4,140", "2017-06-30": "$3,977", "2017-03-31": "$3,920", "2016-12-31": "$3,908", "2016-09-30": "$4,012", "2016-06-30": "$4,019", "2016-03-31": "$3,607", "2015-12-31": "$3,674", "2015-09-30": "$3,603", "2015-06-30": "$3,521", "2015-03-31": "$3,474", "2014-12-31": "$3,516", "2014-09-30": "$3,575", "2014-06-30": "$3,699", "2014-03-31": "$3,720", "2013-12-31": "$3,003", "2013-09-30": "$3,085", "2013-06-30": "$3,024", "2013-03-31": "$3,008", "2012-12-31": "$3,030", "2012-09-30": "$2,964", "2012-06-30": "$3,079", "2012-03-31": "$3,103", "2011-12-31": "$3,119", "2011-09-30": "$3,122", "2011-06-30": "$3,262", "2011-03-31": "$2,938", "2010-12-31": "$3,235", "2010-09-30": "$3,389", "2010-06-30": "$3,579", "2010-03-31": "$8,542", "2009-12-31": "$8,832", "2009-09-30": "$8,617", "2009-06-30": "$8,567", "2009-03-31": "$8,629", "2008-12-31": "$8,808", "2008-09-30": "$8,746", "2008-06-30": "$8,871", "2008-03-31": "$8,763", "2007-12-31": "$8,648", "2007-09-30": "$8,786", "2007-06-30": "$8,602", "2007-03-31": "$8,465", "2006-12-31": "$8,224", "2006-09-30": "$8,023", "2006-06-30": "$7,785", "2006-03-31": "$7,466", "2005-12-31": "$7,599", "2005-09-30": "$7,408", "2005-06-30": "$7,036", "2005-03-31": "$6,543"}}, "cash-on-hand": {"CoreLogic Annual Cash on Hand (Millions of US $)": {"2019": "$105", "2018": "$85", "2017": "$119", "2016": "$90", "2015": "$110", "2014": "$117", "2013": "$146", "2012": "$174", "2011": "$281", "2010": "$447", "2009": "$468", "2008": "$935", "2007": "$1,163", "2006": "$1,405", "2005": "$1,561"}, "CoreLogic Quarterly Cash on Hand (Millions of US $)": {"2020-09-30": "$302", "2020-06-30": "$137", "2020-03-31": "$153", "2019-12-31": "$104", "2019-09-30": "$88", "2019-06-30": "$82", "2019-03-31": "$87", "2018-12-31": "$85", "2018-09-30": "$98", "2018-06-30": "$85", "2018-03-31": "$124", "2017-12-31": "$119", "2017-09-30": "$163", "2017-06-30": "$107", "2017-03-31": "$120", "2016-12-31": "$90", "2016-09-30": "$88", "2016-06-30": "$83", "2016-03-31": "$144", "2015-12-31": "$110", "2015-09-30": "$171", "2015-06-30": "$125", "2015-03-31": "$102", "2014-12-31": "$117", "2014-09-30": "$141", "2014-06-30": "$153", "2014-03-31": "$136", "2013-12-31": "$146", "2013-09-30": "$152", "2013-06-30": "$197", "2013-03-31": "$148", "2012-12-31": "$174", "2012-09-30": "$177", "2012-06-30": "$282", "2012-03-31": "$278", "2011-12-31": "$281", "2011-09-30": "$160", "2011-06-30": "$195", "2011-03-31": "$171", "2010-12-31": "$447", "2010-09-30": "$348", "2010-06-30": "$395", "2010-03-31": "$759", "2009-12-31": "$468", "2009-09-30": "$1,096", "2009-06-30": "$1,023", "2009-03-31": "$934", "2008-12-31": "$935", "2008-09-30": "$826", "2008-06-30": "$936", "2008-03-31": "$930", "2007-12-31": "$1,163", "2007-09-30": "$1,086", "2007-06-30": "$1,065", "2007-03-31": "$1,103", "2006-12-31": "$1,405", "2006-09-30": "$1,373", "2006-06-30": "$1,287", "2006-03-31": "$1,399", "2005-12-31": "$1,561", "2005-09-30": "$1,629", "2005-06-30": "$1,542", "2005-03-31": "$1,431"}}, "long-term-debt": {"CoreLogic Annual Long Term Debt (Millions of US $)": {"2019": "$1,611", "2018": "$1,752", "2017": "$1,684", "2016": "$1,497", "2015": "$1,288", "2014": "$1,319", "2013": "$812", "2012": "$792", "2011": "$846", "2010": "$487", "2009": "$535", "2008": "$968", "2007": "$1,006", "2006": "$948", "2005": "$949"}, "CoreLogic Quarterly Long Term Debt (Millions of US $)": {"2020-09-30": "$1,549", "2020-06-30": "$1,566", "2020-03-31": "$1,590", "2019-12-31": "$1,611", "2019-09-30": "$1,636", "2019-06-30": "$1,667", "2019-03-31": "$1,710", "2018-12-31": "$1,752", "2018-09-30": "$1,738", "2018-06-30": "$1,759", "2018-03-31": "$1,660", "2017-12-31": "$1,684", "2017-09-30": "$1,705", "2017-06-30": "$1,501", "2017-03-31": "$1,464", "2016-12-31": "$1,497", "2016-09-30": "$1,527", "2016-06-30": "$1,585", "2016-03-31": "$1,279", "2015-12-31": "$1,288", "2015-09-30": "$1,351", "2015-06-30": "$1,261", "2015-03-31": "$1,279", "2014-12-31": "$1,319", "2014-09-30": "$1,390", "2014-06-30": "$1,440", "2014-03-31": "$1,481", "2013-12-31": "$812", "2013-09-30": "$783", "2013-06-30": "$784", "2013-03-31": "$788", "2012-12-31": "$792", "2012-09-30": "$794", "2012-06-30": "$794", "2012-03-31": "$820", "2011-12-31": "$846", "2011-09-30": "$849", "2011-06-30": "$910", "2011-03-31": "$486", "2010-12-31": "$487", "2010-09-30": "$493", "2010-06-30": "$585", "2010-03-31": "$864", "2009-12-31": "$535", "2009-09-30": "$910", "2009-06-30": "$934", "2009-03-31": "$963", "2008-12-31": "$968", "2008-09-30": "$1,035", "2008-06-30": "$1,020", "2008-03-31": "$1,010", "2007-12-31": "$1,006", "2007-09-30": "$1,152", "2007-06-30": "$993", "2007-03-31": "$1,037", "2006-12-31": "$948", "2006-09-30": "$990", "2006-06-30": "$1,004", "2006-03-31": "$924", "2005-12-31": "$949", "2005-09-30": "$875", "2005-06-30": "$853", "2005-03-31": "$842"}}, "total-liabilities": {"CoreLogic Annual Total Liabilities (Millions of US $)": {"2019": "$3,207", "2018": "$3,168", "2017": "$3,070", "2016": "$2,905", "2015": "$2,624", "2014": "$2,502", "2013": "$1,959", "2012": "$1,859", "2011": "$1,874", "2010": "$1,690", "2009": "$5,662", "2008": "$5,423", "2007": "$5,663", "2006": "$5,022", "2005": "$4,593"}, "CoreLogic Quarterly Total Liabilities (Millions of US $)": {"2020-09-30": "$3,271", "2020-06-30": "$3,161", "2020-03-31": "$3,221", "2019-12-31": "$3,208", "2019-09-30": "$3,206", "2019-06-30": "$3,197", "2019-03-31": "$3,215", "2018-12-31": "$3,168", "2018-09-30": "$3,112", "2018-06-30": "$3,133", "2018-03-31": "$3,059", "2017-12-31": "$3,070", "2017-09-30": "$3,134", "2017-06-30": "$2,926", "2017-03-31": "$2,904", "2016-12-31": "$2,905", "2016-09-30": "$2,931", "2016-06-30": "$2,909", "2016-03-31": "$2,512", "2015-12-31": "$2,624", "2015-09-30": "$2,613", "2015-06-30": "$2,501", "2015-03-31": "$2,446", "2014-12-31": "$2,502", "2014-09-30": "$2,538", "2014-06-30": "$2,649", "2014-03-31": "$2,676", "2013-12-31": "$1,959", "2013-09-30": "$1,934", "2013-06-30": "$1,874", "2013-03-31": "$1,875", "2012-12-31": "$1,859", "2012-09-30": "$1,815", "2012-06-30": "$1,789", "2012-03-31": "$1,827", "2011-12-31": "$1,874", "2011-09-30": "$1,853", "2011-06-30": "$1,858", "2011-03-31": "$1,404", "2010-12-31": "$1,690", "2010-09-30": "$1,909", "2010-06-30": "$2,013", "2010-03-31": "$5,343", "2009-12-31": "$5,662", "2009-09-30": "$5,006", "2009-06-30": "$5,006", "2009-03-31": "$5,213", "2008-12-31": "$5,423", "2008-09-30": "$5,838", "2008-06-30": "$5,896", "2008-03-31": "$5,781", "2007-12-31": "$5,663", "2007-09-30": "$5,802", "2007-06-30": "$5,494", "2007-03-31": "$5,213", "2006-12-31": "$5,022", "2006-09-30": "$4,867", "2006-06-30": "$4,705", "2006-03-31": "$4,416", "2005-12-31": "$4,593", "2005-09-30": "$4,462", "2005-06-30": "$4,238", "2005-03-31": "$3,870"}}, "total-share-holder-equity": {"CoreLogic Annual Share Holder Equity (Millions of US $)": {"2019": "$951", "2018": "$1,000", "2017": "$1,008", "2016": "$1,003", "2015": "$1,049", "2014": "$1,014", "2013": "$1,044", "2012": "$1,171", "2011": "$1,245", "2010": "$1,545", "2009": "$3,169", "2008": "$3,385", "2007": "$2,985", "2006": "$3,202", "2005": "$3,006"}, "CoreLogic Quarterly Share Holder Equity (Millions of US $)": {"2020-09-30": "$1,123", "2020-06-30": "$1,002", "2020-03-31": "$927", "2019-12-31": "$951", "2019-09-30": "$933", "2019-06-30": "$953", "2019-03-31": "$999", "2018-12-31": "$1,000", "2018-09-30": "$1,030", "2018-06-30": "$1,024", "2018-03-31": "$1,008", "2017-12-31": "$1,008", "2017-09-30": "$1,006", "2017-06-30": "$1,051", "2017-03-31": "$1,016", "2016-12-31": "$1,003", "2016-09-30": "$1,081", "2016-06-30": "$1,110", "2016-03-31": "$1,095", "2015-12-31": "$1,049", "2015-09-30": "$990", "2015-06-30": "$1,020", "2015-03-31": "$1,028", "2014-12-31": "$1,014", "2014-09-30": "$1,037", "2014-06-30": "$1,050", "2014-03-31": "$1,044", "2013-12-31": "$1,044", "2013-09-30": "$1,151", "2013-06-30": "$1,150", "2013-03-31": "$1,133", "2012-12-31": "$1,171", "2012-09-30": "$1,150", "2012-06-30": "$1,290", "2012-03-31": "$1,276", "2011-12-31": "$1,245", "2011-09-30": "$1,269", "2011-06-30": "$1,403", "2011-03-31": "$1,534", "2010-12-31": "$1,545", "2010-09-30": "$1,480", "2010-06-30": "$1,565", "2010-03-31": "$3,200", "2009-12-31": "$3,169", "2009-09-30": "$3,611", "2009-06-30": "$3,561", "2009-03-31": "$3,416", "2008-12-31": "$3,385", "2008-09-30": "$2,908", "2008-06-30": "$2,976", "2008-03-31": "$2,982", "2007-12-31": "$2,985", "2007-09-30": "$2,984", "2007-06-30": "$3,109", "2007-03-31": "$3,252", "2006-12-31": "$3,202", "2006-09-30": "$3,156", "2006-06-30": "$3,080", "2006-03-31": "$3,050", "2005-12-31": "$3,006", "2005-09-30": "$2,946", "2005-06-30": "$2,798", "2005-03-31": "$2,673"}}, "profit-margins": {"current": "13.23%"}, "gross margin": {"2020-09-30": "54.31%", "2020-06-30": "52.16%", "2020-03-31": "50.92%", "2019-12-31": "50.03%", "2019-09-30": "50.27%", "2019-06-30": "48.64%", "2019-03-31": "48.84%", "2018-12-31": "48.49%", "2018-09-30": "48.99%", "2018-06-30": "49.14%", "2018-03-31": "48.22%", "2017-12-31": "47.38%", "2017-09-30": "46.42%", "2017-06-30": "45.90%", "2017-03-31": "45.80%", "2016-12-31": "46.49%", "2016-09-30": "46.76%", "2016-06-30": "47.37%", "2016-03-31": "48.30%", "2015-12-31": "49.21%", "2015-09-30": "49.83%", "2015-06-30": "49.66%", "2015-03-31": "48.82%", "2014-12-31": "47.26%", "2014-09-30": "46.18%", "2014-06-30": "46.29%", "2014-03-31": "47.32%", "2013-12-31": "49.00%", "2013-09-30": "53.30%", "2013-06-30": "52.49%", "2013-03-31": "51.15%", "2012-12-31": "49.81%", "2012-09-30": "21.47%", "2012-06-30": "29.23%", "2012-03-31": "38.06%", "2011-12-31": "48.76%", "2011-09-30": "50.13%", "2011-06-30": "49.51%", "2011-03-31": "48.16%", "2010-12-31": "46.64%", "2010-09-30": "73.96%", "2010-06-30": "72.97%", "2010-03-31": "72.76%", "2009-12-31": "76.74%", "2009-09-30": "77.75%", "2009-06-30": "78.31%", "2009-03-31": "78.93%", "2008-12-31": "77.89%", "2008-09-30": "76.74%", "2008-06-30": "75.69%", "2008-03-31": "75.22%", "2007-12-31": "74.32%", "2007-09-30": "73.79%", "2007-06-30": "73.35%", "2007-03-31": "72.66%", "2006-12-31": "71.82%", "2006-09-30": "71.30%", "2006-06-30": "71.40%", "2006-03-31": "71.38%", "2005-12-31": "71.64%"}, "operating margin": {"2020-09-30": "16.01%", "2020-06-30": "15.95%", "2020-03-31": "11.85%", "2019-12-31": "9.42%", "2019-09-30": "7.66%", "2019-06-30": "7.21%", "2019-03-31": "11.36%", "2018-12-31": "12.47%", "2018-09-30": "14.08%", "2018-06-30": "13.96%", "2018-03-31": "13.42%", "2017-12-31": "12.86%", "2017-09-30": "12.34%", "2017-06-30": "13.33%", "2017-03-31": "13.05%", "2016-12-31": "14.23%", "2016-09-30": "13.27%", "2016-06-30": "13.17%", "2016-03-31": "13.17%", "2015-12-31": "13.35%", "2015-09-30": "14.30%", "2015-06-30": "15.30%", "2015-03-31": "14.13%", "2014-12-31": "12.10%", "2014-09-30": "8.41%", "2014-06-30": "7.27%", "2014-03-31": "7.86%", "2013-12-31": "10.11%", "2013-09-30": "12.54%", "2013-06-30": "12.02%", "2013-03-31": "13.17%", "2012-12-31": "12.75%", "2012-09-30": "11.75%", "2012-06-30": "9.44%", "2012-03-31": "5.33%", "2011-12-31": "3.77%", "2011-09-30": "8.56%", "2011-06-30": "10.31%", "2011-03-31": "10.27%", "2010-12-31": "8.98%", "2010-09-30": "6.35%", "2010-06-30": "5.45%", "2010-03-31": "6.47%", "2009-12-31": "6.48%", "2009-09-30": "2.27%", "2009-06-30": "1.16%", "2009-03-31": "0.98%", "2008-12-31": "0.72%", "2008-09-30": "1.17%", "2008-06-30": "2.55%", "2008-03-31": "0.54%", "2007-12-31": "1.85%", "2007-09-30": "4.80%", "2007-06-30": "5.65%", "2007-03-31": "7.42%", "2006-12-31": "7.00%", "2006-09-30": "7.00%", "2006-06-30": "8.02%", "2006-03-31": "10.46%", "2005-12-31": "11.08%"}, "ebitda margin": {"2020-09-30": "27.05%", "2020-06-30": "27.30%", "2020-03-31": "23.31%", "2019-12-31": "21.21%", "2019-09-30": "19.67%", "2019-06-30": "19.22%", "2019-03-31": "22.94%", "2018-12-31": "23.49%", "2018-09-30": "24.63%", "2018-06-30": "24.17%", "2018-03-31": "23.55%", "2017-12-31": "22.80%", "2017-09-30": "22.06%", "2017-06-30": "22.79%", "2017-03-31": "22.38%", "2016-12-31": "23.35%", "2016-09-30": "22.58%", "2016-06-30": "22.76%", "2016-03-31": "23.07%", "2015-12-31": "23.63%", "2015-09-30": "25.42%", "2015-06-30": "26.43%", "2015-03-31": "25.14%", "2014-12-31": "22.78%", "2014-09-30": "17.52%", "2014-06-30": "15.95%", "2014-03-31": "16.58%", "2013-12-31": "19.16%", "2013-09-30": "22.52%", "2013-06-30": "21.90%", "2013-03-31": "22.43%", "2012-12-31": "21.53%", "2012-09-30": "21.72%", "2012-06-30": "20.14%", "2012-03-31": "16.27%", "2011-12-31": "14.47%", "2011-09-30": "17.92%", "2011-06-30": "18.30%", "2011-03-31": "17.78%", "2010-12-31": "16.25%", "2010-09-30": "9.69%", "2010-06-30": "9.60%", "2010-03-31": "9.97%", "2009-12-31": "10.18%", "2009-09-30": "5.00%", "2009-06-30": "3.96%", "2009-03-31": "4.28%", "2008-12-31": "4.06%", "2008-09-30": "5.90%", "2008-06-30": "6.94%", "2008-03-31": "4.77%", "2007-12-31": "5.78%", "2007-09-30": "8.48%", "2007-06-30": "9.19%", "2007-03-31": "10.77%", "2006-12-31": "10.28%", "2006-09-30": "10.05%", "2006-06-30": "10.89%", "2006-03-31": "13.16%", "2005-12-31": "13.68%"}, "pre tax profit margin": {"2020-09-30": "14.41%", "2020-06-30": "12.18%", "2020-03-31": "6.65%", "2019-12-31": "4.31%", "2019-09-30": "2.90%", "2019-06-30": "2.83%", "2019-03-31": "8.12%", "2018-12-31": "9.34%", "2018-09-30": "10.33%", "2018-06-30": "10.11%", "2018-03-31": "9.48%", "2017-12-31": "9.13%", "2017-09-30": "7.05%", "2017-06-30": "7.32%", "2017-03-31": "7.27%", "2016-12-31": "8.40%", "2016-09-30": "10.75%", "2016-06-30": "11.38%", "2016-03-31": "11.07%", "2015-12-31": "11.32%", "2015-09-30": "9.91%", "2015-06-30": "10.93%", "2015-03-31": "10.32%", "2014-12-31": "7.62%", "2014-09-30": "4.41%", "2014-06-30": "4.23%", "2014-03-31": "4.57%", "2013-12-31": "7.55%", "2013-09-30": "10.15%", "2013-06-30": "8.70%", "2013-03-31": "9.72%", "2012-12-31": "9.23%", "2012-09-30": "4.51%", "2012-06-30": "1.62%", "2012-03-31": "2.09%", "2011-12-31": "3.87%", "2011-09-30": "10.68%", "2011-06-30": "13.63%", "2011-03-31": "8.93%", "2010-12-31": "5.63%", "2010-09-30": "5.40%", "2010-06-30": "4.51%", "2010-03-31": "5.80%", "2009-12-31": "6.09%", "2009-09-30": "1.87%", "2009-06-30": "0.99%", "2009-03-31": "0.98%", "2008-12-31": "0.72%", "2008-09-30": "1.17%", "2008-06-30": "2.55%", "2008-03-31": "0.54%", "2007-12-31": "1.85%", "2007-09-30": "4.80%", "2007-06-30": "5.65%", "2007-03-31": "7.42%", "2006-12-31": "7.00%", "2006-09-30": "7.00%", "2006-06-30": "8.02%", "2006-03-31": "10.46%", "2005-12-31": "11.08%"}, "net profit margin": {"2020-09-30": "12.64%", "2020-06-30": "8.08%", "2020-03-31": "4.53%", "2019-12-31": "2.78%", "2019-09-30": "1.93%", "2019-06-30": "1.79%", "2019-03-31": "5.45%", "2018-12-31": "6.82%", "2018-09-30": "9.46%", "2018-06-30": "9.79%", "2018-03-31": "8.89%", "2017-12-31": "8.21%", "2017-09-30": "4.86%", "2017-06-30": "4.97%", "2017-03-31": "4.85%", "2016-12-31": "5.43%", "2016-09-30": "7.49%", "2016-06-30": "7.68%", "2016-03-31": "7.79%", "2015-12-31": "8.38%", "2015-09-30": "7.08%", "2015-06-30": "8.33%", "2015-03-31": "7.27%", "2014-12-31": "5.20%", "2014-09-30": "3.15%", "2014-06-30": "3.11%", "2014-03-31": "5.15%", "2013-12-31": "7.76%", "2013-09-30": "11.30%", "2013-06-30": "10.36%", "2013-03-31": "9.95%", "2012-12-31": "8.48%", "2012-09-30": "6.47%", "2012-06-30": "-6.21%", "2012-03-31": "-7.71%", "2011-12-31": "-7.43%", "2011-09-30": "-6.18%", "2011-06-30": "-5.02%", "2011-03-31": "-5.26%", "2010-12-31": "-4.45%", "2010-09-30": "-0.08%", "2010-06-30": "5.27%", "2010-03-31": "6.71%", "2009-12-31": "5.18%", "2009-09-30": "2.54%", "2009-06-30": "0.65%", "2009-03-31": "-0.32%", "2008-12-31": "-0.42%", "2008-09-30": "-0.38%", "2008-06-30": "0.40%", "2008-03-31": "-0.73%", "2007-12-31": "-0.02%", "2007-09-30": "1.99%", "2007-06-30": "2.45%", "2007-03-31": "3.50%", "2006-12-31": "3.36%", "2006-09-30": "3.47%", "2006-06-30": "4.15%", "2006-03-31": "5.58%", "2005-12-31": "5.92%"}, "pe ratio": {"current": "24.45", "2021-02-05": "28.14", "2020-09-30": "23.16", "2020-06-30": "36.80", "2020-03-31": "29.83", "2019-12-31": "70.34", "2019-09-30": "116.46", "2019-06-30": "110.98", "2019-03-31": "31.81", "2018-12-31": "22.32", "2018-09-30": "23.10", "2018-06-30": "23.26", "2018-03-31": "22.65", "2017-12-31": "25.20", "2017-09-30": "42.80", "2017-06-30": "39.07", "2017-03-31": "37.71", "2016-12-31": "30.38", "2016-09-30": "24.52", "2016-06-30": "25.35", "2016-03-31": "24.33", "2015-12-31": "23.57", "2015-09-30": "31.78", "2015-06-30": "29.08", "2015-03-31": "30.11", "2014-12-31": "38.76", "2014-09-30": "52.10", "2014-06-30": "63.41", "2014-03-31": "39.32", "2013-12-31": "31.14", "2013-09-30": "18.97", "2013-06-30": "17.36", "2013-03-31": "20.15", "2012-12-31": "24.47", "2012-09-30": "32.55", "2012-06-30": "0.00", "2012-03-31": "0.00", "2011-12-31": "0.00", "2011-09-30": "0.00", "2011-06-30": "0.00", "2011-03-31": "0.00", "2010-12-31": "0.00", "2010-09-30": "235.10", "2010-06-30": "11.79", "2010-03-31": "9.48", "2009-12-31": "8.78", "2009-09-30": "17.91", "2009-06-30": "44.49", "2009-03-31": "722.32", "2008-12-31": "0.00", "2008-09-30": "0.00", "2008-06-30": "27.01", "2008-03-31": "0.00", "2007-12-31": "0.00", "2007-09-30": "11.16", "2007-06-30": "11.55", "2007-03-31": "6.44", "2006-12-31": "5.32"}, "price sales": {"2021-02-05": "3.55", "2020-09-30": "2.92", "2020-06-30": "2.98", "2020-03-31": "1.36", "2019-12-31": "1.97", "2019-09-30": "2.23", "2019-06-30": "1.93", "2019-03-31": "1.70", "2018-12-31": "1.51", "2018-09-30": "2.19", "2018-06-30": "2.28", "2018-03-31": "2.03", "2017-12-31": "2.10", "2017-09-30": "2.10", "2017-06-30": "1.95", "2017-03-31": "1.83", "2016-12-31": "1.66", "2016-09-30": "1.85", "2016-06-30": "1.97", "2016-03-31": "1.90", "2015-12-31": "1.97", "2015-09-30": "2.25", "2015-06-30": "2.44", "2015-03-31": "2.21", "2014-12-31": "2.04", "2014-09-30": "1.74", "2014-06-30": "1.99", "2014-03-31": "2.02", "2013-12-31": "2.42", "2013-09-30": "2.16", "2013-06-30": "1.81", "2013-03-31": "2.00", "2012-12-31": "2.09", "2012-09-30": "2.34", "2012-06-30": "1.72", "2012-03-31": "1.64", "2011-12-31": "1.38", "2011-09-30": "1.02", "2011-06-30": "1.67", "2011-03-31": "1.73", "2010-12-31": "1.57", "2010-09-30": "0.74", "2010-06-30": "0.63", "2010-03-31": "0.65", "2009-12-31": "0.46", "2009-09-30": "0.45", "2009-06-30": "0.28", "2009-03-31": "0.23", "2008-12-31": "0.23", "2008-09-30": "0.22", "2008-06-30": "0.18", "2008-03-31": "0.22", "2007-12-31": "0.21", "2007-09-30": "0.22", "2007-06-30": "0.29", "2007-03-31": "0.30", "2006-12-31": "0.24"}, "price book": {"current": "5.67", "2021-02-05": "5.80", "2020-09-30": "4.77", "2020-06-30": "5.28", "2020-03-31": "2.58", "2019-12-31": "3.56", "2019-09-30": "3.87", "2019-06-30": "3.45", "2019-03-31": "2.95", "2018-12-31": "2.63", "2018-09-30": "3.79", "2018-06-30": "4.03", "2018-03-31": "3.60", "2017-12-31": "3.64", "2017-09-30": "3.71", "2017-06-30": "3.42", "2017-03-31": "3.33", "2016-12-31": "3.04", "2016-09-30": "3.08", "2016-06-30": "3.00", "2016-03-31": "2.76", "2015-12-31": "2.79", "2015-09-30": "3.26", "2015-06-30": "3.40", "2015-03-31": "3.04", "2014-12-31": "2.73", "2014-09-30": "2.30", "2014-06-30": "2.59", "2014-03-31": "2.59", "2013-12-31": "3.05", "2013-09-30": "2.16", "2013-06-30": "1.89", "2013-03-31": "2.14", "2012-12-31": "2.20", "2012-09-30": "2.21", "2012-06-30": "1.47", "2012-03-31": "1.34", "2011-12-31": "1.09", "2011-09-30": "0.88", "2011-06-30": "1.24", "2011-03-31": "1.36", "2010-12-31": "1.36", "2010-09-30": "1.49", "2010-06-30": "1.30", "2010-03-31": "0.62", "2009-12-31": "0.60", "2009-09-30": "0.46", "2009-06-30": "0.37", "2009-03-31": "0.39", "2008-12-31": "0.43", "2008-09-30": "0.51", "2008-06-30": "0.44", "2008-03-31": "0.55", "2007-12-31": "0.55", "2007-09-30": "0.59", "2007-06-30": "0.79", "2007-03-31": "0.78", "2006-12-31": "0.63", "2006-09-30": "0.66", "2006-06-30": "0.67", "2006-03-31": "0.62"}, "price fcf": {"2021-02-05": "", "2020-09-30": "$5.62", "2020-06-30": "$5.04", "2020-03-31": "$4.09", "2019-12-31": "$3.37", "2019-09-30": "$3.38", "2019-06-30": "$2.96", "2019-03-31": "$2.97", "2018-12-31": "$3.56", "2018-09-30": "$3.77", "2018-06-30": "$4.20", "2018-03-31": "$4.14", "2017-12-31": "$4.06", "2017-09-30": "$3.84", "2017-06-30": "$3.91", "2017-03-31": "$4.29", "2016-12-31": "$4.13", "2016-09-30": "$3.84", "2016-06-30": "$3.61", "2016-03-31": "$3.68", "2015-12-31": "$3.14", "2015-09-30": "$3.52", "2015-06-30": "$3.04", "2015-03-31": "$3.35", "2014-12-31": "$3.07", "2014-09-30": "$2.79", "2014-06-30": "$2.76", "2014-03-31": "$2.23", "2013-12-31": "$2.94", "2013-09-30": "$2.93", "2013-06-30": "$2.77", "2013-03-31": "$3.27", "2012-12-31": "$3.01", "2012-09-30": "$3.37", "2012-06-30": "$2.76", "2012-03-31": "$1.71", "2011-12-31": "$1.34", "2011-09-30": "$1.13", "2011-06-30": "$1.70", "2011-03-31": "$1.74", "2010-12-31": "$1.37", "2010-09-30": "$1.99", "2010-06-30": "$3.12", "2010-03-31": "$5.32", "2009-12-31": "$5.28", "2009-09-30": "$7.15", "2009-06-30": "$6.34", "2009-03-31": "$4.56", "2008-12-31": "$2.74", "2008-09-30": "$1.22", "2008-06-30": "$2.41", "2008-03-31": "$3.46", "2007-12-31": "$5.16", "2007-09-30": "$4.62", "2007-06-30": "$5.02", "2007-03-31": "$4.61", "2006-12-31": "$4.03"}, "net worth": {"value": "$6.37B"}, "current ratio": {"2020-09-30": "1.91", "2020-06-30": "1.68", "2020-03-31": "1.38", "2019-12-31": "1.26", "2019-09-30": "1.11", "2019-06-30": "1.17", "2019-03-31": "1.22", "2018-12-31": "1.27", "2018-09-30": "1.37", "2018-06-30": "1.31", "2018-03-31": "1.27", "2017-12-31": "1.24", "2017-09-30": "1.33", "2017-06-30": "1.15", "2017-03-31": "0.99", "2016-12-31": "0.96", "2016-09-30": "1.02", "2016-06-30": "1.18", "2016-03-31": "1.35", "2015-12-31": "1.20", "2015-09-30": "1.32", "2015-06-30": "1.34", "2015-03-31": "1.29", "2014-12-31": "1.22", "2014-09-30": "1.49", "2014-06-30": "1.31", "2014-03-31": "1.27", "2013-12-31": "1.29", "2013-09-30": "1.53", "2013-06-30": "1.79", "2013-03-31": "1.61", "2012-12-31": "1.55", "2012-09-30": "1.70", "2012-06-30": "2.45", "2012-03-31": "2.22", "2011-12-31": "1.88", "2011-09-30": "1.59", "2011-06-30": "1.66", "2011-03-31": "1.48", "2010-12-31": "1.53", "2010-09-30": "2.19", "2010-06-30": "2.01", "2010-03-31": "0.42", "2009-12-31": "4.18", "2009-09-30": "0.53", "2009-06-30": "0.52", "2009-03-31": "0.46", "2008-12-31": "0.62", "2008-09-30": "0.50", "2008-06-30": "0.53", "2008-03-31": "0.53", "2007-12-31": "0.83", "2007-09-30": "0.60", "2007-06-30": "0.59", "2007-03-31": "0.67", "2006-12-31": "1.09", "2006-09-30": "0.78", "2006-06-30": "0.79", "2006-03-31": "0.91", "2005-12-31": "1.44", "2005-09-30": "0.96", "2005-06-30": "1.00", "2005-03-31": "1.04"}, "quick ratio": {"2020-09-30": "0.00", "2020-06-30": "0.00", "2020-03-31": "0.00", "2019-12-31": "0.00", "2019-09-30": "0.00", "2019-06-30": "0.00", "2019-03-31": "0.00", "2018-12-31": "0.00", "2018-09-30": "0.00", "2018-06-30": "0.00", "2018-03-31": "0.00", "2017-12-31": "0.00", "2017-09-30": "0.00", "2017-06-30": "0.00", "2017-03-31": "0.00", "2016-12-31": "0.00", "2016-09-30": "0.00", "2016-06-30": "0.00", "2016-03-31": "0.00", "2015-12-31": "0.00", "2015-09-30": "0.00", "2015-06-30": "0.00", "2015-03-31": "0.00", "2014-12-31": "0.00", "2014-09-30": "0.00", "2014-06-30": "0.00", "2014-03-31": "0.00", "2013-12-31": "0.00", "2013-09-30": "0.00", "2013-06-30": "0.00", "2013-03-31": "0.00", "2012-12-31": "0.00", "2012-09-30": "0.00", "2012-06-30": "0.00", "2012-03-31": "0.00", "2011-12-31": "0.00", "2011-09-30": "0.00", "2011-06-30": "0.00", "2011-03-31": "0.00", "2010-12-31": "0.00", "2010-09-30": "0.00", "2010-06-30": "0.00", "2010-03-31": "0.00", "2009-12-31": "0.00", "2009-09-30": "0.00", "2009-06-30": "0.00", "2009-03-31": "0.00", "2008-12-31": "0.00", "2008-09-30": "0.00", "2008-06-30": "0.00", "2008-03-31": "0.00", "2007-12-31": "0.00", "2007-09-30": "0.00", "2007-06-30": "0.00", "2007-03-31": "0.00", "2006-12-31": "0.00", "2006-09-30": "0.00", "2006-06-30": "0.00", "2006-03-31": "0.00", "2005-12-31": "0.00", "2005-09-30": "0.00", "2005-06-30": "0.00", "2005-03-31": "0.00"}, "debt equity ratio": {"current": "1.38", "2020-09-30": "2.91", "2020-06-30": "3.16", "2020-03-31": "3.47", "2019-12-31": "3.37", "2019-09-30": "3.44", "2019-06-30": "3.35", "2019-03-31": "3.22", "2018-12-31": "3.17", "2018-09-30": "3.02", "2018-06-30": "3.06", "2018-03-31": "3.04", "2017-12-31": "3.05", "2017-09-30": "3.12", "2017-06-30": "2.79", "2017-03-31": "2.86", "2016-12-31": "2.90", "2016-09-30": "2.71", "2016-06-30": "2.62", "2016-03-31": "2.29", "2015-12-31": "2.50", "2015-09-30": "2.64", "2015-06-30": "2.45", "2015-03-31": "2.38", "2014-12-31": "2.47", "2014-09-30": "2.45", "2014-06-30": "2.52", "2014-03-31": "2.56", "2013-12-31": "1.88", "2013-09-30": "1.68", "2013-06-30": "1.63", "2013-03-31": "1.66", "2012-12-31": "1.59", "2012-09-30": "1.58", "2012-06-30": "1.39", "2012-03-31": "1.43", "2011-12-31": "1.51", "2011-09-30": "1.46", "2011-06-30": "1.32", "2011-03-31": "0.92", "2010-12-31": "1.09", "2010-09-30": "1.29", "2010-06-30": "1.29", "2010-03-31": "1.67", "2009-12-31": "1.79", "2009-09-30": "1.39", "2009-06-30": "1.41", "2009-03-31": "1.53", "2008-12-31": "1.60", "2008-09-30": "2.01", "2008-06-30": "1.98", "2008-03-31": "1.94", "2007-12-31": "1.90", "2007-09-30": "1.94", "2007-06-30": "1.77", "2007-03-31": "1.60", "2006-12-31": "1.57", "2006-09-30": "1.54", "2006-06-30": "1.53", "2006-03-31": "1.45", "2005-12-31": "1.53", "2005-09-30": "1.52", "2005-06-30": "1.52", "2005-03-31": "1.45"}, "return on equity": {"2020-09-30": "23.58%", "2020-06-30": "15.32%", "2020-03-31": "8.61%", "2019-12-31": "5.11%", "2019-09-30": "3.29%", "2019-06-30": "3.11%", "2019-03-31": "9.47%", "2018-12-31": "12.01%", "2018-09-30": "17.10%", "2018-06-30": "18.09%", "2018-03-31": "16.20%", "2017-12-31": "14.90%", "2017-09-30": "8.93%", "2017-06-30": "9.15%", "2017-03-31": "8.93%", "2016-12-31": "9.89%", "2016-09-30": "12.92%", "2016-06-30": "12.54%", "2016-03-31": "12.13%", "2015-12-31": "12.53%", "2015-09-30": "10.37%", "2015-06-30": "11.91%", "2015-03-31": "10.17%", "2014-12-31": "7.04%", "2014-09-30": "4.31%", "2014-06-30": "4.10%", "2014-03-31": "6.56%", "2013-12-31": "9.74%", "2013-09-30": "11.90%", "2013-06-30": "11.38%", "2013-03-31": "10.96%", "2012-12-31": "9.25%", "2012-09-30": "6.13%", "2012-06-30": "-5.43%", "2012-03-31": "-6.24%", "2011-12-31": "-5.50%", "2011-09-30": "-4.87%", "2011-06-30": "-3.76%", "2011-03-31": "-4.11%", "2010-12-31": "-2.93%", "2010-09-30": "-0.08%", "2010-06-30": "5.06%", "2010-03-31": "5.67%", "2009-12-31": "5.79%", "2009-09-30": "2.69%", "2009-06-30": "0.93%", "2009-03-31": "-0.60%", "2008-12-31": "-0.85%", "2008-09-30": "-0.88%", "2008-06-30": "0.97%", "2008-03-31": "-1.89%", "2007-12-31": "-0.06%", "2007-09-30": "5.39%", "2007-06-30": "6.67%", "2007-03-31": "9.55%", "2006-12-31": "9.19%", "2006-09-30": "9.70%", "2006-06-30": "11.79%", "2006-03-31": "15.90%", "2005-12-31": "16.81%"}, "return on assets": {"2020-09-30": "5.60%", "2020-06-30": "3.52%", "2020-03-31": "1.95%", "2019-12-31": "1.18%", "2019-09-30": "0.77%", "2019-06-30": "0.74%", "2019-03-31": "2.30%", "2018-12-31": "2.95%", "2018-09-30": "4.23%", "2018-06-30": "4.45%", "2018-03-31": "4.06%", "2017-12-31": "3.77%", "2017-09-30": "2.28%", "2017-06-30": "2.40%", "2017-03-31": "2.37%", "2016-12-31": "2.73%", "2016-09-30": "3.66%", "2016-06-30": "3.57%", "2016-03-31": "3.50%", "2015-12-31": "3.59%", "2015-09-30": "2.98%", "2015-06-30": "3.46%", "2015-03-31": "2.94%", "2014-12-31": "2.01%", "2014-09-30": "1.29%", "2014-06-30": "1.30%", "2014-03-31": "2.24%", "2013-12-31": "3.60%", "2013-09-30": "4.51%", "2013-06-30": "4.36%", "2013-03-31": "4.30%", "2012-12-31": "3.71%", "2012-09-30": "2.48%", "2012-06-30": "-2.22%", "2012-03-31": "-2.57%", "2011-12-31": "-2.41%", "2011-09-30": "-2.23%", "2011-06-30": "-1.75%", "2011-03-31": "-1.92%", "2010-12-31": "-1.22%", "2010-09-30": "-0.03%", "2010-06-30": "1.97%", "2010-03-31": "2.22%", "2009-12-31": "2.30%", "2009-09-30": "1.09%", "2009-06-30": "0.36%", "2009-03-31": "-0.22%", "2008-12-31": "-0.30%", "2008-09-30": "-0.30%", "2008-06-30": "0.33%", "2008-03-31": "-0.66%", "2007-12-31": "-0.02%", "2007-09-30": "1.98%", "2007-06-30": "2.55%", "2007-03-31": "3.73%", "2006-12-31": "3.64%", "2006-09-30": "3.86%", "2006-06-30": "4.71%", "2006-03-31": "6.36%", "2005-12-31": "6.72%"}, "return on investments": {"2020-09-30": "11.59%", "2020-06-30": "11.28%", "2020-03-31": "8.26%", "2019-12-31": "6.35%", "2019-09-30": "4.77%", "2019-06-30": "4.61%", "2019-03-31": "7.26%", "2018-12-31": "8.13%", "2018-09-30": "9.50%", "2018-06-30": "9.62%", "2018-03-31": "9.38%", "2017-12-31": "9.12%", "2017-09-30": "9.02%", "2017-06-30": "10.06%", "2017-03-31": "9.84%", "2016-12-31": "10.93%", "2016-09-30": "9.91%", "2016-06-30": "9.36%", "2016-03-31": "9.13%", "2015-12-31": "8.81%", "2015-09-30": "9.16%", "2015-06-30": "9.58%", "2015-03-31": "8.54%", "2014-12-31": "6.96%", "2014-09-30": "5.16%", "2014-06-30": "4.68%", "2014-03-31": "5.33%", "2013-12-31": "7.43%", "2013-09-30": "7.84%", "2013-06-30": "7.83%", "2013-03-31": "8.70%", "2012-12-31": "8.41%", "2012-09-30": "6.72%", "2012-06-30": "5.01%", "2012-03-31": "2.60%", "2011-12-31": "1.78%", "2011-09-30": "4.57%", "2011-06-30": "5.52%", "2011-03-31": "6.02%", "2010-12-31": "4.50%", "2010-09-30": "5.62%", "2010-06-30": "4.18%", "2010-03-31": "4.41%", "2009-12-31": "5.83%", "2009-09-30": "1.89%", "2009-06-30": "1.28%", "2009-03-31": "1.39%", "2008-12-31": "1.11%", "2008-09-30": "1.98%", "2008-06-30": "4.62%", "2008-03-31": "1.04%", "2007-12-31": "3.68%", "2007-09-30": "9.81%", "2007-06-30": "11.70%", "2007-03-31": "15.41%", "2006-12-31": "14.60%", "2006-09-30": "14.90%", "2006-06-30": "17.41%", "2006-03-31": "22.83%", "2005-12-31": "24.04%"}, "return on tangible equity": {"2020-09-30": "-11.71%", "2020-06-30": "-6.94%", "2020-03-31": "-3.81%", "2019-12-31": "-2.30%", "2019-09-30": "-1.47%", "2019-06-30": "-1.44%", "2019-03-31": "-4.49%", "2018-12-31": "-5.79%", "2018-09-30": "-8.40%", "2018-06-30": "-8.86%", "2018-03-31": "-8.25%", "2017-12-31": "-7.74%", "2017-09-30": "-4.72%", "2017-06-30": "-5.06%", "2017-03-31": "-5.02%", "2016-12-31": "-6.00%", "2016-09-30": "-8.40%", "2016-06-30": "-8.49%", "2016-03-31": "-8.73%", "2015-12-31": "-9.07%", "2015-09-30": "-7.62%", "2015-06-30": "-9.02%", "2015-03-31": "-7.72%", "2014-12-31": "-5.34%", "2014-09-30": "-3.58%", "2014-06-30": "-3.86%", "2014-03-31": "-7.20%", "2013-12-31": "-12.45%", "2013-09-30": "-16.87%", "2013-06-30": "-16.71%", "2013-03-31": "-17.53%", "2012-12-31": "-16.35%", "2012-09-30": "-10.92%", "2012-06-30": "10.34%", "2012-03-31": "11.74%", "2011-12-31": "12.53%", "2011-09-30": "15.87%", "2011-06-30": "13.78%", "2011-03-31": "16.60%", "2010-12-31": "14.41%", "2010-09-30": "5.84%", "2010-06-30": "137.09%", "2010-03-31": "75.07%", "2009-12-31": "65.35%", "2009-09-30": "-106.21%", "2009-06-30": "-11.38%", "2009-03-31": "4.44%", "2008-12-31": "4.79%", "2008-09-30": "4.08%", "2008-06-30": "-4.95%", "2008-03-31": "10.90%", "2007-12-31": "0.48%", "2007-09-30": "-63.06%", "2007-06-30": "-153.62%", "2007-03-31": "-752.80%", "2006-12-31": "582.74%", "2006-09-30": "409.62%", "2006-06-30": "170.13%", "2006-03-31": "139.17%", "2005-12-31": "116.08%"}, "dividend yield history": {"last payout": "$1.32", "last yield": "1.61%"}}