{"ticker": "COR", "price": {"title": "CoreSite Realty Historical Annual Stock Price Data", "value": 125.48, "historical": {"2020": {"Average Stock Price": "119.4456", "Year Open": "110.8600", "Year High": "129.1600", "Year Low": "93.4500", "Year Close": "125.2800", "Annual % Change": "11.74%"}, "2019": {"Average Stock Price": "110.7674", "Year Open": "84.7300", "Year High": "122.3800", "Year Low": "84.5100", "Year Close": "112.1200", "Annual % Change": "28.53%"}, "2018": {"Average Stock Price": "104.7315", "Year Open": "112.6000", "Year High": "117.1200", "Year Low": "82.9100", "Year Close": "87.2300", "Annual % Change": "-23.42%"}, "2017": {"Average Stock Price": "102.8314", "Year Open": "80.6100", "Year High": "119.5400", "Year Low": "80.6100", "Year Close": "113.9000", "Annual % Change": "43.51%"}, "2016": {"Average Stock Price": "73.7414", "Year Open": "55.3000", "Year High": "91.4900", "Year Low": "55.3000", "Year Close": "79.3700", "Annual % Change": "39.93%"}, "2015": {"Average Stock Price": "49.9374", "Year Open": "40.5500", "Year High": "60.1000", "Year Low": "40.3100", "Year Close": "56.7200", "Annual % Change": "45.25%"}, "2014": {"Average Stock Price": "33.5129", "Year Open": "31.7100", "Year High": "39.5600", "Year Low": "29.9000", "Year Close": "39.0500", "Annual % Change": "21.31%"}, "2013": {"Average Stock Price": "32.7310", "Year Open": "28.7300", "Year High": "38.3000", "Year Low": "28.2500", "Year Close": "32.1900", "Annual % Change": "16.38%"}, "2012": {"Average Stock Price": "24.4245", "Year Open": "18.2500", "Year High": "27.7800", "Year Low": "18.2300", "Year Close": "27.6600", "Annual % Change": "55.22%"}, "2011": {"Average Stock Price": "15.7938", "Year Open": "14.0300", "Year High": "18.1400", "Year Low": "13.0000", "Year Close": "17.8200", "Annual % Change": "30.65%"}, "2010": {"Average Stock Price": "14.2899", "Year Open": "16.0100", "Year High": "16.4200", "Year Low": "12.5800", "Year Close": "13.6400", "Annual % Change": "0.00%"}}}, "market cap": {"value": "$5.37B"}, "income statement": {"Revenue": {"2020-12-31": "606.82400", "2019-12-31": "572.72700", "2018-12-31": "544.39200", "2017-12-31": "481.82100", "2016-12-31": "400.35200", "2015-12-31": "333.29200", "2014-12-31": "272.42000", "2013-12-31": "234.83300", "2012-12-31": "206.93400", "2011-12-31": "172.84600", "2010-12-31": "73.90900", "2009-12-31": "28.83100", "2008-12-31": "15.58100"}, "Cost Of Goods Sold": {"2020-12-31": "230.39800", "2019-12-31": "212.78300", "2018-12-31": "199.29200", "2017-12-31": "171.85800", "2016-12-31": "144.09300", "2015-12-31": "123.02400", "2014-12-31": "103.09400", "2013-12-31": "92.37700", "2012-12-31": "88.71100", "2011-12-31": "82.50400", "2010-12-31": "39.59300", "2009-12-31": "20.80100", "2008-12-31": "17.53000"}, "Gross Profit": {"2020-12-31": "376.42600", "2019-12-31": "359.94400", "2018-12-31": "345.10000", "2017-12-31": "309.96300", "2016-12-31": "256.25900", "2015-12-31": "210.26800", "2014-12-31": "169.32600", "2013-12-31": "142.45600", "2012-12-31": "118.22300", "2011-12-31": "90.34200", "2010-12-31": "34.31600", "2009-12-31": "8.03000", "2008-12-31": "-1.94900"}, "Research And Development Expenses": {"2020-12-31": "", "2019-12-31": "", "2018-12-31": "", "2017-12-31": "", "2016-12-31": "", "2015-12-31": "", "2014-12-31": "", "2013-12-31": "", "2012-12-31": "", "2011-12-31": "", "2010-12-31": "", "2009-12-31": "", "2008-12-31": ""}, "SG&A Expenses": {"2020-12-31": "67.75200", "2019-12-31": "66.20300", "2018-12-31": "61.11300", "2017-12-31": "55.72400", "2016-12-31": "52.86400", "2015-12-31": "50.10900", "2014-12-31": "42.39600", "2013-12-31": "41.72200", "2012-12-31": "36.24000", "2011-12-31": "27.59000", "2010-12-31": "8.71100", "2009-12-31": "1.53600", "2008-12-31": "1.49500"}, "Other Operating Income Or Expenses": {"2020-12-31": "", "2019-12-31": "", "2018-12-31": "-0.07500", "2017-12-31": "-0.17600", "2016-12-31": "-0.12600", "2015-12-31": "-0.37300", "2014-12-31": "-2.02100", "2013-12-31": "-0.27900", "2012-12-31": "-0.61300", "2011-12-31": "-0.87500", "2010-12-31": "-3.27500", "2009-12-31": "", "2008-12-31": ""}, "Operating Expenses": {"2020-12-31": "467.06500", "2019-12-31": "431.91100", "2018-12-31": "402.11300", "2017-12-31": "357.00900", "2016-12-31": "305.73500", "2015-12-31": "269.20800", "2014-12-31": "228.23300", "2013-12-31": "200.16300", "2012-12-31": "189.89100", "2011-12-31": "179.93600", "2010-12-31": "82.57300", "2009-12-31": "33.53000", "2008-12-31": "26.99100"}, "Operating Income": {"2020-12-31": "139.75900", "2019-12-31": "140.81600", "2018-12-31": "142.27900", "2017-12-31": "124.81200", "2016-12-31": "94.61700", "2015-12-31": "64.08400", "2014-12-31": "44.18700", "2013-12-31": "34.67000", "2012-12-31": "17.04300", "2011-12-31": "-7.09000", "2010-12-31": "-8.66400", "2009-12-31": "-4.69900", "2008-12-31": "-11.41000"}, "Total Non-Operating Income/Expense": {"2020-12-31": "-45.08600", "2019-12-31": "-41.71200", "2018-12-31": "-35.52600", "2017-12-31": "-24.14700", "2016-12-31": "-12.57700", "2015-12-31": "-7.06200", "2014-12-31": "-4.09700", "2013-12-31": "-2.65700", "2012-12-31": "-5.22300", "2011-12-31": "-4.21900", "2010-12-31": "-3.83600", "2009-12-31": "-2.34000", "2008-12-31": "-2.47800"}, "Pre-Tax Income": {"2020-12-31": "94.67300", "2019-12-31": "99.10400", "2018-12-31": "106.75300", "2017-12-31": "100.66500", "2016-12-31": "82.04000", "2015-12-31": "57.02200", "2014-12-31": "40.09000", "2013-12-31": "32.01300", "2012-12-31": "11.82000", "2011-12-31": "-11.30900", "2010-12-31": "-12.50000", "2009-12-31": "-7.03900", "2008-12-31": "-13.88800"}, "Income Taxes": {"2020-12-31": "0.05600", "2019-12-31": "0.06700", "2018-12-31": "-0.01000", "2017-12-31": "0.17400", "2016-12-31": "0.11900", "2015-12-31": "0.16300", "2014-12-31": "0.03800", "2013-12-31": "0.40100", "2012-12-31": "1.10400", "2011-12-31": "-0.53000", "2010-12-31": "-0.22300", "2009-12-31": "", "2008-12-31": ""}, "Income After Taxes": {"2020-12-31": "94.61700", "2019-12-31": "99.03700", "2018-12-31": "106.76300", "2017-12-31": "100.49100", "2016-12-31": "81.92100", "2015-12-31": "56.85900", "2014-12-31": "40.05200", "2013-12-31": "31.61200", "2012-12-31": "10.71600", "2011-12-31": "-10.77900", "2010-12-31": "-12.27700", "2009-12-31": "-7.03900", "2008-12-31": "-13.88800"}, "Other Income": {"2020-12-31": "", "2019-12-31": "", "2018-12-31": "", "2017-12-31": "", "2016-12-31": "", "2015-12-31": "", "2014-12-31": "", "2013-12-31": "", "2012-12-31": "", "2011-12-31": "", "2010-12-31": "", "2009-12-31": "", "2008-12-31": ""}, "Income From Continuous Operations": {"2020-12-31": "94.61700", "2019-12-31": "99.03700", "2018-12-31": "106.76300", "2017-12-31": "100.49100", "2016-12-31": "81.92100", "2015-12-31": "56.85900", "2014-12-31": "40.05200", "2013-12-31": "31.61200", "2012-12-31": "10.71600", "2011-12-31": "-10.77900", "2010-12-31": "-12.27700", "2009-12-31": "-7.03900", "2008-12-31": "-13.88800"}, "Income From Discontinued Operations": {"2020-12-31": "", "2019-12-31": "", "2018-12-31": "", "2017-12-31": "", "2016-12-31": "", "2015-12-31": "", "2014-12-31": "", "2013-12-31": "", "2012-12-31": "", "2011-12-31": "", "2010-12-31": "", "2009-12-31": "", "2008-12-31": ""}, "Net Income": {"2020-12-31": "79.30900", "2019-12-31": "75.84000", "2018-12-31": "77.92200", "2017-12-31": "62.60500", "2016-12-31": "50.37100", "2015-12-31": "26.36800", "2014-12-31": "14.42700", "2013-12-31": "10.50300", "2012-12-31": "4.60800", "2011-12-31": "-4.61100", "2010-12-31": "-4.90600", "2009-12-31": "-7.03900", "2008-12-31": "-13.88800"}, "EBITDA": {"2020-12-31": "139.75900", "2019-12-31": "296.82500", "2018-12-31": "285.70200", "2017-12-31": "255.14100", "2016-12-31": "204.06100", "2015-12-31": "160.51200", "2014-12-31": "126.25000", "2013-12-31": "101.37100", "2012-12-31": "81.54600", "2011-12-31": "62.47000", "2010-12-31": "23.97300", "2009-12-31": "5.95300", "2008-12-31": "-4.09100"}, "EBIT": {"2020-12-31": "139.75900", "2019-12-31": "140.81600", "2018-12-31": "142.27900", "2017-12-31": "124.81200", "2016-12-31": "94.61700", "2015-12-31": "64.08400", "2014-12-31": "44.18700", "2013-12-31": "34.67000", "2012-12-31": "17.04300", "2011-12-31": "-7.09000", "2010-12-31": "-8.66400", "2009-12-31": "-4.69900", "2008-12-31": "-11.41000"}, "Basic Shares Outstanding": {"2020-12-31": "40.45300", "2019-12-31": "36.76600", "2018-12-31": "34.95700", "2017-12-31": "33.79300", "2016-12-31": "32.28900", "2015-12-31": "25.21900", "2014-12-31": "21.16200", "2013-12-31": "20.82700", "2012-12-31": "20.53800", "2011-12-31": "19.60900", "2010-12-31": "19.45900", "2009-12-31": "", "2008-12-31": ""}, "Shares Outstanding": {"2020-12-31": "40.63400", "2019-12-31": "36.94400", "2018-12-31": "35.13700", "2017-12-31": "34.05900", "2016-12-31": "32.73200", "2015-12-31": "25.70700", "2014-12-31": "21.74100", "2013-12-31": "21.50300", "2012-12-31": "20.99200", "2011-12-31": "19.60900", "2010-12-31": "19.45900", "2009-12-31": "", "2008-12-31": ""}, "Basic EPS": {"2020-12-31": "1.96000", "2019-12-31": "2.06000", "2018-12-31": "2.23000", "2017-12-31": "1.85000", "2016-12-31": "1.56000", "2015-12-31": "1.05000", "2014-12-31": "0.68000", "2013-12-31": "0.50000", "2012-12-31": "0.22000", "2011-12-31": "-0.24000", "2010-12-31": "-0.17000", "2009-12-31": "", "2008-12-31": ""}, "EPS - Earnings Per Share": {"2020-12-31": "1.95000", "2019-12-31": "2.05000", "2018-12-31": "2.22000", "2017-12-31": "1.84000", "2016-12-31": "1.54000", "2015-12-31": "1.03000", "2014-12-31": "0.66000", "2013-12-31": "0.49000", "2012-12-31": "0.22000", "2011-12-31": "-0.24000", "2010-12-31": "-0.17000", "2009-12-31": "0.00000", "2008-12-31": "0.00000"}}, "income statement, quarterly": {"Revenue": {"2020-12-31": "154.93800", "2020-09-30": "153.98100", "2020-06-30": "150.54300", "2020-03-31": "147.36200", "2019-12-31": "146.03500", "2019-09-30": "144.89100", "2019-06-30": "142.90600", "2019-03-31": "138.89500", "2018-12-31": "139.14600", "2018-09-30": "139.18000", "2018-06-30": "136.44700", "2018-03-31": "129.61900", "2017-12-31": "125.94600", "2017-09-30": "123.06800", "2017-06-30": "117.88600", "2017-03-31": "114.92100", "2016-12-31": "110.50800", "2016-09-30": "101.27400", "2016-06-30": "96.09000", "2016-03-31": "92.48000", "2015-12-31": "90.91900", "2015-09-30": "86.38200", "2015-06-30": "81.33600", "2015-03-31": "74.65500", "2014-12-31": "72.49200", "2014-09-30": "70.51500", "2014-06-30": "65.68200", "2014-03-31": "63.73100", "2013-12-31": "61.44000", "2013-09-30": "60.63500", "2013-06-30": "57.66700", "2013-03-31": "55.09100", "2012-12-31": "55.25200", "2012-09-30": "53.76200", "2012-06-30": "50.63600", "2012-03-31": "47.28400", "2011-12-31": "46.02900", "2011-09-30": "44.36700", "2011-06-30": "42.48400", "2011-03-31": "39.96600", "2010-12-31": "38.35300", "2010-09-30": "14.13900", "2010-06-30": "12.38700", "2010-03-31": "9.03000", "2009-12-31": "", "2009-09-30": "7.47300", "2008-12-31": ""}, "Cost Of Goods Sold": {"2020-12-31": "60.05400", "2020-09-30": "59.94100", "2020-06-30": "55.63100", "2020-03-31": "54.77200", "2019-12-31": "54.44600", "2019-09-30": "54.55500", "2019-06-30": "51.78800", "2019-03-31": "51.99400", "2018-12-31": "51.81700", "2018-09-30": "53.18900", "2018-06-30": "49.10100", "2018-03-31": "45.18500", "2017-12-31": "44.84000", "2017-09-30": "45.79000", "2017-06-30": "41.53600", "2017-03-31": "39.69200", "2016-12-31": "39.19400", "2016-09-30": "37.77400", "2016-06-30": "33.98000", "2016-03-31": "33.14500", "2015-12-31": "32.94800", "2015-09-30": "32.85900", "2015-06-30": "30.36100", "2015-03-31": "26.85600", "2014-12-31": "27.92000", "2014-09-30": "28.22900", "2014-06-30": "22.62400", "2014-03-31": "24.32100", "2013-12-31": "23.98300", "2013-09-30": "24.67600", "2013-06-30": "22.17800", "2013-03-31": "21.54000", "2012-12-31": "22.42100", "2012-09-30": "23.20700", "2012-06-30": "22.09700", "2012-03-31": "20.98600", "2011-12-31": "21.71500", "2011-09-30": "20.89700", "2011-06-30": "20.57900", "2011-03-31": "19.31300", "2010-12-31": "18.30100", "2010-09-30": "8.33000", "2010-06-30": "6.77900", "2010-03-31": "6.18300", "2009-12-31": "", "2009-09-30": "5.45700", "2008-12-31": ""}, "Gross Profit": {"2020-12-31": "94.88400", "2020-09-30": "94.04000", "2020-06-30": "94.91200", "2020-03-31": "92.59000", "2019-12-31": "91.58900", "2019-09-30": "90.33600", "2019-06-30": "91.11800", "2019-03-31": "86.90100", "2018-12-31": "87.32900", "2018-09-30": "85.99100", "2018-06-30": "87.34600", "2018-03-31": "84.43400", "2017-12-31": "81.10600", "2017-09-30": "77.27800", "2017-06-30": "76.35000", "2017-03-31": "75.22900", "2016-12-31": "71.31400", "2016-09-30": "63.50000", "2016-06-30": "62.11000", "2016-03-31": "59.33500", "2015-12-31": "57.97100", "2015-09-30": "53.52300", "2015-06-30": "50.97500", "2015-03-31": "47.79900", "2014-12-31": "44.57200", "2014-09-30": "42.28600", "2014-06-30": "43.05800", "2014-03-31": "39.41000", "2013-12-31": "37.45700", "2013-09-30": "35.95900", "2013-06-30": "35.48900", "2013-03-31": "33.55100", "2012-12-31": "32.83100", "2012-09-30": "30.55500", "2012-06-30": "28.53900", "2012-03-31": "26.29800", "2011-12-31": "24.31400", "2011-09-30": "23.47000", "2011-06-30": "21.90500", "2011-03-31": "20.65300", "2010-12-31": "20.05200", "2010-09-30": "5.80900", "2010-06-30": "5.60800", "2010-03-31": "2.84700", "2009-12-31": "", "2009-09-30": "2.01600", "2008-12-31": ""}, "Research And Development Expenses": {"2020-12-31": "", "2020-09-30": "", "2020-06-30": "", "2020-03-31": "", "2019-12-31": "", "2019-09-30": "", "2019-06-30": "", "2019-03-31": "", "2018-12-31": "", "2018-09-30": "", "2018-06-30": "", "2018-03-31": "", "2017-12-31": "", "2017-09-30": "", "2017-06-30": "", "2017-03-31": "", "2016-12-31": "", "2016-09-30": "", "2016-06-30": "", "2016-03-31": "", "2015-12-31": "", "2015-09-30": "", "2015-06-30": "", "2015-03-31": "", "2014-12-31": "", "2014-09-30": "", "2014-06-30": "", "2014-03-31": "", "2013-12-31": "", "2013-09-30": "", "2013-06-30": "", "2013-03-31": "", "2012-12-31": "", "2012-09-30": "", "2012-06-30": "", "2012-03-31": "", "2011-12-31": "", "2011-09-30": "", "2011-06-30": "", "2011-03-31": "", "2010-12-31": "", "2010-09-30": "", "2010-06-30": "", "2010-03-31": "", "2009-12-31": "", "2009-09-30": "", "2008-12-31": ""}, "SG&A Expenses": {"2020-12-31": "16.14600", "2020-09-30": "16.75500", "2020-06-30": "17.44000", "2020-03-31": "17.41100", "2019-12-31": "16.16800", "2019-09-30": "16.14700", "2019-06-30": "18.06600", "2019-03-31": "15.82200", "2018-12-31": "15.92800", "2018-09-30": "15.25400", "2018-06-30": "15.66600", "2018-03-31": "14.26500", "2017-12-31": "14.77300", "2017-09-30": "14.40200", "2017-06-30": "13.92200", "2017-03-31": "12.62700", "2016-12-31": "12.70700", "2016-09-30": "13.89700", "2016-06-30": "13.31900", "2016-03-31": "12.94100", "2015-12-31": "13.83500", "2015-09-30": "12.41900", "2015-06-30": "12.20800", "2015-03-31": "11.64700", "2014-12-31": "9.67300", "2014-09-30": "10.95100", "2014-06-30": "10.47900", "2014-03-31": "11.29300", "2013-12-31": "10.56600", "2013-09-30": "10.25100", "2013-06-30": "10.11300", "2013-03-31": "10.79200", "2012-12-31": "10.52200", "2012-09-30": "8.62000", "2012-06-30": "8.61700", "2012-03-31": "8.48100", "2011-12-31": "7.49900", "2011-09-30": "6.06200", "2011-06-30": "7.03500", "2011-03-31": "6.99400", "2010-12-31": "6.08900", "2010-09-30": "2.06200", "2010-06-30": "0.47400", "2010-03-31": "0.08600", "2009-12-31": "", "2009-09-30": "0.86500", "2008-12-31": ""}, "Other Operating Income Or Expenses": {"2020-12-31": "", "2020-09-30": "", "2020-06-30": "", "2020-03-31": "", "2019-12-31": "", "2019-09-30": "", "2019-06-30": "", "2019-03-31": "", "2018-12-31": "", "2018-09-30": "", "2018-06-30": "-0.01900", "2018-03-31": "-0.05600", "2017-12-31": "-0.03700", "2017-09-30": "", "2017-06-30": "-0.13900", "2017-03-31": "", "2016-12-31": "-0.00600", "2016-09-30": "-0.11700", "2016-06-30": "-0.00600", "2016-03-31": "0.00300", "2015-12-31": "-0.32200", "2015-09-30": "-0.00600", "2015-06-30": "-0.04500", "2015-03-31": "", "2014-12-31": "0.00000", "2014-09-30": "-0.04900", "2014-06-30": "-1.04600", "2014-03-31": "-0.92600", "2013-12-31": "-0.01000", "2013-09-30": "-0.02500", "2013-06-30": "-0.24900", "2013-03-31": "0.00500", "2012-12-31": "-0.03700", "2012-09-30": "-0.29300", "2012-06-30": "-0.16100", "2012-03-31": "-0.12200", "2011-12-31": "0.00000", "2011-09-30": "-0.19200", "2011-06-30": "-0.68300", "2011-03-31": "0.00000", "2010-12-31": "", "2010-09-30": "-3.27500", "2010-06-30": "", "2010-03-31": "", "2009-12-31": "", "2009-09-30": "", "2008-12-31": ""}, "Operating Expenses": {"2020-12-31": "120.58600", "2020-09-30": "118.45500", "2020-06-30": "114.85000", "2020-03-31": "113.17400", "2019-12-31": "110.35100", "2019-09-30": "111.24800", "2019-06-30": "106.85000", "2019-03-31": "103.46200", "2018-12-31": "103.78000", "2018-09-30": "104.70700", "2018-06-30": "100.34400", "2018-03-31": "93.28200", "2017-12-31": "92.27900", "2017-09-30": "92.26900", "2017-06-30": "87.80400", "2017-03-31": "84.65700", "2016-12-31": "82.58100", "2016-09-30": "78.76900", "2016-06-30": "73.53200", "2016-03-31": "70.85300", "2015-12-31": "71.59800", "2015-09-30": "69.63100", "2015-06-30": "66.66000", "2015-03-31": "61.31900", "2014-12-31": "60.01500", "2014-09-30": "60.14300", "2014-06-30": "53.65300", "2014-03-31": "54.42200", "2013-12-31": "51.71000", "2013-09-30": "51.37600", "2013-06-30": "48.80100", "2013-03-31": "48.27600", "2012-12-31": "49.31600", "2012-09-30": "48.70300", "2012-06-30": "46.82200", "2012-03-31": "45.05000", "2011-12-31": "44.95700", "2011-09-30": "43.24200", "2011-06-30": "45.95700", "2011-03-31": "45.78000", "2010-12-31": "43.53600", "2010-09-30": "18.56700", "2010-06-30": "11.04300", "2010-03-31": "9.42700", "2009-12-31": "", "2009-09-30": "9.15700", "2008-12-31": ""}, "Operating Income": {"2020-12-31": "34.35200", "2020-09-30": "35.52600", "2020-06-30": "35.69300", "2020-03-31": "34.18800", "2019-12-31": "35.68400", "2019-09-30": "33.64300", "2019-06-30": "36.05600", "2019-03-31": "35.43300", "2018-12-31": "35.36600", "2018-09-30": "34.47300", "2018-06-30": "36.10300", "2018-03-31": "36.33700", "2017-12-31": "33.66700", "2017-09-30": "30.79900", "2017-06-30": "30.08200", "2017-03-31": "30.26400", "2016-12-31": "27.92700", "2016-09-30": "22.50500", "2016-06-30": "22.55800", "2016-03-31": "21.62700", "2015-12-31": "19.32100", "2015-09-30": "16.75100", "2015-06-30": "14.67600", "2015-03-31": "13.33600", "2014-12-31": "12.47700", "2014-09-30": "10.37200", "2014-06-30": "12.02900", "2014-03-31": "9.30900", "2013-12-31": "9.73000", "2013-09-30": "9.25900", "2013-06-30": "8.86600", "2013-03-31": "6.81500", "2012-12-31": "5.93600", "2012-09-30": "5.05900", "2012-06-30": "3.81400", "2012-03-31": "2.23400", "2011-12-31": "1.07200", "2011-09-30": "1.12500", "2011-06-30": "-3.47300", "2011-03-31": "-5.81400", "2010-12-31": "-5.18300", "2010-09-30": "-4.42800", "2010-06-30": "1.34400", "2010-03-31": "-0.39700", "2009-12-31": "", "2009-09-30": "-1.68400", "2008-12-31": ""}, "Total Non-Operating Income/Expense": {"2020-12-31": "-11.93300", "2020-09-30": "-11.38400", "2020-06-30": "-10.58600", "2020-03-31": "-11.18300", "2019-12-31": "-10.91700", "2019-09-30": "-10.98600", "2019-06-30": "-10.31100", "2019-03-31": "-9.49800", "2018-12-31": "-9.44800", "2018-09-30": "-9.43300", "2018-06-30": "-8.90700", "2018-03-31": "-7.73800", "2017-12-31": "-6.63500", "2017-09-30": "-6.44700", "2017-06-30": "-5.95800", "2017-03-31": "-5.10700", "2016-12-31": "-4.69800", "2016-09-30": "-3.18800", "2016-06-30": "-2.68000", "2016-03-31": "-2.01100", "2015-12-31": "-1.92000", "2015-09-30": "-2.18700", "2015-06-30": "-1.72800", "2015-03-31": "-1.22700", "2014-12-31": "-0.15300", "2014-09-30": "-1.36000", "2014-06-30": "-1.41300", "2014-03-31": "-1.17100", "2013-12-31": "-0.74500", "2013-09-30": "-0.69400", "2013-06-30": "-0.78100", "2013-03-31": "-0.43700", "2012-12-31": "-1.31300", "2012-09-30": "-1.59000", "2012-06-30": "-1.30400", "2012-03-31": "-1.01600", "2011-12-31": "-0.83600", "2011-09-30": "-0.91700", "2011-06-30": "-0.28000", "2011-03-31": "-2.18600", "2010-12-31": "-2.25000", "2010-09-30": "-0.67800", "2010-06-30": "-0.39900", "2010-03-31": "-0.50900", "2009-12-31": "", "2009-09-30": "-0.59800", "2008-12-31": ""}, "Pre-Tax Income": {"2020-12-31": "22.41900", "2020-09-30": "24.14200", "2020-06-30": "25.10700", "2020-03-31": "23.00500", "2019-12-31": "24.76700", "2019-09-30": "22.65700", "2019-06-30": "25.74500", "2019-03-31": "25.93500", "2018-12-31": "25.91800", "2018-09-30": "25.04000", "2018-06-30": "27.19600", "2018-03-31": "28.59900", "2017-12-31": "27.03200", "2017-09-30": "24.35200", "2017-06-30": "24.12400", "2017-03-31": "25.15700", "2016-12-31": "23.23500", "2016-09-30": "19.31700", "2016-06-30": "19.87800", "2016-03-31": "19.61000", "2015-12-31": "17.40100", "2015-09-30": "14.56400", "2015-06-30": "12.94800", "2015-03-31": "12.10900", "2014-12-31": "12.32400", "2014-09-30": "9.01200", "2014-06-30": "10.61600", "2014-03-31": "8.13800", "2013-12-31": "8.99500", "2013-09-30": "8.56500", "2013-06-30": "8.08500", "2013-03-31": "6.36800", "2012-12-31": "4.62300", "2012-09-30": "3.46900", "2012-06-30": "2.51000", "2012-03-31": "1.21800", "2011-12-31": "0.23600", "2011-09-30": "0.20800", "2011-06-30": "-3.75300", "2011-03-31": "-8.00000", "2010-12-31": "-7.43300", "2010-09-30": "-5.10600", "2010-06-30": "0.94500", "2010-03-31": "-0.90600", "2009-12-31": "", "2009-09-30": "-2.28200", "2008-12-31": ""}, "Income Taxes": {"2020-12-31": "0.01000", "2020-09-30": "0.01000", "2020-06-30": "0.01900", "2020-03-31": "0.01700", "2019-12-31": "0.02200", "2019-09-30": "0.01300", "2019-06-30": "0.00200", "2019-03-31": "0.03000", "2018-12-31": "0.02000", "2018-09-30": "0.02000", "2018-06-30": "-0.08300", "2018-03-31": "0.03300", "2017-12-31": "0.02400", "2017-09-30": "0.06400", "2017-06-30": "-0.01100", "2017-03-31": "0.09700", "2016-12-31": "0.07400", "2016-09-30": "-0.00200", "2016-06-30": "0.04300", "2016-03-31": "0.00400", "2015-12-31": "0.01400", "2015-09-30": "0.03400", "2015-06-30": "0.06600", "2015-03-31": "0.04900", "2014-12-31": "0.01800", "2014-09-30": "0.02200", "2014-06-30": "-0.02200", "2014-03-31": "0.02000", "2013-12-31": "-0.03400", "2013-09-30": "0.05600", "2013-06-30": "0.20600", "2013-03-31": "0.17300", "2012-12-31": "0.04500", "2012-09-30": "0.52200", "2012-06-30": "0.66200", "2012-03-31": "-0.12500", "2011-12-31": "-0.22600", "2011-09-30": "-0.05500", "2011-06-30": "-0.16500", "2011-03-31": "-0.08400", "2010-12-31": "", "2010-09-30": "0.00000", "2010-06-30": "", "2010-03-31": "", "2009-12-31": "", "2009-09-30": "0.00000", "2008-12-31": ""}, "Income After Taxes": {"2020-12-31": "22.40900", "2020-09-30": "24.13200", "2020-06-30": "25.08800", "2020-03-31": "22.98800", "2019-12-31": "24.74500", "2019-09-30": "22.64400", "2019-06-30": "25.74300", "2019-03-31": "25.90500", "2018-12-31": "25.89800", "2018-09-30": "25.02000", "2018-06-30": "27.27900", "2018-03-31": "28.56600", "2017-12-31": "27.00800", "2017-09-30": "24.28800", "2017-06-30": "24.13500", "2017-03-31": "25.06000", "2016-12-31": "23.16100", "2016-09-30": "19.31900", "2016-06-30": "19.83500", "2016-03-31": "19.60600", "2015-12-31": "17.38700", "2015-09-30": "14.53000", "2015-06-30": "12.88200", "2015-03-31": "12.06000", "2014-12-31": "12.30600", "2014-09-30": "8.99000", "2014-06-30": "10.63800", "2014-03-31": "8.11800", "2013-12-31": "9.02900", "2013-09-30": "8.50900", "2013-06-30": "7.87900", "2013-03-31": "6.19500", "2012-12-31": "4.57800", "2012-09-30": "2.94700", "2012-06-30": "1.84800", "2012-03-31": "1.34300", "2011-12-31": "0.46200", "2011-09-30": "0.26300", "2011-06-30": "-3.58800", "2011-03-31": "-7.91600", "2010-12-31": "-7.21000", "2010-09-30": "-5.10600", "2010-06-30": "0.94500", "2010-03-31": "-0.90600", "2009-12-31": "", "2009-09-30": "-2.28200", "2008-12-31": ""}, "Other Income": {"2020-12-31": "", "2020-09-30": "", "2020-06-30": "", "2020-03-31": "", "2019-12-31": "", "2019-09-30": "", "2019-06-30": "", "2019-03-31": "", "2018-12-31": "", "2018-09-30": "", "2018-06-30": "", "2018-03-31": "", "2017-12-31": "", "2017-09-30": "", "2017-06-30": "", "2017-03-31": "", "2016-12-31": "", "2016-09-30": "", "2016-06-30": "", "2016-03-31": "", "2015-12-31": "", "2015-09-30": "", "2015-06-30": "", "2015-03-31": "", "2014-12-31": "", "2014-09-30": "", "2014-06-30": "", "2014-03-31": "", "2013-12-31": "", "2013-09-30": "", "2013-06-30": "", "2013-03-31": "", "2012-12-31": "", "2012-09-30": "", "2012-06-30": "", "2012-03-31": "", "2011-12-31": "", "2011-09-30": "", "2011-06-30": "", "2011-03-31": "", "2010-12-31": "", "2010-09-30": "", "2010-06-30": "", "2010-03-31": "", "2009-12-31": "", "2009-09-30": "", "2008-12-31": ""}, "Income From Continuous Operations": {"2020-12-31": "22.40900", "2020-09-30": "24.13200", "2020-06-30": "25.08800", "2020-03-31": "22.98800", "2019-12-31": "24.74500", "2019-09-30": "22.64400", "2019-06-30": "25.74300", "2019-03-31": "25.90500", "2018-12-31": "25.89800", "2018-09-30": "25.02000", "2018-06-30": "27.27900", "2018-03-31": "28.56600", "2017-12-31": "27.00800", "2017-09-30": "24.28800", "2017-06-30": "24.13500", "2017-03-31": "25.06000", "2016-12-31": "23.16100", "2016-09-30": "19.31900", "2016-06-30": "19.83500", "2016-03-31": "19.60600", "2015-12-31": "17.38700", "2015-09-30": "14.53000", "2015-06-30": "12.88200", "2015-03-31": "12.06000", "2014-12-31": "12.30600", "2014-09-30": "8.99000", "2014-06-30": "10.63800", "2014-03-31": "8.11800", "2013-12-31": "9.02900", "2013-09-30": "8.50900", "2013-06-30": "7.87900", "2013-03-31": "6.19500", "2012-12-31": "4.57800", "2012-09-30": "2.94700", "2012-06-30": "1.84800", "2012-03-31": "1.34300", "2011-12-31": "0.46200", "2011-09-30": "0.26300", "2011-06-30": "-3.58800", "2011-03-31": "-7.91600", "2010-12-31": "-7.21000", "2010-09-30": "-5.10600", "2010-06-30": "0.94500", "2010-03-31": "-0.90600", "2009-12-31": "", "2009-09-30": "-2.28200", "2008-12-31": ""}, "Income From Discontinued Operations": {"2020-12-31": "", "2020-09-30": "", "2020-06-30": "", "2020-03-31": "", "2019-12-31": "", "2019-09-30": "", "2019-06-30": "", "2019-03-31": "", "2018-12-31": "", "2018-09-30": "", "2018-06-30": "", "2018-03-31": "", "2017-12-31": "", "2017-09-30": "", "2017-06-30": "", "2017-03-31": "", "2016-12-31": "", "2016-09-30": "", "2016-06-30": "", "2016-03-31": "", "2015-12-31": "", "2015-09-30": "", "2015-06-30": "", "2015-03-31": "", "2014-12-31": "", "2014-09-30": "", "2014-06-30": "", "2014-03-31": "", "2013-12-31": "", "2013-09-30": "", "2013-06-30": "", "2013-03-31": "", "2012-12-31": "", "2012-09-30": "", "2012-06-30": "", "2012-03-31": "", "2011-12-31": "", "2011-09-30": "", "2011-06-30": "", "2011-03-31": "", "2010-12-31": "", "2010-09-30": "", "2010-06-30": "", "2010-03-31": "", "2009-12-31": "", "2009-09-30": "", "2008-12-31": ""}, "Net Income": {"2020-12-31": "19.65800", "2020-09-30": "21.13200", "2020-06-30": "20.67100", "2020-03-31": "17.84800", "2019-12-31": "19.19400", "2019-09-30": "17.45000", "2019-06-30": "19.53500", "2019-03-31": "19.66100", "2018-12-31": "19.63100", "2018-09-30": "18.60000", "2018-06-30": "19.38900", "2018-03-31": "20.30200", "2017-12-31": "14.91200", "2017-09-30": "15.75800", "2017-06-30": "15.64300", "2017-03-31": "16.29200", "2016-12-31": "14.89500", "2016-09-30": "12.18000", "2016-06-30": "12.03500", "2016-03-31": "11.26100", "2015-12-31": "9.34200", "2015-09-30": "6.92000", "2015-06-30": "5.53800", "2015-03-31": "4.56800", "2014-12-31": "4.66400", "2014-09-30": "3.14700", "2014-06-30": "3.88300", "2014-03-31": "2.73300", "2013-12-31": "3.13500", "2013-09-30": "2.90100", "2013-06-30": "2.61800", "2013-03-31": "1.84900", "2012-12-31": "1.86200", "2012-09-30": "1.32000", "2012-06-30": "0.82600", "2012-03-31": "0.60000", "2011-12-31": "0.17900", "2011-09-30": "0.11200", "2011-06-30": "-1.53000", "2011-03-31": "-3.37200", "2010-12-31": "-2.93500", "2010-09-30": "-2.01000", "2010-06-30": "0.94500", "2010-03-31": "-0.90600", "2009-12-31": "", "2009-09-30": "-2.28200", "2008-12-31": ""}, "EBITDA": {"2020-12-31": "", "2020-09-30": "78.27900", "2020-06-30": "78.48100", "2020-03-31": "76.17400", "2019-12-31": "76.35600", "2019-09-30": "75.04300", "2019-06-30": "73.82200", "2019-03-31": "71.60400", "2018-12-31": "71.92900", "2018-09-30": "71.21900", "2018-06-30": "72.05000", "2018-03-31": "70.50400", "2017-12-31": "66.57100", "2017-09-30": "63.14400", "2017-06-30": "62.57900", "2017-03-31": "62.84700", "2016-12-31": "58.84600", "2016-09-30": "49.71500", "2016-06-30": "48.95300", "2016-03-31": "46.54700", "2015-12-31": "43.92800", "2015-09-30": "41.38200", "2015-06-30": "38.88400", "2015-03-31": "36.31800", "2014-12-31": "35.20100", "2014-09-30": "31.47800", "2014-06-30": "31.87000", "2014-03-31": "27.70100", "2013-12-31": "27.17600", "2013-09-30": "25.88800", "2013-06-30": "25.35500", "2013-03-31": "22.95200", "2012-12-31": "18.29900", "2012-09-30": "23.19000", "2012-06-30": "21.57500", "2012-03-31": "18.48200", "2011-12-31": "14.41000", "2011-09-30": "18.07900", "2011-06-30": "15.10100", "2011-03-31": "14.88000", "2010-12-31": "15.83800", "2010-09-30": "0.53200", "2010-06-30": "4.91800", "2010-03-31": "2.68500", "2009-12-31": "", "2009-09-30": "-1.68400", "2008-12-31": ""}, "EBIT": {"2020-12-31": "34.35200", "2020-09-30": "35.52600", "2020-06-30": "35.69300", "2020-03-31": "34.18800", "2019-12-31": "35.68400", "2019-09-30": "33.64300", "2019-06-30": "36.05600", "2019-03-31": "35.43300", "2018-12-31": "35.36600", "2018-09-30": "34.47300", "2018-06-30": "36.10300", "2018-03-31": "36.33700", "2017-12-31": "33.66700", "2017-09-30": "30.79900", "2017-06-30": "30.08200", "2017-03-31": "30.26400", "2016-12-31": "27.92700", "2016-09-30": "22.50500", "2016-06-30": "22.55800", "2016-03-31": "21.62700", "2015-12-31": "19.32100", "2015-09-30": "16.75100", "2015-06-30": "14.67600", "2015-03-31": "13.33600", "2014-12-31": "12.47700", "2014-09-30": "10.37200", "2014-06-30": "12.02900", "2014-03-31": "9.30900", "2013-12-31": "9.73000", "2013-09-30": "9.25900", "2013-06-30": "8.86600", "2013-03-31": "6.81500", "2012-12-31": "5.93600", "2012-09-30": "5.05900", "2012-06-30": "3.81400", "2012-03-31": "2.23400", "2011-12-31": "1.07200", "2011-09-30": "1.12500", "2011-06-30": "-3.47300", "2011-03-31": "-5.81400", "2010-12-31": "-5.18300", "2010-09-30": "-4.42800", "2010-06-30": "1.34400", "2010-03-31": "-0.39700", "2009-12-31": "", "2009-09-30": "-1.68400", "2008-12-31": ""}, "Basic Shares Outstanding": {"2020-12-31": "42.33000", "2020-09-30": "42.23500", "2020-06-30": "39.87300", "2020-03-31": "37.33600", "2019-12-31": "36.76600", "2019-09-30": "36.95000", "2019-06-30": "36.46300", "2019-03-31": "36.34800", "2018-12-31": "34.95700", "2018-09-30": "35.51200", "2018-06-30": "34.04900", "2018-03-31": "33.93600", "2017-12-31": "33.79300", "2017-09-30": "33.87900", "2017-06-30": "33.83600", "2017-03-31": "33.55900", "2016-12-31": "32.28900", "2016-09-30": "33.42600", "2016-06-30": "32.02300", "2016-03-31": "30.25300", "2015-12-31": "25.21900", "2015-09-30": "26.12600", "2015-06-30": "24.53700", "2015-03-31": "21.37200", "2014-12-31": "21.16200", "2014-09-30": "21.21500", "2014-06-30": "21.13100", "2014-03-31": "20.99300", "2013-12-31": "20.82700", "2013-09-30": "20.87200", "2013-06-30": "20.82900", "2013-03-31": "20.67400", "2012-12-31": "20.53800", "2012-09-30": "20.55500", "2012-06-30": "20.53300", "2012-03-31": "20.45600", "2011-12-31": "19.60900", "2011-09-30": "19.49500", "2011-06-30": "19.47300", "2011-03-31": "19.45900", "2010-12-31": "19.45900", "2010-09-30": "0.64100", "2010-06-30": "", "2010-03-31": "", "2009-12-31": "", "2009-09-30": "", "2008-12-31": ""}, "Shares Outstanding": {"2020-12-31": "42.52900", "2020-09-30": "42.40400", "2020-06-30": "39.99300", "2020-03-31": "37.50400", "2019-12-31": "36.94400", "2019-09-30": "37.13200", "2019-06-30": "36.61900", "2019-03-31": "36.54700", "2018-12-31": "35.13700", "2018-09-30": "35.72100", "2018-06-30": "34.22000", "2018-03-31": "34.16400", "2017-12-31": "34.05900", "2017-09-30": "34.11400", "2017-06-30": "34.05400", "2017-03-31": "33.98200", "2016-12-31": "32.73200", "2016-09-30": "33.91200", "2016-06-30": "32.43600", "2016-03-31": "30.69500", "2015-12-31": "25.70700", "2015-09-30": "26.55000", "2015-06-30": "25.05500", "2015-03-31": "21.97800", "2014-12-31": "21.74100", "2014-09-30": "21.70900", "2014-06-30": "21.60500", "2014-03-31": "21.52200", "2013-12-31": "21.50300", "2013-09-30": "21.48000", "2013-06-30": "21.44600", "2013-03-31": "21.31500", "2012-12-31": "20.99200", "2012-09-30": "21.02800", "2012-06-30": "20.91500", "2012-03-31": "20.69500", "2011-12-31": "19.60900", "2011-09-30": "19.58800", "2011-06-30": "19.47300", "2011-03-31": "19.45900", "2010-12-31": "19.45900", "2010-09-30": "0.64100", "2010-06-30": "", "2010-03-31": "", "2009-12-31": "", "2009-09-30": "", "2008-12-31": ""}, "Basic EPS": {"2020-12-31": "0.46000", "2020-09-30": "0.50000", "2020-06-30": "0.52000", "2020-03-31": "0.48000", "2019-12-31": "0.51000", "2019-09-30": "0.47000", "2019-06-30": "0.54000", "2019-03-31": "0.54000", "2018-12-31": "0.54000", "2018-09-30": "0.52000", "2018-06-30": "0.57000", "2018-03-31": "0.60000", "2017-12-31": "0.43000", "2017-09-30": "0.47000", "2017-06-30": "0.46000", "2017-03-31": "0.49000", "2016-12-31": "0.45000", "2016-09-30": "0.36000", "2016-06-30": "0.38000", "2016-03-31": "0.37000", "2015-12-31": "0.35000", "2015-09-30": "0.26000", "2015-06-30": "0.23000", "2015-03-31": "0.21000", "2014-12-31": "0.22000", "2014-09-30": "0.15000", "2014-06-30": "0.18000", "2014-03-31": "0.13000", "2013-12-31": "0.14000", "2013-09-30": "0.14000", "2013-06-30": "0.13000", "2013-03-31": "0.09000", "2012-12-31": "0.09000", "2012-09-30": "0.06000", "2012-06-30": "0.04000", "2012-03-31": "0.03000", "2011-12-31": "", "2011-09-30": "0.01000", "2011-06-30": "-0.08000", "2011-03-31": "-0.17000", "2010-12-31": "2.97000", "2010-09-30": "-3.14000", "2010-06-30": "", "2010-03-31": "", "2009-12-31": "", "2009-09-30": "", "2008-12-31": ""}, "EPS - Earnings Per Share": {"2020-12-31": "0.46000", "2020-09-30": "0.50000", "2020-06-30": "0.52000", "2020-03-31": "0.48000", "2019-12-31": "0.51000", "2019-09-30": "0.47000", "2019-06-30": "0.53000", "2019-03-31": "0.54000", "2018-12-31": "0.54000", "2018-09-30": "0.52000", "2018-06-30": "0.57000", "2018-03-31": "0.59000", "2017-12-31": "0.44000", "2017-09-30": "0.46000", "2017-06-30": "0.46000", "2017-03-31": "0.48000", "2016-12-31": "0.44000", "2016-09-30": "0.36000", "2016-06-30": "0.37000", "2016-03-31": "0.37000", "2015-12-31": "0.34000", "2015-09-30": "0.26000", "2015-06-30": "0.22000", "2015-03-31": "0.21000", "2014-12-31": "0.21000", "2014-09-30": "0.14000", "2014-06-30": "0.18000", "2014-03-31": "0.13000", "2013-12-31": "0.14000", "2013-09-30": "0.14000", "2013-06-30": "0.12000", "2013-03-31": "0.09000", "2012-12-31": "0.09000", "2012-09-30": "0.06000", "2012-06-30": "0.04000", "2012-03-31": "0.03000", "2011-12-31": "0.00000", "2011-09-30": "0.01000", "2011-06-30": "-0.08000", "2011-03-31": "-0.17000", "2010-12-31": "2.97000", "2010-09-30": "-3.14000", "2010-06-30": "0.00000", "2010-03-31": "0.00000", "2009-12-31": "0.00000", "2009-09-30": "0.00000", "2008-12-31": "0.00000"}}, "balance sheet": {"Cash On Hand": {"2020-12-31": "5.54300", "2019-12-31": "3.04800", "2018-12-31": "2.59900", "2017-12-31": "5.24700", "2016-12-31": "4.42900", "2015-12-31": "6.85400", "2014-12-31": "10.66200", "2013-12-31": "5.31300", "2012-12-31": "8.13000", "2011-12-31": "15.91900", "2010-12-31": "101.21400", "2009-12-31": "8.52300", "2008-12-31": ""}, "Receivables": {"2020-12-31": "20.84900", "2019-12-31": "21.00800", "2018-12-31": "18.46400", "2017-12-31": "28.87500", "2016-12-31": "25.12500", "2015-12-31": "12.23500", "2014-12-31": "10.29000", "2013-12-31": "10.33900", "2012-12-31": "9.90100", "2011-12-31": "6.56200", "2010-12-31": "5.33200", "2009-12-31": "1.56600", "2008-12-31": ""}, "Inventory": {"2020-12-31": "", "2019-12-31": "", "2018-12-31": "", "2017-12-31": "", "2016-12-31": "", "2015-12-31": "", "2014-12-31": "", "2013-12-31": "", "2012-12-31": "", "2011-12-31": "", "2010-12-31": "", "2009-12-31": "", "2008-12-31": ""}, "Pre-Paid Expenses": {"2020-12-31": "", "2019-12-31": "", "2018-12-31": "", "2017-12-31": "", "2016-12-31": "", "2015-12-31": "", "2014-12-31": "", "2013-12-31": "", "2012-12-31": "", "2011-12-31": "", "2010-12-31": "", "2009-12-31": "", "2008-12-31": ""}, "Other Current Assets": {"2020-12-31": "", "2019-12-31": "", "2018-12-31": "", "2017-12-31": "", "2016-12-31": "", "2015-12-31": "", "2014-12-31": "", "2013-12-31": "", "2012-12-31": "", "2011-12-31": "", "2010-12-31": "", "2009-12-31": "", "2008-12-31": ""}, "Total Current Assets": {"2020-12-31": "26.39200", "2019-12-31": "24.05600", "2018-12-31": "21.06300", "2017-12-31": "34.12200", "2016-12-31": "29.55400", "2015-12-31": "19.08900", "2014-12-31": "20.95200", "2013-12-31": "15.65200", "2012-12-31": "18.03100", "2011-12-31": "22.48100", "2010-12-31": "106.54600", "2009-12-31": "10.08900", "2008-12-31": ""}, "Property, Plant, And Equipment": {"2020-12-31": "1829.70600", "2019-12-31": "1758.30000", "2018-12-31": "1492.42100", "2017-12-31": "1348.07600", "2016-12-31": "1274.27300", "2015-12-31": "1010.91600", "2014-12-31": "930.57000", "2013-12-31": "892.82100", "2012-12-31": "724.07500", "2011-12-31": "674.16800", "2010-12-31": "589.67900", "2009-12-31": "218.05500", "2008-12-31": ""}, "Long-Term Investments": {"2020-12-31": "", "2019-12-31": "", "2018-12-31": "", "2017-12-31": "", "2016-12-31": "", "2015-12-31": "", "2014-12-31": "", "2013-12-31": "", "2012-12-31": "", "2011-12-31": "", "2010-12-31": "", "2009-12-31": "", "2008-12-31": ""}, "Goodwill And Intangible Assets": {"2020-12-31": "43.15300", "2019-12-31": "44.58500", "2018-12-31": "47.58900", "2017-12-31": "46.96000", "2016-12-31": "51.10400", "2015-12-31": "45.90500", "2014-12-31": "48.30300", "2013-12-31": "52.21900", "2012-12-31": "60.64400", "2011-12-31": "77.83400", "2010-12-31": "112.89500", "2009-12-31": "2.14000", "2008-12-31": "0.00000"}, "Other Long-Term Assets": {"2020-12-31": "103.09400", "2019-12-31": "101.08200", "2018-12-31": "102.29000", "2017-12-31": "103.50100", "2016-12-31": "96.37200", "2015-12-31": "86.63300", "2014-12-31": "74.77900", "2013-12-31": "55.80200", "2012-12-31": "42.58200", "2011-12-31": "33.74300", "2010-12-31": "23.90600", "2009-12-31": "9.13600", "2008-12-31": ""}, "Total Long-Term Assets": {"2020-12-31": "1975.95300", "2019-12-31": "1903.96700", "2018-12-31": "1642.30000", "2017-12-31": "1498.53700", "2016-12-31": "1421.74900", "2015-12-31": "1143.45400", "2014-12-31": "1053.65200", "2013-12-31": "1000.84200", "2012-12-31": "827.30100", "2011-12-31": "785.74500", "2010-12-31": "726.48000", "2009-12-31": "229.33100", "2008-12-31": ""}, "Total Assets": {"2020-12-31": "2176.27300", "2019-12-31": "2100.99900", "2018-12-31": "1853.66700", "2017-12-31": "1625.64300", "2016-12-31": "1451.30300", "2015-12-31": "1162.54300", "2014-12-31": "1074.60400", "2013-12-31": "1016.49400", "2012-12-31": "845.33200", "2011-12-31": "808.22600", "2010-12-31": "833.02600", "2009-12-31": "239.42000", "2008-12-31": "0.00000"}, "Total Current Liabilities": {"2020-12-31": "143.01800", "2019-12-31": "185.63600", "2018-12-31": "144.99400", "2017-12-31": "126.14600", "2016-12-31": "114.36800", "2015-12-31": "103.88700", "2014-12-31": "64.81800", "2013-12-31": "67.78200", "2012-12-31": "50.62400", "2011-12-31": "38.82200", "2010-12-31": "26.39300", "2009-12-31": "6.44900", "2008-12-31": ""}, "Long Term Debt": {"2020-12-31": "1715.91100", "2019-12-31": "1478.40200", "2018-12-31": "1130.82300", "2017-12-31": "939.57000", "2016-12-31": "690.45000", "2015-12-31": "391.00700", "2014-12-31": "317.67900", "2013-12-31": "232.50000", "2012-12-31": "59.75000", "2011-12-31": "121.86400", "2010-12-31": "124.87300", "2009-12-31": "62.39300", "2008-12-31": ""}, "Other Non-Current Liabilities": {"2020-12-31": "55.46200", "2019-12-31": "35.63000", "2018-12-31": "40.51800", "2017-12-31": "38.37100", "2016-12-31": "49.39900", "2015-12-31": "41.34400", "2014-12-31": "33.76600", "2013-12-31": "27.90500", "2012-12-31": "24.18500", "2011-12-31": "27.35300", "2010-12-31": "27.29500", "2009-12-31": "8.24000", "2008-12-31": ""}, "Total Long Term Liabilities": {"2020-12-31": "1771.37300", "2019-12-31": "1514.03200", "2018-12-31": "1171.34100", "2017-12-31": "977.94100", "2016-12-31": "739.84900", "2015-12-31": "432.35100", "2014-12-31": "351.44500", "2013-12-31": "260.40500", "2012-12-31": "83.93500", "2011-12-31": "149.21700", "2010-12-31": "152.16800", "2009-12-31": "70.63300", "2008-12-31": ""}, "Total Liabilities": {"2020-12-31": "2103.79500", "2019-12-31": "1887.11100", "2018-12-31": "1519.03400", "2017-12-31": "1206.99900", "2016-12-31": "854.21700", "2015-12-31": "536.23800", "2014-12-31": "416.26300", "2013-12-31": "328.18700", "2012-12-31": "134.55900", "2011-12-31": "188.03900", "2010-12-31": "178.56100", "2009-12-31": "77.08200", "2008-12-31": "0.00000"}, "Common Stock Net": {"2020-12-31": "0.42200", "2019-12-31": "0.37300", "2018-12-31": "0.36300", "2017-12-31": "0.33800", "2016-12-31": "0.33400", "2015-12-31": "0.30100", "2014-12-31": "0.21200", "2013-12-31": "0.20900", "2012-12-31": "0.20700", "2011-12-31": "0.20400", "2010-12-31": "0.19400", "2009-12-31": "", "2008-12-31": "0.00000"}, "Retained Earnings (Accumulated Deficit)": {"2020-12-31": "-471.91000", "2019-12-31": "-348.50900", "2018-12-31": "-246.92900", "2017-12-31": "-177.56600", "2016-12-31": "-118.03800", "2015-12-31": "-88.89100", "2014-12-31": "-67.53800", "2013-12-31": "-50.26400", "2012-12-31": "-35.98700", "2011-12-31": "-23.54500", "2010-12-31": "-7.46000", "2009-12-31": "", "2008-12-31": ""}, "Comprehensive Income": {"2020-12-31": "-20.52600", "2019-12-31": "-6.02600", "2018-12-31": "-2.19300", "2017-12-31": "0.75300", "2016-12-31": "-0.10100", "2015-12-31": "-0.49300", "2014-12-31": "-0.12500", "2013-12-31": "", "2012-12-31": "", "2011-12-31": "-0.03400", "2010-12-31": "0.05200", "2009-12-31": "", "2008-12-31": ""}, "Other Share Holders Equity": {"2020-12-31": "", "2019-12-31": "", "2018-12-31": "", "2017-12-31": "", "2016-12-31": "", "2015-12-31": "", "2014-12-31": "", "2013-12-31": "", "2012-12-31": "", "2011-12-31": "", "2010-12-31": "", "2009-12-31": "", "2008-12-31": "0.00000"}, "Share Holder Equity": {"2020-12-31": "72.47800", "2019-12-31": "213.88800", "2018-12-31": "334.63300", "2017-12-31": "418.64400", "2016-12-31": "597.08600", "2015-12-31": "626.30500", "2014-12-31": "658.34100", "2013-12-31": "688.30700", "2012-12-31": "710.77300", "2011-12-31": "620.18700", "2010-12-31": "654.46500", "2009-12-31": "162.33800", "2008-12-31": "0.00000"}, "Total Liabilities And Share Holders Equity": {"2020-12-31": "2176.27300", "2019-12-31": "2100.99900", "2018-12-31": "1853.66700", "2017-12-31": "1625.64300", "2016-12-31": "1451.30300", "2015-12-31": "1162.54300", "2014-12-31": "1074.60400", "2013-12-31": "1016.49400", "2012-12-31": "845.33200", "2011-12-31": "808.22600", "2010-12-31": "833.02600", "2009-12-31": "239.42000", "2008-12-31": "0.00000"}}, "balance sheet, quarterly": {"Cash On Hand": {"2020-12-31": "5.54300", "2020-09-30": "2.89400", "2020-06-30": "2.68600", "2020-03-31": "3.30700", "2019-12-31": "3.04800", "2019-09-30": "4.70300", "2019-06-30": "2.83600", "2019-03-31": "2.29400", "2018-12-31": "2.59900", "2018-09-30": "5.30600", "2018-06-30": "2.83400", "2018-03-31": "3.07900", "2017-12-31": "5.24700", "2017-09-30": "4.68200", "2017-06-30": "22.33400", "2017-03-31": "2.38600", "2016-12-31": "4.42900", "2016-09-30": "6.29600", "2016-06-30": "2.24300", "2016-03-31": "3.20000", "2015-12-31": "6.85400", "2015-09-30": "9.47700", "2015-06-30": "7.54200", "2015-03-31": "12.05800", "2014-12-31": "10.66200", "2014-09-30": "9.26800", "2014-06-30": "11.13200", "2014-03-31": "10.15300", "2013-12-31": "5.31300", "2013-09-30": "0.70200", "2013-06-30": "2.80300", "2013-03-31": "8.68700", "2012-12-31": "8.13000", "2012-09-30": "13.73700", "2012-06-30": "14.20400", "2012-03-31": "12.71000", "2011-12-31": "15.91900", "2011-09-30": "20.80200", "2011-06-30": "47.44400", "2011-03-31": "88.17700", "2010-12-31": "101.21400", "2010-09-30": "98.02500", "2010-06-30": "", "2010-03-31": "", "2009-12-31": "", "2009-09-30": "", "2008-12-31": ""}, "Receivables": {"2020-12-31": "20.84900", "2020-09-30": "31.38800", "2020-06-30": "22.05900", "2020-03-31": "24.26000", "2019-12-31": "21.00800", "2019-09-30": "26.33000", "2019-06-30": "29.75800", "2019-03-31": "26.14800", "2018-12-31": "18.46400", "2018-09-30": "24.45800", "2018-06-30": "25.06400", "2018-03-31": "25.07800", "2017-12-31": "28.87500", "2017-09-30": "27.99000", "2017-06-30": "21.55800", "2017-03-31": "21.36900", "2016-12-31": "25.12500", "2016-09-30": "16.10300", "2016-06-30": "13.80200", "2016-03-31": "16.10400", "2015-12-31": "12.23500", "2015-09-30": "14.19400", "2015-06-30": "15.26900", "2015-03-31": "10.71500", "2014-12-31": "10.29000", "2014-09-30": "11.27900", "2014-06-30": "10.27500", "2014-03-31": "10.45400", "2013-12-31": "10.33900", "2013-09-30": "11.09500", "2013-06-30": "7.93000", "2013-03-31": "10.10800", "2012-12-31": "9.90100", "2012-09-30": "10.07100", "2012-06-30": "8.23000", "2012-03-31": "7.40300", "2011-12-31": "6.56200", "2011-09-30": "7.04500", "2011-06-30": "6.39400", "2011-03-31": "6.18500", "2010-12-31": "5.33200", "2010-09-30": "10.54800", "2010-06-30": "", "2010-03-31": "", "2009-12-31": "", "2009-09-30": "", "2008-12-31": ""}, "Inventory": {"2020-12-31": "", "2020-09-30": "", "2020-06-30": "", "2020-03-31": "", "2019-12-31": "", "2019-09-30": "", "2019-06-30": "", "2019-03-31": "", "2018-12-31": "", "2018-09-30": "", "2018-06-30": "", "2018-03-31": "", "2017-12-31": "", "2017-09-30": "", "2017-06-30": "", "2017-03-31": "", "2016-12-31": "", "2016-09-30": "", "2016-06-30": "", "2016-03-31": "", "2015-12-31": "", "2015-09-30": "", "2015-06-30": "", "2015-03-31": "", "2014-12-31": "", "2014-09-30": "", "2014-06-30": "", "2014-03-31": "", "2013-12-31": "", "2013-09-30": "", "2013-06-30": "", "2013-03-31": "", "2012-12-31": "", "2012-09-30": "", "2012-06-30": "", "2012-03-31": "", "2011-12-31": "", "2011-09-30": "", "2011-06-30": "", "2011-03-31": "", "2010-12-31": "", "2010-09-30": "", "2010-06-30": "", "2010-03-31": "", "2009-12-31": "", "2009-09-30": "", "2008-12-31": ""}, "Pre-Paid Expenses": {"2020-12-31": "", "2020-09-30": "", "2020-06-30": "", "2020-03-31": "", "2019-12-31": "", "2019-09-30": "", "2019-06-30": "", "2019-03-31": "", "2018-12-31": "", "2018-09-30": "", "2018-06-30": "", "2018-03-31": "", "2017-12-31": "", "2017-09-30": "", "2017-06-30": "", "2017-03-31": "", "2016-12-31": "", "2016-09-30": "", "2016-06-30": "", "2016-03-31": "", "2015-12-31": "", "2015-09-30": "", "2015-06-30": "", "2015-03-31": "", "2014-12-31": "", "2014-09-30": "", "2014-06-30": "", "2014-03-31": "", "2013-12-31": "", "2013-09-30": "", "2013-06-30": "", "2013-03-31": "", "2012-12-31": "", "2012-09-30": "", "2012-06-30": "", "2012-03-31": "", "2011-12-31": "", "2011-09-30": "", "2011-06-30": "", "2011-03-31": "", "2010-12-31": "", "2010-09-30": "", "2010-06-30": "", "2010-03-31": "", "2009-12-31": "", "2009-09-30": "", "2008-12-31": ""}, "Other Current Assets": {"2020-12-31": "", "2020-09-30": "", "2020-06-30": "", "2020-03-31": "", "2019-12-31": "", "2019-09-30": "", "2019-06-30": "", "2019-03-31": "", "2018-12-31": "", "2018-09-30": "", "2018-06-30": "", "2018-03-31": "", "2017-12-31": "", "2017-09-30": "", "2017-06-30": "", "2017-03-31": "", "2016-12-31": "", "2016-09-30": "", "2016-06-30": "", "2016-03-31": "", "2015-12-31": "", "2015-09-30": "", "2015-06-30": "", "2015-03-31": "", "2014-12-31": "", "2014-09-30": "", "2014-06-30": "", "2014-03-31": "", "2013-12-31": "", "2013-09-30": "", "2013-06-30": "", "2013-03-31": "", "2012-12-31": "", "2012-09-30": "", "2012-06-30": "", "2012-03-31": "", "2011-12-31": "", "2011-09-30": "", "2011-06-30": "", "2011-03-31": "", "2010-12-31": "", "2010-09-30": "", "2010-06-30": "", "2010-03-31": "", "2009-12-31": "", "2009-09-30": "", "2008-12-31": ""}, "Total Current Assets": {"2020-12-31": "26.39200", "2020-09-30": "34.28200", "2020-06-30": "24.74500", "2020-03-31": "27.56700", "2019-12-31": "24.05600", "2019-09-30": "31.03300", "2019-06-30": "32.59400", "2019-03-31": "28.44200", "2018-12-31": "21.06300", "2018-09-30": "29.76400", "2018-06-30": "27.89800", "2018-03-31": "28.15700", "2017-12-31": "34.12200", "2017-09-30": "32.67200", "2017-06-30": "43.89200", "2017-03-31": "23.75500", "2016-12-31": "29.55400", "2016-09-30": "22.39900", "2016-06-30": "16.04500", "2016-03-31": "19.30400", "2015-12-31": "19.08900", "2015-09-30": "23.67100", "2015-06-30": "22.81100", "2015-03-31": "22.77300", "2014-12-31": "20.95200", "2014-09-30": "20.54700", "2014-06-30": "21.40700", "2014-03-31": "20.60700", "2013-12-31": "15.65200", "2013-09-30": "11.79700", "2013-06-30": "10.73300", "2013-03-31": "18.79500", "2012-12-31": "18.03100", "2012-09-30": "23.80800", "2012-06-30": "22.43400", "2012-03-31": "20.11300", "2011-12-31": "22.48100", "2011-09-30": "27.84700", "2011-06-30": "53.83800", "2011-03-31": "94.36200", "2010-12-31": "106.54600", "2010-09-30": "108.57300", "2010-06-30": "", "2010-03-31": "", "2009-12-31": "", "2009-09-30": "", "2008-12-31": ""}, "Property, Plant, And Equipment": {"2020-12-31": "1829.70600", "2020-09-30": "1835.02200", "2020-06-30": "1829.82500", "2020-03-31": "1791.89200", "2019-12-31": "1758.30000", "2019-09-30": "1690.26800", "2019-06-30": "1643.06600", "2019-03-31": "1567.69800", "2018-12-31": "1492.42100", "2018-09-30": "1438.59400", "2018-06-30": "1402.91300", "2018-03-31": "1370.29000", "2017-12-31": "1348.07600", "2017-09-30": "1315.61000", "2017-06-30": "1289.65300", "2017-03-31": "1275.94300", "2016-12-31": "1274.27300", "2016-09-30": "1196.87900", "2016-06-30": "1143.05800", "2016-03-31": "1059.87700", "2015-12-31": "1010.91600", "2015-09-30": "960.07700", "2015-06-30": "950.39900", "2015-03-31": "942.12700", "2014-12-31": "930.57000", "2014-09-30": "925.87500", "2014-06-30": "923.25300", "2014-03-31": "901.98000", "2013-12-31": "892.82100", "2013-09-30": "852.87000", "2013-06-30": "795.46900", "2013-03-31": "767.64800", "2012-12-31": "724.07500", "2012-09-30": "700.85700", "2012-06-30": "687.44200", "2012-03-31": "681.28000", "2011-12-31": "674.16800", "2011-09-30": "665.32100", "2011-06-30": "639.77400", "2011-03-31": "609.10700", "2010-12-31": "589.67900", "2010-09-30": "587.35000", "2010-06-30": "", "2010-03-31": "", "2009-12-31": "", "2009-09-30": "", "2008-12-31": ""}, "Long-Term Investments": {"2020-12-31": "", "2020-09-30": "", "2020-06-30": "", "2020-03-31": "", "2019-12-31": "", "2019-09-30": "", "2019-06-30": "", "2019-03-31": "", "2018-12-31": "", "2018-09-30": "", "2018-06-30": "", "2018-03-31": "", "2017-12-31": "", "2017-09-30": "", "2017-06-30": "", "2017-03-31": "", "2016-12-31": "", "2016-09-30": "", "2016-06-30": "", "2016-03-31": "", "2015-12-31": "", "2015-09-30": "", "2015-06-30": "", "2015-03-31": "", "2014-12-31": "", "2014-09-30": "", "2014-06-30": "", "2014-03-31": "", "2013-12-31": "", "2013-09-30": "", "2013-06-30": "", "2013-03-31": "", "2012-12-31": "", "2012-09-30": "", "2012-06-30": "", "2012-03-31": "", "2011-12-31": "", "2011-09-30": "", "2011-06-30": "", "2011-03-31": "", "2010-12-31": "", "2010-09-30": "", "2010-06-30": "", "2010-03-31": "", "2009-12-31": "", "2009-09-30": "", "2008-12-31": ""}, "Goodwill And Intangible Assets": {"2020-12-31": "43.15300", "2020-09-30": "43.60500", "2020-06-30": "43.92100", "2020-03-31": "44.24600", "2019-12-31": "44.58500", "2019-09-30": "44.97400", "2019-06-30": "46.34000", "2019-03-31": "46.97000", "2018-12-31": "47.58900", "2018-09-30": "48.22400", "2018-06-30": "48.90500", "2018-03-31": "46.37300", "2017-12-31": "46.96000", "2017-09-30": "47.63500", "2017-06-30": "48.31000", "2017-03-31": "49.93400", "2016-12-31": "51.10400", "2016-09-30": "44.44000", "2016-06-30": "44.89800", "2016-03-31": "45.38200", "2015-12-31": "45.90500", "2015-09-30": "46.44000", "2015-06-30": "47.00600", "2015-03-31": "47.61500", "2014-12-31": "48.30300", "2014-09-30": "49.13100", "2014-06-30": "50.20900", "2014-03-31": "51.12400", "2013-12-31": "52.21900", "2013-09-30": "53.65100", "2013-06-30": "55.34500", "2013-03-31": "57.45100", "2012-12-31": "60.64400", "2012-09-30": "64.55000", "2012-06-30": "69.44400", "2012-03-31": "72.09600", "2011-12-31": "77.83400", "2011-09-30": "84.64000", "2011-06-30": "92.16400", "2011-03-31": "102.07100", "2010-12-31": "112.89500", "2010-09-30": "123.77300", "2010-06-30": "0.00000", "2010-03-31": "0.00000", "2009-12-31": "", "2009-09-30": "0.00000", "2008-12-31": "0.00000"}, "Other Long-Term Assets": {"2020-12-31": "103.09400", "2020-09-30": "103.26200", "2020-06-30": "98.82300", "2020-03-31": "104.55500", "2019-12-31": "101.08200", "2019-09-30": "102.93200", "2019-06-30": "98.17400", "2019-03-31": "103.44100", "2018-12-31": "102.29000", "2018-09-30": "106.90600", "2018-06-30": "106.18700", "2018-03-31": "106.81300", "2017-12-31": "103.50100", "2017-09-30": "104.03900", "2017-06-30": "103.65300", "2017-03-31": "102.95700", "2016-12-31": "96.37200", "2016-09-30": "96.27400", "2016-06-30": "92.32900", "2016-03-31": "93.09800", "2015-12-31": "86.63300", "2015-09-30": "85.42100", "2015-06-30": "77.56900", "2015-03-31": "73.77200", "2014-12-31": "74.77900", "2014-09-30": "67.14500", "2014-06-30": "62.38600", "2014-03-31": "61.96100", "2013-12-31": "55.80200", "2013-09-30": "47.58300", "2013-06-30": "45.31200", "2013-03-31": "47.69500", "2012-12-31": "42.58200", "2012-09-30": "38.18700", "2012-06-30": "37.73000", "2012-03-31": "37.43100", "2011-12-31": "33.74300", "2011-09-30": "30.83300", "2011-06-30": "25.97900", "2011-03-31": "25.13200", "2010-12-31": "23.90600", "2010-09-30": "3.49400", "2010-06-30": "", "2010-03-31": "", "2009-12-31": "", "2009-09-30": "", "2008-12-31": ""}, "Total Long-Term Assets": {"2020-12-31": "1975.95300", "2020-09-30": "1981.88900", "2020-06-30": "1972.56900", "2020-03-31": "1940.69300", "2019-12-31": "1903.96700", "2019-09-30": "1838.17400", "2019-06-30": "1787.58000", "2019-03-31": "1718.10900", "2018-12-31": "1642.30000", "2018-09-30": "1593.72400", "2018-06-30": "1558.00500", "2018-03-31": "1523.47600", "2017-12-31": "1498.53700", "2017-09-30": "1467.28400", "2017-06-30": "1441.61600", "2017-03-31": "1428.83400", "2016-12-31": "1421.74900", "2016-09-30": "1337.59300", "2016-06-30": "1280.28500", "2016-03-31": "1198.35700", "2015-12-31": "1143.45400", "2015-09-30": "1091.93800", "2015-06-30": "1074.97400", "2015-03-31": "1063.51400", "2014-12-31": "1053.65200", "2014-09-30": "1042.15100", "2014-06-30": "1035.84800", "2014-03-31": "1015.06500", "2013-12-31": "1000.84200", "2013-09-30": "954.10400", "2013-06-30": "896.12600", "2013-03-31": "872.79400", "2012-12-31": "827.30100", "2012-09-30": "803.59400", "2012-06-30": "794.61600", "2012-03-31": "790.80700", "2011-12-31": "785.74500", "2011-09-30": "780.79400", "2011-06-30": "757.91700", "2011-03-31": "736.31000", "2010-12-31": "726.48000", "2010-09-30": "726.49000", "2010-06-30": "", "2010-03-31": "", "2009-12-31": "", "2009-09-30": "", "2008-12-31": ""}, "Total Assets": {"2020-12-31": "2176.27300", "2020-09-30": "2182.97800", "2020-06-30": "2168.89000", "2020-03-31": "2144.25900", "2019-12-31": "2100.99900", "2019-09-30": "2046.74200", "2019-06-30": "2001.44400", "2019-03-31": "1932.86200", "2018-12-31": "1853.66700", "2018-09-30": "1818.22000", "2018-06-30": "1767.09800", "2018-03-31": "1640.41400", "2017-12-31": "1625.64300", "2017-09-30": "1499.95600", "2017-06-30": "1485.50800", "2017-03-31": "1452.58900", "2016-12-31": "1451.30300", "2016-09-30": "1359.99200", "2016-06-30": "1296.33000", "2016-03-31": "1217.66100", "2015-12-31": "1162.54300", "2015-09-30": "1115.60900", "2015-06-30": "1097.78500", "2015-03-31": "1086.28700", "2014-12-31": "1074.60400", "2014-09-30": "1062.69800", "2014-06-30": "1057.25500", "2014-03-31": "1035.67200", "2013-12-31": "1016.49400", "2013-09-30": "965.90100", "2013-06-30": "906.85900", "2013-03-31": "891.58900", "2012-12-31": "845.33200", "2012-09-30": "827.40200", "2012-06-30": "817.05000", "2012-03-31": "810.92000", "2011-12-31": "808.22600", "2011-09-30": "808.64100", "2011-06-30": "811.75500", "2011-03-31": "830.67200", "2010-12-31": "833.02600", "2010-09-30": "835.06300", "2010-06-30": "0.00000", "2010-03-31": "0.00000", "2009-12-31": "0.00000", "2009-09-30": "0.00000", "2008-12-31": "0.00000"}, "Total Current Liabilities": {"2020-12-31": "143.01800", "2020-09-30": "154.10600", "2020-06-30": "178.80700", "2020-03-31": "163.78500", "2019-12-31": "185.63600", "2019-09-30": "194.52200", "2019-06-30": "183.58300", "2019-03-31": "171.30400", "2018-12-31": "144.99400", "2018-09-30": "140.07200", "2018-06-30": "123.16400", "2018-03-31": "112.71400", "2017-12-31": "126.14600", "2017-09-30": "114.32100", "2017-06-30": "95.89800", "2017-03-31": "96.26100", "2016-12-31": "114.36800", "2016-09-30": "114.75900", "2016-06-30": "143.85900", "2016-03-31": "96.24300", "2015-12-31": "103.88700", "2015-09-30": "79.66000", "2015-06-30": "64.37000", "2015-03-31": "67.04000", "2014-12-31": "64.81800", "2014-09-30": "57.94700", "2014-06-30": "74.28900", "2014-03-31": "63.46900", "2013-12-31": "67.78200", "2013-09-30": "75.24800", "2013-06-30": "50.12700", "2013-03-31": "49.90300", "2012-12-31": "50.62400", "2012-09-30": "44.29100", "2012-06-30": "36.54700", "2012-03-31": "39.09600", "2011-12-31": "38.82200", "2011-09-30": "42.97800", "2011-06-30": "41.56900", "2011-03-31": "37.48800", "2010-12-31": "26.39300", "2010-09-30": "16.96700", "2010-06-30": "", "2010-03-31": "", "2009-12-31": "", "2009-09-30": "", "2008-12-31": ""}, "Long Term Debt": {"2020-12-31": "1715.91100", "2020-09-30": "1686.81000", "2020-06-30": "1615.24100", "2020-03-31": "1572.00700", "2019-12-31": "1478.40200", "2019-09-30": "1380.54100", "2019-06-30": "1310.11400", "2019-03-31": "1210.71600", "2018-12-31": "1130.82300", "2018-09-30": "1073.47900", "2018-06-30": "1030.53600", "2018-03-31": "986.97400", "2017-12-31": "939.57000", "2017-09-30": "788.78700", "2017-06-30": "769.50300", "2017-03-31": "719.65700", "2016-12-31": "690.45000", "2016-09-30": "590.99200", "2016-06-30": "496.19900", "2016-03-31": "458.72700", "2015-12-31": "391.00700", "2015-09-30": "360.25000", "2015-06-30": "352.25000", "2015-03-31": "333.75000", "2014-12-31": "317.67900", "2014-09-30": "305.25000", "2014-06-30": "276.75000", "2014-03-31": "260.00000", "2013-12-31": "232.50000", "2013-09-30": "166.62500", "2013-06-30": "132.00000", "2013-03-31": "111.37500", "2012-12-31": "59.75000", "2012-09-30": "154.36500", "2012-06-30": "146.44900", "2012-03-31": "132.03200", "2011-12-31": "121.86400", "2011-09-30": "110.50100", "2011-06-30": "110.56000", "2011-03-31": "125.56000", "2010-12-31": "124.87300", "2010-09-30": "123.97700", "2010-06-30": "", "2010-03-31": "", "2009-12-31": "", "2009-09-30": "", "2008-12-31": ""}, "Other Non-Current Liabilities": {"2020-12-31": "55.46200", "2020-09-30": "57.21000", "2020-06-30": "56.62400", "2020-03-31": "53.26000", "2019-12-31": "35.63000", "2019-09-30": "36.62800", "2019-06-30": "36.73100", "2019-03-31": "45.56000", "2018-12-31": "40.51800", "2018-09-30": "36.62000", "2018-06-30": "37.30400", "2018-03-31": "40.09200", "2017-12-31": "38.37100", "2017-09-30": "44.62200", "2017-06-30": "49.66400", "2017-03-31": "48.00500", "2016-12-31": "49.39900", "2016-09-30": "45.08000", "2016-06-30": "42.94100", "2016-03-31": "43.66800", "2015-12-31": "41.34400", "2015-09-30": "43.59600", "2015-06-30": "38.37900", "2015-03-31": "35.90000", "2014-12-31": "33.76600", "2014-09-30": "33.16500", "2014-06-30": "32.45800", "2014-03-31": "31.51700", "2013-12-31": "27.90500", "2013-09-30": "28.32600", "2013-06-30": "24.83500", "2013-03-31": "25.80700", "2012-12-31": "24.18500", "2012-09-30": "22.41800", "2012-06-30": "23.99100", "2012-03-31": "25.43800", "2011-12-31": "27.35300", "2011-09-30": "27.89400", "2011-06-30": "27.52900", "2011-03-31": "26.61900", "2010-12-31": "27.29500", "2010-09-30": "26.83100", "2010-06-30": "", "2010-03-31": "", "2009-12-31": "", "2009-09-30": "", "2008-12-31": ""}, "Total Long Term Liabilities": {"2020-12-31": "1771.37300", "2020-09-30": "1744.02000", "2020-06-30": "1671.86500", "2020-03-31": "1625.26700", "2019-12-31": "1514.03200", "2019-09-30": "1417.16900", "2019-06-30": "1346.84500", "2019-03-31": "1256.27600", "2018-12-31": "1171.34100", "2018-09-30": "1110.09900", "2018-06-30": "1067.84000", "2018-03-31": "1027.06600", "2017-12-31": "977.94100", "2017-09-30": "833.40900", "2017-06-30": "819.16700", "2017-03-31": "767.66200", "2016-12-31": "739.84900", "2016-09-30": "636.07200", "2016-06-30": "539.14000", "2016-03-31": "502.39500", "2015-12-31": "432.35100", "2015-09-30": "403.84600", "2015-06-30": "390.62900", "2015-03-31": "369.65000", "2014-12-31": "351.44500", "2014-09-30": "338.41500", "2014-06-30": "309.20800", "2014-03-31": "291.51700", "2013-12-31": "260.40500", "2013-09-30": "194.95100", "2013-06-30": "156.83500", "2013-03-31": "137.18200", "2012-12-31": "83.93500", "2012-09-30": "176.78300", "2012-06-30": "170.44000", "2012-03-31": "157.47000", "2011-12-31": "149.21700", "2011-09-30": "138.39500", "2011-06-30": "138.08900", "2011-03-31": "152.17900", "2010-12-31": "152.16800", "2010-09-30": "580.65300", "2010-06-30": "", "2010-03-31": "", "2009-12-31": "", "2009-09-30": "", "2008-12-31": ""}, "Total Liabilities": {"2020-12-31": "2103.79500", "2020-09-30": "2080.19400", "2020-06-30": "2037.30800", "2020-03-31": "1979.81100", "2019-12-31": "1887.11100", "2019-09-30": "1803.41600", "2019-06-30": "1725.32100", "2019-03-31": "1626.69200", "2018-12-31": "1519.03400", "2018-09-30": "1454.59500", "2018-06-30": "1382.49800", "2018-03-31": "1237.08800", "2017-12-31": "1206.99900", "2017-09-30": "947.73000", "2017-06-30": "915.06500", "2017-03-31": "863.92300", "2016-12-31": "854.21700", "2016-09-30": "750.83100", "2016-06-30": "682.99900", "2016-03-31": "598.63800", "2015-12-31": "536.23800", "2015-09-30": "483.50600", "2015-06-30": "454.99900", "2015-03-31": "436.69000", "2014-12-31": "416.26300", "2014-09-30": "396.36200", "2014-06-30": "383.49700", "2014-03-31": "354.98600", "2013-12-31": "328.18700", "2013-09-30": "270.19900", "2013-06-30": "206.96200", "2013-03-31": "187.08500", "2012-12-31": "134.55900", "2012-09-30": "221.07400", "2012-06-30": "206.98700", "2012-03-31": "196.56600", "2011-12-31": "188.03900", "2011-09-30": "181.37300", "2011-06-30": "179.65800", "2011-03-31": "189.66700", "2010-12-31": "178.56100", "2010-09-30": "597.62000", "2010-06-30": "0.00000", "2010-03-31": "0.00000", "2009-12-31": "", "2009-09-30": "0.00000", "2008-12-31": "0.00000"}, "Common Stock Net": {"2020-12-31": "0.42200", "2020-09-30": "0.42200", "2020-06-30": "0.42000", "2020-03-31": "0.37400", "2019-12-31": "0.37300", "2019-09-30": "0.37300", "2019-06-30": "0.36400", "2019-03-31": "0.36400", "2018-12-31": "0.36300", "2018-09-30": "0.36300", "2018-06-30": "0.34000", "2018-03-31": "0.34000", "2017-12-31": "0.33800", "2017-09-30": "0.33800", "2017-06-30": "0.33800", "2017-03-31": "0.33800", "2016-12-31": "0.33400", "2016-09-30": "0.33400", "2016-06-30": "0.33400", "2016-03-31": "0.30300", "2015-12-31": "0.30100", "2015-09-30": "0.26100", "2015-06-30": "0.25900", "2015-03-31": "0.21400", "2014-12-31": "0.21200", "2014-09-30": "0.21200", "2014-06-30": "0.21100", "2014-03-31": "0.21000", "2013-12-31": "0.20900", "2013-09-30": "0.20800", "2013-06-30": "0.20800", "2013-03-31": "0.20700", "2012-12-31": "0.20700", "2012-09-30": "0.20600", "2012-06-30": "0.20500", "2012-03-31": "0.20400", "2011-12-31": "0.20400", "2011-09-30": "0.19500", "2011-06-30": "0.19400", "2011-03-31": "0.19400", "2010-12-31": "0.19400", "2010-09-30": "0.19400", "2010-06-30": "0.00000", "2010-03-31": "0.00000", "2009-12-31": "", "2009-09-30": "0.00000", "2008-12-31": "0.00000"}, "Retained Earnings (Accumulated Deficit)": {"2020-12-31": "-471.91000", "2020-09-30": "-439.02800", "2020-06-30": "-408.02100", "2020-03-31": "-376.83500", "2019-12-31": "-348.50900", "2019-09-30": "-321.72000", "2019-06-30": "-293.20900", "2019-03-31": "-267.84900", "2018-12-31": "-246.92900", "2018-09-30": "-226.18400", "2018-06-30": "-207.04800", "2018-03-31": "-191.01300", "2017-12-31": "-177.56600", "2017-09-30": "-158.92600", "2017-06-30": "-143.88100", "2017-03-31": "-128.79700", "2016-12-31": "-118.03800", "2016-09-30": "-105.75600", "2016-06-30": "-99.94200", "2016-03-31": "-94.00200", "2015-12-31": "-88.89100", "2015-09-30": "-81.99000", "2015-06-30": "-77.77200", "2015-03-31": "-72.20200", "2014-12-31": "-67.53800", "2014-09-30": "-63.08400", "2014-06-30": "-58.64900", "2014-03-31": "-54.99200", "2013-12-31": "-50.26400", "2013-09-30": "-45.95300", "2013-06-30": "-43.07800", "2013-03-31": "-39.91100", "2012-12-31": "-35.98700", "2012-09-30": "-32.12100", "2012-06-30": "-29.64300", "2012-03-31": "-26.68300", "2011-12-31": "-23.54500", "2011-09-30": "-19.99800", "2011-06-30": "-17.52300", "2011-03-31": "-13.41600", "2010-12-31": "-7.46000", "2010-09-30": "-1.97400", "2010-06-30": "", "2010-03-31": "", "2009-12-31": "", "2009-09-30": "", "2008-12-31": ""}, "Comprehensive Income": {"2020-12-31": "-20.52600", "2020-09-30": "-22.35500", "2020-06-30": "-23.84000", "2020-03-31": "-19.15800", "2019-12-31": "-6.02600", "2019-09-30": "-6.66600", "2019-06-30": "-6.23500", "2019-03-31": "-5.73300", "2018-12-31": "-2.19300", "2018-09-30": "1.75800", "2018-06-30": "1.29100", "2018-03-31": "1.16300", "2017-12-31": "0.75300", "2017-09-30": "0.31400", "2017-06-30": "0.22300", "2017-03-31": "0.33200", "2016-12-31": "-0.10100", "2016-09-30": "-2.14100", "2016-06-30": "-3.02900", "2016-03-31": "-2.25500", "2015-12-31": "-0.49300", "2015-09-30": "-1.50700", "2015-06-30": "-0.18300", "2015-03-31": "-0.57400", "2014-12-31": "-0.12500", "2014-09-30": "0.20000", "2014-06-30": "-0.13600", "2014-03-31": "0.28800", "2013-12-31": "", "2013-09-30": "", "2013-06-30": "", "2013-03-31": "", "2012-12-31": "", "2012-09-30": "-0.00400", "2012-06-30": "-0.02600", "2012-03-31": "-0.04700", "2011-12-31": "-0.03400", "2011-09-30": "-0.04300", "2011-06-30": "-0.05300", "2011-03-31": "0.04100", "2010-12-31": "0.05200", "2010-09-30": "", "2010-06-30": "", "2010-03-31": "", "2009-12-31": "", "2009-09-30": "", "2008-12-31": ""}, "Other Share Holders Equity": {"2020-12-31": "", "2020-09-30": "", "2020-06-30": "", "2020-03-31": "", "2019-12-31": "", "2019-09-30": "", "2019-06-30": "", "2019-03-31": "", "2018-12-31": "", "2018-09-30": "", "2018-06-30": "", "2018-03-31": "", "2017-12-31": "", "2017-09-30": "", "2017-06-30": "", "2017-03-31": "", "2016-12-31": "", "2016-09-30": "", "2016-06-30": "", "2016-03-31": "", "2015-12-31": "", "2015-09-30": "", "2015-06-30": "", "2015-03-31": "", "2014-12-31": "", "2014-09-30": "", "2014-06-30": "", "2014-03-31": "", "2013-12-31": "", "2013-09-30": "", "2013-06-30": "", "2013-03-31": "", "2012-12-31": "", "2012-09-30": "", "2012-06-30": "", "2012-03-31": "", "2011-12-31": "", "2011-09-30": "", "2011-06-30": "", "2011-03-31": "", "2010-12-31": "", "2010-09-30": "", "2010-06-30": "0.00000", "2010-03-31": "0.00000", "2009-12-31": "", "2009-09-30": "0.00000", "2008-12-31": "0.00000"}, "Share Holder Equity": {"2020-12-31": "72.47800", "2020-09-30": "102.78400", "2020-06-30": "131.58200", "2020-03-31": "164.44800", "2019-12-31": "213.88800", "2019-09-30": "243.32600", "2019-06-30": "276.12300", "2019-03-31": "306.17000", "2018-12-31": "334.63300", "2018-09-30": "363.62500", "2018-06-30": "384.60000", "2018-03-31": "403.32600", "2017-12-31": "418.64400", "2017-09-30": "552.22600", "2017-06-30": "570.44300", "2017-03-31": "588.66600", "2016-12-31": "597.08600", "2016-09-30": "609.16100", "2016-06-30": "613.33100", "2016-03-31": "619.02300", "2015-12-31": "626.30500", "2015-09-30": "632.10300", "2015-06-30": "642.78600", "2015-03-31": "649.59700", "2014-12-31": "658.34100", "2014-09-30": "666.33600", "2014-06-30": "673.75800", "2014-03-31": "680.68600", "2013-12-31": "688.30700", "2013-09-30": "695.70200", "2013-06-30": "699.89700", "2013-03-31": "704.50400", "2012-12-31": "710.77300", "2012-09-30": "606.32800", "2012-06-30": "610.06300", "2012-03-31": "614.35400", "2011-12-31": "620.18700", "2011-09-30": "627.26800", "2011-06-30": "632.09700", "2011-03-31": "641.00500", "2010-12-31": "654.46500", "2010-09-30": "237.44300", "2010-06-30": "0.00000", "2010-03-31": "0.00000", "2009-12-31": "", "2009-09-30": "0.00000", "2008-12-31": "0.00000"}, "Total Liabilities And Share Holders Equity": {"2020-12-31": "2176.27300", "2020-09-30": "2182.97800", "2020-06-30": "2168.89000", "2020-03-31": "2144.25900", "2019-12-31": "2100.99900", "2019-09-30": "2046.74200", "2019-06-30": "2001.44400", "2019-03-31": "1932.86200", "2018-12-31": "1853.66700", "2018-09-30": "1818.22000", "2018-06-30": "1767.09800", "2018-03-31": "1640.41400", "2017-12-31": "1625.64300", "2017-09-30": "1499.95600", "2017-06-30": "1485.50800", "2017-03-31": "1452.58900", "2016-12-31": "1451.30300", "2016-09-30": "1359.99200", "2016-06-30": "1296.33000", "2016-03-31": "1217.66100", "2015-12-31": "1162.54300", "2015-09-30": "1115.60900", "2015-06-30": "1097.78500", "2015-03-31": "1086.28700", "2014-12-31": "1074.60400", "2014-09-30": "1062.69800", "2014-06-30": "1057.25500", "2014-03-31": "1035.67200", "2013-12-31": "1016.49400", "2013-09-30": "965.90100", "2013-06-30": "906.85900", "2013-03-31": "891.58900", "2012-12-31": "845.33200", "2012-09-30": "827.40200", "2012-06-30": "817.05000", "2012-03-31": "810.92000", "2011-12-31": "808.22600", "2011-09-30": "808.64100", "2011-06-30": "811.75500", "2011-03-31": "830.67200", "2010-12-31": "833.02600", "2010-09-30": "835.06300", "2010-06-30": "0.00000", "2010-03-31": "0.00000", "2009-12-31": "", "2009-09-30": "0.00000", "2008-12-31": "0.00000"}}, "cash flow statement": {"Net Income/Loss": {"2020-12-31": "0.00000", "2019-12-31": "99.03700", "2018-12-31": "106.76300", "2017-12-31": "100.49100", "2016-12-31": "81.92100", "2015-12-31": "56.85900", "2014-12-31": "40.05200", "2013-12-31": "31.61200", "2012-12-31": "10.71600", "2011-12-31": "-10.77900", "2010-12-31": "-12.27700", "2009-12-31": "-7.03900", "2008-12-31": "-13.88800"}, "Total Depreciation And Amortization - Cash Flow": {"2020-12-31": "", "2019-12-31": "156.00900", "2018-12-31": "143.42300", "2017-12-31": "130.32900", "2016-12-31": "109.44400", "2015-12-31": "96.42800", "2014-12-31": "82.06300", "2013-12-31": "66.70100", "2012-12-31": "64.50300", "2011-12-31": "69.56000", "2010-12-31": "32.63700", "2009-12-31": "10.65200", "2008-12-31": "7.31900"}, "Other Non-Cash Items": {"2020-12-31": "", "2019-12-31": "14.67500", "2018-12-31": "11.80900", "2017-12-31": "10.28400", "2016-12-31": "9.29000", "2015-12-31": "7.27900", "2014-12-31": "5.56500", "2013-12-31": "7.01400", "2012-12-31": "6.19400", "2011-12-31": "2.31100", "2010-12-31": "-0.05700", "2009-12-31": "0.31000", "2008-12-31": "0.32400"}, "Total Non-Cash Items": {"2020-12-31": "", "2019-12-31": "170.68400", "2018-12-31": "155.23200", "2017-12-31": "140.61300", "2016-12-31": "118.73400", "2015-12-31": "103.70700", "2014-12-31": "87.62800", "2013-12-31": "73.71500", "2012-12-31": "70.69700", "2011-12-31": "71.87100", "2010-12-31": "32.58000", "2009-12-31": "10.96200", "2008-12-31": "7.64300"}, "Change In Accounts Receivable": {"2020-12-31": "", "2019-12-31": "-2.83600", "2018-12-31": "10.92300", "2017-12-31": "-5.08700", "2016-12-31": "-13.19900", "2015-12-31": "-2.14600", "2014-12-31": "-0.59900", "2013-12-31": "-0.68200", "2012-12-31": "-3.65700", "2011-12-31": "-1.52300", "2010-12-31": "-1.20700", "2009-12-31": "0.47000", "2008-12-31": "-1.04000"}, "Change In Inventories": {"2020-12-31": "", "2019-12-31": "", "2018-12-31": "", "2017-12-31": "", "2016-12-31": "", "2015-12-31": "", "2014-12-31": "", "2013-12-31": "", "2012-12-31": "", "2011-12-31": "", "2010-12-31": "", "2009-12-31": "", "2008-12-31": ""}, "Change In Accounts Payable": {"2020-12-31": "", "2019-12-31": "", "2018-12-31": "", "2017-12-31": "", "2016-12-31": "", "2015-12-31": "", "2014-12-31": "", "2013-12-31": "", "2012-12-31": "", "2011-12-31": "", "2010-12-31": "", "2009-12-31": "", "2008-12-31": ""}, "Change In Assets/Liabilities": {"2020-12-31": "", "2019-12-31": "-23.50800", "2018-12-31": "-17.65900", "2017-12-31": "-27.88500", "2016-12-31": "-21.84100", "2015-12-31": "-22.37900", "2014-12-31": "-23.40500", "2013-12-31": "-10.67800", "2012-12-31": "-11.35300", "2011-12-31": "-5.63600", "2010-12-31": "-2.69900", "2009-12-31": "-4.02200", "2008-12-31": "-1.68900"}, "Total Change In Assets/Liabilities": {"2020-12-31": "", "2019-12-31": "-18.13600", "2018-12-31": "-3.23400", "2017-12-31": "-31.74800", "2016-12-31": "-30.13000", "2015-12-31": "-17.99300", "2014-12-31": "-28.16400", "2013-12-31": "-7.60400", "2012-12-31": "-12.76500", "2011-12-31": "0.11400", "2010-12-31": "-4.39900", "2009-12-31": "-2.48700", "2008-12-31": "-3.38700"}, "Cash Flow From Operating Activities": {"2020-12-31": "", "2019-12-31": "251.58500", "2018-12-31": "258.76100", "2017-12-31": "209.35600", "2016-12-31": "170.52500", "2015-12-31": "142.57300", "2014-12-31": "99.51600", "2013-12-31": "97.72300", "2012-12-31": "68.64800", "2011-12-31": "61.20600", "2010-12-31": "15.90400", "2009-12-31": "1.43600", "2008-12-31": "-9.63200"}, "Net Change In Property, Plant, And Equipment": {"2020-12-31": "", "2019-12-31": "-346.20100", "2018-12-31": "-244.96200", "2017-12-31": "-161.80600", "2016-12-31": "-299.23700", "2015-12-31": "-127.53300", "2014-12-31": "-106.19200", "2013-12-31": "-192.58000", "2012-12-31": "-89.91200", "2011-12-31": "-117.52400", "2010-12-31": "-56.03900", "2009-12-31": "-28.04300", "2008-12-31": "-54.37700"}, "Net Change In Intangible Assets": {"2020-12-31": "", "2019-12-31": "", "2018-12-31": "", "2017-12-31": "", "2016-12-31": "", "2015-12-31": "", "2014-12-31": "", "2013-12-31": "", "2012-12-31": "", "2011-12-31": "", "2010-12-31": "", "2009-12-31": "", "2008-12-31": ""}, "Net Acquisitions/Divestitures": {"2020-12-31": "", "2019-12-31": "-26.06000", "2018-12-31": "-10.68100", "2017-12-31": "-12.15800", "2016-12-31": "-64.96500", "2015-12-31": "", "2014-12-31": "", "2013-12-31": "-21.88900", "2012-12-31": "-2.58100", "2011-12-31": "", "2010-12-31": "10.26900", "2009-12-31": "", "2008-12-31": ""}, "Net Change In Short-term Investments": {"2020-12-31": "", "2019-12-31": "", "2018-12-31": "", "2017-12-31": "", "2016-12-31": "", "2015-12-31": "", "2014-12-31": "", "2013-12-31": "", "2012-12-31": "", "2011-12-31": "", "2010-12-31": "", "2009-12-31": "", "2008-12-31": ""}, "Net Change In Long-Term Investments": {"2020-12-31": "", "2019-12-31": "", "2018-12-31": "", "2017-12-31": "", "2016-12-31": "", "2015-12-31": "", "2014-12-31": "", "2013-12-31": "", "2012-12-31": "", "2011-12-31": "", "2010-12-31": "", "2009-12-31": "", "2008-12-31": ""}, "Net Change In Investments - Total": {"2020-12-31": "", "2019-12-31": "", "2018-12-31": "", "2017-12-31": "", "2016-12-31": "", "2015-12-31": "", "2014-12-31": "", "2013-12-31": "", "2012-12-31": "", "2011-12-31": "", "2010-12-31": "", "2009-12-31": "", "2008-12-31": ""}, "Investing Activities - Other": {"2020-12-31": "", "2019-12-31": "", "2018-12-31": "", "2017-12-31": "", "2016-12-31": "", "2015-12-31": "", "2014-12-31": "", "2013-12-31": "", "2012-12-31": "8.69100", "2011-12-31": "4.96500", "2010-12-31": "0.28900", "2009-12-31": "0.59100", "2008-12-31": "0.53200"}, "Cash Flow From Investing Activities": {"2020-12-31": "", "2019-12-31": "-372.26100", "2018-12-31": "-255.64300", "2017-12-31": "-173.96400", "2016-12-31": "-364.20200", "2015-12-31": "-127.53300", "2014-12-31": "-106.19200", "2013-12-31": "-214.46900", "2012-12-31": "-83.80200", "2011-12-31": "-112.55900", "2010-12-31": "-45.48100", "2009-12-31": "-27.45200", "2008-12-31": "-53.84500"}, "Net Long-Term Debt": {"2020-12-31": "", "2019-12-31": "350.99900", "2018-12-31": "192.00000", "2017-12-31": "250.50000", "2016-12-31": "301.75000", "2015-12-31": "73.75000", "2014-12-31": "86.00000", "2013-12-31": "172.75000", "2012-12-31": "-62.11400", "2011-12-31": "-2.74900", "2010-12-31": "-82.29800", "2009-12-31": "9.85700", "2008-12-31": "8.19900"}, "Net Current Debt": {"2020-12-31": "", "2019-12-31": "", "2018-12-31": "", "2017-12-31": "", "2016-12-31": "", "2015-12-31": "", "2014-12-31": "", "2013-12-31": "", "2012-12-31": "", "2011-12-31": "", "2010-12-31": "", "2009-12-31": "", "2008-12-31": ""}, "Debt Issuance/Retirement Net - Total": {"2020-12-31": "", "2019-12-31": "350.99900", "2018-12-31": "192.00000", "2017-12-31": "250.50000", "2016-12-31": "301.75000", "2015-12-31": "73.75000", "2014-12-31": "86.00000", "2013-12-31": "172.75000", "2012-12-31": "-62.11400", "2011-12-31": "-2.74900", "2010-12-31": "-82.29800", "2009-12-31": "9.85700", "2008-12-31": "8.19900"}, "Net Common Equity Issued/Repurchased": {"2020-12-31": "", "2019-12-31": "0.36400", "2018-12-31": "0.31000", "2017-12-31": "4.82000", "2016-12-31": "1.29000", "2015-12-31": "1.39300", "2014-12-31": "2.35400", "2013-12-31": "0.92500", "2012-12-31": "1.56400", "2011-12-31": "0.03100", "2010-12-31": "310.96000", "2009-12-31": "", "2008-12-31": ""}, "Net Total Equity Issued/Repurchased": {"2020-12-31": "", "2019-12-31": "0.36400", "2018-12-31": "0.31000", "2017-12-31": "-110.18000", "2016-12-31": "1.29000", "2015-12-31": "1.39300", "2014-12-31": "2.35400", "2013-12-31": "0.92500", "2012-12-31": "116.56400", "2011-12-31": "0.03100", "2010-12-31": "310.96000", "2009-12-31": "", "2008-12-31": ""}, "Total Common And Preferred Stock Dividends Paid": {"2020-12-31": "", "2019-12-31": "-223.90100", "2018-12-31": "-193.03800", "2017-12-31": "-172.48400", "2016-12-31": "-108.80700", "2015-12-31": "-87.42000", "2014-12-31": "-73.77200", "2013-12-31": "-57.09800", "2012-12-31": "-33.10100", "2011-12-31": "-23.78500", "2010-12-31": "-2.00000", "2009-12-31": "", "2008-12-31": ""}, "Financial Activities - Other": {"2020-12-31": "", "2019-12-31": "-6.33700", "2018-12-31": "-5.03800", "2017-12-31": "-2.41000", "2016-12-31": "-2.98100", "2015-12-31": "-6.57100", "2014-12-31": "-2.55700", "2013-12-31": "-2.64800", "2012-12-31": "-4.69300", "2011-12-31": "-1.76200", "2010-12-31": "-118.30500", "2009-12-31": "20.13000", "2008-12-31": "54.98600"}, "Cash Flow From Financial Activities": {"2020-12-31": "", "2019-12-31": "121.12500", "2018-12-31": "-5.76600", "2017-12-31": "-34.57400", "2016-12-31": "191.25200", "2015-12-31": "-18.84800", "2014-12-31": "12.02500", "2013-12-31": "113.92900", "2012-12-31": "16.65600", "2011-12-31": "-28.26500", "2010-12-31": "108.35700", "2009-12-31": "29.98700", "2008-12-31": "63.18500"}, "Net Cash Flow": {"2020-12-31": "", "2019-12-31": "0.44900", "2018-12-31": "-2.64800", "2017-12-31": "0.81800", "2016-12-31": "-2.42500", "2015-12-31": "-3.80800", "2014-12-31": "5.34900", "2013-12-31": "-2.81700", "2012-12-31": "1.50200", "2011-12-31": "-79.61800", "2010-12-31": "78.78000", "2009-12-31": "3.97100", "2008-12-31": "-0.29200"}, "Stock-Based Compensation": {"2020-12-31": "", "2019-12-31": "14.38400", "2018-12-31": "12.03800", "2017-12-31": "8.94600", "2016-12-31": "8.89200", "2015-12-31": "7.11400", "2014-12-31": "6.12500", "2013-12-31": "6.77000", "2012-12-31": "5.65000", "2011-12-31": "2.95800", "2010-12-31": "", "2009-12-31": "", "2008-12-31": ""}, "Common Stock Dividends Paid": {"2020-12-31": "", "2019-12-31": "-223.90100", "2018-12-31": "-193.03800", "2017-12-31": "-172.48400", "2016-12-31": "-108.80700", "2015-12-31": "-87.42000", "2014-12-31": "-73.77200", "2013-12-31": "-57.09800", "2012-12-31": "-33.10100", "2011-12-31": "-23.78500", "2010-12-31": "-2.00000", "2009-12-31": "", "2008-12-31": ""}}, "cash flow statement, quarterly": {"Net Income/Loss": {"2020-12-31": -72.208, "2020-09-30": 24.132, "2020-06-30": 25.088, "2020-03-31": "22.98800", "2019-12-31": 24.745, "2019-09-30": 22.644, "2019-06-30": 25.743, "2019-03-31": "25.90500", "2018-12-31": 25.898, "2018-09-30": 25.02, "2018-06-30": 27.279, "2018-03-31": "28.56600", "2017-12-31": 27.008, "2017-09-30": 24.288, "2017-06-30": 24.135, "2017-03-31": "25.06000", "2016-12-31": 23.161, "2016-09-30": 19.319, "2016-06-30": 19.835, "2016-03-31": "19.60600", "2015-12-31": 17.387, "2015-09-30": 14.53, "2015-06-30": 12.882, "2015-03-31": "12.06000", "2014-12-31": 12.306, "2014-09-30": 8.99, "2014-06-30": 10.638, "2014-03-31": "8.11800", "2013-12-31": 9.029, "2013-09-30": 8.509, "2013-06-30": 7.879, "2013-03-31": "6.19500", "2012-12-31": 4.578, "2012-09-30": 2.947, "2012-06-30": 1.848, "2012-03-31": "1.34300", "2011-12-31": 0.462, "2011-09-30": 0.263, "2011-06-30": -3.588, "2011-03-31": "-7.91600", "2010-12-31": -7.207, "2010-09-30": -5.109, "2010-06-30": 0.945, "2010-03-31": "-0.90600", "2009-12-31": -0.117, "2009-09-30": 6.967, "2008-12-31": -13.88}, "Total Depreciation And Amortization - Cash Flow": {"2020-12-31": -127.527, "2020-09-30": 42.753, "2020-06-30": 42.788, "2020-03-31": "41.98600", "2019-12-31": 40.672, "2019-09-30": 41.4, "2019-06-30": 37.766, "2019-03-31": "36.17100", "2018-12-31": 36.563, "2018-09-30": 36.746, "2018-06-30": 35.947, "2018-03-31": "34.16700", "2017-12-31": 32.904, "2017-09-30": 32.345, "2017-06-30": 32.497, "2017-03-31": "32.58300", "2016-12-31": 30.919, "2016-09-30": 27.21, "2016-06-30": 26.395, "2016-03-31": "24.92000", "2015-12-31": 24.607, "2015-09-30": 24.631, "2015-06-30": 24.208, "2015-03-31": "22.98200", "2014-12-31": 22.724, "2014-09-30": 21.106, "2014-06-30": 19.841, "2014-03-31": "18.39200", "2013-12-31": 17.446, "2013-09-30": 16.629, "2013-06-30": 16.489, "2013-03-31": "16.13700", "2012-12-31": 12.363, "2012-09-30": 18.131, "2012-06-30": 17.761, "2012-03-31": "16.24800", "2011-12-31": 13.338, "2011-09-30": 16.954, "2011-06-30": 18.574, "2011-03-31": "20.69400", "2010-12-31": 21.021, "2010-09-30": 4.96, "2010-06-30": 3.574, "2010-03-31": "3.08200", "2009-12-31": 2.975, "2009-09-30": 0.365, "2008-12-31": 7.31}, "Other Non-Cash Items": {"2020-12-31": -12.7, "2020-09-30": 4.053, "2020-06-30": 4.465, "2020-03-31": "4.18200", "2019-12-31": 3.788, "2019-09-30": 3.643, "2019-06-30": 3.839, "2019-03-31": "3.40500", "2018-12-31": 3.245, "2018-09-30": 2.84, "2018-06-30": 3.243, "2018-03-31": "2.48100", "2017-12-31": 2.736, "2017-09-30": 3.03, "2017-06-30": 2.812, "2017-03-31": "1.70600", "2016-12-31": 2.144, "2016-09-30": 2.582, "2016-06-30": 2.329, "2016-03-31": "2.23500", "2015-12-31": 1.7, "2015-09-30": 2.086, "2015-06-30": 1.882, "2015-03-31": "1.61100", "2014-12-31": -0.027, "2014-09-30": 1.815, "2014-06-30": 1.776, "2014-03-31": "2.00100", "2013-12-31": 1.436, "2013-09-30": 1.843, "2013-06-30": 1.566, "2013-03-31": "2.16900", "2012-12-31": 5.918, "2012-09-30": 0.24, "2012-06-30": -0.106, "2012-03-31": "0.14200", "2011-12-31": 3.286, "2011-09-30": -0.15, "2011-06-30": -0.845, "2011-03-31": "0.02000", "2010-12-31": 0.025, "2010-09-30": 0.043, "2010-06-30": -0.046, "2010-03-31": "-0.07900", "2009-12-31": -0.719, "2009-09-30": 0.719, "2008-12-31": 0}, "Total Non-Cash Items": {"2020-12-31": -140.227, "2020-09-30": 46.806, "2020-06-30": 47.253, "2020-03-31": "46.16800", "2019-12-31": 44.46, "2019-09-30": 45.043, "2019-06-30": 41.605, "2019-03-31": "39.57600", "2018-12-31": 39.808, "2018-09-30": 39.586, "2018-06-30": 39.19, "2018-03-31": "36.64800", "2017-12-31": 35.64, "2017-09-30": 35.375, "2017-06-30": 35.309, "2017-03-31": "34.28900", "2016-12-31": 33.063, "2016-09-30": 29.792, "2016-06-30": 28.724, "2016-03-31": "27.15500", "2015-12-31": 26.307, "2015-09-30": 26.717, "2015-06-30": 26.09, "2015-03-31": "24.59300", "2014-12-31": 22.697, "2014-09-30": 22.921, "2014-06-30": 21.617, "2014-03-31": "20.39300", "2013-12-31": 18.882, "2013-09-30": 18.472, "2013-06-30": 18.055, "2013-03-31": "18.30600", "2012-12-31": 18.281, "2012-09-30": 18.371, "2012-06-30": 17.655, "2012-03-31": "16.39000", "2011-12-31": 16.624, "2011-09-30": 16.804, "2011-06-30": 17.729, "2011-03-31": "20.71400", "2010-12-31": 21.046, "2010-09-30": 5.003, "2010-06-30": 3.528, "2010-03-31": "3.00300", "2009-12-31": 2.256, "2009-09-30": 1.084, "2008-12-31": 7.31}, "Change In Accounts Receivable": {"2020-12-31": 11.271, "2020-09-30": -9.226, "2020-06-30": 1.907, "2020-03-31": "-3.95200", "2019-12-31": 5.135, "2019-09-30": 3.518, "2019-06-30": -3.831, "2019-03-31": "-7.65800", "2018-12-31": 5.922, "2018-09-30": 0.818, "2018-06-30": 0.241, "2018-03-31": "3.94200", "2017-12-31": -1.22, "2017-09-30": -7.087, "2017-06-30": -0.633, "2017-03-31": "3.85300", "2016-12-31": -9.059, "2016-09-30": -2.413, "2016-06-30": 2.284, "2016-03-31": "-4.01100", "2015-12-31": 2.068, "2015-09-30": 0.934, "2015-06-30": -4.645, "2015-03-31": "-0.50300", "2014-12-31": 1.167, "2014-09-30": -1.301, "2014-06-30": -0.065, "2014-03-31": "-0.40000", "2013-12-31": 0.753, "2013-09-30": -3.249, "2013-06-30": 2.295, "2013-03-31": "-0.48100", "2012-12-31": -0.098, "2012-09-30": -2.081, "2012-06-30": -0.495, "2012-03-31": "-0.98300", "2011-12-31": 0.155, "2011-09-30": -0.491, "2011-06-30": -0.314, "2011-03-31": "-0.87300", "2010-12-31": -5.283, "2010-09-30": 4.211, "2010-06-30": 0.095, "2010-03-31": "-0.23000", "2009-12-31": -0.006, "2009-09-30": 0.006, "2008-12-31": 0}, "Change In Inventories": {"2020-12-31": 0, "2020-09-30": 0, "2020-06-30": 0, "2020-03-31": "", "2019-12-31": 0, "2019-09-30": 0, "2019-06-30": 0, "2019-03-31": "", "2018-12-31": 0, "2018-09-30": 0, "2018-06-30": 0, "2018-03-31": "", "2017-12-31": 0, "2017-09-30": 0, "2017-06-30": 0, "2017-03-31": "", "2016-12-31": 0, "2016-09-30": 0, "2016-06-30": 0, "2016-03-31": "", "2015-12-31": 0, "2015-09-30": 0, "2015-06-30": 0, "2015-03-31": "", "2014-12-31": 0, "2014-09-30": 0, "2014-06-30": 0, "2014-03-31": "", "2013-12-31": 0, "2013-09-30": 0, "2013-06-30": 0, "2013-03-31": "", "2012-12-31": 0, "2012-09-30": 0, "2012-06-30": 0, "2012-03-31": "", "2011-12-31": 0, "2011-09-30": 0, "2011-06-30": 0, "2011-03-31": "", "2010-12-31": 0, "2010-09-30": 0, "2010-06-30": 0, "2010-03-31": "", "2009-12-31": 0, "2009-09-30": 0, "2008-12-31": 0}, "Change In Accounts Payable": {"2020-12-31": 0, "2020-09-30": 0, "2020-06-30": 0, "2020-03-31": "", "2019-12-31": 0, "2019-09-30": 0, "2019-06-30": 0, "2019-03-31": "", "2018-12-31": 0, "2018-09-30": 0, "2018-06-30": 0, "2018-03-31": "", "2017-12-31": 0, "2017-09-30": 0, "2017-06-30": 0, "2017-03-31": "", "2016-12-31": 0, "2016-09-30": 0, "2016-06-30": 0, "2016-03-31": "", "2015-12-31": 0, "2015-09-30": 0, "2015-06-30": 0, "2015-03-31": "", "2014-12-31": 0, "2014-09-30": 0, "2014-06-30": 0, "2014-03-31": "", "2013-12-31": 0, "2013-09-30": 0, "2013-06-30": 0, "2013-03-31": "", "2012-12-31": 0, "2012-09-30": 0, "2012-06-30": 0, "2012-03-31": "", "2011-12-31": 0, "2011-09-30": 0, "2011-06-30": 0, "2011-03-31": "", "2010-12-31": 0, "2010-09-30": 0, "2010-06-30": 0, "2010-03-31": "", "2009-12-31": 0, "2009-09-30": 0, "2008-12-31": 0}, "Change In Assets/Liabilities": {"2020-12-31": 14.567, "2020-09-30": -6.976, "2020-06-30": 0.48, "2020-03-31": "-8.07100", "2019-12-31": -2.874, "2019-09-30": -7.725, "2019-06-30": -8.232, "2019-03-31": "-4.67700", "2018-12-31": 1.169, "2018-09-30": -7.67, "2018-06-30": -2.305, "2018-03-31": "-8.85300", "2017-12-31": -0.522, "2017-09-30": -10.295, "2017-06-30": -3.965, "2017-03-31": "-13.10300", "2016-12-31": -3.026, "2016-09-30": -2.558, "2016-06-30": -5.376, "2016-03-31": "-10.88100", "2015-12-31": -9.115, "2015-09-30": -4.629, "2015-06-30": -3.692, "2015-03-31": "-4.94300", "2014-12-31": -11.304, "2014-09-30": -12.735, "2014-06-30": -0.952, "2014-03-31": "1.58600", "2013-12-31": -6.562, "2013-09-30": 0.063, "2013-06-30": -2.151, "2013-03-31": "-2.02800", "2012-12-31": -2.935, "2012-09-30": -0.704, "2012-06-30": -2.179, "2012-03-31": "-5.53500", "2011-12-31": 1.582, "2011-09-30": -4.683, "2011-06-30": -0.828, "2011-03-31": "-1.70700", "2010-12-31": 3.306, "2010-09-30": -0.726, "2010-06-30": -3.779, "2010-03-31": "-1.50000", "2009-12-31": 2.974, "2009-09-30": -2.974, "2008-12-31": 0}, "Total Change In Assets/Liabilities": {"2020-12-31": 17.643, "2020-09-30": -13.65, "2020-06-30": 10.609, "2020-03-31": "-14.60200", "2019-12-31": -5.331, "2019-09-30": 4.647, "2019-06-30": -7.874, "2019-03-31": "-9.57800", "2018-12-31": 4.319, "2018-09-30": -0.237, "2018-06-30": -0.449, "2018-03-31": "-6.86700", "2017-12-31": -4.276, "2017-09-30": -14.614, "2017-06-30": -4.454, "2017-03-31": "-8.40400", "2016-12-31": -8.588, "2016-09-30": -1.187, "2016-06-30": 0.07, "2016-03-31": "-20.42500", "2015-12-31": -4.56, "2015-09-30": 1.373, "2015-06-30": -8.901, "2015-03-31": "-5.90500", "2014-12-31": -10.033, "2014-09-30": -11.87, "2014-06-30": -4.459, "2014-03-31": "-1.80200", "2013-12-31": -5.414, "2013-09-30": 2.39, "2013-06-30": 1.711, "2013-03-31": "-6.29100", "2012-12-31": -1.994, "2012-09-30": -1.333, "2012-06-30": -4.889, "2012-03-31": "-4.54900", "2011-12-31": -1.506, "2011-09-30": -4.696, "2011-06-30": 5.955, "2011-03-31": "0.36100", "2010-12-31": -0.511, "2010-09-30": 1.376, "2010-06-30": -4.886, "2010-03-31": "-0.37800", "2009-12-31": -0.132, "2009-09-30": 1.032, "2008-12-31": -3.38}, "Cash Flow From Operating Activities": {"2020-12-31": -194.792, "2020-09-30": 57.288, "2020-06-30": 82.95, "2020-03-31": "54.55400", "2019-12-31": 63.874, "2019-09-30": 72.334, "2019-06-30": 59.474, "2019-03-31": "55.90300", "2018-12-31": 70.025, "2018-09-30": 64.369, "2018-06-30": 66.02, "2018-03-31": "58.34700", "2017-12-31": 58.372, "2017-09-30": 45.049, "2017-06-30": 54.99, "2017-03-31": "50.94500", "2016-12-31": 47.636, "2016-09-30": 47.924, "2016-06-30": 48.629, "2016-03-31": "26.33600", "2015-12-31": 39.134, "2015-09-30": 42.62, "2015-06-30": 30.071, "2015-03-31": "30.74800", "2014-12-31": 24.97, "2014-09-30": 20.041, "2014-06-30": 27.796, "2014-03-31": "26.70900", "2013-12-31": 22.497, "2013-09-30": 29.371, "2013-06-30": 27.645, "2013-03-31": "18.21000", "2012-12-31": 20.865, "2012-09-30": 19.985, "2012-06-30": 14.614, "2012-03-31": "13.18400", "2011-12-31": 15.58, "2011-09-30": 12.371, "2011-06-30": 20.096, "2011-03-31": "13.15900", "2010-12-31": 13.328, "2010-09-30": 1.27, "2010-06-30": -0.413, "2010-03-31": "1.71900", "2009-12-31": 2.297, "2009-09-30": 8.763, "2008-12-31": -9.63}, "Net Change In Property, Plant, And Equipment": {"2020-12-31": 224.067, "2020-09-30": -69.385, "2020-06-30": -67.513, "2020-03-31": "-87.16900", "2019-12-31": -77.448, "2019-09-30": -81.804, "2019-06-30": -105.108, "2019-03-31": "-81.84100", "2018-12-31": -69.821, "2018-09-30": -54.7, "2018-06-30": -60.425, "2018-03-31": "-60.01600", "2017-12-31": -46.977, "2017-09-30": -24.687, "2017-06-30": -44.948, "2017-03-31": "-45.19400", "2016-12-31": -60.787, "2016-09-30": -107.316, "2016-06-30": -59.756, "2016-03-31": "-71.37800", "2015-12-31": -52.133, "2015-09-30": -23.89, "2015-06-30": -28.408, "2015-03-31": "-23.10200", "2014-12-31": -19.034, "2014-09-30": -31.772, "2014-06-30": -25.339, "2014-03-31": "-30.04700", "2013-12-31": -69.402, "2013-09-30": -51.612, "2013-06-30": -38.622, "2013-03-31": "-32.94400", "2012-12-31": -34.37, "2012-09-30": -20.325, "2012-06-30": -17.056, "2012-03-31": "-18.16100", "2011-12-31": -22.88, "2011-09-30": -33.032, "2011-06-30": -41.302, "2011-03-31": "-20.31000", "2010-12-31": -9.856, "2010-09-30": -8.38, "2010-06-30": -20.945, "2010-03-31": "-16.85800", "2009-12-31": 11.684, "2009-09-30": -11.684, "2008-12-31": 0}, "Net Change In Intangible Assets": {"2020-12-31": 0, "2020-09-30": 0, "2020-06-30": 0, "2020-03-31": "", "2019-12-31": 0, "2019-09-30": 0, "2019-06-30": 0, "2019-03-31": "", "2018-12-31": 0, "2018-09-30": 0, "2018-06-30": 0, "2018-03-31": "", "2017-12-31": 0, "2017-09-30": 0, "2017-06-30": 0, "2017-03-31": "", "2016-12-31": 0, "2016-09-30": 0, "2016-06-30": 0, "2016-03-31": "", "2015-12-31": 0, "2015-09-30": 0, "2015-06-30": 0, "2015-03-31": "", "2014-12-31": 0, "2014-09-30": 0, "2014-06-30": 0, "2014-03-31": "", "2013-12-31": 0, "2013-09-30": 0, "2013-06-30": 0, "2013-03-31": "", "2012-12-31": 0, "2012-09-30": 0, "2012-06-30": 0, "2012-03-31": "", "2011-12-31": 0, "2011-09-30": 0, "2011-06-30": 0, "2011-03-31": "", "2010-12-31": 0, "2010-09-30": 0, "2010-06-30": 0, "2010-03-31": "", "2009-12-31": 0, "2009-09-30": 0, "2008-12-31": 0}, "Net Acquisitions/Divestitures": {"2020-12-31": 0, "2020-09-30": 0, "2020-06-30": 0, "2020-03-31": "", "2019-12-31": -26.06, "2019-09-30": 0, "2019-06-30": 0, "2019-03-31": "", "2018-12-31": -10.681, "2018-09-30": 0, "2018-06-30": 0, "2018-03-31": "", "2017-12-31": 0, "2017-09-30": -12.158, "2017-06-30": 0, "2017-03-31": "", "2016-12-31": -64.965, "2016-09-30": 0, "2016-06-30": 0, "2016-03-31": "", "2015-12-31": 0, "2015-09-30": 0, "2015-06-30": 0, "2015-03-31": "", "2014-12-31": 0, "2014-09-30": 0, "2014-06-30": 0, "2014-03-31": "", "2013-12-31": 0, "2013-09-30": 0, "2013-06-30": 0, "2013-03-31": "-21.88900", "2012-12-31": 0, "2012-09-30": 0, "2012-06-30": -2.581, "2012-03-31": "", "2011-12-31": 0, "2011-09-30": 0, "2011-06-30": 0, "2011-03-31": "", "2010-12-31": 0, "2010-09-30": 10.269, "2010-06-30": 0, "2010-03-31": "", "2009-12-31": 0, "2009-09-30": 0, "2008-12-31": 0}, "Net Change In Short-term Investments": {"2020-12-31": 0, "2020-09-30": 0, "2020-06-30": 0, "2020-03-31": "", "2019-12-31": 0, "2019-09-30": 0, "2019-06-30": 0, "2019-03-31": "", "2018-12-31": 0, "2018-09-30": 0, "2018-06-30": 0, "2018-03-31": "", "2017-12-31": 0, "2017-09-30": 0, "2017-06-30": 0, "2017-03-31": "", "2016-12-31": 0, "2016-09-30": 0, "2016-06-30": 0, "2016-03-31": "", "2015-12-31": 0, "2015-09-30": 0, "2015-06-30": 0, "2015-03-31": "", "2014-12-31": 0, "2014-09-30": 0, "2014-06-30": 0, "2014-03-31": "", "2013-12-31": 0, "2013-09-30": 0, "2013-06-30": 0, "2013-03-31": "", "2012-12-31": 0, "2012-09-30": 0, "2012-06-30": 0, "2012-03-31": "", "2011-12-31": 0, "2011-09-30": 0, "2011-06-30": 0, "2011-03-31": "", "2010-12-31": 0, "2010-09-30": 0, "2010-06-30": 0, "2010-03-31": "", "2009-12-31": 0, "2009-09-30": 0, "2008-12-31": 0}, "Net Change In Long-Term Investments": {"2020-12-31": 0, "2020-09-30": 0, "2020-06-30": 0, "2020-03-31": "", "2019-12-31": 0, "2019-09-30": 0, "2019-06-30": 0, "2019-03-31": "", "2018-12-31": 0, "2018-09-30": 0, "2018-06-30": 0, "2018-03-31": "", "2017-12-31": 0, "2017-09-30": 0, "2017-06-30": 0, "2017-03-31": "", "2016-12-31": 0, "2016-09-30": 0, "2016-06-30": 0, "2016-03-31": "", "2015-12-31": 0, "2015-09-30": 0, "2015-06-30": 0, "2015-03-31": "", "2014-12-31": 0, "2014-09-30": 0, "2014-06-30": 0, "2014-03-31": "", "2013-12-31": 0, "2013-09-30": 0, "2013-06-30": 0, "2013-03-31": "", "2012-12-31": 0, "2012-09-30": 0, "2012-06-30": 0, "2012-03-31": "", "2011-12-31": 0, "2011-09-30": 0, "2011-06-30": 0, "2011-03-31": "", "2010-12-31": 0, "2010-09-30": 0, "2010-06-30": 0, "2010-03-31": "", "2009-12-31": 0, "2009-09-30": 0, "2008-12-31": 0}, "Net Change In Investments - Total": {"2020-12-31": 0, "2020-09-30": 0, "2020-06-30": 0, "2020-03-31": "", "2019-12-31": 0, "2019-09-30": 0, "2019-06-30": 0, "2019-03-31": "", "2018-12-31": 0, "2018-09-30": 0, "2018-06-30": 0, "2018-03-31": "", "2017-12-31": 0, "2017-09-30": 0, "2017-06-30": 0, "2017-03-31": "", "2016-12-31": 0, "2016-09-30": 0, "2016-06-30": 0, "2016-03-31": "", "2015-12-31": 0, "2015-09-30": 0, "2015-06-30": 0, "2015-03-31": "", "2014-12-31": 0, "2014-09-30": 0, "2014-06-30": 0, "2014-03-31": "", "2013-12-31": 0, "2013-09-30": 0, "2013-06-30": 0, "2013-03-31": "", "2012-12-31": 0, "2012-09-30": 0, "2012-06-30": 0, "2012-03-31": "", "2011-12-31": 0, "2011-09-30": 0, "2011-06-30": 0, "2011-03-31": "", "2010-12-31": 0, "2010-09-30": 0, "2010-06-30": 0, "2010-03-31": "", "2009-12-31": -28.04, "2009-09-30": 54.37, "2008-12-31": -54.37}, "Investing Activities - Other": {"2020-12-31": 0, "2020-09-30": 0, "2020-06-30": 0, "2020-03-31": "", "2019-12-31": 0, "2019-09-30": 0, "2019-06-30": 0, "2019-03-31": "", "2018-12-31": 0, "2018-09-30": 0, "2018-06-30": 0, "2018-03-31": "", "2017-12-31": 0, "2017-09-30": 0, "2017-06-30": 0, "2017-03-31": "", "2016-12-31": 4.075, "2016-09-30": -4.075, "2016-06-30": 0, "2016-03-31": "", "2015-12-31": 0, "2015-09-30": 0, "2015-06-30": 0, "2015-03-31": "", "2014-12-31": 0, "2014-09-30": 0, "2014-06-30": 0, "2014-03-31": "", "2013-12-31": 0, "2013-09-30": 0, "2013-06-30": 0, "2013-03-31": "", "2012-12-31": 0.001, "2012-09-30": 8.537, "2012-06-30": 0.001, "2012-03-31": "0.15200", "2011-12-31": 0.001, "2011-09-30": 5.57, "2011-06-30": -0.684, "2011-03-31": "0.07800", "2010-12-31": -1.796, "2010-09-30": 1.807, "2010-06-30": -0.014, "2010-03-31": "0.29200", "2009-12-31": -0.015, "2009-09-30": 0.075, "2008-12-31": 0.53}, "Cash Flow From Investing Activities": {"2020-12-31": 224.067, "2020-09-30": -69.385, "2020-06-30": -67.513, "2020-03-31": "-87.16900", "2019-12-31": -103.508, "2019-09-30": -81.804, "2019-06-30": -105.108, "2019-03-31": "-81.84100", "2018-12-31": -80.502, "2018-09-30": -54.7, "2018-06-30": -60.425, "2018-03-31": "-60.01600", "2017-12-31": -46.977, "2017-09-30": -36.845, "2017-06-30": -44.948, "2017-03-31": "-45.19400", "2016-12-31": -121.677, "2016-09-30": -111.391, "2016-06-30": -59.756, "2016-03-31": "-71.37800", "2015-12-31": -52.133, "2015-09-30": -23.89, "2015-06-30": -28.408, "2015-03-31": "-23.10200", "2014-12-31": -19.034, "2014-09-30": -31.772, "2014-06-30": -25.339, "2014-03-31": "-30.04700", "2013-12-31": -69.402, "2013-09-30": -51.612, "2013-06-30": -38.622, "2013-03-31": "-54.83300", "2012-12-31": -34.369, "2012-09-30": -11.788, "2012-06-30": -19.636, "2012-03-31": "-18.00900", "2011-12-31": -22.879, "2011-09-30": -27.462, "2011-06-30": -41.986, "2011-03-31": "-20.23200", "2010-12-31": -11.652, "2010-09-30": 3.696, "2010-06-30": -20.959, "2010-03-31": "-16.56600", "2009-12-31": -16.371, "2009-09-30": 42.761, "2008-12-31": -53.84}, "Net Long-Term Debt": {"2020-12-31": -207.5, "2020-09-30": 71, "2020-06-30": 43.5, "2020-03-31": "93.00000", "2019-12-31": 100.249, "2019-09-30": 70, "2019-06-30": 101.25, "2019-03-31": "79.50000", "2018-12-31": 57, "2018-09-30": 42.536, "2018-06-30": 45.464, "2018-03-31": "47.00000", "2017-12-31": 150.5, "2017-09-30": 19, "2017-06-30": 52, "2017-03-31": "29.00000", "2016-12-31": 99.25, "2016-09-30": 94.75, "2016-06-30": 39, "2016-03-31": "68.75000", "2015-12-31": 32, "2015-09-30": 8, "2015-06-30": 18.5, "2015-03-31": "15.25000", "2014-12-31": 13.25, "2014-09-30": 28.5, "2014-06-30": 16.75, "2014-03-31": "27.50000", "2013-12-31": 65.875, "2013-09-30": 34.625, "2013-06-30": 20.625, "2013-03-31": "51.62500", "2012-12-31": -94.631, "2012-09-30": 7.932, "2012-06-30": 14.417, "2012-03-31": "10.16800", "2011-12-31": 11.364, "2011-09-30": -0.069, "2011-06-30": -14.044, "2011-03-31": "", "2010-12-31": 0.002, "2010-09-30": -91.967, "2010-06-30": 4.591, "2010-03-31": "5.07600", "2009-12-31": -3.397, "2009-09-30": 3.397, "2008-12-31": 0}, "Net Current Debt": {"2020-12-31": 0, "2020-09-30": 0, "2020-06-30": 0, "2020-03-31": "", "2019-12-31": 0, "2019-09-30": 0, "2019-06-30": 0, "2019-03-31": "", "2018-12-31": 0, "2018-09-30": 0, "2018-06-30": 0, "2018-03-31": "", "2017-12-31": 0, "2017-09-30": 0, "2017-06-30": 0, "2017-03-31": "", "2016-12-31": 0, "2016-09-30": 0, "2016-06-30": 0, "2016-03-31": "", "2015-12-31": 0, "2015-09-30": 0, "2015-06-30": 0, "2015-03-31": "", "2014-12-31": 0, "2014-09-30": 0, "2014-06-30": 0, "2014-03-31": "", "2013-12-31": 0, "2013-09-30": 0, "2013-06-30": 0, "2013-03-31": "", "2012-12-31": 0, "2012-09-30": 0, "2012-06-30": 0, "2012-03-31": "", "2011-12-31": 0, "2011-09-30": 0, "2011-06-30": 0, "2011-03-31": "", "2010-12-31": 0, "2010-09-30": 0, "2010-06-30": 0, "2010-03-31": "", "2009-12-31": 0, "2009-09-30": 0, "2008-12-31": 0}, "Debt Issuance/Retirement Net - Total": {"2020-12-31": -207.5, "2020-09-30": 71, "2020-06-30": 43.5, "2020-03-31": "93.00000", "2019-12-31": 100.249, "2019-09-30": 70, "2019-06-30": 101.25, "2019-03-31": "79.50000", "2018-12-31": 57, "2018-09-30": 42.536, "2018-06-30": 45.464, "2018-03-31": "47.00000", "2017-12-31": 150.5, "2017-09-30": 19, "2017-06-30": 52, "2017-03-31": "29.00000", "2016-12-31": 99.25, "2016-09-30": 94.75, "2016-06-30": 39, "2016-03-31": "68.75000", "2015-12-31": 32, "2015-09-30": 8, "2015-06-30": 18.5, "2015-03-31": "15.25000", "2014-12-31": 13.25, "2014-09-30": 28.5, "2014-06-30": 16.75, "2014-03-31": "27.50000", "2013-12-31": 65.875, "2013-09-30": 34.625, "2013-06-30": 20.625, "2013-03-31": "51.62500", "2012-12-31": -94.631, "2012-09-30": 7.932, "2012-06-30": 14.417, "2012-03-31": "10.16800", "2011-12-31": 11.364, "2011-09-30": -0.069, "2011-06-30": -14.044, "2011-03-31": "", "2010-12-31": 0.002, "2010-09-30": -91.967, "2010-06-30": 4.591, "2010-03-31": "5.07600", "2009-12-31": 6.453, "2009-09-30": -4.793, "2008-12-31": 8.19}, "Net Common Equity Issued/Repurchased": {"2020-12-31": -0.298, "2020-09-30": 0.126, "2020-06-30": 0.099, "2020-03-31": "0.07300", "2019-12-31": 0.298, "2019-09-30": 0.028, "2019-06-30": 0.021, "2019-03-31": "0.01700", "2018-12-31": 0.091, "2018-09-30": 0, "2018-06-30": 0.119, "2018-03-31": "0.10000", "2017-12-31": 0, "2017-09-30": 0.142, "2017-06-30": 0.504, "2017-03-31": "4.17400", "2016-12-31": 0.047, "2016-09-30": 0.057, "2016-06-30": 0.177, "2016-03-31": "1.00900", "2015-12-31": 0.222, "2015-09-30": 0.504, "2015-06-30": 0.218, "2015-03-31": "0.44900", "2014-12-31": 0.799, "2014-09-30": 1.148, "2014-06-30": 0.193, "2014-03-31": "0.21400", "2013-12-31": 0.295, "2013-09-30": 0.105, "2013-06-30": 0.394, "2013-03-31": "0.13100", "2012-12-31": 0.69, "2012-09-30": 0.079, "2012-06-30": 0.387, "2012-03-31": "0.40800", "2011-12-31": 0.031, "2011-09-30": 0, "2011-06-30": 0, "2011-03-31": "", "2010-12-31": 0, "2010-09-30": 310.96, "2010-06-30": 0, "2010-03-31": "", "2009-12-31": 0, "2009-09-30": 0, "2008-12-31": 0}, "Net Total Equity Issued/Repurchased": {"2020-12-31": -0.298, "2020-09-30": 0.126, "2020-06-30": 0.099, "2020-03-31": "0.07300", "2019-12-31": 0.298, "2019-09-30": 0.028, "2019-06-30": 0.021, "2019-03-31": "0.01700", "2018-12-31": 0.091, "2018-09-30": 0, "2018-06-30": 0.119, "2018-03-31": "0.10000", "2017-12-31": -115, "2017-09-30": 0.142, "2017-06-30": 0.504, "2017-03-31": "4.17400", "2016-12-31": 0.047, "2016-09-30": 0.057, "2016-06-30": 0.177, "2016-03-31": "1.00900", "2015-12-31": 0.222, "2015-09-30": 0.504, "2015-06-30": 0.218, "2015-03-31": "0.44900", "2014-12-31": 0.799, "2014-09-30": 1.148, "2014-06-30": 0.193, "2014-03-31": "0.21400", "2013-12-31": 0.295, "2013-09-30": 0.105, "2013-06-30": 0.394, "2013-03-31": "0.13100", "2012-12-31": 115.69, "2012-09-30": 0.079, "2012-06-30": 0.387, "2012-03-31": "0.40800", "2011-12-31": 0.031, "2011-09-30": 0, "2011-06-30": 0, "2011-03-31": "", "2010-12-31": 0, "2010-09-30": 310.96, "2010-06-30": 0, "2010-03-31": "", "2009-12-31": 0, "2009-09-30": 0, "2008-12-31": 0}, "Total Common And Preferred Stock Dividends Paid": {"2020-12-31": 177.569, "2020-09-30": -58.791, "2020-06-30": -58.77, "2020-03-31": "-60.00800", "2019-12-31": -58.575, "2019-09-30": -58.652, "2019-06-30": -52.79, "2019-03-31": "-53.88400", "2018-12-31": -49.269, "2018-09-30": -49.584, "2018-06-30": -46.586, "2018-03-31": "-47.59900", "2017-12-31": -46.33, "2017-09-30": -44.998, "2017-06-30": -40.188, "2017-03-31": "-40.96800", "2016-12-31": -27.123, "2016-09-30": -27.115, "2016-06-30": -27.233, "2016-03-31": "-27.33600", "2015-12-31": -21.846, "2015-09-30": -21.765, "2015-06-30": -21.86, "2015-03-31": "-21.94900", "2014-12-31": -18.468, "2014-09-30": -18.347, "2014-06-30": -18.418, "2014-03-31": "-18.53900", "2013-12-31": -14.654, "2013-09-30": -14.559, "2013-06-30": -15.367, "2013-03-31": "-12.51800", "2012-12-31": -8.272, "2012-09-30": -8.3, "2012-06-30": -8.257, "2012-03-31": "-8.27200", "2011-12-31": -5.941, "2011-09-30": -5.96, "2011-06-30": -5.944, "2011-03-31": "-5.94000", "2010-12-31": 0, "2010-09-30": 0, "2010-06-30": -2, "2010-03-31": "", "2009-12-31": 0, "2009-09-30": 0, "2008-12-31": 0}, "Financial Activities - Other": {"2020-12-31": 1.108, "2020-09-30": -0.03, "2020-06-30": -0.887, "2020-03-31": "-0.19100", "2019-12-31": -3.993, "2019-09-30": -0.039, "2019-06-30": -2.305, "2019-03-31": "", "2018-12-31": -0.052, "2018-09-30": -0.149, "2018-06-30": -4.837, "2018-03-31": "", "2017-12-31": 0, "2017-09-30": 0, "2017-06-30": -2.41, "2017-03-31": "", "2016-12-31": 0, "2016-09-30": -0.172, "2016-06-30": -1.774, "2016-03-31": "-1.03500", "2015-12-31": 0, "2015-09-30": -3.534, "2015-06-30": -3.037, "2015-03-31": "", "2014-12-31": -0.123, "2014-09-30": -1.434, "2014-06-30": -0.003, "2014-03-31": "-0.99700", "2013-12-31": 0, "2013-09-30": -0.031, "2013-06-30": -0.359, "2013-03-31": "-2.25800", "2012-12-31": -4.574, "2012-09-30": -0.013, "2012-06-30": 0.003, "2012-03-31": "-0.10900", "2011-12-31": -1.731, "2011-09-30": 0, "2011-06-30": -0.008, "2011-03-31": "-0.02300", "2010-12-31": 2.526, "2010-09-30": -148.632, "2010-06-30": 10.991, "2010-03-31": "16.81000", "2009-12-31": 10.744, "2009-09-30": -45.594, "2008-12-31": 54.98}, "Cash Flow From Financial Activities": {"2020-12-31": -29.121, "2020-09-30": 12.305, "2020-06-30": -16.058, "2020-03-31": "32.87400", "2019-12-31": 37.979, "2019-09-30": 11.337, "2019-06-30": 46.176, "2019-03-31": "25.63300", "2018-12-31": 7.77, "2018-09-30": -7.197, "2018-06-30": -5.84, "2018-03-31": "-0.49900", "2017-12-31": -10.83, "2017-09-30": -25.856, "2017-06-30": 9.906, "2017-03-31": "-7.79400", "2016-12-31": 72.174, "2016-09-30": 67.52, "2016-06-30": 10.17, "2016-03-31": "41.38800", "2015-12-31": 10.376, "2015-09-30": -16.795, "2015-06-30": -6.179, "2015-03-31": "-6.25000", "2014-12-31": -4.542, "2014-09-30": 9.867, "2014-06-30": -1.478, "2014-03-31": "8.17800", "2013-12-31": 51.516, "2013-09-30": 20.14, "2013-06-30": 5.293, "2013-03-31": "36.98000", "2012-12-31": 8.213, "2012-09-30": -0.302, "2012-06-30": 6.55, "2012-03-31": "2.19500", "2011-12-31": 3.723, "2011-09-30": -6.029, "2011-06-30": -19.996, "2011-03-31": "-5.96300", "2010-12-31": 2.528, "2010-09-30": 70.361, "2010-06-30": 13.582, "2010-03-31": "21.88600", "2009-12-31": 17.197, "2009-09-30": -50.397, "2008-12-31": 63.18}, "Net Cash Flow": {"2020-12-31": 0.154, "2020-09-30": 0.208, "2020-06-30": -0.621, "2020-03-31": "0.25900", "2019-12-31": -1.655, "2019-09-30": 1.867, "2019-06-30": 0.542, "2019-03-31": "-0.30500", "2018-12-31": -2.707, "2018-09-30": 2.472, "2018-06-30": -0.245, "2018-03-31": "-2.16800", "2017-12-31": 0.565, "2017-09-30": -17.652, "2017-06-30": 19.948, "2017-03-31": "-2.04300", "2016-12-31": -1.867, "2016-09-30": 4.053, "2016-06-30": -0.957, "2016-03-31": "-3.65400", "2015-12-31": -2.623, "2015-09-30": 1.935, "2015-06-30": -4.516, "2015-03-31": "1.39600", "2014-12-31": 1.394, "2014-09-30": -1.864, "2014-06-30": 0.979, "2014-03-31": "4.84000", "2013-12-31": 4.611, "2013-09-30": -2.101, "2013-06-30": -5.684, "2013-03-31": "0.35700", "2012-12-31": -5.291, "2012-09-30": 7.895, "2012-06-30": 1.528, "2012-03-31": "-2.63000", "2011-12-31": -3.576, "2011-09-30": -21.12, "2011-06-30": -41.886, "2011-03-31": "-13.03600", "2010-12-31": 4.204, "2010-09-30": 75.327, "2010-06-30": -7.79, "2010-03-31": "7.03900", "2009-12-31": 3.133, "2009-09-30": 1.127, "2008-12-31": -0.29}, "Stock-Based Compensation": {"2020-12-31": -11.81, "2020-09-30": 4.156, "2020-06-30": 4.172, "2020-03-31": "3.48200", "2019-12-31": 3.603, "2019-09-30": 3.732, "2019-06-30": 3.617, "2019-03-31": "3.43200", "2018-12-31": 3.174, "2018-09-30": 3.052, "2018-06-30": 3.186, "2018-03-31": "2.62600", "2017-12-31": 2.401, "2017-09-30": 2.374, "2017-06-30": 2.369, "2017-03-31": "1.80200", "2016-12-31": 2.018, "2016-09-30": 2.47, "2016-06-30": 2.311, "2016-03-31": "2.09300", "2015-12-31": 1.809, "2015-09-30": 1.944, "2015-06-30": 1.792, "2015-03-31": "1.56900", "2014-12-31": 1.359, "2014-09-30": 1.518, "2014-06-30": 1.532, "2014-03-31": "1.71600", "2013-12-31": 1.433, "2013-09-30": 1.759, "2013-06-30": 1.683, "2013-03-31": "1.89500", "2012-12-31": 5.65, "2012-09-30": 0, "2012-06-30": 0, "2012-03-31": "", "2011-12-31": 2.958, "2011-09-30": 0, "2011-06-30": 0, "2011-03-31": "", "2010-12-31": 0, "2010-09-30": 0, "2010-06-30": 0, "2010-03-31": "", "2009-12-31": 0, "2009-09-30": 0, "2008-12-31": 0}, "Common Stock Dividends Paid": {"2020-12-31": 177.569, "2020-09-30": -58.791, "2020-06-30": -58.77, "2020-03-31": "-60.00800", "2019-12-31": -58.575, "2019-09-30": -58.652, "2019-06-30": -52.79, "2019-03-31": "-53.88400", "2018-12-31": -49.269, "2018-09-30": -49.584, "2018-06-30": -46.586, "2018-03-31": "-47.59900", "2017-12-31": -46.33, "2017-09-30": -44.998, "2017-06-30": -40.188, "2017-03-31": "-40.96800", "2016-12-31": -27.123, "2016-09-30": -27.115, "2016-06-30": -27.233, "2016-03-31": "-27.33600", "2015-12-31": -21.846, "2015-09-30": -21.765, "2015-06-30": -21.86, "2015-03-31": "-21.94900", "2014-12-31": -18.468, "2014-09-30": -18.347, "2014-06-30": -18.418, "2014-03-31": "-18.53900", "2013-12-31": -14.654, "2013-09-30": -14.559, "2013-06-30": -15.367, "2013-03-31": "-12.51800", "2012-12-31": -8.272, "2012-09-30": -8.3, "2012-06-30": -8.257, "2012-03-31": "-8.27200", "2011-12-31": -5.941, "2011-09-30": -5.96, "2011-06-30": -5.944, "2011-03-31": "-5.94000", "2010-12-31": 0, "2010-09-30": 0, "2010-06-30": -2, "2010-03-31": "", "2009-12-31": 0, "2009-09-30": 0, "2008-12-31": 0}}, "financial ratios": {"Current Ratio": {"2019-12-31": "", "2018-12-31": "", "2017-12-31": "", "2016-12-31": "", "2015-12-31": "", "2014-12-31": "", "2013-12-31": "", "2012-12-31": "", "2011-12-31": "", "2010-12-31": "", "2009-12-31": "", "2008-12-31": ""}, "Long-term Debt / Capital": {"2019-12-31": "0.87360", "2018-12-31": "0.77170", "2017-12-31": "0.69180", "2016-12-31": "0.53630", "2015-12-31": "0.38440", "2014-12-31": "0.32550", "2013-12-31": "0.25250", "2012-12-31": "0.07750", "2011-12-31": "0.16420", "2010-12-31": "0.16020", "2009-12-31": "0.27760", "2008-12-31": ""}, "Debt/Equity Ratio": {"2019-12-31": "6.91200", "2018-12-31": "3.37930", "2017-12-31": "2.24430", "2016-12-31": "1.15640", "2015-12-31": "0.62430", "2014-12-31": "0.48250", "2013-12-31": "0.33780", "2012-12-31": "0.08410", "2011-12-31": "0.19650", "2010-12-31": "0.19080", "2009-12-31": "0.38430", "2008-12-31": ""}, "Gross Margin": {"2019-12-31": "", "2018-12-31": "", "2017-12-31": "", "2016-12-31": "", "2015-12-31": "", "2014-12-31": "", "2013-12-31": "", "2012-12-31": "", "2011-12-31": "", "2010-12-31": "", "2009-12-31": "", "2008-12-31": ""}, "Operating Margin": {"2019-12-31": "24.58690", "2018-12-31": "26.13540", "2017-12-31": "25.90420", "2016-12-31": "23.63350", "2015-12-31": "19.22760", "2014-12-31": "16.22020", "2013-12-31": "14.76370", "2012-12-31": "8.23600", "2011-12-31": "-4.10190", "2010-12-31": "-11.72250", "2009-12-31": "-16.29840", "2008-12-31": "-73.23020"}, "EBIT Margin": {"2019-12-31": "24.58690", "2018-12-31": "26.13540", "2017-12-31": "25.90420", "2016-12-31": "23.63350", "2015-12-31": "19.22760", "2014-12-31": "16.22020", "2013-12-31": "14.76370", "2012-12-31": "8.23600", "2011-12-31": "-4.10190", "2010-12-31": "-11.72250", "2009-12-31": "-16.29840", "2008-12-31": "-73.23020"}, "EBITDA Margin": {"2019-12-31": "51.82660", "2018-12-31": "52.48090", "2017-12-31": "52.95350", "2016-12-31": "50.97040", "2015-12-31": "48.15960", "2014-12-31": "46.34390", "2013-12-31": "43.16730", "2012-12-31": "39.40680", "2011-12-31": "36.14200", "2010-12-31": "32.43580", "2009-12-31": "20.64790", "2008-12-31": "-26.25630"}, "Pre-Tax Profit Margin": {"2019-12-31": "17.30390", "2018-12-31": "19.60960", "2017-12-31": "20.89260", "2016-12-31": "20.49200", "2015-12-31": "17.10870", "2014-12-31": "14.71630", "2013-12-31": "13.63220", "2012-12-31": "5.71200", "2011-12-31": "-6.54280", "2010-12-31": "-16.91270", "2009-12-31": "-24.41470", "2008-12-31": "-89.13420"}, "Net Profit Margin": {"2019-12-31": "13.24190", "2018-12-31": "14.31360", "2017-12-31": "12.99340", "2016-12-31": "12.58170", "2015-12-31": "7.91140", "2014-12-31": "5.29590", "2013-12-31": "4.47250", "2012-12-31": "2.22680", "2011-12-31": "-2.66770", "2010-12-31": "-6.63790", "2009-12-31": "-24.41470", "2008-12-31": "-89.13420"}, "Asset Turnover": {"2019-12-31": "0.27260", "2018-12-31": "0.29370", "2017-12-31": "0.29640", "2016-12-31": "0.27590", "2015-12-31": "0.28670", "2014-12-31": "0.25350", "2013-12-31": "0.23100", "2012-12-31": "0.24480", "2011-12-31": "0.21390", "2010-12-31": "0.08870", "2009-12-31": "0.12040", "2008-12-31": ""}, "Inventory Turnover Ratio": {"2019-12-31": "", "2018-12-31": "", "2017-12-31": "", "2016-12-31": "", "2015-12-31": "", "2014-12-31": "", "2013-12-31": "", "2012-12-31": "", "2011-12-31": "", "2010-12-31": "", "2009-12-31": "", "2008-12-31": ""}, "Receiveable Turnover": {"2019-12-31": "", "2018-12-31": "", "2017-12-31": "", "2016-12-31": "", "2015-12-31": "", "2014-12-31": "", "2013-12-31": "", "2012-12-31": "", "2011-12-31": "", "2010-12-31": "", "2009-12-31": "", "2008-12-31": ""}, "Days Sales In Receivables": {"2019-12-31": "", "2018-12-31": "", "2017-12-31": "", "2016-12-31": "", "2015-12-31": "", "2014-12-31": "", "2013-12-31": "", "2012-12-31": "", "2011-12-31": "", "2010-12-31": "", "2009-12-31": "", "2008-12-31": ""}, "ROE - Return On Equity": {"2019-12-31": "46.30320", "2018-12-31": "31.90450", "2017-12-31": "24.00390", "2016-12-31": "16.99300", "2015-12-31": "11.12040", "2014-12-31": "7.37140", "2013-12-31": "5.51400", "2012-12-31": "1.79870", "2011-12-31": "-1.73800", "2010-12-31": "-1.87590", "2009-12-31": "-4.33600", "2008-12-31": ""}, "Return On Tangible Equity": {"2019-12-31": "58.49690", "2018-12-31": "37.19400", "2017-12-31": "27.03670", "2016-12-31": "15.00430", "2015-12-31": "9.79650", "2014-12-31": "6.56550", "2013-12-31": "4.96980", "2012-12-31": "1.64830", "2011-12-31": "-1.98750", "2010-12-31": "-2.26690", "2009-12-31": "-4.39390", "2008-12-31": ""}, "ROA - Return On Assets": {"2019-12-31": "4.71380", "2018-12-31": "5.75960", "2017-12-31": "6.18160", "2016-12-31": "5.64470", "2015-12-31": "4.89090", "2014-12-31": "3.72710", "2013-12-31": "3.10990", "2012-12-31": "1.26770", "2011-12-31": "-1.33370", "2010-12-31": "-1.47380", "2009-12-31": "-2.94000", "2008-12-31": ""}, "ROI - Return On Investment": {"2019-12-31": "5.85220", "2018-12-31": "7.28530", "2017-12-31": "7.39880", "2016-12-31": "6.36260", "2015-12-31": "5.58910", "2014-12-31": "4.10360", "2013-12-31": "3.43310", "2012-12-31": "1.39070", "2011-12-31": "-1.45260", "2010-12-31": "-1.57530", "2009-12-31": "-3.13220", "2008-12-31": ""}, "Book Value Per Share": {"2019-12-31": "5.67330", "2018-12-31": "9.11580", "2017-12-31": "12.22640", "2016-12-31": "17.61470", "2015-12-31": "20.43340", "2014-12-31": "30.25880", "2013-12-31": "32.18340", "2012-12-31": "33.52230", "2011-12-31": "29.89140", "2010-12-31": "33.31630", "2009-12-31": "8.26400", "2008-12-31": ""}, "Operating Cash Flow Per Share": {"2019-12-31": -0.5544, "2018-12-31": 1.2174, "2017-12-31": 0.9372, "2016-12-31": -0.3364, "2015-12-31": 0.9688, "2014-12-31": 0.0327, "2013-12-31": 1.2744, "2012-12-31": 0.1489, "2011-12-31": 2.304, "2010-12-31": 0.8173, "2009-12-31": 0, "2008-12-31": 0}, "Free Cash Flow Per Share": {"2019-12-31": -2.9538, "2018-12-31": -1.0034, "2017-12-31": 5.3284, "2016-12-31": -4.5174, "2015-12-31": 0.8922, "2014-12-31": 4.1042, "2013-12-31": -3.3983, "2012-12-31": 1.859, "2011-12-31": -0.8095, "2010-12-31": -2.0625, "2009-12-31": 0, "2008-12-31": 0}}, "financial ratios, quarterly": {"Current Ratio": {"2020-09-30": "", "2020-06-30": "", "2020-03-31": "", "2019-12-31": "", "2019-09-30": "", "2019-06-30": "", "2019-03-31": "", "2018-12-31": "", "2018-09-30": "", "2018-06-30": "", "2018-03-31": "", "2017-12-31": "", "2017-09-30": "", "2017-06-30": "", "2017-03-31": "", "2016-12-31": "", "2016-09-30": "", "2016-06-30": "", "2016-03-31": "", "2015-12-31": "", "2015-09-30": "", "2015-06-30": "", "2015-03-31": "", "2014-12-31": "", "2014-09-30": "", "2014-06-30": "", "2014-03-31": "", "2013-12-31": "", "2013-09-30": "", "2013-06-30": "", "2013-03-31": "", "2012-12-31": "", "2012-09-30": "", "2012-06-30": "", "2012-03-31": "", "2011-12-31": "", "2011-09-30": "", "2011-06-30": "", "2011-03-31": "", "2010-12-31": "", "2010-09-30": "", "2010-06-30": "", "2010-03-31": "", "2009-12-31": "", "2009-09-30": "", "2008-12-31": ""}, "Long-term Debt / Capital": {"2020-09-30": "0.94260", "2020-06-30": "0.92470", "2020-03-31": "0.90530", "2019-12-31": "0.87360", "2019-09-30": "0.85020", "2019-06-30": "0.82590", "2019-03-31": "0.79820", "2018-12-31": "0.77170", "2018-09-30": "0.74700", "2018-06-30": "0.72820", "2018-03-31": "0.70990", "2017-12-31": "0.69180", "2017-09-30": "0.58820", "2017-06-30": "0.57430", "2017-03-31": "0.55010", "2016-12-31": "0.53630", "2016-09-30": "0.49240", "2016-06-30": "0.44720", "2016-03-31": "0.42560", "2015-12-31": "0.38440", "2015-09-30": "0.36300", "2015-06-30": "0.35400", "2015-03-31": "0.33940", "2014-12-31": "0.32550", "2014-09-30": "0.31420", "2014-06-30": "0.29120", "2014-03-31": "0.27640", "2013-12-31": "0.25250", "2013-09-30": "0.19320", "2013-06-30": "0.15870", "2013-03-31": "0.13650", "2012-12-31": "0.07750", "2012-09-30": "0.20290", "2012-06-30": "0.19360", "2012-03-31": "0.17690", "2011-12-31": "0.16420", "2011-09-30": "0.14980", "2011-06-30": "0.14890", "2011-03-31": "0.16380", "2010-12-31": "0.16020", "2010-09-30": "0.34300", "2010-06-30": "", "2010-03-31": "", "2009-12-31": "", "2009-09-30": "", "2008-12-31": ""}, "Debt/Equity Ratio": {"2020-09-30": "16.41120", "2020-06-30": "12.27560", "2020-03-31": "9.55930", "2019-12-31": "6.91200", "2019-09-30": "5.67360", "2019-06-30": "4.74470", "2019-03-31": "3.95440", "2018-12-31": "3.37930", "2018-09-30": "2.95220", "2018-06-30": "2.67950", "2018-03-31": "2.44710", "2017-12-31": "2.24430", "2017-09-30": "1.42840", "2017-06-30": "1.34900", "2017-03-31": "1.22250", "2016-12-31": "1.15640", "2016-09-30": "0.97020", "2016-06-30": "0.80900", "2016-03-31": "0.74110", "2015-12-31": "0.62430", "2015-09-30": "0.56990", "2015-06-30": "0.54800", "2015-03-31": "0.51380", "2014-12-31": "0.48250", "2014-09-30": "0.45810", "2014-06-30": "0.41080", "2014-03-31": "0.38200", "2013-12-31": "0.33780", "2013-09-30": "0.23950", "2013-06-30": "0.18860", "2013-03-31": "0.15810", "2012-12-31": "0.08410", "2012-09-30": "0.25460", "2012-06-30": "0.24010", "2012-03-31": "0.21490", "2011-12-31": "0.19650", "2011-09-30": "0.17620", "2011-06-30": "0.17490", "2011-03-31": "0.19590", "2010-12-31": "0.19080", "2010-09-30": "0.52210", "2010-06-30": "", "2010-03-31": "", "2009-12-31": "", "2009-09-30": "", "2008-12-31": ""}, "Gross Margin": {"2020-09-30": "", "2020-06-30": "", "2020-03-31": "", "2019-12-31": "", "2019-09-30": "", "2019-06-30": "", "2019-03-31": "", "2018-12-31": "", "2018-09-30": "", "2018-06-30": "", "2018-03-31": "", "2017-12-31": "", "2017-09-30": "", "2017-06-30": "", "2017-03-31": "", "2016-12-31": "", "2016-09-30": "", "2016-06-30": "", "2016-03-31": "", "2015-12-31": "", "2015-09-30": "", "2015-06-30": "", "2015-03-31": "", "2014-12-31": "", "2014-09-30": "", "2014-06-30": "", "2014-03-31": "", "2013-12-31": "", "2013-09-30": "", "2013-06-30": "", "2013-03-31": "", "2012-12-31": "", "2012-09-30": "", "2012-06-30": "", "2012-03-31": "", "2011-12-31": "", "2011-09-30": "", "2011-06-30": "", "2011-03-31": "", "2010-12-31": "", "2010-09-30": "", "2010-06-30": "", "2010-03-31": "", "2009-12-31": "", "2009-09-30": "", "2008-12-31": ""}, "Operating Margin": {"2020-09-30": "23.07170", "2020-06-30": "23.70950", "2020-03-31": "23.20000", "2019-12-31": "24.43520", "2019-09-30": "23.21950", "2019-06-30": "25.23060", "2019-03-31": "25.51060", "2018-12-31": "25.41650", "2018-09-30": "24.76860", "2018-06-30": "26.45940", "2018-03-31": "28.03370", "2017-12-31": "26.73130", "2017-09-30": "25.02600", "2017-06-30": "25.51790", "2017-03-31": "26.33460", "2016-12-31": "25.27150", "2016-09-30": "22.22190", "2016-06-30": "23.47590", "2016-03-31": "23.38560", "2015-12-31": "21.25080", "2015-09-30": "19.39180", "2015-06-30": "18.04370", "2015-03-31": "17.86350", "2014-12-31": "17.21160", "2014-09-30": "14.70890", "2014-06-30": "18.31400", "2014-03-31": "14.60670", "2013-12-31": "15.83660", "2013-09-30": "15.27010", "2013-06-30": "15.37450", "2013-03-31": "12.37050", "2012-12-31": "10.74350", "2012-09-30": "9.41000", "2012-06-30": "7.53220", "2012-03-31": "4.72460", "2011-12-31": "2.32890", "2011-09-30": "2.53570", "2011-06-30": "-8.17480", "2011-03-31": "-14.54740", "2010-12-31": "-13.51390", "2010-09-30": "-31.31760", "2010-06-30": "10.85010", "2010-03-31": "-4.39650", "2009-12-31": "", "2009-09-30": "-22.53450", "2008-12-31": ""}, "EBIT Margin": {"2020-09-30": "23.07170", "2020-06-30": "23.70950", "2020-03-31": "23.20000", "2019-12-31": "24.43520", "2019-09-30": "23.21950", "2019-06-30": "25.23060", "2019-03-31": "25.51060", "2018-12-31": "25.41650", "2018-09-30": "24.76860", "2018-06-30": "26.45940", "2018-03-31": "28.03370", "2017-12-31": "26.73130", "2017-09-30": "25.02600", "2017-06-30": "25.51790", "2017-03-31": "26.33460", "2016-12-31": "25.27150", "2016-09-30": "22.22190", "2016-06-30": "23.47590", "2016-03-31": "23.38560", "2015-12-31": "21.25080", "2015-09-30": "19.39180", "2015-06-30": "18.04370", "2015-03-31": "17.86350", "2014-12-31": "17.21160", "2014-09-30": "14.70890", "2014-06-30": "18.31400", "2014-03-31": "14.60670", "2013-12-31": "15.83650", "2013-09-30": "15.27010", "2013-06-30": "15.37450", "2013-03-31": "12.37050", "2012-12-31": "10.74350", "2012-09-30": "9.41000", "2012-06-30": "7.53220", "2012-03-31": "4.72460", "2011-12-31": "2.32890", "2011-09-30": "2.53570", "2011-06-30": "-8.17480", "2011-03-31": "-14.54740", "2010-12-31": "-13.51390", "2010-09-30": "-31.31760", "2010-06-30": "10.85010", "2010-03-31": "-4.39650", "2009-12-31": "", "2009-09-30": "-22.53450", "2008-12-31": ""}, "EBITDA Margin": {"2020-09-30": "", "2020-06-30": "", "2020-03-31": "", "2019-12-31": "", "2019-09-30": "", "2019-06-30": "", "2019-03-31": "", "2018-12-31": "", "2018-09-30": "", "2018-06-30": "", "2018-03-31": "", "2017-12-31": "", "2017-09-30": "", "2017-06-30": "", "2017-03-31": "", "2016-12-31": "", "2016-09-30": "", "2016-06-30": "", "2016-03-31": "", "2015-12-31": "", "2015-09-30": "", "2015-06-30": "", "2015-03-31": "", "2014-12-31": "", "2014-09-30": "", "2014-06-30": "", "2014-03-31": "", "2013-12-31": "", "2013-09-30": "", "2013-06-30": "", "2013-03-31": "", "2012-12-31": "", "2012-09-30": "", "2012-06-30": "", "2012-03-31": "", "2011-12-31": "", "2011-09-30": "", "2011-06-30": "", "2011-03-31": "", "2010-12-31": "", "2010-09-30": "", "2010-06-30": "", "2010-03-31": "", "2009-12-31": "", "2009-09-30": "", "2008-12-31": ""}, "Pre-Tax Profit Margin": {"2020-09-30": "15.67860", "2020-06-30": "16.67760", "2020-03-31": "15.61120", "2019-12-31": "16.95960", "2019-09-30": "15.63730", "2019-06-30": "18.01530", "2019-03-31": "18.67240", "2018-12-31": "18.62650", "2018-09-30": "17.99110", "2018-06-30": "19.93160", "2018-03-31": "22.06390", "2017-12-31": "21.46320", "2017-09-30": "19.78740", "2017-06-30": "20.46380", "2017-03-31": "21.89070", "2016-12-31": "21.02560", "2016-09-30": "19.07400", "2016-06-30": "20.68690", "2016-03-31": "21.20460", "2015-12-31": "19.13900", "2015-09-30": "16.86000", "2015-06-30": "15.91920", "2015-03-31": "16.22000", "2014-12-31": "17.00050", "2014-09-30": "12.78030", "2014-06-30": "16.16270", "2014-03-31": "12.76930", "2013-12-31": "14.64030", "2013-09-30": "14.12550", "2013-06-30": "14.02020", "2013-03-31": "11.55910", "2012-12-31": "8.36710", "2012-09-30": "6.45250", "2012-06-30": "4.95690", "2012-03-31": "2.57590", "2011-12-31": "0.51270", "2011-09-30": "0.46880", "2011-06-30": "-8.83390", "2011-03-31": "-20.01700", "2010-12-31": "-19.38050", "2010-09-30": "-36.11290", "2010-06-30": "7.62900", "2010-03-31": "-10.03320", "2009-12-31": "", "2009-09-30": "-30.53660", "2008-12-31": ""}, "Net Profit Margin": {"2020-09-30": "13.72380", "2020-06-30": "13.73100", "2020-03-31": "12.11170", "2019-12-31": "13.14340", "2019-09-30": "12.04350", "2019-06-30": "13.66980", "2019-03-31": "14.15530", "2018-12-31": "14.10820", "2018-09-30": "13.36400", "2018-06-30": "14.20990", "2018-03-31": "15.66280", "2017-12-31": "11.84000", "2017-09-30": "12.80430", "2017-06-30": "13.26960", "2017-03-31": "14.17670", "2016-12-31": "13.47870", "2016-09-30": "12.02680", "2016-06-30": "12.52470", "2016-03-31": "12.17670", "2015-12-31": "10.27510", "2015-09-30": "8.01090", "2015-06-30": "6.80880", "2015-03-31": "6.11880", "2014-12-31": "6.43380", "2014-09-30": "4.46290", "2014-06-30": "5.91180", "2014-03-31": "4.28830", "2013-12-31": "5.10250", "2013-09-30": "4.78440", "2013-06-30": "4.53990", "2013-03-31": "3.35630", "2012-12-31": "3.37000", "2012-09-30": "2.45530", "2012-06-30": "1.63130", "2012-03-31": "1.26890", "2011-12-31": "0.38890", "2011-09-30": "0.25240", "2011-06-30": "-3.60140", "2011-03-31": "-8.43720", "2010-12-31": "-7.65260", "2010-09-30": "-14.21600", "2010-06-30": "7.62900", "2010-03-31": "-10.03320", "2009-12-31": "", "2009-09-30": "-30.53660", "2008-12-31": ""}, "Asset Turnover": {"2020-09-30": "0.07050", "2020-06-30": "0.06940", "2020-03-31": "0.06870", "2019-12-31": "0.06950", "2019-09-30": "0.07080", "2019-06-30": "0.07140", "2019-03-31": "0.07190", "2018-12-31": "0.07510", "2018-09-30": "0.07650", "2018-06-30": "0.07720", "2018-03-31": "0.07900", "2017-12-31": "0.07750", "2017-09-30": "0.08200", "2017-06-30": "0.07940", "2017-03-31": "0.07910", "2016-12-31": "0.07610", "2016-09-30": "0.07450", "2016-06-30": "0.07410", "2016-03-31": "0.07590", "2015-12-31": "0.07820", "2015-09-30": "0.07740", "2015-06-30": "0.07410", "2015-03-31": "0.06870", "2014-12-31": "0.06750", "2014-09-30": "0.06640", "2014-06-30": "0.06210", "2014-03-31": "0.06150", "2013-12-31": "0.06040", "2013-09-30": "0.06280", "2013-06-30": "0.06360", "2013-03-31": "0.06180", "2012-12-31": "0.06540", "2012-09-30": "0.06500", "2012-06-30": "0.06200", "2012-03-31": "0.05830", "2011-12-31": "0.05700", "2011-09-30": "0.05490", "2011-06-30": "0.05230", "2011-03-31": "0.04810", "2010-12-31": "0.04600", "2010-09-30": "0.01690", "2010-06-30": "", "2010-03-31": "", "2009-12-31": "", "2009-09-30": "", "2008-12-31": ""}, "Inventory Turnover Ratio": {"2020-09-30": "", "2020-06-30": "", "2020-03-31": "", "2019-12-31": "", "2019-09-30": "", "2019-06-30": "", "2019-03-31": "", "2018-12-31": "", "2018-09-30": "", "2018-06-30": "", "2018-03-31": "", "2017-12-31": "", "2017-09-30": "", "2017-06-30": "", "2017-03-31": "", "2016-12-31": "", "2016-09-30": "", "2016-06-30": "", "2016-03-31": "", "2015-12-31": "", "2015-09-30": "", "2015-06-30": "", "2015-03-31": "", "2014-12-31": "", "2014-09-30": "", "2014-06-30": "", "2014-03-31": "", "2013-12-31": "", "2013-09-30": "", "2013-06-30": "", "2013-03-31": "", "2012-12-31": "", "2012-09-30": "", "2012-06-30": "", "2012-03-31": "", "2011-12-31": "", "2011-09-30": "", "2011-06-30": "", "2011-03-31": "", "2010-12-31": "", "2010-09-30": "", "2010-06-30": "", "2010-03-31": "", "2009-12-31": "", "2009-09-30": "", "2008-12-31": ""}, "Receiveable Turnover": {"2020-09-30": "", "2020-06-30": "", "2020-03-31": "", "2019-12-31": "", "2019-09-30": "", "2019-06-30": "", "2019-03-31": "", "2018-12-31": "", "2018-09-30": "", "2018-06-30": "", "2018-03-31": "", "2017-12-31": "", "2017-09-30": "", "2017-06-30": "", "2017-03-31": "", "2016-12-31": "", "2016-09-30": "", "2016-06-30": "", "2016-03-31": "", "2015-12-31": "", "2015-09-30": "", "2015-06-30": "", "2015-03-31": "", "2014-12-31": "", "2014-09-30": "", "2014-06-30": "", "2014-03-31": "", "2013-12-31": "", "2013-09-30": "", "2013-06-30": "", "2013-03-31": "", "2012-12-31": "", "2012-09-30": "", "2012-06-30": "", "2012-03-31": "", "2011-12-31": "", "2011-09-30": "", "2011-06-30": "", "2011-03-31": "", "2010-12-31": "", "2010-09-30": "", "2010-06-30": "", "2010-03-31": "", "2009-12-31": "", "2009-09-30": "", "2008-12-31": ""}, "Days Sales In Receivables": {"2020-09-30": "", "2020-06-30": "", "2020-03-31": "", "2019-12-31": "", "2019-09-30": "", "2019-06-30": "", "2019-03-31": "", "2018-12-31": "", "2018-09-30": "", "2018-06-30": "", "2018-03-31": "", "2017-12-31": "", "2017-09-30": "", "2017-06-30": "", "2017-03-31": "", "2016-12-31": "", "2016-09-30": "", "2016-06-30": "", "2016-03-31": "", "2015-12-31": "", "2015-09-30": "", "2015-06-30": "", "2015-03-31": "", "2014-12-31": "", "2014-09-30": "", "2014-06-30": "", "2014-03-31": "", "2013-12-31": "", "2013-09-30": "", "2013-06-30": "", "2013-03-31": "", "2012-12-31": "", "2012-09-30": "", "2012-06-30": "", "2012-03-31": "", "2011-12-31": "", "2011-09-30": "", "2011-06-30": "", "2011-03-31": "", "2010-12-31": "", "2010-09-30": "", "2010-06-30": "", "2010-03-31": "", "2009-12-31": "", "2009-09-30": "", "2008-12-31": ""}, "ROE - Return On Equity": {"2020-09-30": "23.47840", "2020-06-30": "19.06640", "2020-03-31": "13.97890", "2019-12-31": "11.56910", "2019-09-30": "9.30600", "2019-06-30": "9.32300", "2019-03-31": "8.46100", "2018-12-31": "7.73920", "2018-09-30": "6.88070", "2018-06-30": "7.09280", "2018-03-31": "7.08260", "2017-12-31": "6.45130", "2017-09-30": "5.55500", "2017-06-30": "5.29920", "2017-03-31": "5.29060", "2016-12-31": "4.80430", "2016-09-30": "3.90950", "2016-06-30": "3.98030", "2016-03-31": "3.88990", "2015-12-31": "3.40050", "2015-09-30": "2.80990", "2015-06-30": "2.44080", "2015-03-31": "2.25590", "2014-12-31": "2.26490", "2014-09-30": "1.63060", "2014-06-30": "1.90390", "2014-03-31": "1.43510", "2013-12-31": "1.57490", "2013-09-30": "1.46530", "2013-06-30": "1.34710", "2013-03-31": "1.05090", "2012-12-31": "0.76840", "2012-09-30": "0.48600", "2012-06-30": "0.30290", "2012-03-31": "0.21860", "2011-12-31": "0.07450", "2011-09-30": "0.04190", "2011-06-30": "-0.56760", "2011-03-31": "-1.23490", "2010-12-31": "-1.10170", "2010-09-30": "-2.15040", "2010-06-30": "", "2010-03-31": "", "2009-12-31": "", "2009-09-30": "", "2008-12-31": ""}, "Return On Tangible Equity": {"2020-09-30": "40.77800", "2020-06-30": "28.61940", "2020-03-31": "19.12450", "2019-12-31": "14.61580", "2019-09-30": "11.41610", "2019-06-30": "11.20320", "2019-03-31": "9.99420", "2018-12-31": "9.02230", "2018-09-30": "7.93280", "2018-06-30": "8.12610", "2018-03-31": "8.00270", "2017-12-31": "7.26640", "2017-09-30": "4.81340", "2017-06-30": "4.62240", "2017-03-31": "4.65170", "2016-12-31": "4.24210", "2016-09-30": "3.42100", "2016-06-30": "3.48940", "2016-03-31": "3.41780", "2015-12-31": "2.99570", "2015-09-30": "2.48090", "2015-06-30": "2.16220", "2015-03-31": "2.00340", "2014-12-31": "2.01730", "2014-09-30": "1.45660", "2014-06-30": "1.70600", "2014-03-31": "1.28950", "2013-12-31": "1.41950", "2013-09-30": "1.32530", "2013-06-30": "1.22240", "2013-03-31": "0.95740", "2012-12-31": "0.70420", "2012-09-30": "0.54390", "2012-06-30": "0.34180", "2012-03-31": "0.24770", "2011-12-31": "0.08520", "2011-09-30": "0.04850", "2011-06-30": "-0.66450", "2011-03-31": "-1.46880", "2010-12-31": "-1.33130", "2010-09-30": "-4.49200", "2010-06-30": "", "2010-03-31": "", "2009-12-31": "", "2009-09-30": "", "2008-12-31": ""}, "ROA - Return On Assets": {"2020-09-30": "1.10550", "2020-06-30": "1.15670", "2020-03-31": "1.07210", "2019-12-31": "1.17780", "2019-09-30": "1.10630", "2019-06-30": "1.28620", "2019-03-31": "1.34020", "2018-12-31": "1.39710", "2018-09-30": "1.37610", "2018-06-30": "1.54370", "2018-03-31": "1.74140", "2017-12-31": "1.66140", "2017-09-30": "1.61920", "2017-06-30": "1.62470", "2017-03-31": "1.72520", "2016-12-31": "1.59590", "2016-09-30": "1.42050", "2016-06-30": "1.53010", "2016-03-31": "1.61010", "2015-12-31": "1.49560", "2015-09-30": "1.30240", "2015-06-30": "1.17350", "2015-03-31": "1.11020", "2014-12-31": "1.14520", "2014-09-30": "0.84600", "2014-06-30": "1.00620", "2014-03-31": "0.78380", "2013-12-31": "0.88820", "2013-09-30": "0.88090", "2013-06-30": "0.86880", "2013-03-31": "0.69480", "2012-12-31": "0.54160", "2012-09-30": "0.35620", "2012-06-30": "0.22620", "2012-03-31": "0.16560", "2011-12-31": "0.05720", "2011-09-30": "0.03250", "2011-06-30": "-0.44200", "2011-03-31": "-0.95300", "2010-12-31": "-0.86550", "2010-09-30": "-0.61150", "2010-06-30": "", "2010-03-31": "", "2009-12-31": "", "2009-09-30": "", "2008-12-31": ""}, "ROI - Return On Investment": {"2020-09-30": "1.34850", "2020-06-30": "1.43620", "2020-03-31": "1.32380", "2019-12-31": "1.46220", "2019-09-30": "1.39440", "2019-06-30": "1.62290", "2019-03-31": "1.70780", "2018-12-31": "1.76720", "2018-09-30": "1.74100", "2018-06-30": "1.92770", "2018-03-31": "2.05470", "2017-12-31": "1.98850", "2017-09-30": "1.81120", "2017-06-30": "1.80120", "2017-03-31": "1.91540", "2016-12-31": "1.79890", "2016-09-30": "1.60970", "2016-06-30": "1.78770", "2016-03-31": "1.81920", "2015-12-31": "1.70910", "2015-09-30": "1.46420", "2015-06-30": "1.29460", "2015-03-31": "1.22640", "2014-12-31": "1.26080", "2014-09-30": "0.92530", "2014-06-30": "1.11920", "2014-03-31": "0.86300", "2013-12-31": "0.98060", "2013-09-30": "0.98670", "2013-06-30": "0.94710", "2013-03-31": "0.75930", "2012-12-31": "0.59410", "2012-09-30": "0.38740", "2012-06-30": "0.24430", "2012-03-31": "0.17990", "2011-12-31": "0.06230", "2011-09-30": "0.03560", "2011-06-30": "-0.48310", "2011-03-31": "-1.03270", "2010-12-31": "-0.92510", "2010-09-30": "-1.41280", "2010-06-30": "", "2010-03-31": "", "2009-12-31": "", "2009-09-30": "", "2008-12-31": ""}, "Book Value Per Share": {"2020-09-30": "2.40340", "2020-06-30": "3.09360", "2020-03-31": "4.33830", "2019-12-31": "5.67330", "2019-09-30": "6.45630", "2019-06-30": "7.48500", "2019-03-31": "8.29680", "2018-12-31": "9.11580", "2018-09-30": "9.90860", "2018-06-30": "11.16080", "2018-03-31": "11.70620", "2017-12-31": "12.22640", "2017-09-30": "16.12720", "2017-06-30": "16.66600", "2017-03-31": "17.21550", "2016-12-31": "17.61470", "2016-09-30": "17.97310", "2016-06-30": "18.07800", "2016-03-31": "20.02340", "2015-12-31": "20.43340", "2015-09-30": "23.73030", "2015-06-30": "24.22770", "2015-03-31": "29.49630", "2014-12-31": "30.25880", "2014-09-30": "30.67560", "2014-06-30": "31.16940", "2014-03-31": "31.47100", "2013-12-31": "32.18340", "2013-09-30": "32.49120", "2013-06-30": "32.69940", "2013-03-31": "32.95000", "2012-12-31": "33.52230", "2012-09-30": "28.71140", "2012-06-30": "28.87600", "2012-03-31": "29.53630", "2011-12-31": "29.89140", "2011-09-30": "31.60200", "2011-06-30": "31.84370", "2011-03-31": "32.25830", "2010-12-31": "33.31630", "2010-09-30": "12.20220", "2010-06-30": "", "2010-03-31": "", "2009-12-31": "", "2009-09-30": "", "2008-12-31": ""}, "Operating Cash Flow Per Share": {"2020-09-30": 1.1555, "2020-06-30": 1.9836, "2020-03-31": "1.45460", "2019-12-31": 1.7547, "2019-09-30": 1.9045, "2019-06-30": 1.6211, "2019-03-31": "1.52960", "2018-12-31": 2.0807, "2018-09-30": 1.6493, "2018-06-30": 1.9264, "2018-03-31": "1.70790", "2017-12-31": 1.721, "2017-09-30": 1.3151, "2017-06-30": 1.6116, "2017-03-31": "1.49920", "2016-12-31": 1.5859, "2016-09-30": 1.3126, "2016-06-30": 1.4532, "2016-03-31": "0.85800", "2015-12-31": 1.6501, "2015-09-30": 1.4686, "2015-06-30": 1.0284, "2015-03-31": "1.39900", "2014-12-31": 1.1434, "2014-09-30": 0.9111, "2014-06-30": 1.2818, "2014-03-31": "1.24100", "2013-12-31": 1.0425, "2013-09-30": 1.3639, "2013-06-30": 1.2839, "2013-03-31": "0.85430", "2012-12-31": 0.9978, "2012-09-30": 0.9433, "2012-06-30": 0.692, "2012-03-31": "0.63710", "2011-12-31": 0.792, "2011-09-30": 0.6216, "2011-06-30": 1.0315, "2011-03-31": "0.67620", "2010-12-31": -3.2014, "2010-09-30": 4.0187, "2010-06-30": 0, "2010-03-31": "", "2009-12-31": 0, "2009-09-30": 0, "2008-12-31": 0}, "Free Cash Flow Per Share": {"2020-09-30": -0.2609, "2020-06-30": 0.4401, "2020-03-31": "-0.86960", "2019-12-31": -0.3786, "2019-09-30": -0.228, "2019-06-30": -1.2448, "2019-03-31": "-0.70970", "2018-12-31": 0.0121, "2018-09-30": 0.2659, "2018-06-30": 0.1636, "2018-03-31": "-0.04890", "2017-12-31": 0.3363, "2017-09-30": 0.596, "2017-06-30": 0.2946, "2017-03-31": "0.16920", "2016-12-31": -0.5246, "2016-09-30": -1.676, "2016-06-30": -0.2643, "2016-03-31": "-1.46740", "2015-12-31": -0.471, "2015-09-30": 0.6846, "2015-06-30": 0.0236, "2015-03-31": "0.34790", "2014-12-31": 0.2739, "2014-09-30": -0.5402, "2014-06-30": 0.1143, "2014-03-31": "-0.15510", "2013-12-31": -2.1789, "2013-09-30": -1.0335, "2013-06-30": -0.5076, "2013-03-31": "-0.69130", "2012-12-31": -0.644, "2012-09-30": -0.0143, "2012-06-30": -0.1142, "2012-03-31": "-0.24050", "2011-12-31": -0.3695, "2011-09-30": -1.0463, "2011-06-30": -1.0887, "2011-03-31": "-0.36750", "2010-12-31": 65.9671, "2010-09-30": -68.0296, "2010-06-30": 0, "2010-03-31": "", "2009-12-31": 0, "2009-09-30": 0, "2008-12-31": 0}}, "revenue": {"CoreSite Realty Annual Revenue (Millions of US $)": {"2020": "$607", "2019": "$573", "2018": "$544", "2017": "$482", "2016": "$400", "2015": "$333", "2014": "$272", "2013": "$235", "2012": "$207", "2011": "$173", "2010": "$74", "2009": "$29", "2008": "$16"}, "CoreSite Realty Quarterly Revenue (Millions of US $)": {"2020-12-31": "$155", "2020-09-30": "$154", "2020-06-30": "$151", "2020-03-31": "$147", "2019-12-31": "$146", "2019-09-30": "$145", "2019-06-30": "$143", "2019-03-31": "$139", "2018-12-31": "$139", "2018-09-30": "$139", "2018-06-30": "$136", "2018-03-31": "$130", "2017-12-31": "$126", "2017-09-30": "$123", "2017-06-30": "$118", "2017-03-31": "$115", "2016-12-31": "$111", "2016-09-30": "$101", "2016-06-30": "$96", "2016-03-31": "$92", "2015-12-31": "$91", "2015-09-30": "$86", "2015-06-30": "$81", "2015-03-31": "$75", "2014-12-31": "$72", "2014-09-30": "$71", "2014-06-30": "$66", "2014-03-31": "$64", "2013-12-31": "$61", "2013-09-30": "$61", "2013-06-30": "$58", "2013-03-31": "$55", "2012-12-31": "$55", "2012-09-30": "$54", "2012-06-30": "$51", "2012-03-31": "$47", "2011-12-31": "$46", "2011-09-30": "$44", "2011-06-30": "$42", "2011-03-31": "$40", "2010-12-31": "$38", "2010-09-30": "$14", "2010-06-30": "$12", "2010-03-31": "$9", "2009-12-31": "", "2009-09-30": "$7", "2008-12-31": ""}}, "gross-profit": {"CoreSite Realty Annual Gross Profit (Millions of US $)": {"2020": "$376", "2019": "$360", "2018": "$345", "2017": "$310", "2016": "$256", "2015": "$210", "2014": "$169", "2013": "$142", "2012": "$118", "2011": "$90", "2010": "$34", "2009": "$8", "2008": "$-2"}, "CoreSite Realty Quarterly Gross Profit (Millions of US $)": {"2020-12-31": "$95", "2020-09-30": "$94", "2020-06-30": "$95", "2020-03-31": "$93", "2019-12-31": "$92", "2019-09-30": "$90", "2019-06-30": "$91", "2019-03-31": "$87", "2018-12-31": "$87", "2018-09-30": "$86", "2018-06-30": "$87", "2018-03-31": "$84", "2017-12-31": "$81", "2017-09-30": "$77", "2017-06-30": "$76", "2017-03-31": "$75", "2016-12-31": "$71", "2016-09-30": "$64", "2016-06-30": "$62", "2016-03-31": "$59", "2015-12-31": "$58", "2015-09-30": "$54", "2015-06-30": "$51", "2015-03-31": "$48", "2014-12-31": "$45", "2014-09-30": "$42", "2014-06-30": "$43", "2014-03-31": "$39", "2013-12-31": "$37", "2013-09-30": "$36", "2013-06-30": "$35", "2013-03-31": "$34", "2012-12-31": "$33", "2012-09-30": "$31", "2012-06-30": "$29", "2012-03-31": "$26", "2011-12-31": "$24", "2011-09-30": "$23", "2011-06-30": "$22", "2011-03-31": "$21", "2010-12-31": "$20", "2010-09-30": "$6", "2010-06-30": "$6", "2010-03-31": "$3", "2009-12-31": "", "2009-09-30": "$2", "2008-12-31": ""}}, "operating-income": {"CoreSite Realty Annual Operating Income (Millions of US $)": {"2020": "$140", "2019": "$141", "2018": "$142", "2017": "$125", "2016": "$95", "2015": "$64", "2014": "$44", "2013": "$35", "2012": "$17", "2011": "$-7", "2010": "$-9", "2009": "$-5", "2008": "$-11"}, "CoreSite Realty Quarterly Operating Income (Millions of US $)": {"2020-12-31": "$34", "2020-09-30": "$36", "2020-06-30": "$36", "2020-03-31": "$34", "2019-12-31": "$36", "2019-09-30": "$34", "2019-06-30": "$36", "2019-03-31": "$35", "2018-12-31": "$35", "2018-09-30": "$34", "2018-06-30": "$36", "2018-03-31": "$36", "2017-12-31": "$34", "2017-09-30": "$31", "2017-06-30": "$30", "2017-03-31": "$30", "2016-12-31": "$28", "2016-09-30": "$23", "2016-06-30": "$23", "2016-03-31": "$22", "2015-12-31": "$19", "2015-09-30": "$17", "2015-06-30": "$15", "2015-03-31": "$13", "2014-12-31": "$12", "2014-09-30": "$10", "2014-06-30": "$12", "2014-03-31": "$9", "2013-12-31": "$10", "2013-09-30": "$9", "2013-06-30": "$9", "2013-03-31": "$7", "2012-12-31": "$6", "2012-09-30": "$5", "2012-06-30": "$4", "2012-03-31": "$2", "2011-12-31": "$1", "2011-09-30": "$1", "2011-06-30": "$-3", "2011-03-31": "$-6", "2010-12-31": "$-5", "2010-09-30": "$-4", "2010-06-30": "$1", "2010-03-31": "$-0", "2009-12-31": "", "2009-09-30": "$-2", "2008-12-31": ""}}, "ebitda": {"CoreSite Realty Annual EBITDA (Millions of US $)": {"2019": "$297", "2018": "$286", "2017": "$255", "2016": "$204", "2015": "$161", "2014": "$126", "2013": "$101", "2012": "$82", "2011": "$62", "2010": "$24", "2009": "$6", "2008": "$-4"}, "CoreSite Realty Quarterly EBITDA (Millions of US $)": {"2020-09-30": "$78", "2020-06-30": "$78", "2020-03-31": "$76", "2019-12-31": "$76", "2019-09-30": "$75", "2019-06-30": "$74", "2019-03-31": "$72", "2018-12-31": "$72", "2018-09-30": "$71", "2018-06-30": "$72", "2018-03-31": "$71", "2017-12-31": "$67", "2017-09-30": "$63", "2017-06-30": "$63", "2017-03-31": "$63", "2016-12-31": "$59", "2016-09-30": "$50", "2016-06-30": "$49", "2016-03-31": "$47", "2015-12-31": "$44", "2015-09-30": "$41", "2015-06-30": "$39", "2015-03-31": "$36", "2014-12-31": "$35", "2014-09-30": "$31", "2014-06-30": "$32", "2014-03-31": "$28", "2013-12-31": "$27", "2013-09-30": "$26", "2013-06-30": "$25", "2013-03-31": "$23", "2012-12-31": "$18", "2012-09-30": "$23", "2012-06-30": "$22", "2012-03-31": "$18", "2011-12-31": "$14", "2011-09-30": "$18", "2011-06-30": "$15", "2011-03-31": "$15", "2010-12-31": "$16", "2010-09-30": "$1", "2010-06-30": "$5", "2010-03-31": "$3", "2009-12-31": "", "2009-09-30": "$-2", "2008-12-31": ""}}, "net-income": {"CoreSite Realty Annual Net Income (Millions of US $)": {"2020": "$79", "2019": "$76", "2018": "$78", "2017": "$63", "2016": "$50", "2015": "$26", "2014": "$14", "2013": "$11", "2012": "$5", "2011": "$-5", "2010": "$-5", "2009": "$-7", "2008": "$-14"}, "CoreSite Realty Quarterly Net Income (Millions of US $)": {"2020-12-31": "$20", "2020-09-30": "$21", "2020-06-30": "$21", "2020-03-31": "$18", "2019-12-31": "$19", "2019-09-30": "$17", "2019-06-30": "$20", "2019-03-31": "$20", "2018-12-31": "$20", "2018-09-30": "$19", "2018-06-30": "$19", "2018-03-31": "$20", "2017-12-31": "$15", "2017-09-30": "$16", "2017-06-30": "$16", "2017-03-31": "$16", "2016-12-31": "$15", "2016-09-30": "$12", "2016-06-30": "$12", "2016-03-31": "$11", "2015-12-31": "$9", "2015-09-30": "$7", "2015-06-30": "$6", "2015-03-31": "$5", "2014-12-31": "$5", "2014-09-30": "$3", "2014-06-30": "$4", "2014-03-31": "$3", "2013-12-31": "$3", "2013-09-30": "$3", "2013-06-30": "$3", "2013-03-31": "$2", "2012-12-31": "$2", "2012-09-30": "$1", "2012-06-30": "$1", "2012-03-31": "$1", "2011-12-31": "$0", "2011-09-30": "$0", "2011-06-30": "$-2", "2011-03-31": "$-3", "2010-12-31": "$-3", "2010-09-30": "$-2", "2010-06-30": "$1", "2010-03-31": "$-1", "2009-12-31": "", "2009-09-30": "$-2", "2008-12-31": ""}}, "eps-earnings-per-share-diluted": {"CoreSite Realty Annual EPS": {"2020": "$1.95", "2019": "$2.05", "2018": "$2.22", "2017": "$1.84", "2016": "$1.54", "2015": "$1.03", "2014": "$0.66", "2013": "$0.49", "2012": "$0.22", "2011": "$-0.24", "2010": "$-0.17", "2009": "$0.00", "2008": "$0.00"}, "CoreSite Realty Quarterly EPS": {"2020-12-31": "$0.46", "2020-09-30": "$0.50", "2020-06-30": "$0.52", "2020-03-31": "$0.48", "2019-12-31": "$0.51", "2019-09-30": "$0.47", "2019-06-30": "$0.53", "2019-03-31": "$0.54", "2018-12-31": "$0.54", "2018-09-30": "$0.52", "2018-06-30": "$0.57", "2018-03-31": "$0.59", "2017-12-31": "$0.44", "2017-09-30": "$0.46", "2017-06-30": "$0.46", "2017-03-31": "$0.48", "2016-12-31": "$0.44", "2016-09-30": "$0.36", "2016-06-30": "$0.37", "2016-03-31": "$0.37", "2015-12-31": "$0.34", "2015-09-30": "$0.26", "2015-06-30": "$0.22", "2015-03-31": "$0.21", "2014-12-31": "$0.21", "2014-09-30": "$0.14", "2014-06-30": "$0.18", "2014-03-31": "$0.13", "2013-12-31": "$0.14", "2013-09-30": "$0.14", "2013-06-30": "$0.12", "2013-03-31": "$0.09", "2012-12-31": "$0.09", "2012-09-30": "$0.06", "2012-06-30": "$0.04", "2012-03-31": "$0.03", "2011-12-31": "$0.00", "2011-09-30": "$0.01", "2011-06-30": "$-0.08", "2011-03-31": "$-0.17", "2010-12-31": "$2.97", "2010-09-30": "$-3.14", "2010-06-30": "$0.00", "2010-03-31": "$0.00", "2009-12-31": "$0.00", "2009-09-30": "$0.00", "2008-12-31": "$0.00"}}, "shares-outstanding": {"CoreSite Realty Annual Shares Outstanding (Millions of Shares)": {"2020": "41", "2019": "37", "2018": "35", "2017": "34", "2016": "33", "2015": "26", "2014": "22", "2013": "22", "2012": "21", "2011": "20", "2010": "19", "2009": "", "2008": ""}, "CoreSite Realty Quarterly Shares Outstanding (Millions of Shares)": {"2020-12-31": "43", "2020-09-30": "42", "2020-06-30": "40", "2020-03-31": "38", "2019-12-31": "37", "2019-09-30": "37", "2019-06-30": "37", "2019-03-31": "37", "2018-12-31": "35", "2018-09-30": "36", "2018-06-30": "34", "2018-03-31": "34", "2017-12-31": "34", "2017-09-30": "34", "2017-06-30": "34", "2017-03-31": "34", "2016-12-31": "33", "2016-09-30": "34", "2016-06-30": "32", "2016-03-31": "31", "2015-12-31": "26", "2015-09-30": "27", "2015-06-30": "25", "2015-03-31": "22", "2014-12-31": "22", "2014-09-30": "22", "2014-06-30": "22", "2014-03-31": "22", "2013-12-31": "22", "2013-09-30": "21", "2013-06-30": "21", "2013-03-31": "21", "2012-12-31": "21", "2012-09-30": "21", "2012-06-30": "21", "2012-03-31": "21", "2011-12-31": "20", "2011-09-30": "20", "2011-06-30": "19", "2011-03-31": "19", "2010-12-31": "19", "2010-09-30": "1", "2010-06-30": "", "2010-03-31": "", "2009-12-31": "", "2009-09-30": "", "2008-12-31": ""}}, "total-assets": {"CoreSite Realty Annual Total Assets (Millions of US $)": {"2019": "$2,101", "2018": "$1,854", "2017": "$1,626", "2016": "$1,451", "2015": "$1,163", "2014": "$1,075", "2013": "$1,016", "2012": "$845", "2011": "$808", "2010": "$833", "2009": "$239", "2008": "$0"}, "CoreSite Realty Quarterly Total Assets (Millions of US $)": {"2020-09-30": "$2,183", "2020-06-30": "$2,169", "2020-03-31": "$2,144", "2019-12-31": "$2,101", "2019-09-30": "$2,047", "2019-06-30": "$2,001", "2019-03-31": "$1,933", "2018-12-31": "$1,854", "2018-09-30": "$1,818", "2018-06-30": "$1,767", "2018-03-31": "$1,640", "2017-12-31": "$1,626", "2017-09-30": "$1,500", "2017-06-30": "$1,486", "2017-03-31": "$1,453", "2016-12-31": "$1,451", "2016-09-30": "$1,360", "2016-06-30": "$1,296", "2016-03-31": "$1,218", "2015-12-31": "$1,163", "2015-09-30": "$1,116", "2015-06-30": "$1,098", "2015-03-31": "$1,086", "2014-12-31": "$1,075", "2014-09-30": "$1,063", "2014-06-30": "$1,057", "2014-03-31": "$1,036", "2013-12-31": "$1,016", "2013-09-30": "$966", "2013-06-30": "$907", "2013-03-31": "$892", "2012-12-31": "$845", "2012-09-30": "$827", "2012-06-30": "$817", "2012-03-31": "$811", "2011-12-31": "$808", "2011-09-30": "$809", "2011-06-30": "$812", "2011-03-31": "$831", "2010-12-31": "$833", "2010-09-30": "$835", "2010-06-30": "$0", "2010-03-31": "$0", "2009-12-31": "$0", "2009-09-30": "$0", "2008-12-31": "$0"}}, "cash-on-hand": {"CoreSite Realty Annual Cash on Hand (Millions of US $)": {"2019": "$3", "2018": "$3", "2017": "$5", "2016": "$4", "2015": "$7", "2014": "$11", "2013": "$5", "2012": "$8", "2011": "$16", "2010": "$101", "2009": "$9", "2008": "$"}, "CoreSite Realty Quarterly Cash on Hand (Millions of US $)": {"2020-09-30": "$3", "2020-06-30": "$3", "2020-03-31": "$3", "2019-12-31": "$3", "2019-09-30": "$5", "2019-06-30": "$3", "2019-03-31": "$2", "2018-12-31": "$3", "2018-09-30": "$5", "2018-06-30": "$3", "2018-03-31": "$3", "2017-12-31": "$5", "2017-09-30": "$5", "2017-06-30": "$22", "2017-03-31": "$2", "2016-12-31": "$4", "2016-09-30": "$6", "2016-06-30": "$2", "2016-03-31": "$3", "2015-12-31": "$7", "2015-09-30": "$9", "2015-06-30": "$8", "2015-03-31": "$12", "2014-12-31": "$11", "2014-09-30": "$9", "2014-06-30": "$11", "2014-03-31": "$10", "2013-12-31": "$5", "2013-09-30": "$1", "2013-06-30": "$3", "2013-03-31": "$9", "2012-12-31": "$8", "2012-09-30": "$14", "2012-06-30": "$14", "2012-03-31": "$13", "2011-12-31": "$16", "2011-09-30": "$21", "2011-06-30": "$47", "2011-03-31": "$88", "2010-12-31": "$101", "2010-09-30": "$98", "2010-06-30": "", "2010-03-31": "", "2009-12-31": "", "2009-09-30": "", "2008-12-31": ""}}, "long-term-debt": {"CoreSite Realty Annual Long Term Debt (Millions of US $)": {"2019": "$1,478", "2018": "$1,131", "2017": "$940", "2016": "$690", "2015": "$391", "2014": "$318", "2013": "$233", "2012": "$60", "2011": "$122", "2010": "$125", "2009": "$62", "2008": "$"}, "CoreSite Realty Quarterly Long Term Debt (Millions of US $)": {"2020-09-30": "$1,687", "2020-06-30": "$1,615", "2020-03-31": "$1,572", "2019-12-31": "$1,478", "2019-09-30": "$1,381", "2019-06-30": "$1,310", "2019-03-31": "$1,211", "2018-12-31": "$1,131", "2018-09-30": "$1,073", "2018-06-30": "$1,031", "2018-03-31": "$987", "2017-12-31": "$940", "2017-09-30": "$789", "2017-06-30": "$770", "2017-03-31": "$720", "2016-12-31": "$690", "2016-09-30": "$591", "2016-06-30": "$496", "2016-03-31": "$459", "2015-12-31": "$391", "2015-09-30": "$360", "2015-06-30": "$352", "2015-03-31": "$334", "2014-12-31": "$318", "2014-09-30": "$305", "2014-06-30": "$277", "2014-03-31": "$260", "2013-12-31": "$233", "2013-09-30": "$167", "2013-06-30": "$132", "2013-03-31": "$111", "2012-12-31": "$60", "2012-09-30": "$154", "2012-06-30": "$146", "2012-03-31": "$132", "2011-12-31": "$122", "2011-09-30": "$111", "2011-06-30": "$111", "2011-03-31": "$126", "2010-12-31": "$125", "2010-09-30": "$124", "2010-06-30": "", "2010-03-31": "", "2009-12-31": "", "2009-09-30": "", "2008-12-31": ""}}, "total-liabilities": {"CoreSite Realty Annual Total Liabilities (Millions of US $)": {"2019": "$1,887", "2018": "$1,519", "2017": "$1,207", "2016": "$854", "2015": "$536", "2014": "$416", "2013": "$328", "2012": "$135", "2011": "$188", "2010": "$179", "2009": "$77", "2008": "$0"}, "CoreSite Realty Quarterly Total Liabilities (Millions of US $)": {"2020-09-30": "$2,080", "2020-06-30": "$2,037", "2020-03-31": "$1,980", "2019-12-31": "$1,887", "2019-09-30": "$1,803", "2019-06-30": "$1,725", "2019-03-31": "$1,627", "2018-12-31": "$1,519", "2018-09-30": "$1,455", "2018-06-30": "$1,382", "2018-03-31": "$1,237", "2017-12-31": "$1,207", "2017-09-30": "$948", "2017-06-30": "$915", "2017-03-31": "$864", "2016-12-31": "$854", "2016-09-30": "$751", "2016-06-30": "$683", "2016-03-31": "$599", "2015-12-31": "$536", "2015-09-30": "$484", "2015-06-30": "$455", "2015-03-31": "$437", "2014-12-31": "$416", "2014-09-30": "$396", "2014-06-30": "$383", "2014-03-31": "$355", "2013-12-31": "$328", "2013-09-30": "$270", "2013-06-30": "$207", "2013-03-31": "$187", "2012-12-31": "$135", "2012-09-30": "$221", "2012-06-30": "$207", "2012-03-31": "$197", "2011-12-31": "$188", "2011-09-30": "$181", "2011-06-30": "$180", "2011-03-31": "$190", "2010-12-31": "$179", "2010-09-30": "$598", "2010-06-30": "$0", "2010-03-31": "$0", "2009-12-31": "", "2009-09-30": "$0", "2008-12-31": "$0"}}, "total-share-holder-equity": {"CoreSite Realty Annual Share Holder Equity (Millions of US $)": {"2019": "$214", "2018": "$335", "2017": "$419", "2016": "$597", "2015": "$626", "2014": "$658", "2013": "$688", "2012": "$711", "2011": "$620", "2010": "$654", "2009": "$162", "2008": "$0"}, "CoreSite Realty Quarterly Share Holder Equity (Millions of US $)": {"2020-09-30": "$103", "2020-06-30": "$132", "2020-03-31": "$164", "2019-12-31": "$214", "2019-09-30": "$243", "2019-06-30": "$276", "2019-03-31": "$306", "2018-12-31": "$335", "2018-09-30": "$364", "2018-06-30": "$385", "2018-03-31": "$403", "2017-12-31": "$419", "2017-09-30": "$552", "2017-06-30": "$570", "2017-03-31": "$589", "2016-12-31": "$597", "2016-09-30": "$609", "2016-06-30": "$613", "2016-03-31": "$619", "2015-12-31": "$626", "2015-09-30": "$632", "2015-06-30": "$643", "2015-03-31": "$650", "2014-12-31": "$658", "2014-09-30": "$666", "2014-06-30": "$674", "2014-03-31": "$681", "2013-12-31": "$688", "2013-09-30": "$696", "2013-06-30": "$700", "2013-03-31": "$705", "2012-12-31": "$711", "2012-09-30": "$606", "2012-06-30": "$610", "2012-03-31": "$614", "2011-12-31": "$620", "2011-09-30": "$627", "2011-06-30": "$632", "2011-03-31": "$641", "2010-12-31": "$654", "2010-09-30": "$237", "2010-06-30": "$0", "2010-03-31": "$0", "2009-12-31": "", "2009-09-30": "$0", "2008-12-31": "$0"}}, "profit-margins": {"current": "13.07%"}, "gross margin": {"2020-12-31": "62.11%", "2020-09-30": "62.54%", "2020-06-30": "62.82%", "2020-03-31": "62.99%", "2019-12-31": "62.83%", "2019-09-30": "62.72%", "2019-06-30": "62.68%", "2019-03-31": "62.75%", "2018-12-31": "63.24%", "2018-09-30": "63.65%", "2018-06-30": "63.88%", "2018-03-31": "63.98%", "2017-12-31": "64.11%", "2017-09-30": "64.03%", "2017-06-30": "64.27%", "2017-03-31": "64.30%", "2016-12-31": "64.00%", "2016-09-30": "63.95%", "2016-06-30": "63.84%", "2016-03-31": "63.43%", "2015-12-31": "63.36%", "2015-09-30": "63.06%", "2015-06-30": "62.21%", "2015-03-31": "62.68%", "2014-12-31": "61.90%", "2014-09-30": "61.45%", "2014-06-30": "61.51%", "2014-03-31": "60.25%", "2013-12-31": "60.43%", "2013-09-30": "60.26%", "2013-06-30": "59.91%", "2013-03-31": "59.07%", "2012-12-31": "57.49%", "2012-09-30": "55.56%", "2012-06-30": "54.26%", "2012-03-31": "53.07%", "2011-12-31": "52.33%", "2011-09-30": "52.44%", "2011-06-30": "51.49%", "2011-03-31": "50.96%", "2010-12-31": "47.95%", "2010-06-30": "39.29%"}, "operating margin": {"2020-12-31": "23.06%", "2020-09-30": "23.75%", "2020-06-30": "23.77%", "2020-03-31": "24.10%", "2019-12-31": "24.61%", "2019-09-30": "24.73%", "2019-06-30": "25.00%", "2019-03-31": "25.32%", "2018-12-31": "25.92%", "2018-09-30": "26.37%", "2018-06-30": "26.60%", "2018-03-31": "26.36%", "2017-12-31": "25.93%", "2017-09-30": "25.48%", "2017-06-30": "24.94%", "2017-03-31": "24.59%", "2016-12-31": "24.00%", "2016-09-30": "22.89%", "2016-06-30": "22.19%", "2016-03-31": "20.86%", "2015-12-31": "19.22%", "2015-09-30": "18.15%", "2015-06-30": "16.72%", "2015-03-31": "16.55%", "2014-12-31": "15.75%", "2014-09-30": "15.65%", "2014-06-30": "15.87%", "2014-03-31": "15.16%", "2013-12-31": "14.89%", "2013-09-30": "13.54%", "2013-06-30": "12.16%", "2013-03-31": "10.23%", "2012-12-31": "8.21%", "2012-09-30": "6.06%", "2012-06-30": "4.26%", "2012-03-31": "0.56%", "2011-12-31": "-4.07%", "2011-09-30": "-7.93%", "2011-06-30": "-13.43%", "2011-03-31": "-13.46%", "2010-12-31": "-10.96%", "2010-06-30": "-3.57%"}, "ebitda margin": {"2020-09-30": "51.51%", "2020-06-30": "51.78%", "2020-03-31": "51.81%", "2019-12-31": "51.83%", "2019-09-30": "51.77%", "2019-06-30": "51.61%", "2019-03-31": "51.90%", "2018-12-31": "52.57%", "2018-09-30": "52.92%", "2018-06-30": "53.01%", "2018-03-31": "53.12%", "2017-12-31": "53.11%", "2017-09-30": "53.10%", "2017-06-30": "52.81%", "2017-03-31": "52.25%", "2016-12-31": "51.25%", "2016-09-30": "50.00%", "2016-06-30": "49.59%", "2016-03-31": "48.86%", "2015-12-31": "48.05%", "2015-09-30": "48.09%", "2015-06-30": "47.16%", "2015-03-31": "47.18%", "2014-12-31": "46.15%", "2014-09-30": "45.04%", "2014-06-30": "44.84%", "2014-03-31": "43.44%", "2013-12-31": "42.98%", "2013-09-30": "40.17%", "2013-06-30": "40.09%", "2013-03-31": "40.00%", "2012-12-31": "39.13%", "2012-09-30": "38.89%", "2012-06-30": "38.30%", "2012-03-31": "36.31%", "2011-12-31": "36.05%", "2011-09-30": "39.02%", "2011-06-30": "35.07%", "2011-03-31": "35.58%", "2010-12-31": "34.25%", "2010-06-30": "21.43%"}, "pre tax profit margin": {"2020-12-31": "15.49%", "2020-09-30": "16.22%", "2020-06-30": "16.30%", "2020-03-31": "16.70%", "2019-12-31": "17.45%", "2019-09-30": "17.84%", "2019-06-30": "18.39%", "2019-03-31": "18.81%", "2018-12-31": "19.67%", "2018-09-30": "20.34%", "2018-06-30": "20.78%", "2018-03-31": "20.93%", "2017-12-31": "20.75%", "2017-09-30": "20.56%", "2017-06-30": "20.45%", "2017-03-31": "20.57%", "2016-12-31": "20.50%", "2016-09-30": "20.00%", "2016-06-30": "19.73%", "2016-03-31": "18.57%", "2015-12-31": "17.12%", "2015-09-30": "16.56%", "2015-06-30": "15.38%", "2015-03-31": "15.49%", "2014-12-31": "14.65%", "2014-09-30": "14.12%", "2014-06-30": "14.68%", "2014-03-31": "13.93%", "2013-12-31": "13.62%", "2013-09-30": "12.23%", "2013-06-30": "9.91%", "2013-03-31": "7.91%", "2012-12-31": "5.80%", "2012-09-30": "3.54%", "2012-06-30": "2.13%", "2012-03-31": "-1.68%", "2011-12-31": "-6.98%", "2011-09-30": "-11.59%", "2011-06-30": "-17.91%", "2011-03-31": "-18.27%", "2010-12-31": "-16.44%", "2010-06-30": "-7.14%"}, "net profit margin": {"2020-12-31": "13.18%", "2020-09-30": "13.21%", "2020-06-30": "12.73%", "2020-03-31": "12.74%", "2019-12-31": "13.26%", "2019-09-30": "13.60%", "2019-06-30": "14.11%", "2019-03-31": "14.10%", "2018-12-31": "14.34%", "2018-09-30": "13.75%", "2018-06-30": "13.59%", "2018-03-31": "13.48%", "2017-12-31": "13.07%", "2017-09-30": "13.49%", "2017-06-30": "13.26%", "2017-03-31": "13.00%", "2016-12-31": "12.50%", "2016-09-30": "11.58%", "2016-06-30": "10.68%", "2016-03-31": "9.43%", "2015-12-31": "8.11%", "2015-09-30": "7.32%", "2015-06-30": "6.35%", "2015-03-31": "5.99%", "2014-12-31": "5.49%", "2014-09-30": "4.96%", "2014-06-30": "5.16%", "2014-03-31": "4.92%", "2013-12-31": "4.68%", "2013-09-30": "4.37%", "2013-06-30": "3.60%", "2013-03-31": "2.79%", "2012-12-31": "2.42%", "2012-09-30": "1.52%", "2012-06-30": "1.06%", "2012-03-31": "-0.56%", "2011-12-31": "-2.91%", "2011-09-30": "-4.88%", "2011-06-30": "-7.46%", "2011-03-31": "-6.73%", "2010-12-31": "-6.85%", "2010-06-30": "-7.14%"}, "pe ratio": {"current": "23.63", "2021-02-05": "83.65", "2020-12-31": "83.52", "2020-09-30": "58.56", "2020-06-30": "59.93", "2020-03-31": "56.51", "2019-12-31": "52.50", "2019-09-30": "55.63", "2019-06-30": "50.83", "2019-03-31": "45.87", "2018-12-31": "36.17", "2018-09-30": "47.66", "2018-06-30": "48.45", "2018-03-31": "45.88", "2017-12-31": "54.71", "2017-09-30": "53.29", "2017-06-30": "51.72", "2017-03-31": "47.03", "2016-12-31": "44.02", "2016-09-30": "44.08", "2016-06-30": "56.41", "2016-03-31": "49.94", "2015-12-31": "46.51", "2015-09-30": "46.90", "2015-06-30": "47.41", "2015-03-31": "53.04", "2014-12-31": "47.30", "2014-09-30": "43.33", "2014-06-30": "43.13", "2014-03-31": "44.45", "2013-12-31": "49.28", "2013-09-30": "55.86", "2013-06-30": "62.89", "2013-03-31": "86.84", "2012-12-31": "85.18", "2012-09-30": "140.85", "2012-06-30": "208.58", "2012-03-31": "0.00", "2011-12-31": "0.00", "2011-09-30": "0.00", "2011-06-30": "0.00"}, "price sales": {"2021-02-05": "8.38", "2020-12-31": "8.37", "2020-09-30": "7.70", "2020-06-30": "7.63", "2020-03-31": "7.17", "2019-12-31": "6.92", "2019-09-30": "7.43", "2019-06-30": "6.96", "2019-03-31": "6.36", "2018-12-31": "5.14", "2018-09-30": "6.57", "2018-06-30": "6.62", "2018-03-31": "6.14", "2017-12-31": "7.11", "2017-09-30": "7.09", "2017-06-30": "6.81", "2017-03-31": "6.11", "2016-12-31": "5.49", "2016-09-30": "5.01", "2016-06-30": "5.83", "2016-03-31": "4.48", "2015-12-31": "3.50", "2015-09-30": "3.19", "2015-06-30": "2.80", "2015-03-31": "3.01", "2014-12-31": "2.48", "2014-09-30": "2.15", "2014-06-30": "2.22", "2014-03-31": "2.12", "2013-12-31": "2.25", "2013-09-30": "2.40", "2013-06-30": "2.28", "2013-03-31": "2.56", "2012-12-31": "2.07", "2012-09-30": "2.05", "2012-06-30": "2.01", "2012-03-31": "1.88", "2011-12-31": "1.44", "2011-09-30": "1.20", "2011-06-30": "0.41"}, "price book": {"current": "74.04", "2021-02-05": "52.21", "2020-09-30": "48.98", "2020-06-30": "38.36", "2020-03-31": "25.92", "2019-12-31": "18.97", "2019-09-30": "17.92", "2019-06-30": "14.46", "2019-03-31": "12.00", "2018-12-31": "8.81", "2018-09-30": "10.20", "2018-06-30": "8.94", "2018-03-31": "7.64", "2017-12-31": "8.23", "2017-09-30": "6.08", "2017-06-30": "5.40", "2017-03-31": "4.51", "2016-12-31": "3.85", "2016-09-30": "3.48", "2016-06-30": "4.12", "2016-03-31": "2.92", "2015-12-31": "2.30", "2015-09-30": "1.78", "2015-06-30": "1.53", "2015-03-31": "1.33", "2014-12-31": "1.03", "2014-09-30": "0.85", "2014-06-30": "0.83", "2014-03-31": "0.76", "2013-12-31": "0.77", "2013-09-30": "0.79", "2013-06-30": "0.73", "2013-03-31": "0.79", "2012-12-31": "0.61", "2012-09-30": "0.69", "2012-06-30": "0.65", "2012-03-31": "0.58", "2011-12-31": "0.43", "2011-09-30": "0.32", "2011-06-30": "0.36", "2011-03-31": "0.34", "2010-12-31": "0.28", "2010-09-30": "0.92"}, "price fcf": {"2021-02-05": "", "2020-09-30": "$-1.07", "2020-06-30": "$-1.04", "2020-03-31": "$-2.72", "2019-12-31": "$-2.56", "2019-09-30": "$-2.17", "2019-06-30": "$-1.68", "2019-03-31": "$-0.27", "2018-12-31": "$0.39", "2018-09-30": "$0.72", "2018-06-30": "$1.05", "2018-03-31": "$1.18", "2017-12-31": "$1.40", "2017-09-30": "$0.54", "2017-06-30": "$-1.74", "2017-03-31": "$-2.30", "2016-12-31": "$-3.93", "2016-09-30": "$-3.88", "2016-06-30": "$-1.52", "2016-03-31": "$-1.23", "2015-12-31": "$0.59", "2015-09-30": "$1.33", "2015-06-30": "$0.11", "2015-03-31": "$0.20", "2014-12-31": "$-0.31", "2014-09-30": "$-2.76", "2014-06-30": "$-3.25", "2014-03-31": "$-3.88", "2013-12-31": "$-4.41", "2013-09-30": "$-2.88", "2013-06-30": "$-1.86", "2013-03-31": "$-1.46", "2012-12-31": "$-1.01", "2012-09-30": "$-0.74", "2012-06-30": "$-1.77", "2012-03-31": "$-2.75", "2011-12-31": "$-2.87", "2011-09-30": "$63.46", "2011-06-30": "$-3.52"}, "net worth": {"value": "$5.37B"}, "current ratio": {"2020-12-31": "0.19", "2020-09-30": "0.22", "2020-06-30": "0.14", "2020-03-31": "0.17", "2019-12-31": "0.13", "2019-09-30": "0.16", "2019-06-30": "0.18", "2019-03-31": "0.17", "2018-12-31": "0.15", "2018-09-30": "0.21", "2018-06-30": "0.23", "2018-03-31": "0.25", "2017-12-31": "0.27", "2017-09-30": "0.29", "2017-06-30": "0.46", "2017-03-31": "0.25", "2016-12-31": "0.26", "2016-09-30": "0.20", "2016-06-30": "0.11", "2016-03-31": "0.20", "2015-12-31": "0.18", "2015-09-30": "0.30", "2015-06-30": "0.35", "2015-03-31": "0.34", "2014-12-31": "0.32", "2014-09-30": "0.36", "2014-06-30": "0.29", "2014-03-31": "0.33", "2013-12-31": "0.23", "2013-09-30": "0.16", "2013-06-30": "0.21", "2013-03-31": "0.38", "2012-12-31": "0.36", "2012-09-30": "0.54", "2012-06-30": "0.61", "2012-03-31": "0.51", "2011-12-31": "0.58", "2011-09-30": "0.65", "2011-06-30": "1.30", "2011-03-31": "2.52", "2010-12-31": "4.04", "2010-09-30": "6.40", "2010-06-30": "0.00", "2010-03-31": "0.00", "2009-12-31": "0.00", "2009-09-30": "0.00", "2008-12-31": "0.00"}, "quick ratio": {"2020-12-31": "0.00", "2020-09-30": "0.00", "2020-06-30": "0.00", "2020-03-31": "0.00", "2019-12-31": "0.00", "2019-09-30": "0.00", "2019-06-30": "0.00", "2019-03-31": "0.00", "2018-12-31": "0.00", "2018-09-30": "0.00", "2018-06-30": "0.00", "2018-03-31": "0.00", "2017-12-31": "0.00", "2017-09-30": "0.00", "2017-06-30": "0.00", "2017-03-31": "0.00", "2016-12-31": "0.00", "2016-09-30": "0.00", "2016-06-30": "0.00", "2016-03-31": "0.00", "2015-12-31": "0.00", "2015-09-30": "0.00", "2015-06-30": "0.00", "2015-03-31": "0.00", "2014-12-31": "0.00", "2014-09-30": "0.00", "2014-06-30": "0.00", "2014-03-31": "0.00", "2013-12-31": "0.00", "2013-09-30": "0.00", "2013-06-30": "0.00", "2013-03-31": "0.00", "2012-12-31": "0.00", "2012-09-30": "0.00", "2012-06-30": "0.00", "2012-03-31": "0.00", "2011-12-31": "0.00", "2011-09-30": "0.00", "2011-06-30": "0.00", "2011-03-31": "0.00", "2010-12-31": "0.00", "2010-09-30": "0.00", "2010-06-30": "0.00", "2010-03-31": "0.00", "2009-12-31": "0.00", "2009-09-30": "0.00", "2008-12-31": "0.00"}, "debt equity ratio": {"current": "23.67", "2020-12-31": "29.03", "2020-09-30": "20.24", "2020-06-30": "15.48", "2020-03-31": "12.04", "2019-12-31": "8.82", "2019-09-30": "7.41", "2019-06-30": "6.25", "2019-03-31": "5.31", "2018-12-31": "4.54", "2018-09-30": "4.00", "2018-06-30": "3.60", "2018-03-31": "3.07", "2017-12-31": "2.88", "2017-09-30": "1.72", "2017-06-30": "1.60", "2017-03-31": "1.47", "2016-12-31": "1.43", "2016-09-30": "1.23", "2016-06-30": "1.11", "2016-03-31": "0.97", "2015-12-31": "0.86", "2015-09-30": "0.77", "2015-06-30": "0.71", "2015-03-31": "0.67", "2014-12-31": "0.63", "2014-09-30": "0.60", "2014-06-30": "0.57", "2014-03-31": "0.52", "2013-12-31": "0.48", "2013-09-30": "0.39", "2013-06-30": "0.30", "2013-03-31": "0.27", "2012-12-31": "0.19", "2012-09-30": "0.37", "2012-06-30": "0.34", "2012-03-31": "0.32", "2011-12-31": "0.30", "2011-09-30": "0.29", "2011-06-30": "0.28", "2011-03-31": "0.30", "2010-12-31": "0.27", "2010-09-30": "2.52", "2010-06-30": "0.00", "2010-03-31": "0.00", "2009-12-31": "0.00", "2009-09-30": "0.00", "2008-12-31": "0.00"}, "return on equity": {"2020-12-31": "67.94%", "2020-09-30": "51.55%", "2020-06-30": "39.84%", "2020-03-31": "33.00%", "2019-12-31": "29.26%", "2019-09-30": "26.55%", "2019-06-30": "24.67%", "2019-03-31": "22.45%", "2018-12-31": "20.98%", "2018-09-30": "18.59%", "2018-06-30": "15.92%", "2018-03-31": "13.79%", "2017-12-31": "11.83%", "2017-09-30": "10.92%", "2017-06-30": "9.98%", "2017-03-31": "9.14%", "2016-12-31": "8.20%", "2016-09-30": "7.13%", "2016-06-30": "6.27%", "2016-03-31": "5.24%", "2015-12-31": "4.23%", "2015-09-30": "3.56%", "2015-06-30": "2.90%", "2015-03-31": "2.57%", "2014-12-31": "2.24%", "2014-09-30": "1.92%", "2014-06-30": "1.90%", "2014-03-31": "1.74%", "2013-12-31": "1.58%", "2013-09-30": "1.42%", "2013-06-30": "1.18%", "2013-03-31": "0.91%", "2012-12-31": "0.79%", "2012-09-30": "0.49%", "2012-06-30": "0.32%", "2012-03-31": "-0.16%", "2011-12-31": "-0.79%", "2011-09-30": "-1.25%", "2011-06-30": "-1.85%", "2011-03-31": "-1.83%", "2010-12-31": "-2.24%", "2010-06-30": "inf%"}, "return on assets": {"2020-12-31": "3.69%", "2020-09-30": "3.68%", "2020-06-30": "3.55%", "2020-03-31": "3.57%", "2019-12-31": "3.76%", "2019-09-30": "3.93%", "2019-06-30": "4.15%", "2019-03-31": "4.23%", "2018-12-31": "4.41%", "2018-09-30": "4.26%", "2018-06-30": "4.29%", "2018-03-31": "4.29%", "2017-12-31": "4.15%", "2017-09-30": "4.28%", "2017-06-30": "4.10%", "2017-03-31": "3.96%", "2016-12-31": "3.76%", "2016-09-30": "3.49%", "2016-06-30": "3.25%", "2016-03-31": "2.87%", "2015-12-31": "2.42%", "2015-09-30": "2.10%", "2015-06-30": "1.76%", "2015-03-31": "1.59%", "2014-12-31": "1.42%", "2014-09-30": "1.25%", "2014-06-30": "1.28%", "2014-03-31": "1.22%", "2013-12-31": "1.16%", "2013-09-30": "1.11%", "2013-06-30": "0.92%", "2013-03-31": "0.71%", "2012-12-31": "0.61%", "2012-09-30": "0.37%", "2012-06-30": "0.25%", "2012-03-31": "-0.12%", "2011-12-31": "-0.61%", "2011-09-30": "-0.97%", "2011-06-30": "-1.21%", "2011-03-31": "-1.12%", "2010-12-31": "-1.20%", "2010-06-30": "inf%"}, "return on investments": {"2020-12-31": "7.93%", "2020-09-30": "8.16%", "2020-06-30": "8.24%", "2020-03-31": "8.44%", "2019-12-31": "8.79%", "2019-09-30": "9.04%", "2019-06-30": "9.33%", "2019-03-31": "9.60%", "2018-12-31": "9.88%", "2018-09-30": "10.00%", "2018-06-30": "9.96%", "2018-03-31": "9.65%", "2017-12-31": "9.35%", "2017-09-30": "9.02%", "2017-06-30": "8.64%", "2017-03-31": "8.48%", "2016-12-31": "8.21%", "2016-09-30": "7.90%", "2016-06-30": "7.72%", "2016-03-31": "7.15%", "2015-12-31": "6.42%", "2015-09-30": "5.78%", "2015-06-30": "5.09%", "2015-03-31": "4.84%", "2014-12-31": "4.48%", "2014-09-30": "4.33%", "2014-06-30": "4.35%", "2014-03-31": "4.16%", "2013-12-31": "4.08%", "2013-09-30": "3.78%", "2013-06-30": "3.40%", "2013-03-31": "2.83%", "2012-12-31": "2.24%", "2012-09-30": "1.60%", "2012-06-30": "1.07%", "2012-03-31": "0.13%", "2011-12-31": "-0.94%", "2011-09-30": "-1.72%", "2011-06-30": "-2.72%", "2011-03-31": "-2.94%", "2010-12-31": "-2.81%", "2010-06-30": "inf%"}, "return on tangible equity": {"2020-09-30": "72.48%", "2020-06-30": "52.17%", "2020-03-31": "41.28%", "2019-12-31": "35.51%", "2019-09-30": "31.62%", "2019-06-30": "28.96%", "2019-03-31": "26.07%", "2018-12-31": "24.09%", "2018-09-30": "21.16%", "2018-06-30": "17.83%", "2018-03-31": "15.26%", "2017-12-31": "13.00%", "2017-09-30": "11.93%", "2017-06-30": "10.87%", "2017-03-31": "9.92%", "2016-12-31": "8.88%", "2016-09-30": "7.70%", "2016-06-30": "6.76%", "2016-03-31": "5.65%", "2015-12-31": "4.57%", "2015-09-30": "3.84%", "2015-06-30": "3.13%", "2015-03-31": "2.77%", "2014-12-31": "2.42%", "2014-09-30": "2.07%", "2014-06-30": "2.05%", "2014-03-31": "1.88%", "2013-12-31": "1.71%", "2013-09-30": "1.55%", "2013-06-30": "1.29%", "2013-03-31": "1.01%", "2012-12-31": "0.88%", "2012-09-30": "0.55%", "2012-06-30": "0.37%", "2012-03-31": "-0.18%", "2011-12-31": "-0.92%", "2011-09-30": "-1.48%", "2011-06-30": "-2.31%", "2011-03-31": "-2.34%", "2010-12-31": "-3.05%", "2010-06-30": "inf%"}, "dividend yield history": {"last payout": "$4.92", "last yield": "3.92%"}}