{"ticker": "GLW", "price": {"title": "Corning Historical Annual Stock Price Data", "value": 37.42, "historical": {"2021": {"Average Stock Price": "37.0158", "Year Open": "34.9200", "Year High": "38.5300", "Year Low": "34.9200", "Year Close": "37.4200", "Annual % Change": "3.94%"}, "2020": {"Average Stock Price": "28.8381", "Year Open": "29.9900", "Year High": "37.9500", "Year Low": "17.7500", "Year Close": "36.0000", "Annual % Change": "23.67%"}, "2019": {"Average Stock Price": "30.9345", "Year Open": "29.8800", "Year High": "35.0800", "Year Low": "27.0700", "Year Close": "29.1100", "Annual % Change": "-3.64%"}, "2018": {"Average Stock Price": "30.7008", "Year Open": "32.6200", "Year High": "36.1300", "Year Low": "26.3500", "Year Close": "30.2100", "Annual % Change": "-5.56%"}, "2017": {"Average Stock Price": "29.1193", "Year Open": "24.3000", "Year High": "32.6400", "Year Low": "24.1900", "Year Close": "31.9900", "Annual % Change": "31.81%"}, "2016": {"Average Stock Price": "21.1824", "Year Open": "17.9100", "Year High": "24.9400", "Year Low": "16.6900", "Year Close": "24.2700", "Annual % Change": "32.77%"}, "2015": {"Average Stock Price": "20.2794", "Year Open": "23.0100", "Year High": "25.0000", "Year Low": "15.9700", "Year Close": "18.2800", "Annual % Change": "-20.28%"}, "2014": {"Average Stock Price": "20.3195", "Year Open": "17.7700", "Year High": "23.3200", "Year Low": "17.0500", "Year Close": "22.9300", "Annual % Change": "28.68%"}, "2013": {"Average Stock Price": "14.6254", "Year Open": "12.8600", "Year High": "17.8200", "Year Low": "11.7900", "Year Close": "17.8200", "Annual % Change": "41.20%"}, "2012": {"Average Stock Price": "12.8656", "Year Open": "13.0400", "Year High": "14.6200", "Year Low": "10.8800", "Year Close": "12.6200", "Annual % Change": "-2.77%"}, "2011": {"Average Stock Price": "17.3954", "Year Open": "19.1900", "Year High": "23.3700", "Year Low": "11.8800", "Year Close": "12.9800", "Annual % Change": "-32.82%"}, "2010": {"Average Stock Price": "18.2602", "Year Open": "19.5600", "Year High": "20.9200", "Year Low": "15.6800", "Year Close": "19.3200", "Annual % Change": "0.05%"}, "2009": {"Average Stock Price": "14.6772", "Year Open": "10.0500", "Year High": "19.3400", "Year Low": "9.1300", "Year Close": "19.3100", "Annual % Change": "102.62%"}, "2008": {"Average Stock Price": "19.7040", "Year Open": "23.3700", "Year High": "27.7700", "Year Low": "7.8200", "Year Close": "9.5300", "Annual % Change": "-60.28%"}, "2007": {"Average Stock Price": "23.6004", "Year Open": "18.8500", "Year High": "27.2200", "Year Low": "18.4600", "Year Close": "23.9900", "Annual % Change": "28.22%"}, "2006": {"Average Stock Price": "23.2251", "Year Open": "20.0500", "Year High": "29.0900", "Year Low": "17.8200", "Year Close": "18.7100", "Annual % Change": "-4.83%"}, "2005": {"Average Stock Price": "16.2017", "Year Open": "11.7100", "Year High": "21.7400", "Year Low": "10.7400", "Year Close": "19.6600", "Annual % Change": "67.03%"}, "2004": {"Average Stock Price": "11.6802", "Year Open": "10.2700", "Year High": "13.7800", "Year Low": "9.5500", "Year Close": "11.7700", "Annual % Change": "12.85%"}, "2003": {"Average Stock Price": "7.6903", "Year Open": "3.7500", "Year High": "12.0100", "Year Low": "3.7500", "Year Close": "10.4300", "Annual % Change": "215.11%"}, "2002": {"Average Stock Price": "4.6782", "Year Open": "9.1800", "Year High": "10.7000", "Year Low": "1.1000", "Year Close": "3.3100", "Annual % Change": "-62.89%"}, "2001": {"Average Stock Price": "20.9082", "Year Open": "47.3800", "Year High": "70.1300", "Year Low": "7.0100", "Year Close": "8.9200", "Annual % Change": "-83.11%"}, "2000": {"Average Stock Price": "72.5573", "Year Open": "40.6033", "Year High": "113.3333", "Year Low": "34.6000", "Year Close": "52.8100", "Annual % Change": "22.91%"}, "1999": {"Average Stock Price": "22.6393", "Year Open": "15.1667", "Year High": "42.9667", "Year Low": "15.1667", "Year Close": "42.9667", "Annual % Change": "186.44%"}, "1998": {"Average Stock Price": "12.1213", "Year Open": "12.7933", "Year High": "15.0000", "Year Low": "7.8333", "Year Close": "15.0000", "Annual % Change": "21.20%"}, "1997": {"Average Stock Price": "15.6888", "Year Open": "14.8333", "Year High": "21.6667", "Year Low": "11.3333", "Year Close": "12.3767", "Annual % Change": "-19.72%"}, "1996": {"Average Stock Price": "12.3037", "Year Open": "10.3733", "Year High": "15.4167", "Year Low": "9.6667", "Year Close": "15.4167", "Annual % Change": "44.53%"}, "1995": {"Average Stock Price": "10.4975", "Year Open": "9.8767", "Year High": "12.4167", "Year Low": "8.5000", "Year Close": "10.6667", "Annual % Change": "6.21%"}, "1994": {"Average Stock Price": "10.5193", "Year Open": "9.4167", "Year High": "11.5433", "Year Low": "9.4167", "Year Close": "10.0433", "Annual % Change": "7.61%"}, "1993": {"Average Stock Price": "10.7553", "Year Open": "12.6267", "Year High": "12.9167", "Year Low": "8.1667", "Year Close": "9.3333", "Annual % Change": "-25.33%"}, "1992": {"Average Stock Price": "12.0420", "Year Open": "13.1450", "Year High": "13.2500", "Year Low": "9.8333", "Year Close": "12.5000", "Annual % Change": "-2.28%"}, "1991": {"Average Stock Price": "10.7037", "Year Open": "7.3950", "Year High": "14.2083", "Year Low": "7.0633", "Year Close": "12.7917", "Annual % Change": "71.01%"}, "1990": {"Average Stock Price": "7.1977", "Year Open": "7.3750", "Year High": "8.5633", "Year Low": "5.9583", "Year Close": "7.4800", "Annual % Change": "4.37%"}, "1989": {"Average Stock Price": "6.3119", "Year Open": "5.7183", "Year High": "7.2300", "Year Low": "5.3750", "Year Close": "7.1667", "Annual % Change": "23.95%"}, "1988": {"Average Stock Price": "4.7871", "Year Open": "4.0625", "Year High": "5.7817", "Year Low": "3.8958", "Year Close": "5.7817", "Annual % Change": "48.41%"}, "1987": {"Average Stock Price": "5.0407", "Year Open": "4.6358", "Year High": "6.3125", "Year Low": "3.5000", "Year Close": "3.8958", "Annual % Change": "-14.81%"}, "1986": {"Average Stock Price": "5.2849", "Year Open": "5.0933", "Year High": "6.7608", "Year Low": "3.9892", "Year Close": "4.5733", "Annual % Change": "-11.13%"}, "1985": {"Average Stock Price": "3.6891", "Year Open": "2.8596", "Year High": "5.2392", "Year Low": "2.8492", "Year Close": "5.1458", "Annual % Change": "78.98%"}, "1984": {"Average Stock Price": "2.7346", "Year Open": "2.8438", "Year High": "3.0883", "Year Low": "2.5000", "Year Close": "2.8750", "Annual % Change": "-1.08%"}, "1983": {"Average Stock Price": "3.1267", "Year Open": "2.7292", "Year High": "3.7242", "Year Low": "2.7292", "Year Close": "2.9063", "Annual % Change": "5.89%"}, "1982": {"Average Stock Price": "2.0888", "Year Open": "2.1667", "Year High": "2.8021", "Year Low": "1.6667", "Year Close": "2.7446", "Annual % Change": "26.96%"}}}, "market cap": {"value": "$28.59B"}, "income statement": {"Revenue": {"2020-12-31": "11303.00000", "2019-12-31": "11503.00000", "2018-12-31": "11290.00000", "2017-12-31": "10116.00000", "2016-12-31": "9390.00000", "2015-12-31": "9111.00000", "2014-12-31": "9715.00000", "2013-12-31": "7819.00000", "2012-12-31": "8012.00000", "2011-12-31": "7890.00000", "2010-12-31": "6632.00000", "2009-12-31": "5395.00000", "2008-12-31": "5948.00000", "2007-12-31": "5860.00000", "2006-12-31": "5174.00000", "2005-12-31": "4579.00000"}, "Cost Of Goods Sold": {"2020-12-31": "7772.00000", "2019-12-31": "7468.00000", "2018-12-31": "6829.00000", "2017-12-31": "6096.00000", "2016-12-31": "5627.00000", "2015-12-31": "5458.00000", "2014-12-31": "5663.00000", "2013-12-31": "4495.00000", "2012-12-31": "4693.00000", "2011-12-31": "4314.00000", "2010-12-31": "3583.00000", "2009-12-31": "3302.00000", "2008-12-31": "3210.00000", "2007-12-31": "3111.00000", "2006-12-31": "2891.00000", "2005-12-31": "2595.00000"}, "Gross Profit": {"2020-12-31": "3531.00000", "2019-12-31": "4035.00000", "2018-12-31": "4461.00000", "2017-12-31": "4020.00000", "2016-12-31": "3763.00000", "2015-12-31": "3653.00000", "2014-12-31": "4052.00000", "2013-12-31": "3324.00000", "2012-12-31": "3319.00000", "2011-12-31": "3576.00000", "2010-12-31": "3049.00000", "2009-12-31": "2093.00000", "2008-12-31": "2738.00000", "2007-12-31": "2749.00000", "2006-12-31": "2283.00000", "2005-12-31": "1984.00000"}, "Research And Development Expenses": {"2020-12-31": "1154.00000", "2019-12-31": "1031.00000", "2018-12-31": "993.00000", "2017-12-31": "864.00000", "2016-12-31": "736.00000", "2015-12-31": "769.00000", "2014-12-31": "815.00000", "2013-12-31": "710.00000", "2012-12-31": "769.00000", "2011-12-31": "668.00000", "2010-12-31": "603.00000", "2009-12-31": "563.00000", "2008-12-31": "627.00000", "2007-12-31": "565.00000", "2006-12-31": "517.00000", "2005-12-31": "443.00000"}, "SG&A Expenses": {"2020-12-31": "1747.00000", "2019-12-31": "1585.00000", "2018-12-31": "1799.00000", "2017-12-31": "1473.00000", "2016-12-31": "1462.00000", "2015-12-31": "1508.00000", "2014-12-31": "1202.00000", "2013-12-31": "1126.00000", "2012-12-31": "1205.00000", "2011-12-31": "1028.00000", "2010-12-31": "1015.00000", "2009-12-31": "881.00000", "2008-12-31": "901.00000", "2007-12-31": "912.00000", "2006-12-31": "857.00000", "2005-12-31": "756.00000"}, "Other Operating Income Or Expenses": {"2020-12-31": "", "2019-12-31": "", "2018-12-31": "", "2017-12-31": "", "2016-12-31": "", "2015-12-31": "", "2014-12-31": "", "2013-12-31": "-19.00000", "2012-12-31": "-14.00000", "2011-12-31": "-24.00000", "2010-12-31": "49.00000", "2009-12-31": "-20.00000", "2008-12-31": "340.00000", "2007-12-31": "-185.00000", "2006-12-31": "2.00000", "2005-12-31": "-218.00000"}, "Operating Expenses": {"2020-12-31": "10794.00000", "2019-12-31": "10197.00000", "2018-12-31": "9715.00000", "2017-12-31": "8508.00000", "2016-12-31": "7966.00000", "2015-12-31": "7789.00000", "2014-12-31": "7784.00000", "2013-12-31": "6448.00000", "2012-12-31": "6833.00000", "2011-12-31": "6178.00000", "2010-12-31": "4831.00000", "2009-12-31": "5004.00000", "2008-12-31": "4428.00000", "2007-12-31": "4779.00000", "2006-12-31": "4328.00000", "2005-12-31": "3987.00000"}, "Operating Income": {"2020-12-31": "509.00000", "2019-12-31": "1306.00000", "2018-12-31": "1575.00000", "2017-12-31": "1608.00000", "2016-12-31": "1424.00000", "2015-12-31": "1322.00000", "2014-12-31": "1931.00000", "2013-12-31": "1371.00000", "2012-12-31": "1179.00000", "2011-12-31": "1712.00000", "2010-12-31": "1801.00000", "2009-12-31": "391.00000", "2008-12-31": "1520.00000", "2007-12-31": "1081.00000", "2006-12-31": "846.00000", "2005-12-31": "592.00000"}, "Total Non-Operating Income/Expense": {"2020-12-31": "114.00000", "2019-12-31": "-90.00000", "2018-12-31": "-72.00000", "2017-12-31": "49.00000", "2016-12-31": "2268.00000", "2015-12-31": "164.00000", "2014-12-31": "1637.00000", "2013-12-31": "1102.00000", "2012-12-31": "796.00000", "2011-12-31": "1519.00000", "2010-12-31": "2044.00000", "2009-12-31": "1543.00000", "2008-12-31": "1362.00000", "2007-12-31": "1190.00000", "2006-12-31": "115.00000", "2005-12-31": "-33.00000"}, "Pre-Tax Income": {"2020-12-31": "623.00000", "2019-12-31": "1216.00000", "2018-12-31": "1503.00000", "2017-12-31": "1657.00000", "2016-12-31": "3692.00000", "2015-12-31": "1486.00000", "2014-12-31": "3568.00000", "2013-12-31": "2473.00000", "2012-12-31": "1975.00000", "2011-12-31": "3231.00000", "2010-12-31": "3845.00000", "2009-12-31": "1934.00000", "2008-12-31": "2882.00000", "2007-12-31": "2271.00000", "2006-12-31": "961.00000", "2005-12-31": "559.00000"}, "Income Taxes": {"2020-12-31": "111.00000", "2019-12-31": "256.00000", "2018-12-31": "437.00000", "2017-12-31": "2154.00000", "2016-12-31": "-3.00000", "2015-12-31": "147.00000", "2014-12-31": "1096.00000", "2013-12-31": "512.00000", "2012-12-31": "339.00000", "2011-12-31": "414.00000", "2010-12-31": "287.00000", "2009-12-31": "-74.00000", "2008-12-31": "-2375.00000", "2007-12-31": "121.00000", "2006-12-31": "55.00000", "2005-12-31": "578.00000"}, "Income After Taxes": {"2020-12-31": "512.00000", "2019-12-31": "960.00000", "2018-12-31": "1066.00000", "2017-12-31": "-497.00000", "2016-12-31": "3695.00000", "2015-12-31": "1339.00000", "2014-12-31": "2472.00000", "2013-12-31": "1961.00000", "2012-12-31": "1636.00000", "2011-12-31": "2817.00000", "2010-12-31": "3558.00000", "2009-12-31": "2008.00000", "2008-12-31": "5257.00000", "2007-12-31": "2150.00000", "2006-12-31": "906.00000", "2005-12-31": "-19.00000"}, "Other Income": {"2020-12-31": "", "2019-12-31": "", "2018-12-31": "", "2017-12-31": "", "2016-12-31": "", "2015-12-31": "", "2014-12-31": "", "2013-12-31": "", "2012-12-31": "", "2011-12-31": "", "2010-12-31": "", "2009-12-31": "", "2008-12-31": "", "2007-12-31": "", "2006-12-31": "", "2005-12-31": ""}, "Income From Continuous Operations": {"2020-12-31": "512.00000", "2019-12-31": "960.00000", "2018-12-31": "1066.00000", "2017-12-31": "-497.00000", "2016-12-31": "3695.00000", "2015-12-31": "1339.00000", "2014-12-31": "2472.00000", "2013-12-31": "1961.00000", "2012-12-31": "1636.00000", "2011-12-31": "2817.00000", "2010-12-31": "3558.00000", "2009-12-31": "2008.00000", "2008-12-31": "5257.00000", "2007-12-31": "2150.00000", "2006-12-31": "1855.00000", "2005-12-31": "585.00000"}, "Income From Discontinued Operations": {"2020-12-31": "", "2019-12-31": "", "2018-12-31": "", "2017-12-31": "", "2016-12-31": "", "2015-12-31": "", "2014-12-31": "", "2013-12-31": "", "2012-12-31": "", "2011-12-31": "", "2010-12-31": "", "2009-12-31": "", "2008-12-31": "", "2007-12-31": "", "2006-12-31": "", "2005-12-31": ""}, "Net Income": {"2020-12-31": "414.00000", "2019-12-31": "862.00000", "2018-12-31": "968.00000", "2017-12-31": "-595.00000", "2016-12-31": "3597.00000", "2015-12-31": "1241.00000", "2014-12-31": "2378.00000", "2013-12-31": "1961.00000", "2012-12-31": "1636.00000", "2011-12-31": "2817.00000", "2010-12-31": "3558.00000", "2009-12-31": "2008.00000", "2008-12-31": "5257.00000", "2007-12-31": "2150.00000", "2006-12-31": "1855.00000", "2005-12-31": "585.00000"}, "EBITDA": {"2020-12-31": "2029.00000", "2019-12-31": "2809.00000", "2018-12-31": "2868.00000", "2017-12-31": "2766.00000", "2016-12-31": "2619.00000", "2015-12-31": "2506.00000", "2014-12-31": "3131.00000", "2013-12-31": "2373.00000", "2012-12-31": "2176.00000", "2011-12-31": "2669.00000", "2010-12-31": "2655.00000", "2009-12-31": "1183.00000", "2008-12-31": "2215.00000", "2007-12-31": "1688.00000", "2006-12-31": "1437.00000", "2005-12-31": "1104.00000"}, "EBIT": {"2020-12-31": "509.00000", "2019-12-31": "1306.00000", "2018-12-31": "1575.00000", "2017-12-31": "1608.00000", "2016-12-31": "1424.00000", "2015-12-31": "1322.00000", "2014-12-31": "1931.00000", "2013-12-31": "1371.00000", "2012-12-31": "1179.00000", "2011-12-31": "1712.00000", "2010-12-31": "1801.00000", "2009-12-31": "391.00000", "2008-12-31": "1520.00000", "2007-12-31": "1081.00000", "2006-12-31": "846.00000", "2005-12-31": "592.00000"}, "Basic Shares Outstanding": {"2020-12-31": "761.00000", "2019-12-31": "776.00000", "2018-12-31": "816.00000", "2017-12-31": "895.00000", "2016-12-31": "1020.00000", "2015-12-31": "1219.00000", "2014-12-31": "1305.00000", "2013-12-31": "1452.00000", "2012-12-31": "1494.00000", "2011-12-31": "1562.00000", "2010-12-31": "1558.00000", "2009-12-31": "1550.00000", "2008-12-31": "1560.00000", "2007-12-31": "1566.00000", "2006-12-31": "1550.00000", "2005-12-31": "1464.00000"}, "Shares Outstanding": {"2020-12-31": "772.00000", "2019-12-31": "899.00000", "2018-12-31": "941.00000", "2017-12-31": "895.00000", "2016-12-31": "1144.00000", "2015-12-31": "1343.00000", "2014-12-31": "1427.00000", "2013-12-31": "1462.00000", "2012-12-31": "1506.00000", "2011-12-31": "1583.00000", "2010-12-31": "1581.00000", "2009-12-31": "1568.00000", "2008-12-31": "1584.00000", "2007-12-31": "1603.00000", "2006-12-31": "1594.00000", "2005-12-31": "1535.00000"}, "Basic EPS": {"2020-12-31": "0.54000", "2019-12-31": "1.11000", "2018-12-31": "1.19000", "2017-12-31": "-0.66000", "2016-12-31": "3.53000", "2015-12-31": "1.02000", "2014-12-31": "1.82000", "2013-12-31": "1.35000", "2012-12-31": "1.10000", "2011-12-31": "1.80000", "2010-12-31": "2.28000", "2009-12-31": "1.30000", "2008-12-31": "3.37000", "2007-12-31": "1.37000", "2006-12-31": "1.20000", "2005-12-31": "0.40000"}, "EPS - Earnings Per Share": {"2020-12-31": "0.54000", "2019-12-31": "1.07000", "2018-12-31": "1.13000", "2017-12-31": "-0.66000", "2016-12-31": "3.23000", "2015-12-31": "1.00000", "2014-12-31": "1.73000", "2013-12-31": "1.34000", "2012-12-31": "1.09000", "2011-12-31": "1.78000", "2010-12-31": "2.25000", "2009-12-31": "1.28000", "2008-12-31": "3.32000", "2007-12-31": "1.34000", "2006-12-31": "1.16000", "2005-12-31": "0.38000"}}, "income statement, quarterly": {"Revenue": {"2020-12-31": "3350.00000", "2020-09-30": "3001.00000", "2020-06-30": "2561.00000", "2020-03-31": "2391.00000", "2019-12-31": "2817.00000", "2019-09-30": "2934.00000", "2019-06-30": "2940.00000", "2019-03-31": "2812.00000", "2018-12-31": "3035.00000", "2018-09-30": "3008.00000", "2018-06-30": "2747.00000", "2018-03-31": "2500.00000", "2017-12-31": "2637.00000", "2017-09-30": "2607.00000", "2017-06-30": "2497.00000", "2017-03-31": "2375.00000", "2016-12-31": "2476.00000", "2016-09-30": "2507.00000", "2016-06-30": "2360.00000", "2016-03-31": "2047.00000", "2015-12-31": "2231.00000", "2015-09-30": "2272.00000", "2015-06-30": "2343.00000", "2015-03-31": "2265.00000", "2014-12-31": "2404.00000", "2014-09-30": "2540.00000", "2014-06-30": "2482.00000", "2014-03-31": "2289.00000", "2013-12-31": "1956.00000", "2013-09-30": "2067.00000", "2013-06-30": "1982.00000", "2013-03-31": "1814.00000", "2012-12-31": "2146.00000", "2012-09-30": "2038.00000", "2012-06-30": "1908.00000", "2012-03-31": "1920.00000", "2011-12-31": "1887.00000", "2011-09-30": "2075.00000", "2011-06-30": "2005.00000", "2011-03-31": "1923.00000", "2010-12-31": "1765.00000", "2010-09-30": "1602.00000", "2010-06-30": "1712.00000", "2010-03-31": "1553.00000", "2009-12-31": "1532.00000", "2009-09-30": "1479.00000", "2009-06-30": "1395.00000", "2009-03-31": "989.00000", "2008-12-31": "1084.00000", "2008-09-30": "1555.00000", "2008-06-30": "1692.00000", "2008-03-31": "1617.00000", "2007-12-31": "1582.00000", "2007-09-30": "1553.00000", "2007-06-30": "1418.00000", "2007-03-31": "1307.00000", "2006-12-31": "1369.00000", "2006-09-30": "1282.00000", "2006-06-30": "1261.00000", "2006-03-31": "1262.00000", "2005-12-31": "1200.00000", "2005-09-30": "1188.00000", "2005-06-30": "1141.00000", "2005-03-31": "1050.00000"}, "Cost Of Goods Sold": {"2020-12-31": "2137.00000", "2020-09-30": "2000.00000", "2020-06-30": "1805.00000", "2020-03-31": "1830.00000", "2019-12-31": "1963.00000", "2019-09-30": "1917.00000", "2019-06-30": "1875.00000", "2019-03-31": "1713.00000", "2018-12-31": "1833.00000", "2018-09-30": "1776.00000", "2018-06-30": "1675.00000", "2018-03-31": "1545.00000", "2017-12-31": "1605.00000", "2017-09-30": "1557.00000", "2017-06-30": "1510.00000", "2017-03-31": "1424.00000", "2016-12-31": "1469.00000", "2016-09-30": "1466.00000", "2016-06-30": "1409.00000", "2016-03-31": "1283.00000", "2015-12-31": "1374.00000", "2015-09-30": "1380.00000", "2015-06-30": "1368.00000", "2015-03-31": "1336.00000", "2014-12-31": "1408.00000", "2014-09-30": "1451.00000", "2014-06-30": "1450.00000", "2014-03-31": "1354.00000", "2013-12-31": "1186.00000", "2013-09-30": "1166.00000", "2013-06-30": "1099.00000", "2013-03-31": "1044.00000", "2012-12-31": "1348.00000", "2012-09-30": "1149.00000", "2012-06-30": "1100.00000", "2012-03-31": "1096.00000", "2011-12-31": "1052.00000", "2011-09-30": "1097.00000", "2011-06-30": "1116.00000", "2011-03-31": "1049.00000", "2010-12-31": "998.00000", "2010-09-30": "878.00000", "2010-06-30": "885.00000", "2010-03-31": "822.00000", "2009-12-31": "883.00000", "2009-09-30": "880.00000", "2009-06-30": "820.00000", "2009-03-31": "719.00000", "2008-12-31": "777.00000", "2008-09-30": "820.00000", "2008-06-30": "840.00000", "2008-03-31": "773.00000", "2007-12-31": "825.00000", "2007-09-30": "811.00000", "2007-06-30": "759.00000", "2007-03-31": "716.00000", "2006-12-31": "766.00000", "2006-09-30": "716.00000", "2006-06-30": "720.00000", "2006-03-31": "689.00000", "2005-12-31": "673.00000", "2005-09-30": "643.00000", "2005-06-30": "658.00000", "2005-03-31": "621.00000"}, "Gross Profit": {"2020-12-31": "1213.00000", "2020-09-30": "1001.00000", "2020-06-30": "756.00000", "2020-03-31": "561.00000", "2019-12-31": "854.00000", "2019-09-30": "1017.00000", "2019-06-30": "1065.00000", "2019-03-31": "1099.00000", "2018-12-31": "1202.00000", "2018-09-30": "1232.00000", "2018-06-30": "1072.00000", "2018-03-31": "955.00000", "2017-12-31": "1032.00000", "2017-09-30": "1050.00000", "2017-06-30": "987.00000", "2017-03-31": "951.00000", "2016-12-31": "1007.00000", "2016-09-30": "1041.00000", "2016-06-30": "951.00000", "2016-03-31": "764.00000", "2015-12-31": "857.00000", "2015-09-30": "892.00000", "2015-06-30": "975.00000", "2015-03-31": "929.00000", "2014-12-31": "996.00000", "2014-09-30": "1089.00000", "2014-06-30": "1032.00000", "2014-03-31": "935.00000", "2013-12-31": "770.00000", "2013-09-30": "901.00000", "2013-06-30": "883.00000", "2013-03-31": "770.00000", "2012-12-31": "798.00000", "2012-09-30": "889.00000", "2012-06-30": "808.00000", "2012-03-31": "824.00000", "2011-12-31": "835.00000", "2011-09-30": "978.00000", "2011-06-30": "889.00000", "2011-03-31": "874.00000", "2010-12-31": "767.00000", "2010-09-30": "724.00000", "2010-06-30": "827.00000", "2010-03-31": "731.00000", "2009-12-31": "649.00000", "2009-09-30": "599.00000", "2009-06-30": "575.00000", "2009-03-31": "270.00000", "2008-12-31": "307.00000", "2008-09-30": "735.00000", "2008-06-30": "852.00000", "2008-03-31": "844.00000", "2007-12-31": "757.00000", "2007-09-30": "742.00000", "2007-06-30": "659.00000", "2007-03-31": "591.00000", "2006-12-31": "603.00000", "2006-09-30": "566.00000", "2006-06-30": "541.00000", "2006-03-31": "573.00000", "2005-12-31": "527.00000", "2005-09-30": "545.00000", "2005-06-30": "483.00000", "2005-03-31": "429.00000"}, "Research And Development Expenses": {"2020-12-31": "232.00000", "2020-09-30": "231.00000", "2020-06-30": "430.00000", "2020-03-31": "261.00000", "2019-12-31": "278.00000", "2019-09-30": "255.00000", "2019-06-30": "249.00000", "2019-03-31": "249.00000", "2018-12-31": "265.00000", "2018-09-30": "244.00000", "2018-06-30": "243.00000", "2018-03-31": "241.00000", "2017-12-31": "241.00000", "2017-09-30": "215.00000", "2017-06-30": "206.00000", "2017-03-31": "202.00000", "2016-12-31": "167.00000", "2016-09-30": "187.00000", "2016-06-30": "192.00000", "2016-03-31": "190.00000", "2015-12-31": "208.00000", "2015-09-30": "181.00000", "2015-06-30": "191.00000", "2015-03-31": "189.00000", "2014-12-31": "210.00000", "2014-09-30": "199.00000", "2014-06-30": "208.00000", "2014-03-31": "198.00000", "2013-12-31": "169.00000", "2013-09-30": "184.00000", "2013-06-30": "179.00000", "2013-03-31": "178.00000", "2012-12-31": "218.00000", "2012-09-30": "182.00000", "2012-06-30": "185.00000", "2012-03-31": "184.00000", "2011-12-31": "174.00000", "2011-09-30": "166.00000", "2011-06-30": "172.00000", "2011-03-31": "156.00000", "2010-12-31": "166.00000", "2010-09-30": "148.00000", "2010-06-30": "144.00000", "2010-03-31": "145.00000", "2009-12-31": "145.00000", "2009-09-30": "131.00000", "2009-06-30": "136.00000", "2009-03-31": "151.00000", "2008-12-31": "153.00000", "2008-09-30": "160.00000", "2008-06-30": "163.00000", "2008-03-31": "151.00000", "2007-12-31": "153.00000", "2007-09-30": "145.00000", "2007-06-30": "137.00000", "2007-03-31": "130.00000", "2006-12-31": "138.00000", "2006-09-30": "127.00000", "2006-06-30": "128.00000", "2006-03-31": "124.00000", "2005-12-31": "123.00000", "2005-09-30": "118.00000", "2005-06-30": "104.00000", "2005-03-31": "98.00000"}, "SG&A Expenses": {"2020-12-31": "471.00000", "2020-09-30": "480.00000", "2020-06-30": "401.00000", "2020-03-31": "395.00000", "2019-12-31": "401.00000", "2019-09-30": "369.00000", "2019-06-30": "414.00000", "2019-03-31": "401.00000", "2018-12-31": "447.00000", "2018-09-30": "439.00000", "2018-06-30": "412.00000", "2018-03-31": "501.00000", "2017-12-31": "401.00000", "2017-09-30": "375.00000", "2017-06-30": "378.00000", "2017-03-31": "319.00000", "2016-12-31": "358.00000", "2016-09-30": "302.00000", "2016-06-30": "499.00000", "2016-03-31": "303.00000", "2015-12-31": "548.00000", "2015-09-30": "307.00000", "2015-06-30": "337.00000", "2015-03-31": "316.00000", "2014-12-31": "222.00000", "2014-09-30": "261.00000", "2014-06-30": "322.00000", "2014-03-31": "397.00000", "2013-12-31": "336.00000", "2013-09-30": "265.00000", "2013-06-30": "266.00000", "2013-03-31": "259.00000", "2012-12-31": "357.00000", "2012-09-30": "289.00000", "2012-06-30": "286.00000", "2012-03-31": "273.00000", "2011-12-31": "278.00000", "2011-09-30": "216.00000", "2011-06-30": "284.00000", "2011-03-31": "250.00000", "2010-12-31": "284.00000", "2010-09-30": "250.00000", "2010-06-30": "246.00000", "2010-03-31": "235.00000", "2009-12-31": "244.00000", "2009-09-30": "219.00000", "2009-06-30": "211.00000", "2009-03-31": "207.00000", "2008-12-31": "179.00000", "2008-09-30": "220.00000", "2008-06-30": "260.00000", "2008-03-31": "242.00000", "2007-12-31": "257.00000", "2007-09-30": "212.00000", "2007-06-30": "229.00000", "2007-03-31": "214.00000", "2006-12-31": "222.00000", "2006-09-30": "218.00000", "2006-06-30": "194.00000", "2006-03-31": "223.00000", "2005-12-31": "203.00000", "2005-09-30": "178.00000", "2005-06-30": "191.00000", "2005-03-31": "184.00000"}, "Other Operating Income Or Expenses": {"2020-12-31": "", "2020-09-30": "", "2020-06-30": "", "2020-03-31": "", "2019-12-31": "", "2019-09-30": "", "2019-06-30": "", "2019-03-31": "", "2018-12-31": "", "2018-09-30": "", "2018-06-30": "", "2018-03-31": "", "2017-12-31": "", "2017-09-30": "", "2017-06-30": "", "2017-03-31": "", "2016-12-31": "", "2016-09-30": "", "2016-06-30": "", "2016-03-31": "", "2015-12-31": "", "2015-09-30": "", "2015-06-30": "", "2015-03-31": "", "2014-12-31": "", "2014-09-30": "", "2014-06-30": "", "2014-03-31": "", "2013-12-31": "-6.00000", "2013-09-30": "-5.00000", "2013-06-30": "-6.00000", "2013-03-31": "-2.00000", "2012-12-31": "-5.00000", "2012-09-30": "-3.00000", "2012-06-30": "-5.00000", "2012-03-31": "-1.00000", "2011-12-31": "-9.00000", "2011-09-30": "-5.00000", "2011-06-30": "-5.00000", "2011-03-31": "-5.00000", "2010-12-31": "8.00000", "2010-09-30": "-6.00000", "2010-06-30": "-5.00000", "2010-03-31": "52.00000", "2009-12-31": "-5.00000", "2009-09-30": "-6.00000", "2009-06-30": "-5.00000", "2009-03-31": "-4.00000", "2008-12-31": "28.00000", "2008-09-30": "-6.00000", "2008-06-30": "-9.00000", "2008-03-31": "327.00000", "2007-12-31": "-15.00000", "2007-09-30": "16.00000", "2007-06-30": "-76.00000", "2007-03-31": "-110.00000", "2006-12-31": "139.00000", "2006-09-30": "-13.00000", "2006-06-30": "61.00000", "2006-03-31": "-185.00000", "2005-12-31": "-14.00000", "2005-09-30": "-73.00000", "2005-06-30": "-143.00000", "2005-03-31": "12.00000"}, "Operating Expenses": {"2020-12-31": "2874.00000", "2020-09-30": "2744.00000", "2020-06-30": "2664.00000", "2020-03-31": "2512.00000", "2019-12-31": "2670.00000", "2019-09-30": "2569.00000", "2019-06-30": "2566.00000", "2019-03-31": "2392.00000", "2018-12-31": "2571.00000", "2018-09-30": "2486.00000", "2018-06-30": "2352.00000", "2018-03-31": "2306.00000", "2017-12-31": "2269.00000", "2017-09-30": "2165.00000", "2017-06-30": "2112.00000", "2017-03-31": "1962.00000", "2016-12-31": "2011.00000", "2016-09-30": "1972.00000", "2016-06-30": "2113.00000", "2016-03-31": "1870.00000", "2015-12-31": "2144.00000", "2015-09-30": "1880.00000", "2015-06-30": "1912.00000", "2015-03-31": "1853.00000", "2014-12-31": "1868.00000", "2014-09-30": "1920.00000", "2014-06-30": "2022.00000", "2014-03-31": "1974.00000", "2013-12-31": "1772.00000", "2013-09-30": "1628.00000", "2013-06-30": "1558.00000", "2013-03-31": "1490.00000", "2012-12-31": "2067.00000", "2012-09-30": "1627.00000", "2012-06-30": "1580.00000", "2012-03-31": "1559.00000", "2011-12-31": "1646.00000", "2011-09-30": "1488.00000", "2011-06-30": "1581.00000", "2011-03-31": "1463.00000", "2010-12-31": "1116.00000", "2010-09-30": "1283.00000", "2010-06-30": "1282.00000", "2010-03-31": "1150.00000", "2009-12-31": "1332.00000", "2009-09-30": "1249.00000", "2009-06-30": "1174.00000", "2009-03-31": "1249.00000", "2008-12-31": "1107.00000", "2008-09-30": "1206.00000", "2008-06-30": "1275.00000", "2008-03-31": "840.00000", "2007-12-31": "1251.00000", "2007-09-30": "1154.00000", "2007-06-30": "1201.00000", "2007-03-31": "1173.00000", "2006-12-31": "1031.00000", "2006-09-30": "1078.00000", "2006-06-30": "989.00000", "2006-03-31": "1230.00000", "2005-12-31": "931.00000", "2005-09-30": "1043.00000", "2005-06-30": "1098.00000", "2005-03-31": "915.00000"}, "Operating Income": {"2020-12-31": "476.00000", "2020-09-30": "257.00000", "2020-06-30": "-103.00000", "2020-03-31": "-121.00000", "2019-12-31": "147.00000", "2019-09-30": "365.00000", "2019-06-30": "374.00000", "2019-03-31": "420.00000", "2018-12-31": "464.00000", "2018-09-30": "522.00000", "2018-06-30": "395.00000", "2018-03-31": "194.00000", "2017-12-31": "368.00000", "2017-09-30": "442.00000", "2017-06-30": "385.00000", "2017-03-31": "413.00000", "2016-12-31": "465.00000", "2016-09-30": "535.00000", "2016-06-30": "247.00000", "2016-03-31": "177.00000", "2015-12-31": "87.00000", "2015-09-30": "392.00000", "2015-06-30": "431.00000", "2015-03-31": "412.00000", "2014-12-31": "536.00000", "2014-09-30": "620.00000", "2014-06-30": "460.00000", "2014-03-31": "315.00000", "2013-12-31": "184.00000", "2013-09-30": "439.00000", "2013-06-30": "424.00000", "2013-03-31": "324.00000", "2012-12-31": "79.00000", "2012-09-30": "411.00000", "2012-06-30": "328.00000", "2012-03-31": "361.00000", "2011-12-31": "241.00000", "2011-09-30": "587.00000", "2011-06-30": "424.00000", "2011-03-31": "460.00000", "2010-12-31": "649.00000", "2010-09-30": "319.00000", "2010-06-30": "430.00000", "2010-03-31": "403.00000", "2009-12-31": "200.00000", "2009-09-30": "230.00000", "2009-06-30": "221.00000", "2009-03-31": "-260.00000", "2008-12-31": "-23.00000", "2008-09-30": "349.00000", "2008-06-30": "417.00000", "2008-03-31": "777.00000", "2007-12-31": "331.00000", "2007-09-30": "399.00000", "2007-06-30": "217.00000", "2007-03-31": "134.00000", "2006-12-31": "338.00000", "2006-09-30": "204.00000", "2006-06-30": "272.00000", "2006-03-31": "32.00000", "2005-12-31": "269.00000", "2005-09-30": "145.00000", "2005-06-30": "43.00000", "2005-03-31": "135.00000"}, "Total Non-Operating Income/Expense": {"2020-12-31": "-146.00000", "2020-09-30": "193.00000", "2020-06-30": "54.00000", "2020-03-31": "13.00000", "2019-12-31": "-130.00000", "2019-09-30": "43.00000", "2019-06-30": "-158.00000", "2019-03-31": "155.00000", "2018-12-31": "-118.00000", "2018-09-30": "236.00000", "2018-06-30": "469.00000", "2018-03-31": "-659.00000", "2017-12-31": "198.00000", "2017-09-30": "37.00000", "2017-06-30": "207.00000", "2017-03-31": "-393.00000", "2016-12-31": "1939.00000", "2016-09-30": "-278.00000", "2016-06-30": "1456.00000", "2016-03-31": "-849.00000", "2015-12-31": "82.00000", "2015-09-30": "-174.00000", "2015-06-30": "175.00000", "2015-03-31": "81.00000", "2014-12-31": "801.00000", "2014-09-30": "789.00000", "2014-06-30": "-119.00000", "2014-03-31": "166.00000", "2013-12-31": "383.00000", "2013-09-30": "110.00000", "2013-06-30": "405.00000", "2013-03-31": "204.00000", "2012-12-31": "103.00000", "2012-09-30": "216.00000", "2012-06-30": "246.00000", "2012-03-31": "231.00000", "2011-12-31": "329.00000", "2011-09-30": "334.00000", "2011-06-30": "454.00000", "2011-03-31": "402.00000", "2010-12-31": "540.00000", "2010-09-30": "480.00000", "2010-06-30": "514.00000", "2010-03-31": "510.00000", "2009-12-31": "504.00000", "2009-09-30": "445.00000", "2009-06-30": "386.00000", "2009-03-31": "208.00000", "2008-12-31": "255.00000", "2008-09-30": "368.00000", "2008-06-30": "413.00000", "2008-03-31": "326.00000", "2007-12-31": "1039.00000", "2007-09-30": "46.00000", "2007-06-30": "72.00000", "2007-03-31": "33.00000", "2006-12-31": "39.00000", "2006-09-30": "41.00000", "2006-06-30": "11.00000", "2006-03-31": "24.00000", "2005-12-31": "-5.00000", "2005-09-30": "11.00000", "2005-06-30": "-5.00000", "2005-03-31": "-34.00000"}, "Pre-Tax Income": {"2020-12-31": "330.00000", "2020-09-30": "450.00000", "2020-06-30": "-49.00000", "2020-03-31": "-108.00000", "2019-12-31": "17.00000", "2019-09-30": "408.00000", "2019-06-30": "216.00000", "2019-03-31": "575.00000", "2018-12-31": "346.00000", "2018-09-30": "758.00000", "2018-06-30": "864.00000", "2018-03-31": "-465.00000", "2017-12-31": "566.00000", "2017-09-30": "479.00000", "2017-06-30": "592.00000", "2017-03-31": "20.00000", "2016-12-31": "2404.00000", "2016-09-30": "257.00000", "2016-06-30": "1703.00000", "2016-03-31": "-672.00000", "2015-12-31": "169.00000", "2015-09-30": "218.00000", "2015-06-30": "606.00000", "2015-03-31": "493.00000", "2014-12-31": "1337.00000", "2014-09-30": "1409.00000", "2014-06-30": "341.00000", "2014-03-31": "481.00000", "2013-12-31": "567.00000", "2013-09-30": "549.00000", "2013-06-30": "829.00000", "2013-03-31": "528.00000", "2012-12-31": "182.00000", "2012-09-30": "627.00000", "2012-06-30": "574.00000", "2012-03-31": "592.00000", "2011-12-31": "570.00000", "2011-09-30": "921.00000", "2011-06-30": "878.00000", "2011-03-31": "862.00000", "2010-12-31": "1189.00000", "2010-09-30": "799.00000", "2010-06-30": "944.00000", "2010-03-31": "913.00000", "2009-12-31": "704.00000", "2009-09-30": "675.00000", "2009-06-30": "607.00000", "2009-03-31": "-52.00000", "2008-12-31": "232.00000", "2008-09-30": "717.00000", "2008-06-30": "830.00000", "2008-03-31": "1103.00000", "2007-12-31": "1370.00000", "2007-09-30": "445.00000", "2007-06-30": "289.00000", "2007-03-31": "167.00000", "2006-12-31": "377.00000", "2006-09-30": "245.00000", "2006-06-30": "283.00000", "2006-03-31": "56.00000", "2005-12-31": "264.00000", "2005-09-30": "156.00000", "2005-06-30": "38.00000", "2005-03-31": "101.00000"}, "Income Taxes": {"2020-12-31": "78.00000", "2020-09-30": "23.00000", "2020-06-30": "22.00000", "2020-03-31": "-12.00000", "2019-12-31": "-15.00000", "2019-09-30": "71.00000", "2019-06-30": "124.00000", "2019-03-31": "76.00000", "2018-12-31": "54.00000", "2018-09-30": "133.00000", "2018-06-30": "126.00000", "2018-03-31": "124.00000", "2017-12-31": "1978.00000", "2017-09-30": "89.00000", "2017-06-30": "153.00000", "2017-03-31": "-66.00000", "2016-12-31": "832.00000", "2016-09-30": "-27.00000", "2016-06-30": "-504.00000", "2016-03-31": "-304.00000", "2015-12-31": "-55.00000", "2015-09-30": "6.00000", "2015-06-30": "110.00000", "2015-03-31": "86.00000", "2014-12-31": "349.00000", "2014-09-30": "395.00000", "2014-06-30": "172.00000", "2014-03-31": "180.00000", "2013-12-31": "146.00000", "2013-09-30": "141.00000", "2013-06-30": "191.00000", "2013-03-31": "34.00000", "2012-12-31": "27.00000", "2012-09-30": "94.00000", "2012-06-30": "100.00000", "2012-03-31": "118.00000", "2011-12-31": "67.00000", "2011-09-30": "110.00000", "2011-06-30": "123.00000", "2011-03-31": "114.00000", "2010-12-31": "145.00000", "2010-09-30": "14.00000", "2010-06-30": "31.00000", "2010-03-31": "97.00000", "2009-12-31": "-36.00000", "2009-09-30": "32.00000", "2009-06-30": "-4.00000", "2009-03-31": "-66.00000", "2008-12-31": "-17.00000", "2008-09-30": "-51.00000", "2008-06-30": "-2381.00000", "2008-03-31": "74.00000", "2007-12-31": "-20.00000", "2007-09-30": "66.00000", "2007-06-30": "19.00000", "2007-03-31": "56.00000", "2006-12-31": "", "2006-09-30": "33.00000", "2006-06-30": "24.00000", "2006-03-31": "-2.00000", "2005-12-31": "487.00000", "2005-09-30": "28.00000", "2005-06-30": "44.00000", "2005-03-31": "19.00000"}, "Income After Taxes": {"2020-12-31": "252.00000", "2020-09-30": "427.00000", "2020-06-30": "-71.00000", "2020-03-31": "-96.00000", "2019-12-31": "32.00000", "2019-09-30": "337.00000", "2019-06-30": "92.00000", "2019-03-31": "499.00000", "2018-12-31": "292.00000", "2018-09-30": "625.00000", "2018-06-30": "738.00000", "2018-03-31": "-589.00000", "2017-12-31": "-1412.00000", "2017-09-30": "390.00000", "2017-06-30": "439.00000", "2017-03-31": "86.00000", "2016-12-31": "1572.00000", "2016-09-30": "284.00000", "2016-06-30": "2207.00000", "2016-03-31": "-368.00000", "2015-12-31": "224.00000", "2015-09-30": "212.00000", "2015-06-30": "496.00000", "2015-03-31": "407.00000", "2014-12-31": "988.00000", "2014-09-30": "1014.00000", "2014-06-30": "169.00000", "2014-03-31": "301.00000", "2013-12-31": "421.00000", "2013-09-30": "408.00000", "2013-06-30": "638.00000", "2013-03-31": "494.00000", "2012-12-31": "155.00000", "2012-09-30": "533.00000", "2012-06-30": "474.00000", "2012-03-31": "474.00000", "2011-12-31": "503.00000", "2011-09-30": "811.00000", "2011-06-30": "755.00000", "2011-03-31": "748.00000", "2010-12-31": "1044.00000", "2010-09-30": "785.00000", "2010-06-30": "913.00000", "2010-03-31": "816.00000", "2009-12-31": "740.00000", "2009-09-30": "643.00000", "2009-06-30": "611.00000", "2009-03-31": "14.00000", "2008-12-31": "249.00000", "2008-09-30": "768.00000", "2008-06-30": "3211.00000", "2008-03-31": "1029.00000", "2007-12-31": "1390.00000", "2007-09-30": "379.00000", "2007-06-30": "270.00000", "2007-03-31": "111.00000", "2006-12-31": "377.00000", "2006-09-30": "212.00000", "2006-06-30": "259.00000", "2006-03-31": "58.00000", "2005-12-31": "-223.00000", "2005-09-30": "128.00000", "2005-06-30": "-6.00000", "2005-03-31": "82.00000"}, "Other Income": {"2020-12-31": "", "2020-09-30": "", "2020-06-30": "", "2020-03-31": "", "2019-12-31": "", "2019-09-30": "", "2019-06-30": "", "2019-03-31": "", "2018-12-31": "", "2018-09-30": "", "2018-06-30": "", "2018-03-31": "", "2017-12-31": "", "2017-09-30": "", "2017-06-30": "", "2017-03-31": "", "2016-12-31": "", "2016-09-30": "", "2016-06-30": "", "2016-03-31": "", "2015-12-31": "", "2015-09-30": "", "2015-06-30": "", "2015-03-31": "", "2014-12-31": "", "2014-09-30": "", "2014-06-30": "", "2014-03-31": "", "2013-12-31": "", "2013-09-30": "", "2013-06-30": "", "2013-03-31": "", "2012-12-31": "", "2012-09-30": "", "2012-06-30": "", "2012-03-31": "", "2011-12-31": "", "2011-09-30": "", "2011-06-30": "", "2011-03-31": "", "2010-12-31": "", "2010-09-30": "", "2010-06-30": "", "2010-03-31": "", "2009-12-31": "", "2009-09-30": "", "2009-06-30": "", "2009-03-31": "", "2008-12-31": "", "2008-09-30": "", "2008-06-30": "", "2008-03-31": "", "2007-12-31": "", "2007-09-30": "", "2007-06-30": "", "2007-03-31": "", "2006-12-31": "", "2006-09-30": "", "2006-06-30": "", "2006-03-31": "", "2005-12-31": "", "2005-09-30": "", "2005-06-30": "", "2005-03-31": ""}, "Income From Continuous Operations": {"2020-12-31": "252.00000", "2020-09-30": "427.00000", "2020-06-30": "-71.00000", "2020-03-31": "-96.00000", "2019-12-31": "32.00000", "2019-09-30": "337.00000", "2019-06-30": "92.00000", "2019-03-31": "499.00000", "2018-12-31": "292.00000", "2018-09-30": "625.00000", "2018-06-30": "738.00000", "2018-03-31": "-589.00000", "2017-12-31": "-1412.00000", "2017-09-30": "390.00000", "2017-06-30": "439.00000", "2017-03-31": "86.00000", "2016-12-31": "1572.00000", "2016-09-30": "284.00000", "2016-06-30": "2207.00000", "2016-03-31": "-368.00000", "2015-12-31": "224.00000", "2015-09-30": "212.00000", "2015-06-30": "496.00000", "2015-03-31": "407.00000", "2014-12-31": "988.00000", "2014-09-30": "1014.00000", "2014-06-30": "169.00000", "2014-03-31": "301.00000", "2013-12-31": "421.00000", "2013-09-30": "408.00000", "2013-06-30": "638.00000", "2013-03-31": "494.00000", "2012-12-31": "155.00000", "2012-09-30": "533.00000", "2012-06-30": "474.00000", "2012-03-31": "474.00000", "2011-12-31": "503.00000", "2011-09-30": "811.00000", "2011-06-30": "755.00000", "2011-03-31": "748.00000", "2010-12-31": "1044.00000", "2010-09-30": "785.00000", "2010-06-30": "913.00000", "2010-03-31": "816.00000", "2009-12-31": "740.00000", "2009-09-30": "643.00000", "2009-06-30": "611.00000", "2009-03-31": "14.00000", "2008-12-31": "249.00000", "2008-09-30": "768.00000", "2008-06-30": "3211.00000", "2008-03-31": "1029.00000", "2007-12-31": "717.00000", "2007-09-30": "617.00000", "2007-06-30": "489.00000", "2007-03-31": "327.00000", "2006-12-31": "646.00000", "2006-09-30": "438.00000", "2006-06-30": "514.00000", "2006-03-31": "257.00000", "2005-12-31": "-33.00000", "2005-09-30": "203.00000", "2005-06-30": "165.00000", "2005-03-31": "250.00000"}, "Income From Discontinued Operations": {"2020-12-31": "", "2020-09-30": "", "2020-06-30": "", "2020-03-31": "", "2019-12-31": "", "2019-09-30": "", "2019-06-30": "", "2019-03-31": "", "2018-12-31": "", "2018-09-30": "", "2018-06-30": "", "2018-03-31": "", "2017-12-31": "", "2017-09-30": "", "2017-06-30": "", "2017-03-31": "", "2016-12-31": "", "2016-09-30": "", "2016-06-30": "", "2016-03-31": "", "2015-12-31": "", "2015-09-30": "", "2015-06-30": "", "2015-03-31": "", "2014-12-31": "", "2014-09-30": "", "2014-06-30": "", "2014-03-31": "", "2013-12-31": "", "2013-09-30": "", "2013-06-30": "", "2013-03-31": "", "2012-12-31": "", "2012-09-30": "", "2012-06-30": "", "2012-03-31": "", "2011-12-31": "", "2011-09-30": "", "2011-06-30": "", "2011-03-31": "", "2010-12-31": "", "2010-09-30": "", "2010-06-30": "", "2010-03-31": "", "2009-12-31": "", "2009-09-30": "", "2009-06-30": "", "2009-03-31": "", "2008-12-31": "", "2008-09-30": "", "2008-06-30": "", "2008-03-31": "", "2007-12-31": "", "2007-09-30": "", "2007-06-30": "", "2007-03-31": "", "2006-12-31": "", "2006-09-30": "", "2006-06-30": "", "2006-03-31": "", "2005-12-31": "", "2005-09-30": "", "2005-06-30": "", "2005-03-31": ""}, "Net Income": {"2020-12-31": "252.00000", "2020-09-30": "403.00000", "2020-06-30": "-96.00000", "2020-03-31": "-120.00000", "2019-12-31": "6.00000", "2019-09-30": "313.00000", "2019-06-30": "68.00000", "2019-03-31": "475.00000", "2018-12-31": "266.00000", "2018-09-30": "601.00000", "2018-06-30": "714.00000", "2018-03-31": "-613.00000", "2017-12-31": "-1462.00000", "2017-09-30": "366.00000", "2017-06-30": "439.00000", "2017-03-31": "62.00000", "2016-12-31": "1546.00000", "2016-09-30": "260.00000", "2016-06-30": "2183.00000", "2016-03-31": "-392.00000", "2015-12-31": "198.00000", "2015-09-30": "188.00000", "2015-06-30": "472.00000", "2015-03-31": "383.00000", "2014-12-31": "963.00000", "2014-09-30": "990.00000", "2014-06-30": "145.00000", "2014-03-31": "280.00000", "2013-12-31": "421.00000", "2013-09-30": "408.00000", "2013-06-30": "638.00000", "2013-03-31": "494.00000", "2012-12-31": "155.00000", "2012-09-30": "533.00000", "2012-06-30": "474.00000", "2012-03-31": "474.00000", "2011-12-31": "503.00000", "2011-09-30": "811.00000", "2011-06-30": "755.00000", "2011-03-31": "748.00000", "2010-12-31": "1044.00000", "2010-09-30": "785.00000", "2010-06-30": "913.00000", "2010-03-31": "816.00000", "2009-12-31": "740.00000", "2009-09-30": "643.00000", "2009-06-30": "611.00000", "2009-03-31": "14.00000", "2008-12-31": "249.00000", "2008-09-30": "768.00000", "2008-06-30": "3211.00000", "2008-03-31": "1029.00000", "2007-12-31": "717.00000", "2007-09-30": "617.00000", "2007-06-30": "489.00000", "2007-03-31": "327.00000", "2006-12-31": "646.00000", "2006-09-30": "438.00000", "2006-06-30": "514.00000", "2006-03-31": "257.00000", "2005-12-31": "-33.00000", "2005-09-30": "203.00000", "2005-06-30": "165.00000", "2005-03-31": "250.00000"}, "EBITDA": {"2020-12-31": "", "2020-09-30": "651.00000", "2020-06-30": "249.00000", "2020-03-31": "261.00000", "2019-12-31": "539.00000", "2019-09-30": "761.00000", "2019-06-30": "754.00000", "2019-03-31": "755.00000", "2018-12-31": "794.00000", "2018-09-30": "840.00000", "2018-06-30": "717.00000", "2018-03-31": "517.00000", "2017-12-31": "674.00000", "2017-09-30": "736.00000", "2017-06-30": "666.00000", "2017-03-31": "690.00000", "2016-12-31": "770.00000", "2016-09-30": "835.00000", "2016-06-30": "542.00000", "2016-03-31": "472.00000", "2015-12-31": "389.00000", "2015-09-30": "684.00000", "2015-06-30": "730.00000", "2015-03-31": "703.00000", "2014-12-31": "834.00000", "2014-09-30": "923.00000", "2014-06-30": "762.00000", "2014-03-31": "612.00000", "2013-12-31": "433.00000", "2013-09-30": "687.00000", "2013-06-30": "674.00000", "2013-03-31": "579.00000", "2012-12-31": "346.00000", "2012-09-30": "659.00000", "2012-06-30": "570.00000", "2012-03-31": "601.00000", "2011-12-31": "488.00000", "2011-09-30": "832.00000", "2011-06-30": "660.00000", "2011-03-31": "689.00000", "2010-12-31": "873.00000", "2010-09-30": "533.00000", "2010-06-30": "638.00000", "2010-03-31": "611.00000", "2009-12-31": "398.00000", "2009-09-30": "460.00000", "2009-06-30": "407.00000", "2009-03-31": "-82.00000", "2008-12-31": "182.00000", "2008-09-30": "515.00000", "2008-06-30": "582.00000", "2008-03-31": "936.00000", "2007-12-31": "485.00000", "2007-09-30": "548.00000", "2007-06-30": "368.00000", "2007-03-31": "287.00000", "2006-12-31": "491.00000", "2006-09-30": "346.00000", "2006-06-30": "424.00000", "2006-03-31": "176.00000", "2005-12-31": "397.00000", "2005-09-30": "275.00000", "2005-06-30": "172.00000", "2005-03-31": "260.00000"}, "EBIT": {"2020-12-31": "476.00000", "2020-09-30": "257.00000", "2020-06-30": "-103.00000", "2020-03-31": "-121.00000", "2019-12-31": "147.00000", "2019-09-30": "365.00000", "2019-06-30": "374.00000", "2019-03-31": "420.00000", "2018-12-31": "464.00000", "2018-09-30": "522.00000", "2018-06-30": "395.00000", "2018-03-31": "194.00000", "2017-12-31": "368.00000", "2017-09-30": "442.00000", "2017-06-30": "385.00000", "2017-03-31": "413.00000", "2016-12-31": "465.00000", "2016-09-30": "535.00000", "2016-06-30": "247.00000", "2016-03-31": "177.00000", "2015-12-31": "87.00000", "2015-09-30": "392.00000", "2015-06-30": "431.00000", "2015-03-31": "412.00000", "2014-12-31": "536.00000", "2014-09-30": "620.00000", "2014-06-30": "460.00000", "2014-03-31": "315.00000", "2013-12-31": "184.00000", "2013-09-30": "439.00000", "2013-06-30": "424.00000", "2013-03-31": "324.00000", "2012-12-31": "79.00000", "2012-09-30": "411.00000", "2012-06-30": "328.00000", "2012-03-31": "361.00000", "2011-12-31": "241.00000", "2011-09-30": "587.00000", "2011-06-30": "424.00000", "2011-03-31": "460.00000", "2010-12-31": "649.00000", "2010-09-30": "319.00000", "2010-06-30": "430.00000", "2010-03-31": "403.00000", "2009-12-31": "200.00000", "2009-09-30": "230.00000", "2009-06-30": "221.00000", "2009-03-31": "-260.00000", "2008-12-31": "-23.00000", "2008-09-30": "349.00000", "2008-06-30": "417.00000", "2008-03-31": "777.00000", "2007-12-31": "331.00000", "2007-09-30": "399.00000", "2007-06-30": "217.00000", "2007-03-31": "134.00000", "2006-12-31": "338.00000", "2006-09-30": "204.00000", "2006-06-30": "272.00000", "2006-03-31": "32.00000", "2005-12-31": "269.00000", "2005-09-30": "145.00000", "2005-06-30": "43.00000", "2005-03-31": "135.00000"}, "Basic Shares Outstanding": {"2020-12-31": "763.00000", "2020-09-30": "760.00000", "2020-06-30": "759.00000", "2020-03-31": "760.00000", "2019-12-31": "776.00000", "2019-09-30": "775.00000", "2019-06-30": "781.00000", "2019-03-31": "784.00000", "2018-12-31": "816.00000", "2018-09-30": "805.00000", "2018-06-30": "819.00000", "2018-03-31": "848.00000", "2017-12-31": "895.00000", "2017-09-30": "883.00000", "2017-06-30": "908.00000", "2017-03-31": "925.00000", "2016-12-31": "1020.00000", "2016-09-30": "978.00000", "2016-06-30": "1059.00000", "2016-03-31": "1103.00000", "2015-12-31": "1219.00000", "2015-09-30": "1210.00000", "2015-06-30": "1246.00000", "2015-03-31": "1266.00000", "2014-12-31": "1305.00000", "2014-09-30": "1284.00000", "2014-06-30": "1302.00000", "2014-03-31": "1359.00000", "2013-12-31": "1452.00000", "2013-09-30": "1454.00000", "2013-06-30": "1469.00000", "2013-03-31": "1472.00000", "2012-12-31": "1494.00000", "2012-09-30": "1483.00000", "2012-06-30": "1506.00000", "2012-03-31": "1516.00000", "2011-12-31": "1562.00000", "2011-09-30": "1569.00000", "2011-06-30": "1568.00000", "2011-03-31": "1565.00000", "2010-12-31": "1558.00000", "2010-09-30": "1557.00000", "2010-06-30": "1558.00000", "2010-03-31": "1555.00000", "2009-12-31": "1550.00000", "2009-09-30": "1550.00000", "2009-06-30": "1550.00000", "2009-03-31": "1548.00000", "2008-12-31": "1560.00000", "2008-09-30": "1558.00000", "2008-06-30": "1569.00000", "2008-03-31": "1566.00000", "2007-12-31": "1566.00000", "2007-09-30": "1570.00000", "2007-06-30": "1567.00000", "2007-03-31": "1563.00000", "2006-12-31": "1550.00000", "2006-09-30": "1553.00000", "2006-06-30": "1549.00000", "2006-03-31": "1541.00000", "2005-12-31": "1464.00000", "2005-09-30": "1488.00000", "2005-06-30": "1438.00000", "2005-03-31": "1411.00000"}, "Shares Outstanding": {"2020-12-31": "894.00000", "2020-09-30": "889.00000", "2020-06-30": "759.00000", "2020-03-31": "760.00000", "2019-12-31": "899.00000", "2019-09-30": "897.00000", "2019-06-30": "789.00000", "2019-03-31": "908.00000", "2018-12-31": "941.00000", "2018-09-30": "930.00000", "2018-06-30": "943.00000", "2018-03-31": "848.00000", "2017-12-31": "895.00000", "2017-09-30": "1009.00000", "2017-06-30": "1034.00000", "2017-03-31": "936.00000", "2016-12-31": "1144.00000", "2016-09-30": "1102.00000", "2016-06-30": "1182.00000", "2016-03-31": "1103.00000", "2015-12-31": "1343.00000", "2015-09-30": "1218.00000", "2015-06-30": "1371.00000", "2015-03-31": "1394.00000", "2014-12-31": "1427.00000", "2014-09-30": "1411.00000", "2014-06-30": "1315.00000", "2014-03-31": "1370.00000", "2013-12-31": "1462.00000", "2013-09-30": "1463.00000", "2013-06-30": "1478.00000", "2013-03-31": "1481.00000", "2012-12-31": "1506.00000", "2012-09-30": "1494.00000", "2012-06-30": "1518.00000", "2012-03-31": "1530.00000", "2011-12-31": "1583.00000", "2011-09-30": "1588.00000", "2011-06-30": "1591.00000", "2011-03-31": "1589.00000", "2010-12-31": "1581.00000", "2010-09-30": "1580.00000", "2010-06-30": "1581.00000", "2010-03-31": "1579.00000", "2009-12-31": "1568.00000", "2009-09-30": "1569.00000", "2009-06-30": "1567.00000", "2009-03-31": "1559.00000", "2008-12-31": "1584.00000", "2008-09-30": "1578.00000", "2008-06-30": "1600.00000", "2008-03-31": "1598.00000", "2007-12-31": "1603.00000", "2007-09-30": "1605.00000", "2007-06-30": "1605.00000", "2007-03-31": "1600.00000", "2006-12-31": "1594.00000", "2006-09-30": "1593.00000", "2006-06-30": "1597.00000", "2006-03-31": "1592.00000", "2005-12-31": "1535.00000", "2005-09-30": "1552.00000", "2005-06-30": "1517.00000", "2005-03-31": "1503.00000"}, "Basic EPS": {"2020-12-31": "0.30000", "2020-09-30": "0.53000", "2020-06-30": "-0.13000", "2020-03-31": "-0.16000", "2019-12-31": "0.01000", "2019-09-30": "0.40000", "2019-06-30": "0.09000", "2019-03-31": "0.61000", "2018-12-31": "0.29000", "2018-09-30": "0.75000", "2018-06-30": "0.87000", "2018-03-31": "-0.72000", "2017-12-31": "-1.60000", "2017-09-30": "0.41000", "2017-06-30": "0.46000", "2017-03-31": "0.07000", "2016-12-31": "1.56000", "2016-09-30": "0.27000", "2016-06-30": "2.06000", "2016-03-31": "-0.36000", "2015-12-31": "0.18000", "2015-09-30": "0.16000", "2015-06-30": "0.38000", "2015-03-31": "0.30000", "2014-12-31": "0.73000", "2014-09-30": "0.77000", "2014-06-30": "0.11000", "2014-03-31": "0.21000", "2013-12-31": "0.31000", "2013-09-30": "0.28000", "2013-06-30": "0.43000", "2013-03-31": "0.33000", "2012-12-31": "0.12000", "2012-09-30": "0.36000", "2012-06-30": "0.31000", "2012-03-31": "0.31000", "2011-12-31": "0.32000", "2011-09-30": "0.52000", "2011-06-30": "0.48000", "2011-03-31": "0.48000", "2010-12-31": "0.67000", "2010-09-30": "0.50000", "2010-06-30": "0.59000", "2010-03-31": "0.52000", "2009-12-31": "0.49000", "2009-09-30": "0.41000", "2009-06-30": "0.39000", "2009-03-31": "0.01000", "2008-12-31": "0.17000", "2008-09-30": "0.49000", "2008-06-30": "2.05000", "2008-03-31": "0.66000", "2007-12-31": "0.46000", "2007-09-30": "0.39000", "2007-06-30": "0.31000", "2007-03-31": "0.21000", "2006-12-31": "0.42000", "2006-09-30": "0.28000", "2006-06-30": "0.33000", "2006-03-31": "0.17000", "2005-12-31": "-0.03000", "2005-09-30": "0.14000", "2005-06-30": "0.11000", "2005-03-31": "0.18000"}, "EPS - Earnings Per Share": {"2020-12-31": "0.28000", "2020-09-30": "0.48000", "2020-06-30": "-0.13000", "2020-03-31": "-0.16000", "2019-12-31": "0.05000", "2019-09-30": "0.38000", "2019-06-30": "0.09000", "2019-03-31": "0.55000", "2018-12-31": "0.40000", "2018-09-30": "0.67000", "2018-06-30": "0.78000", "2018-03-31": "-0.72000", "2017-12-31": "-1.54000", "2017-09-30": "0.39000", "2017-06-30": "0.42000", "2017-03-31": "0.07000", "2016-12-31": "1.46000", "2016-09-30": "0.26000", "2016-06-30": "1.87000", "2016-03-31": "-0.36000", "2015-12-31": "0.20000", "2015-09-30": "0.15000", "2015-06-30": "0.36000", "2015-03-31": "0.29000", "2014-12-31": "0.70000", "2014-09-30": "0.72000", "2014-06-30": "0.11000", "2014-03-31": "0.20000", "2013-12-31": "0.30000", "2013-09-30": "0.28000", "2013-06-30": "0.43000", "2013-03-31": "0.33000", "2012-12-31": "0.11000", "2012-09-30": "0.36000", "2012-06-30": "0.31000", "2012-03-31": "0.31000", "2011-12-31": "0.33000", "2011-09-30": "0.51000", "2011-06-30": "0.47000", "2011-03-31": "0.47000", "2010-12-31": "0.65000", "2010-09-30": "0.50000", "2010-06-30": "0.58000", "2010-03-31": "0.52000", "2009-12-31": "0.47000", "2009-09-30": "0.41000", "2009-06-30": "0.39000", "2009-03-31": "0.01000", "2008-12-31": "0.18000", "2008-09-30": "0.49000", "2008-06-30": "2.01000", "2008-03-31": "0.64000", "2007-12-31": "0.46000", "2007-09-30": "0.38000", "2007-06-30": "0.30000", "2007-03-31": "0.20000", "2006-12-31": "0.41000", "2006-09-30": "0.27000", "2006-06-30": "0.32000", "2006-03-31": "0.16000", "2005-12-31": "-0.03000", "2005-09-30": "0.13000", "2005-06-30": "0.11000", "2005-03-31": "0.17000"}}, "balance sheet": {"Cash On Hand": {"2020-12-31": "2672.00000", "2019-12-31": "2434.00000", "2018-12-31": "2355.00000", "2017-12-31": "4317.00000", "2016-12-31": "5291.00000", "2015-12-31": "4600.00000", "2014-12-31": "6068.00000", "2013-12-31": "5235.00000", "2012-12-31": "6144.00000", "2011-12-31": "5825.00000", "2010-12-31": "6350.00000", "2009-12-31": "3583.00000", "2008-12-31": "2816.00000", "2007-12-31": "3516.00000", "2006-12-31": "3167.00000", "2005-12-31": "2434.00000"}, "Receivables": {"2020-12-31": "2133.00000", "2019-12-31": "1836.00000", "2018-12-31": "1940.00000", "2017-12-31": "1807.00000", "2016-12-31": "1481.00000", "2015-12-31": "1372.00000", "2014-12-31": "1501.00000", "2013-12-31": "1253.00000", "2012-12-31": "1302.00000", "2011-12-31": "1082.00000", "2010-12-31": "973.00000", "2009-12-31": "753.00000", "2008-12-31": "512.00000", "2007-12-31": "856.00000", "2006-12-31": "719.00000", "2005-12-31": "629.00000"}, "Inventory": {"2020-12-31": "2438.00000", "2019-12-31": "2320.00000", "2018-12-31": "2037.00000", "2017-12-31": "1712.00000", "2016-12-31": "1471.00000", "2015-12-31": "1385.00000", "2014-12-31": "1322.00000", "2013-12-31": "1270.00000", "2012-12-31": "1051.00000", "2011-12-31": "975.00000", "2010-12-31": "738.00000", "2009-12-31": "579.00000", "2008-12-31": "798.00000", "2007-12-31": "631.00000", "2006-12-31": "639.00000", "2005-12-31": "570.00000"}, "Pre-Paid Expenses": {"2020-12-31": "", "2019-12-31": "", "2018-12-31": "", "2017-12-31": "", "2016-12-31": "", "2015-12-31": "", "2014-12-31": "", "2013-12-31": "", "2012-12-31": "", "2011-12-31": "", "2010-12-31": "", "2009-12-31": "", "2008-12-31": "", "2007-12-31": "", "2006-12-31": "", "2005-12-31": ""}, "Other Current Assets": {"2020-12-31": "761.00000", "2019-12-31": "873.00000", "2018-12-31": "702.00000", "2017-12-31": "991.00000", "2016-12-31": "805.00000", "2015-12-31": "912.00000", "2014-12-31": "1099.00000", "2013-12-31": "855.00000", "2012-12-31": "619.00000", "2011-12-31": "347.00000", "2010-12-31": "367.00000", "2009-12-31": "371.00000", "2008-12-31": "335.00000", "2007-12-31": "237.00000", "2006-12-31": "226.00000", "2005-12-31": "183.00000"}, "Total Current Assets": {"2020-12-31": "8004.00000", "2019-12-31": "7463.00000", "2018-12-31": "7034.00000", "2017-12-31": "8827.00000", "2016-12-31": "9048.00000", "2015-12-31": "8269.00000", "2014-12-31": "10238.00000", "2013-12-31": "8891.00000", "2012-12-31": "9695.00000", "2011-12-31": "8677.00000", "2010-12-31": "8859.00000", "2009-12-31": "5521.00000", "2008-12-31": "4619.00000", "2007-12-31": "5294.00000", "2006-12-31": "4798.00000", "2005-12-31": "3860.00000"}, "Property, Plant, And Equipment": {"2020-12-31": "15766.00000", "2019-12-31": "15337.00000", "2018-12-31": "14895.00000", "2017-12-31": "14017.00000", "2016-12-31": "12546.00000", "2015-12-31": "12648.00000", "2014-12-31": "12766.00000", "2013-12-31": "9801.00000", "2012-12-31": "10625.00000", "2011-12-31": "10671.00000", "2010-12-31": "8943.00000", "2009-12-31": "7995.00000", "2008-12-31": "8199.00000", "2007-12-31": "5986.00000", "2006-12-31": "5193.00000", "2005-12-31": "4675.00000"}, "Long-Term Investments": {"2020-12-31": "", "2019-12-31": "334.00000", "2018-12-31": "376.00000", "2017-12-31": "340.00000", "2016-12-31": "336.00000", "2015-12-31": "1975.00000", "2014-12-31": "1801.00000", "2013-12-31": "5537.00000", "2012-12-31": "4915.00000", "2011-12-31": "4726.00000", "2010-12-31": "4372.00000", "2009-12-31": "3992.00000", "2008-12-31": "3056.00000", "2007-12-31": "3036.00000", "2006-12-31": "2522.00000", "2005-12-31": "1729.00000"}, "Goodwill And Intangible Assets": {"2020-12-31": "3768.00000", "2019-12-31": "3120.00000", "2018-12-31": "3228.00000", "2017-12-31": "2563.00000", "2016-12-31": "2373.00000", "2015-12-31": "2086.00000", "2014-12-31": "1647.00000", "2013-12-31": "1542.00000", "2012-12-31": "1496.00000", "2011-12-31": "926.00000", "2010-12-31": "716.00000", "2009-12-31": "676.00000", "2008-12-31": "305.00000", "2007-12-31": "308.00000", "2006-12-31": "316.00000", "2005-12-31": "338.00000"}, "Other Long-Term Assets": {"2020-12-31": "2116.00000", "2019-12-31": "1487.00000", "2018-12-31": "1021.00000", "2017-12-31": "934.00000", "2016-12-31": "1271.00000", "2015-12-31": "1493.00000", "2014-12-31": "1722.00000", "2013-12-31": "473.00000", "2012-12-31": "301.00000", "2011-12-31": "196.00000", "2010-12-31": "153.00000", "2009-12-31": "129.00000", "2008-12-31": "145.00000", "2007-12-31": "389.00000", "2006-12-31": "122.00000", "2005-12-31": "595.00000"}, "Total Long-Term Assets": {"2020-12-31": "22771.00000", "2019-12-31": "21435.00000", "2018-12-31": "20471.00000", "2017-12-31": "18667.00000", "2016-12-31": "18851.00000", "2015-12-31": "20258.00000", "2014-12-31": "19825.00000", "2013-12-31": "19587.00000", "2012-12-31": "19680.00000", "2011-12-31": "19171.00000", "2010-12-31": "16974.00000", "2009-12-31": "15774.00000", "2008-12-31": "14637.00000", "2007-12-31": "9921.00000", "2006-12-31": "8267.00000", "2005-12-31": "7347.00000"}, "Total Assets": {"2020-12-31": "30775.00000", "2019-12-31": "28898.00000", "2018-12-31": "27505.00000", "2017-12-31": "27494.00000", "2016-12-31": "27899.00000", "2015-12-31": "28527.00000", "2014-12-31": "30063.00000", "2013-12-31": "28478.00000", "2012-12-31": "29375.00000", "2011-12-31": "27848.00000", "2010-12-31": "25833.00000", "2009-12-31": "21295.00000", "2008-12-31": "19256.00000", "2007-12-31": "15215.00000", "2006-12-31": "13065.00000", "2005-12-31": "11207.00000"}, "Total Current Liabilities": {"2020-12-31": "3767.00000", "2019-12-31": "3521.00000", "2018-12-31": "3311.00000", "2017-12-31": "3209.00000", "2016-12-31": "2751.00000", "2015-12-31": "2814.00000", "2014-12-31": "2324.00000", "2013-12-31": "1746.00000", "2012-12-31": "1956.00000", "2011-12-31": "2097.00000", "2010-12-31": "1986.00000", "2009-12-31": "1539.00000", "2008-12-31": "2052.00000", "2007-12-31": "2512.00000", "2006-12-31": "2319.00000", "2005-12-31": "2370.00000"}, "Long Term Debt": {"2020-12-31": "7838.00000", "2019-12-31": "7729.00000", "2018-12-31": "5994.00000", "2017-12-31": "4749.00000", "2016-12-31": "3646.00000", "2015-12-31": "3890.00000", "2014-12-31": "3227.00000", "2013-12-31": "3272.00000", "2012-12-31": "3382.00000", "2011-12-31": "2364.00000", "2010-12-31": "2262.00000", "2009-12-31": "1930.00000", "2008-12-31": "1527.00000", "2007-12-31": "1514.00000", "2006-12-31": "1696.00000", "2005-12-31": "1789.00000"}, "Other Non-Current Liabilities": {"2020-12-31": "4995.00000", "2019-12-31": "3980.00000", "2018-12-31": "3652.00000", "2017-12-31": "3017.00000", "2016-12-31": "2805.00000", "2015-12-31": "2242.00000", "2014-12-31": "2046.00000", "2013-12-31": "1483.00000", "2012-12-31": "1574.00000", "2011-12-31": "1361.00000", "2010-12-31": "1246.00000", "2009-12-31": "1373.00000", "2008-12-31": "1402.00000", "2007-12-31": "903.00000", "2006-12-31": "1020.00000", "2005-12-31": "925.00000"}, "Total Long Term Liabilities": {"2020-12-31": "13560.00000", "2019-12-31": "12380.00000", "2018-12-31": "10308.00000", "2017-12-31": "8515.00000", "2016-12-31": "7188.00000", "2015-12-31": "6850.00000", "2014-12-31": "6087.00000", "2013-12-31": "5521.00000", "2012-12-31": "5886.00000", "2011-12-31": "4622.00000", "2010-12-31": "4421.00000", "2009-12-31": "4161.00000", "2008-12-31": "3713.00000", "2007-12-31": "3207.00000", "2006-12-31": "3500.00000", "2005-12-31": "3350.00000"}, "Total Liabilities": {"2020-12-31": "17327.00000", "2019-12-31": "15901.00000", "2018-12-31": "13619.00000", "2017-12-31": "11724.00000", "2016-12-31": "9939.00000", "2015-12-31": "9664.00000", "2014-12-31": "8411.00000", "2013-12-31": "7267.00000", "2012-12-31": "7842.00000", "2011-12-31": "6719.00000", "2010-12-31": "6407.00000", "2009-12-31": "5700.00000", "2008-12-31": "5765.00000", "2007-12-31": "5719.00000", "2006-12-31": "5819.00000", "2005-12-31": "5720.00000"}, "Common Stock Net": {"2020-12-31": "863.00000", "2019-12-31": "859.00000", "2018-12-31": "857.00000", "2017-12-31": "854.00000", "2016-12-31": "846.00000", "2015-12-31": "840.00000", "2014-12-31": "836.00000", "2013-12-31": "831.00000", "2012-12-31": "825.00000", "2011-12-31": "818.00000", "2010-12-31": "813.00000", "2009-12-31": "808.00000", "2008-12-31": "804.00000", "2007-12-31": "799.00000", "2006-12-31": "791.00000", "2005-12-31": "776.00000"}, "Retained Earnings (Accumulated Deficit)": {"2020-12-31": "16120.00000", "2019-12-31": "16408.00000", "2018-12-31": "16303.00000", "2017-12-31": "15930.00000", "2016-12-31": "16880.00000", "2015-12-31": "13832.00000", "2014-12-31": "13021.00000", "2013-12-31": "11320.00000", "2012-12-31": "9932.00000", "2011-12-31": "9332.00000", "2010-12-31": "6881.00000", "2009-12-31": "3636.00000", "2008-12-31": "1940.00000", "2007-12-31": "-3002.00000", "2006-12-31": "-4992.00000", "2005-12-31": "-6847.00000"}, "Comprehensive Income": {"2020-12-31": "-740.00000", "2019-12-31": "-1171.00000", "2018-12-31": "-1010.00000", "2017-12-31": "-842.00000", "2016-12-31": "-1676.00000", "2015-12-31": "-1811.00000", "2014-12-31": "-1307.00000", "2013-12-31": "44.00000", "2012-12-31": "356.00000", "2011-12-31": "-89.00000", "2010-12-31": "43.00000", "2009-12-31": "-401.00000", "2008-12-31": "-643.00000", "2007-12-31": "-90.00000", "2006-12-31": "-360.00000", "2005-12-31": "178.00000"}, "Other Share Holders Equity": {"2020-12-31": "", "2019-12-31": "", "2018-12-31": "", "2017-12-31": "", "2016-12-31": "", "2015-12-31": "", "2014-12-31": "", "2013-12-31": "", "2012-12-31": "", "2011-12-31": "", "2010-12-31": "", "2009-12-31": "", "2008-12-31": "", "2007-12-31": "", "2006-12-31": "", "2005-12-31": ""}, "Share Holder Equity": {"2020-12-31": "13448.00000", "2019-12-31": "12997.00000", "2018-12-31": "13886.00000", "2017-12-31": "15770.00000", "2016-12-31": "17960.00000", "2015-12-31": "18863.00000", "2014-12-31": "21652.00000", "2013-12-31": "21211.00000", "2012-12-31": "21533.00000", "2011-12-31": "21129.00000", "2010-12-31": "19426.00000", "2009-12-31": "15595.00000", "2008-12-31": "13491.00000", "2007-12-31": "9496.00000", "2006-12-31": "7246.00000", "2005-12-31": "5487.00000"}, "Total Liabilities And Share Holders Equity": {"2020-12-31": "30775.00000", "2019-12-31": "28898.00000", "2018-12-31": "27505.00000", "2017-12-31": "27494.00000", "2016-12-31": "27899.00000", "2015-12-31": "28527.00000", "2014-12-31": "30063.00000", "2013-12-31": "28478.00000", "2012-12-31": "29375.00000", "2011-12-31": "27848.00000", "2010-12-31": "25833.00000", "2009-12-31": "21295.00000", "2008-12-31": "19256.00000", "2007-12-31": "15215.00000", "2006-12-31": "13065.00000", "2005-12-31": "11207.00000"}}, "balance sheet, quarterly": {"Cash On Hand": {"2020-12-31": "2672.00000", "2020-09-30": "2514.00000", "2020-06-30": "2158.00000", "2020-03-31": "2025.00000", "2019-12-31": "2434.00000", "2019-09-30": "971.00000", "2019-06-30": "1178.00000", "2019-03-31": "1456.00000", "2018-12-31": "2355.00000", "2018-09-30": "1903.00000", "2018-06-30": "2023.00000", "2018-03-31": "3096.00000", "2017-12-31": "4317.00000", "2017-09-30": "3865.00000", "2017-06-30": "4189.00000", "2017-03-31": "4872.00000", "2016-12-31": "5291.00000", "2016-09-30": "4821.00000", "2016-06-30": "7144.00000", "2016-03-31": "3540.00000", "2015-12-31": "4600.00000", "2015-09-30": "5013.00000", "2015-06-30": "5473.00000", "2015-03-31": "5067.00000", "2014-12-31": "6068.00000", "2014-09-30": "6104.00000", "2014-06-30": "5886.00000", "2014-03-31": "5612.00000", "2013-12-31": "5235.00000", "2013-09-30": "5446.00000", "2013-06-30": "5471.00000", "2013-03-31": "5775.00000", "2012-12-31": "6144.00000", "2012-09-30": "6351.00000", "2012-06-30": "6345.00000", "2012-03-31": "6836.00000", "2011-12-31": "5825.00000", "2011-09-30": "6421.00000", "2011-06-30": "6357.00000", "2011-03-31": "6303.00000", "2010-12-31": "6350.00000", "2010-09-30": "5029.00000", "2010-06-30": "4259.00000", "2010-03-31": "3873.00000", "2009-12-31": "3583.00000", "2009-09-30": "2930.00000", "2009-06-30": "3075.00000", "2009-03-31": "2585.00000", "2008-12-31": "2816.00000", "2008-09-30": "3172.00000", "2008-06-30": "3507.00000", "2008-03-31": "3309.00000", "2007-12-31": "3516.00000", "2007-09-30": "3329.00000", "2007-06-30": "3203.00000", "2007-03-31": "2888.00000", "2006-12-31": "3167.00000", "2006-09-30": "2812.00000", "2006-06-30": "2475.00000", "2006-03-31": "2478.00000", "2005-12-31": "2434.00000", "2005-09-30": "2418.00000", "2005-06-30": "2115.00000", "2005-03-31": "1547.00000"}, "Receivables": {"2020-12-31": "2133.00000", "2020-09-30": "2099.00000", "2020-06-30": "1712.00000", "2020-03-31": "1708.00000", "2019-12-31": "1836.00000", "2019-09-30": "2024.00000", "2019-06-30": "2103.00000", "2019-03-31": "1974.00000", "2018-12-31": "1940.00000", "2018-09-30": "1973.00000", "2018-06-30": "1842.00000", "2018-03-31": "1747.00000", "2017-12-31": "1807.00000", "2017-09-30": "1748.00000", "2017-06-30": "1640.00000", "2017-03-31": "1583.00000", "2016-12-31": "1481.00000", "2016-09-30": "1645.00000", "2016-06-30": "1544.00000", "2016-03-31": "1388.00000", "2015-12-31": "1372.00000", "2015-09-30": "1479.00000", "2015-06-30": "1545.00000", "2015-03-31": "1487.00000", "2014-12-31": "1501.00000", "2014-09-30": "1601.00000", "2014-06-30": "1645.00000", "2014-03-31": "1588.00000", "2013-12-31": "1253.00000", "2013-09-30": "1392.00000", "2013-06-30": "1296.00000", "2013-03-31": "1243.00000", "2012-12-31": "1302.00000", "2012-09-30": "1248.00000", "2012-06-30": "1157.00000", "2012-03-31": "1108.00000", "2011-12-31": "1082.00000", "2011-09-30": "1189.00000", "2011-06-30": "1252.00000", "2011-03-31": "1107.00000", "2010-12-31": "973.00000", "2010-09-30": "854.00000", "2010-06-30": "938.00000", "2010-03-31": "860.00000", "2009-12-31": "753.00000", "2009-09-30": "835.00000", "2009-06-30": "790.00000", "2009-03-31": "593.00000", "2008-12-31": "512.00000", "2008-09-30": "828.00000", "2008-06-30": "958.00000", "2008-03-31": "988.00000", "2007-12-31": "856.00000", "2007-09-30": "874.00000", "2007-06-30": "793.00000", "2007-03-31": "781.00000", "2006-12-31": "719.00000", "2006-09-30": "753.00000", "2006-06-30": "633.00000", "2006-03-31": "696.00000", "2005-12-31": "629.00000", "2005-09-30": "631.00000", "2005-06-30": "645.00000", "2005-03-31": "621.00000"}, "Inventory": {"2020-12-31": "2438.00000", "2020-09-30": "2581.00000", "2020-06-30": "2235.00000", "2020-03-31": "2347.00000", "2019-12-31": "2320.00000", "2019-09-30": "2337.00000", "2019-06-30": "2291.00000", "2019-03-31": "2190.00000", "2018-12-31": "2037.00000", "2018-09-30": "1921.00000", "2018-06-30": "1896.00000", "2018-03-31": "1834.00000", "2017-12-31": "1712.00000", "2017-09-30": "1693.00000", "2017-06-30": "1616.00000", "2017-03-31": "1544.00000", "2016-12-31": "1471.00000", "2016-09-30": "1516.00000", "2016-06-30": "1501.00000", "2016-03-31": "1453.00000", "2015-12-31": "1385.00000", "2015-09-30": "1374.00000", "2015-06-30": "1385.00000", "2015-03-31": "1331.00000", "2014-12-31": "1322.00000", "2014-09-30": "1327.00000", "2014-06-30": "1380.00000", "2014-03-31": "1395.00000", "2013-12-31": "1270.00000", "2013-09-30": "1275.00000", "2013-06-30": "1240.00000", "2013-03-31": "1171.00000", "2012-12-31": "1051.00000", "2012-09-30": "1003.00000", "2012-06-30": "999.00000", "2012-03-31": "955.00000", "2011-12-31": "975.00000", "2011-09-30": "939.00000", "2011-06-30": "917.00000", "2011-03-31": "841.00000", "2010-12-31": "738.00000", "2010-09-30": "712.00000", "2010-06-30": "607.00000", "2010-03-31": "604.00000", "2009-12-31": "579.00000", "2009-09-30": "618.00000", "2009-06-30": "647.00000", "2009-03-31": "731.00000", "2008-12-31": "798.00000", "2008-09-30": "755.00000", "2008-06-30": "726.00000", "2008-03-31": "692.00000", "2007-12-31": "631.00000", "2007-09-30": "665.00000", "2007-06-30": "677.00000", "2007-03-31": "685.00000", "2006-12-31": "639.00000", "2006-09-30": "673.00000", "2006-06-30": "664.00000", "2006-03-31": "616.00000", "2005-12-31": "570.00000", "2005-09-30": "559.00000", "2005-06-30": "552.00000", "2005-03-31": "562.00000"}, "Pre-Paid Expenses": {"2020-12-31": "", "2020-09-30": "", "2020-06-30": "", "2020-03-31": "", "2019-12-31": "", "2019-09-30": "", "2019-06-30": "", "2019-03-31": "", "2018-12-31": "", "2018-09-30": "", "2018-06-30": "", "2018-03-31": "", "2017-12-31": "", "2017-09-30": "", "2017-06-30": "", "2017-03-31": "", "2016-12-31": "", "2016-09-30": "", "2016-06-30": "", "2016-03-31": "", "2015-12-31": "", "2015-09-30": "", "2015-06-30": "", "2015-03-31": "", "2014-12-31": "", "2014-09-30": "", "2014-06-30": "", "2014-03-31": "", "2013-12-31": "", "2013-09-30": "", "2013-06-30": "", "2013-03-31": "", "2012-12-31": "", "2012-09-30": "", "2012-06-30": "", "2012-03-31": "", "2011-12-31": "", "2011-09-30": "", "2011-06-30": "", "2011-03-31": "", "2010-12-31": "", "2010-09-30": "", "2010-06-30": "", "2010-03-31": "", "2009-12-31": "", "2009-09-30": "", "2009-06-30": "", "2009-03-31": "", "2008-12-31": "", "2008-09-30": "", "2008-06-30": "", "2008-03-31": "", "2007-12-31": "", "2007-09-30": "", "2007-06-30": "", "2007-03-31": "", "2006-12-31": "", "2006-09-30": "", "2006-06-30": "", "2006-03-31": "", "2005-12-31": "", "2005-09-30": "", "2005-06-30": "", "2005-03-31": ""}, "Other Current Assets": {"2020-12-31": "761.00000", "2020-09-30": "864.00000", "2020-06-30": "741.00000", "2020-03-31": "866.00000", "2019-12-31": "873.00000", "2019-09-30": "824.00000", "2019-06-30": "739.00000", "2019-03-31": "729.00000", "2018-12-31": "702.00000", "2018-09-30": "835.00000", "2018-06-30": "723.00000", "2018-03-31": "986.00000", "2017-12-31": "991.00000", "2017-09-30": "948.00000", "2017-06-30": "986.00000", "2017-03-31": "719.00000", "2016-12-31": "805.00000", "2016-09-30": "497.00000", "2016-06-30": "558.00000", "2016-03-31": "797.00000", "2015-12-31": "912.00000", "2015-09-30": "1072.00000", "2015-06-30": "1174.00000", "2015-03-31": "1091.00000", "2014-12-31": "1099.00000", "2014-09-30": "825.00000", "2014-06-30": "604.00000", "2014-03-31": "697.00000", "2013-12-31": "855.00000", "2013-09-30": "706.00000", "2013-06-30": "764.00000", "2013-03-31": "681.00000", "2012-12-31": "619.00000", "2012-09-30": "424.00000", "2012-06-30": "436.00000", "2012-03-31": "479.00000", "2011-12-31": "347.00000", "2011-09-30": "359.00000", "2011-06-30": "364.00000", "2011-03-31": "353.00000", "2010-12-31": "367.00000", "2010-09-30": "313.00000", "2010-06-30": "290.00000", "2010-03-31": "323.00000", "2009-12-31": "371.00000", "2009-09-30": "338.00000", "2009-06-30": "388.00000", "2009-03-31": "379.00000", "2008-12-31": "335.00000", "2008-09-30": "305.00000", "2008-06-30": "289.00000", "2008-03-31": "303.00000", "2007-12-31": "237.00000", "2007-09-30": "221.00000", "2007-06-30": "301.00000", "2007-03-31": "237.00000", "2006-12-31": "226.00000", "2006-09-30": "184.00000", "2006-06-30": "198.00000", "2006-03-31": "189.00000", "2005-12-31": "183.00000", "2005-09-30": "204.00000", "2005-06-30": "223.00000", "2005-03-31": "208.00000"}, "Total Current Assets": {"2020-12-31": "8004.00000", "2020-09-30": "8058.00000", "2020-06-30": "6846.00000", "2020-03-31": "6946.00000", "2019-12-31": "7463.00000", "2019-09-30": "6156.00000", "2019-06-30": "6311.00000", "2019-03-31": "6349.00000", "2018-12-31": "7034.00000", "2018-09-30": "6632.00000", "2018-06-30": "6484.00000", "2018-03-31": "7663.00000", "2017-12-31": "8827.00000", "2017-09-30": "8254.00000", "2017-06-30": "8431.00000", "2017-03-31": "8718.00000", "2016-12-31": "9048.00000", "2016-09-30": "8479.00000", "2016-06-30": "10747.00000", "2016-03-31": "7178.00000", "2015-12-31": "8269.00000", "2015-09-30": "9253.00000", "2015-06-30": "9868.00000", "2015-03-31": "9238.00000", "2014-12-31": "10238.00000", "2014-09-30": "10013.00000", "2014-06-30": "9864.00000", "2014-03-31": "9613.00000", "2013-12-31": "8891.00000", "2013-09-30": "9128.00000", "2013-06-30": "9053.00000", "2013-03-31": "9269.00000", "2012-12-31": "9695.00000", "2012-09-30": "9516.00000", "2012-06-30": "9378.00000", "2012-03-31": "9801.00000", "2011-12-31": "8677.00000", "2011-09-30": "9264.00000", "2011-06-30": "9329.00000", "2011-03-31": "9037.00000", "2010-12-31": "8859.00000", "2010-09-30": "7363.00000", "2010-06-30": "6460.00000", "2010-03-31": "6052.00000", "2009-12-31": "5521.00000", "2009-09-30": "4847.00000", "2009-06-30": "5028.00000", "2009-03-31": "4439.00000", "2008-12-31": "4619.00000", "2008-09-30": "5222.00000", "2008-06-30": "5648.00000", "2008-03-31": "5339.00000", "2007-12-31": "5294.00000", "2007-09-30": "5126.00000", "2007-06-30": "5007.00000", "2007-03-31": "4629.00000", "2006-12-31": "4798.00000", "2006-09-30": "4486.00000", "2006-06-30": "4035.00000", "2006-03-31": "4044.00000", "2005-12-31": "3860.00000", "2005-09-30": "3899.00000", "2005-06-30": "3628.00000", "2005-03-31": "3028.00000"}, "Property, Plant, And Equipment": {"2020-12-31": "15766.00000", "2020-09-30": "15449.00000", "2020-06-30": "14691.00000", "2020-03-31": "14932.00000", "2019-12-31": "15337.00000", "2019-09-30": "15083.00000", "2019-06-30": "15137.00000", "2019-03-31": "14878.00000", "2018-12-31": "14895.00000", "2018-09-30": "14345.00000", "2018-06-30": "14201.00000", "2018-03-31": "14416.00000", "2017-12-31": "14017.00000", "2017-09-30": "13344.00000", "2017-06-30": "13060.00000", "2017-03-31": "12969.00000", "2016-12-31": "12546.00000", "2016-09-30": "13293.00000", "2016-06-30": "13048.00000", "2016-03-31": "12823.00000", "2015-12-31": "12648.00000", "2015-09-30": "12549.00000", "2015-06-30": "12669.00000", "2015-03-31": "12708.00000", "2014-12-31": "12766.00000", "2014-09-30": "13033.00000", "2014-06-30": "13523.00000", "2014-03-31": "13344.00000", "2013-12-31": "9801.00000", "2013-09-30": "9977.00000", "2013-06-30": "9954.00000", "2013-03-31": "10171.00000", "2012-12-31": "10625.00000", "2012-09-30": "11036.00000", "2012-06-30": "10751.00000", "2012-03-31": "10373.00000", "2011-12-31": "10671.00000", "2011-09-30": "10266.00000", "2011-06-30": "9755.00000", "2011-03-31": "9235.00000", "2010-12-31": "8943.00000", "2010-09-30": "8526.00000", "2010-06-30": "8047.00000", "2010-03-31": "7847.00000", "2009-12-31": "7995.00000", "2009-09-30": "8180.00000", "2009-06-30": "7885.00000", "2009-03-31": "7806.00000", "2008-12-31": "8199.00000", "2008-09-30": "7220.00000", "2008-06-30": "6944.00000", "2008-03-31": "6837.00000", "2007-12-31": "5986.00000", "2007-09-30": "5602.00000", "2007-06-30": "5179.00000", "2007-03-31": "5281.00000", "2006-12-31": "5193.00000", "2006-09-30": "5082.00000", "2006-06-30": "5032.00000", "2006-03-31": "4816.00000", "2005-12-31": "4675.00000", "2005-09-30": "4367.00000", "2005-06-30": "4220.00000", "2005-03-31": "4096.00000"}, "Long-Term Investments": {"2020-12-31": "", "2020-09-30": "354.00000", "2020-06-30": "329.00000", "2020-03-31": "320.00000", "2019-12-31": "334.00000", "2019-09-30": "339.00000", "2019-06-30": "344.00000", "2019-03-31": "346.00000", "2018-12-31": "376.00000", "2018-09-30": "322.00000", "2018-06-30": "339.00000", "2018-03-31": "345.00000", "2017-12-31": "340.00000", "2017-09-30": "352.00000", "2017-06-30": "348.00000", "2017-03-31": "337.00000", "2016-12-31": "336.00000", "2016-09-30": "352.00000", "2016-06-30": "346.00000", "2016-03-31": "2072.00000", "2015-12-31": "1975.00000", "2015-09-30": "1826.00000", "2015-06-30": "1844.00000", "2015-03-31": "1764.00000", "2014-12-31": "1801.00000", "2014-09-30": "2002.00000", "2014-06-30": "2013.00000", "2014-03-31": "1976.00000", "2013-12-31": "5537.00000", "2013-09-30": "5160.00000", "2013-06-30": "4809.00000", "2013-03-31": "4726.00000", "2012-12-31": "4915.00000", "2012-09-30": "5172.00000", "2012-06-30": "4870.00000", "2012-03-31": "4554.00000", "2011-12-31": "4726.00000", "2011-09-30": "4890.00000", "2011-06-30": "5029.00000", "2011-03-31": "4569.00000", "2010-12-31": "4372.00000", "2010-09-30": "5194.00000", "2010-06-30": "4434.00000", "2010-03-31": "4296.00000", "2009-12-31": "3992.00000", "2009-09-30": "3818.00000", "2009-06-30": "3168.00000", "2009-03-31": "2435.00000", "2008-12-31": "3056.00000", "2008-09-30": "3119.00000", "2008-06-30": "3264.00000", "2008-03-31": "3098.00000", "2007-12-31": "3036.00000", "2007-09-30": "2932.00000", "2007-06-30": "2720.00000", "2007-03-31": "2588.00000", "2006-12-31": "2522.00000", "2006-09-30": "2312.00000", "2006-06-30": "2150.00000", "2006-03-31": "1929.00000", "2005-12-31": "1729.00000", "2005-09-30": "1605.00000", "2005-06-30": "1546.00000", "2005-03-31": "1485.00000"}, "Goodwill And Intangible Assets": {"2020-12-31": "3768.00000", "2020-09-30": "3759.00000", "2020-06-30": "2997.00000", "2020-03-31": "3067.00000", "2019-12-31": "3120.00000", "2019-09-30": "3130.00000", "2019-06-30": "3178.00000", "2019-03-31": "3195.00000", "2018-12-31": "3228.00000", "2018-09-30": "3239.00000", "2018-06-30": "3250.00000", "2018-03-31": "2549.00000", "2017-12-31": "2563.00000", "2017-09-30": "2575.00000", "2017-06-30": "2450.00000", "2017-03-31": "2444.00000", "2016-12-31": "2373.00000", "2016-09-30": "2366.00000", "2016-06-30": "2373.00000", "2016-03-31": "2102.00000", "2015-12-31": "2086.00000", "2015-09-30": "2008.00000", "2015-06-30": "2043.00000", "2015-03-31": "2045.00000", "2014-12-31": "1647.00000", "2014-09-30": "1653.00000", "2014-06-30": "1682.00000", "2014-03-31": "1665.00000", "2013-12-31": "1542.00000", "2013-09-30": "1551.00000", "2013-06-30": "1559.00000", "2013-03-31": "1485.00000", "2012-12-31": "1496.00000", "2012-09-30": "912.00000", "2012-06-30": "916.00000", "2012-03-31": "922.00000", "2011-12-31": "926.00000", "2011-09-30": "881.00000", "2011-06-30": "883.00000", "2011-03-31": "885.00000", "2010-12-31": "716.00000", "2010-09-30": "668.00000", "2010-06-30": "669.00000", "2010-03-31": "674.00000", "2009-12-31": "676.00000", "2009-09-30": "680.00000", "2009-06-30": "299.00000", "2009-03-31": "302.00000", "2008-12-31": "305.00000", "2008-09-30": "306.00000", "2008-06-30": "303.00000", "2008-03-31": "306.00000", "2007-12-31": "308.00000", "2007-09-30": "311.00000", "2007-06-30": "313.00000", "2007-03-31": "314.00000", "2006-12-31": "316.00000", "2006-09-30": "331.00000", "2006-06-30": "333.00000", "2006-03-31": "336.00000", "2005-12-31": "338.00000", "2005-09-30": "380.00000", "2005-06-30": "383.00000", "2005-03-31": "387.00000"}, "Other Long-Term Assets": {"2020-12-31": "2116.00000", "2020-09-30": "1474.00000", "2020-06-30": "1417.00000", "2020-03-31": "1413.00000", "2019-12-31": "1487.00000", "2019-09-30": "1512.00000", "2019-06-30": "1552.00000", "2019-03-31": "1502.00000", "2018-12-31": "1021.00000", "2018-09-30": "1023.00000", "2018-06-30": "1007.00000", "2018-03-31": "952.00000", "2017-12-31": "934.00000", "2017-09-30": "928.00000", "2017-06-30": "890.00000", "2017-03-31": "1132.00000", "2016-12-31": "1271.00000", "2016-09-30": "1209.00000", "2016-06-30": "1187.00000", "2016-03-31": "1342.00000", "2015-12-31": "1493.00000", "2015-09-30": "1551.00000", "2015-06-30": "1656.00000", "2015-03-31": "1685.00000", "2014-12-31": "1722.00000", "2014-09-30": "1170.00000", "2014-06-30": "666.00000", "2014-03-31": "766.00000", "2013-12-31": "473.00000", "2013-09-30": "495.00000", "2013-06-30": "561.00000", "2013-03-31": "437.00000", "2012-12-31": "301.00000", "2012-09-30": "273.00000", "2012-06-30": "274.00000", "2012-03-31": "259.00000", "2011-12-31": "196.00000", "2011-09-30": "157.00000", "2011-06-30": "150.00000", "2011-03-31": "174.00000", "2010-12-31": "153.00000", "2010-09-30": "127.00000", "2010-06-30": "120.00000", "2010-03-31": "125.00000", "2009-12-31": "129.00000", "2009-09-30": "147.00000", "2009-06-30": "144.00000", "2009-03-31": "137.00000", "2008-12-31": "145.00000", "2008-09-30": "507.00000", "2008-06-30": "442.00000", "2008-03-31": "454.00000", "2007-12-31": "389.00000", "2007-09-30": "210.00000", "2007-06-30": "205.00000", "2007-03-31": "233.00000", "2006-12-31": "122.00000", "2006-09-30": "580.00000", "2006-06-30": "598.00000", "2006-03-31": "582.00000", "2005-12-31": "595.00000", "2005-09-30": "145.00000", "2005-06-30": "156.00000", "2005-03-31": "159.00000"}, "Total Long-Term Assets": {"2020-12-31": "22771.00000", "2020-09-30": "22209.00000", "2020-06-30": "20700.00000", "2020-03-31": "20913.00000", "2019-12-31": "21435.00000", "2019-09-30": "21173.00000", "2019-06-30": "21264.00000", "2019-03-31": "20972.00000", "2018-12-31": "20471.00000", "2018-09-30": "19760.00000", "2018-06-30": "19656.00000", "2018-03-31": "19171.00000", "2017-12-31": "18667.00000", "2017-09-30": "19840.00000", "2017-06-30": "19399.00000", "2017-03-31": "19587.00000", "2016-12-31": "18851.00000", "2016-09-30": "20330.00000", "2016-06-30": "19906.00000", "2016-03-31": "20767.00000", "2015-12-31": "20258.00000", "2015-09-30": "19645.00000", "2015-06-30": "20020.00000", "2015-03-31": "20085.00000", "2014-12-31": "19825.00000", "2014-09-30": "19802.00000", "2014-06-30": "19968.00000", "2014-03-31": "19931.00000", "2013-12-31": "19587.00000", "2013-09-30": "19586.00000", "2013-06-30": "19336.00000", "2013-03-31": "19326.00000", "2012-12-31": "19680.00000", "2012-09-30": "19894.00000", "2012-06-30": "19376.00000", "2012-03-31": "18688.00000", "2011-12-31": "19171.00000", "2011-09-30": "18909.00000", "2011-06-30": "18496.00000", "2011-03-31": "17623.00000", "2010-12-31": "16974.00000", "2010-09-30": "17307.00000", "2010-06-30": "16081.00000", "2010-03-31": "15675.00000", "2009-12-31": "15774.00000", "2009-09-30": "15900.00000", "2009-06-30": "14576.00000", "2009-03-31": "13739.00000", "2008-12-31": "14637.00000", "2008-09-30": "13768.00000", "2008-06-30": "13532.00000", "2008-03-31": "10924.00000", "2007-12-31": "9921.00000", "2007-09-30": "9147.00000", "2007-06-30": "8533.00000", "2007-03-31": "8532.00000", "2006-12-31": "8267.00000", "2006-09-30": "8361.00000", "2006-06-30": "8164.00000", "2006-03-31": "7713.00000", "2005-12-31": "7347.00000", "2005-09-30": "6984.00000", "2005-06-30": "6769.00000", "2005-03-31": "6605.00000"}, "Total Assets": {"2020-12-31": "30775.00000", "2020-09-30": "30267.00000", "2020-06-30": "27546.00000", "2020-03-31": "27859.00000", "2019-12-31": "28898.00000", "2019-09-30": "27329.00000", "2019-06-30": "27575.00000", "2019-03-31": "27321.00000", "2018-12-31": "27505.00000", "2018-09-30": "26392.00000", "2018-06-30": "26140.00000", "2018-03-31": "26834.00000", "2017-12-31": "27494.00000", "2017-09-30": "28094.00000", "2017-06-30": "27830.00000", "2017-03-31": "28305.00000", "2016-12-31": "27899.00000", "2016-09-30": "28809.00000", "2016-06-30": "30653.00000", "2016-03-31": "27945.00000", "2015-12-31": "28527.00000", "2015-09-30": "28898.00000", "2015-06-30": "29888.00000", "2015-03-31": "29323.00000", "2014-12-31": "30063.00000", "2014-09-30": "29815.00000", "2014-06-30": "29832.00000", "2014-03-31": "29544.00000", "2013-12-31": "28478.00000", "2013-09-30": "28714.00000", "2013-06-30": "28389.00000", "2013-03-31": "28595.00000", "2012-12-31": "29375.00000", "2012-09-30": "29410.00000", "2012-06-30": "28754.00000", "2012-03-31": "28489.00000", "2011-12-31": "27848.00000", "2011-09-30": "28173.00000", "2011-06-30": "27825.00000", "2011-03-31": "26660.00000", "2010-12-31": "25833.00000", "2010-09-30": "24670.00000", "2010-06-30": "22541.00000", "2010-03-31": "21727.00000", "2009-12-31": "21295.00000", "2009-09-30": "20747.00000", "2009-06-30": "19604.00000", "2009-03-31": "18178.00000", "2008-12-31": "19256.00000", "2008-09-30": "18990.00000", "2008-06-30": "19180.00000", "2008-03-31": "16263.00000", "2007-12-31": "15215.00000", "2007-09-30": "14273.00000", "2007-06-30": "13540.00000", "2007-03-31": "13161.00000", "2006-12-31": "13065.00000", "2006-09-30": "12847.00000", "2006-06-30": "12199.00000", "2006-03-31": "11757.00000", "2005-12-31": "11207.00000", "2005-09-30": "10883.00000", "2005-06-30": "10397.00000", "2005-03-31": "9633.00000"}, "Total Current Liabilities": {"2020-12-31": "3767.00000", "2020-09-30": "3849.00000", "2020-06-30": "3020.00000", "2020-03-31": "3191.00000", "2019-12-31": "3521.00000", "2019-09-30": "3600.00000", "2019-06-30": "3416.00000", "2019-03-31": "3059.00000", "2018-12-31": "3311.00000", "2018-09-30": "3112.00000", "2018-06-30": "2908.00000", "2018-03-31": "2995.00000", "2017-12-31": "3209.00000", "2017-09-30": "3065.00000", "2017-06-30": "2808.00000", "2017-03-31": "2421.00000", "2016-12-31": "2751.00000", "2016-09-30": "2294.00000", "2016-06-30": "2448.00000", "2016-03-31": "2564.00000", "2015-12-31": "2814.00000", "2015-09-30": "1966.00000", "2015-06-30": "2022.00000", "2015-03-31": "1895.00000", "2014-12-31": "2324.00000", "2014-09-30": "2138.00000", "2014-06-30": "2177.00000", "2014-03-31": "2046.00000", "2013-12-31": "1746.00000", "2013-09-30": "1578.00000", "2013-06-30": "1597.00000", "2013-03-31": "1795.00000", "2012-12-31": "1956.00000", "2012-09-30": "1987.00000", "2012-06-30": "1892.00000", "2012-03-31": "1781.00000", "2011-12-31": "2097.00000", "2011-09-30": "2009.00000", "2011-06-30": "2083.00000", "2011-03-31": "1894.00000", "2010-12-31": "1986.00000", "2010-09-30": "1694.00000", "2010-06-30": "1457.00000", "2010-03-31": "1278.00000", "2009-12-31": "1539.00000", "2009-09-30": "1520.00000", "2009-06-30": "1531.00000", "2009-03-31": "1592.00000", "2008-12-31": "2052.00000", "2008-09-30": "2058.00000", "2008-06-30": "1958.00000", "2008-03-31": "1862.00000", "2007-12-31": "2512.00000", "2007-09-30": "2255.00000", "2007-06-30": "2205.00000", "2007-03-31": "2231.00000", "2006-12-31": "2319.00000", "2006-09-30": "2320.00000", "2006-06-30": "2372.00000", "2006-03-31": "2383.00000", "2005-12-31": "2370.00000", "2005-09-30": "2231.00000", "2005-06-30": "2111.00000", "2005-03-31": "1956.00000"}, "Long Term Debt": {"2020-12-31": "7838.00000", "2020-09-30": "7822.00000", "2020-06-30": "7797.00000", "2020-03-31": "7815.00000", "2019-12-31": "7729.00000", "2019-09-30": "6225.00000", "2019-06-30": "6080.00000", "2019-03-31": "6018.00000", "2018-12-31": "5994.00000", "2018-09-30": "5056.00000", "2018-06-30": "5099.00000", "2018-03-31": "4808.00000", "2017-12-31": "4749.00000", "2017-09-30": "3994.00000", "2017-06-30": "3302.00000", "2017-03-31": "3669.00000", "2016-12-31": "3646.00000", "2016-09-30": "3916.00000", "2016-06-30": "3918.00000", "2016-03-31": "3910.00000", "2015-12-31": "3890.00000", "2015-09-30": "3915.00000", "2015-06-30": "3910.00000", "2015-03-31": "3165.00000", "2014-12-31": "3227.00000", "2014-09-30": "3228.00000", "2014-06-30": "3238.00000", "2014-03-31": "3224.00000", "2013-12-31": "3272.00000", "2013-09-30": "2816.00000", "2013-06-30": "2822.00000", "2013-03-31": "2855.00000", "2012-12-31": "3382.00000", "2012-09-30": "3272.00000", "2012-06-30": "3229.00000", "2012-03-31": "3135.00000", "2011-12-31": "2364.00000", "2011-09-30": "2282.00000", "2011-06-30": "2248.00000", "2011-03-31": "2245.00000", "2010-12-31": "2262.00000", "2010-09-30": "2390.00000", "2010-06-30": "1927.00000", "2010-03-31": "1919.00000", "2009-12-31": "1930.00000", "2009-09-30": "1945.00000", "2009-06-30": "1938.00000", "2009-03-31": "1596.00000", "2008-12-31": "1527.00000", "2008-09-30": "1470.00000", "2008-06-30": "1474.00000", "2008-03-31": "1503.00000", "2007-12-31": "1514.00000", "2007-09-30": "1460.00000", "2007-06-30": "1456.00000", "2007-03-31": "1466.00000", "2006-12-31": "1696.00000", "2006-09-30": "1710.00000", "2006-06-30": "1475.00000", "2006-03-31": "1788.00000", "2005-12-31": "1789.00000", "2005-09-30": "1804.00000", "2005-06-30": "1915.00000", "2005-03-31": "2125.00000"}, "Other Non-Current Liabilities": {"2020-12-31": "4995.00000", "2020-09-30": "5072.00000", "2020-06-30": "3928.00000", "2020-03-31": "3895.00000", "2019-12-31": "3980.00000", "2019-09-30": "3724.00000", "2019-06-30": "3910.00000", "2019-03-31": "3879.00000", "2018-12-31": "3652.00000", "2018-09-30": "3545.00000", "2018-06-30": "3480.00000", "2018-03-31": "3797.00000", "2017-12-31": "3017.00000", "2017-09-30": "2940.00000", "2017-06-30": "2928.00000", "2017-03-31": "3101.00000", "2016-12-31": "2805.00000", "2016-09-30": "4104.00000", "2016-06-30": "3905.00000", "2016-03-31": "2767.00000", "2015-12-31": "2242.00000", "2015-09-30": "2165.00000", "2015-06-30": "2120.00000", "2015-03-31": "2081.00000", "2014-12-31": "2046.00000", "2014-09-30": "1842.00000", "2014-06-30": "1834.00000", "2014-03-31": "1789.00000", "2013-12-31": "1483.00000", "2013-09-30": "1605.00000", "2013-06-30": "1600.00000", "2013-03-31": "1622.00000", "2012-12-31": "1574.00000", "2012-09-30": "1364.00000", "2012-06-30": "1331.00000", "2012-03-31": "1306.00000", "2011-12-31": "1361.00000", "2011-09-30": "1300.00000", "2011-06-30": "1302.00000", "2011-03-31": "1251.00000", "2010-12-31": "1246.00000", "2010-09-30": "1290.00000", "2010-06-30": "1287.00000", "2010-03-31": "1311.00000", "2009-12-31": "1373.00000", "2009-09-30": "1496.00000", "2009-06-30": "1517.00000", "2009-03-31": "1521.00000", "2008-12-31": "1402.00000", "2008-09-30": "1244.00000", "2008-06-30": "1280.00000", "2008-03-31": "1368.00000", "2007-12-31": "903.00000", "2007-09-30": "1002.00000", "2007-06-30": "956.00000", "2007-03-31": "1034.00000", "2006-12-31": "1020.00000", "2006-09-30": "996.00000", "2006-06-30": "1032.00000", "2006-03-31": "907.00000", "2005-12-31": "925.00000", "2005-09-30": "1001.00000", "2005-06-30": "887.00000", "2005-03-31": "740.00000"}, "Total Long Term Liabilities": {"2020-12-31": "13560.00000", "2020-09-30": "13561.00000", "2020-06-30": "12393.00000", "2020-03-31": "12381.00000", "2019-12-31": "12380.00000", "2019-09-30": "10595.00000", "2019-06-30": "10638.00000", "2019-03-31": "10556.00000", "2018-12-31": "10308.00000", "2018-09-30": "9302.00000", "2018-06-30": "9281.00000", "2018-03-31": "9351.00000", "2017-12-31": "8515.00000", "2017-09-30": "7646.00000", "2017-06-30": "6942.00000", "2017-03-31": "7505.00000", "2016-12-31": "7188.00000", "2016-09-30": "8728.00000", "2016-06-30": "8533.00000", "2016-03-31": "7394.00000", "2015-12-31": "6850.00000", "2015-09-30": "6862.00000", "2015-06-30": "6811.00000", "2015-03-31": "6056.00000", "2014-12-31": "6087.00000", "2014-09-30": "5827.00000", "2014-06-30": "5823.00000", "2014-03-31": "5779.00000", "2013-12-31": "5521.00000", "2013-09-30": "5338.00000", "2013-06-30": "5338.00000", "2013-03-31": "5410.00000", "2012-12-31": "5886.00000", "2012-09-30": "5537.00000", "2012-06-30": "5460.00000", "2012-03-31": "5341.00000", "2011-12-31": "4622.00000", "2011-09-30": "4473.00000", "2011-06-30": "4436.00000", "2011-03-31": "4411.00000", "2010-12-31": "4421.00000", "2010-09-30": "4509.00000", "2010-06-30": "4042.00000", "2010-03-31": "4096.00000", "2009-12-31": "4161.00000", "2009-09-30": "4209.00000", "2009-06-30": "4221.00000", "2009-03-31": "3891.00000", "2008-12-31": "3713.00000", "2008-09-30": "3504.00000", "2008-06-30": "3541.00000", "2008-03-31": "3661.00000", "2007-12-31": "3207.00000", "2007-09-30": "3220.00000", "2007-06-30": "3169.00000", "2007-03-31": "3286.00000", "2006-12-31": "3500.00000", "2006-09-30": "3339.00000", "2006-06-30": "3143.00000", "2006-03-31": "3334.00000", "2005-12-31": "3350.00000", "2005-09-30": "3426.00000", "2005-06-30": "3423.00000", "2005-03-31": "3489.00000"}, "Total Liabilities": {"2020-12-31": "17327.00000", "2020-09-30": "17410.00000", "2020-06-30": "15413.00000", "2020-03-31": "15572.00000", "2019-12-31": "15901.00000", "2019-09-30": "14195.00000", "2019-06-30": "14054.00000", "2019-03-31": "13615.00000", "2018-12-31": "13619.00000", "2018-09-30": "12414.00000", "2018-06-30": "12189.00000", "2018-03-31": "12346.00000", "2017-12-31": "11724.00000", "2017-09-30": "10711.00000", "2017-06-30": "9750.00000", "2017-03-31": "9926.00000", "2016-12-31": "9939.00000", "2016-09-30": "11022.00000", "2016-06-30": "10981.00000", "2016-03-31": "9958.00000", "2015-12-31": "9664.00000", "2015-09-30": "8828.00000", "2015-06-30": "8833.00000", "2015-03-31": "7951.00000", "2014-12-31": "8411.00000", "2014-09-30": "7965.00000", "2014-06-30": "8000.00000", "2014-03-31": "7825.00000", "2013-12-31": "7267.00000", "2013-09-30": "6916.00000", "2013-06-30": "6935.00000", "2013-03-31": "7205.00000", "2012-12-31": "7842.00000", "2012-09-30": "7524.00000", "2012-06-30": "7352.00000", "2012-03-31": "7122.00000", "2011-12-31": "6719.00000", "2011-09-30": "6482.00000", "2011-06-30": "6519.00000", "2011-03-31": "6305.00000", "2010-12-31": "6407.00000", "2010-09-30": "6203.00000", "2010-06-30": "5499.00000", "2010-03-31": "5374.00000", "2009-12-31": "5700.00000", "2009-09-30": "5729.00000", "2009-06-30": "5752.00000", "2009-03-31": "5483.00000", "2008-12-31": "5765.00000", "2008-09-30": "5562.00000", "2008-06-30": "5499.00000", "2008-03-31": "5523.00000", "2007-12-31": "5719.00000", "2007-09-30": "5475.00000", "2007-06-30": "5374.00000", "2007-03-31": "5517.00000", "2006-12-31": "5819.00000", "2006-09-30": "5659.00000", "2006-06-30": "5515.00000", "2006-03-31": "5717.00000", "2005-12-31": "5720.00000", "2005-09-30": "5657.00000", "2005-06-30": "5534.00000", "2005-03-31": "5445.00000"}, "Common Stock Net": {"2020-12-31": "863.00000", "2020-09-30": "861.00000", "2020-06-30": "860.00000", "2020-03-31": "859.00000", "2019-12-31": "859.00000", "2019-09-30": "859.00000", "2019-06-30": "858.00000", "2019-03-31": "857.00000", "2018-12-31": "857.00000", "2018-09-30": "856.00000", "2018-06-30": "855.00000", "2018-03-31": "854.00000", "2017-12-31": "854.00000", "2017-09-30": "853.00000", "2017-06-30": "852.00000", "2017-03-31": "850.00000", "2016-12-31": "846.00000", "2016-09-30": "844.00000", "2016-06-30": "842.00000", "2016-03-31": "841.00000", "2015-12-31": "840.00000", "2015-09-30": "840.00000", "2015-06-30": "840.00000", "2015-03-31": "840.00000", "2014-12-31": "836.00000", "2014-09-30": "836.00000", "2014-06-30": "835.00000", "2014-03-31": "833.00000", "2013-12-31": "831.00000", "2013-09-30": "829.00000", "2013-06-30": "828.00000", "2013-03-31": "826.00000", "2012-12-31": "825.00000", "2012-09-30": "824.00000", "2012-06-30": "823.00000", "2012-03-31": "822.00000", "2011-12-31": "818.00000", "2011-09-30": "818.00000", "2011-06-30": "817.00000", "2011-03-31": "817.00000", "2010-12-31": "813.00000", "2010-09-30": "812.00000", "2010-06-30": "812.00000", "2010-03-31": "811.00000", "2009-12-31": "808.00000", "2009-09-30": "807.00000", "2009-06-30": "807.00000", "2009-03-31": "806.00000", "2008-12-31": "804.00000", "2008-09-30": "804.00000", "2008-06-30": "804.00000", "2008-03-31": "801.00000", "2007-12-31": "799.00000", "2007-09-30": "797.00000", "2007-06-30": "796.00000", "2007-03-31": "793.00000", "2006-12-31": "791.00000", "2006-09-30": "790.00000", "2006-06-30": "787.00000", "2006-03-31": "786.00000", "2005-12-31": "776.00000", "2005-09-30": "767.00000", "2005-06-30": "743.00000", "2005-03-31": "719.00000"}, "Retained Earnings (Accumulated Deficit)": {"2020-12-31": "16120.00000", "2020-09-30": "16065.00000", "2020-06-30": "15847.00000", "2020-03-31": "16114.00000", "2019-12-31": "16408.00000", "2019-09-30": "16555.00000", "2019-06-30": "16399.00000", "2019-03-31": "16489.00000", "2018-12-31": "16303.00000", "2018-09-30": "16186.00000", "2018-06-30": "15731.00000", "2018-03-31": "15166.00000", "2017-12-31": "15930.00000", "2017-09-30": "17533.00000", "2017-06-30": "17303.00000", "2017-03-31": "17030.00000", "2016-12-31": "16880.00000", "2016-09-30": "15460.00000", "2016-06-30": "15331.00000", "2016-03-31": "13290.00000", "2015-12-31": "13832.00000", "2015-09-30": "13769.00000", "2015-06-30": "13727.00000", "2015-03-31": "13405.00000", "2014-12-31": "13021.00000", "2014-09-30": "12339.00000", "2014-06-30": "11478.00000", "2014-03-31": "11465.00000", "2013-12-31": "11320.00000", "2013-09-30": "11017.00000", "2013-06-30": "10754.00000", "2013-03-31": "10262.00000", "2012-12-31": "9932.00000", "2012-09-30": "10438.00000", "2012-06-30": "10029.00000", "2012-03-31": "9679.00000", "2011-12-31": "9332.00000", "2011-09-30": "8958.00000", "2011-06-30": "8227.00000", "2011-03-31": "7550.00000", "2010-12-31": "6881.00000", "2010-09-30": "5916.00000", "2010-06-30": "5208.00000", "2010-03-31": "4374.00000", "2009-12-31": "3636.00000", "2009-09-30": "2974.00000", "2009-06-30": "2409.00000", "2009-03-31": "1876.00000", "2008-12-31": "1940.00000", "2008-09-30": "1770.00000", "2008-06-30": "1080.00000", "2008-03-31": "-2053.00000", "2007-12-31": "-3002.00000", "2007-09-30": "-3641.00000", "2007-06-30": "-4179.00000", "2007-03-31": "-4668.00000", "2006-12-31": "-4992.00000", "2006-09-30": "-5638.00000", "2006-06-30": "-6076.00000", "2006-03-31": "-6591.00000", "2005-12-31": "-6847.00000", "2005-09-30": "-6692.00000", "2005-06-30": "-6895.00000", "2005-03-31": "-7060.00000"}, "Comprehensive Income": {"2020-12-31": "-740.00000", "2020-09-30": "-1134.00000", "2020-06-30": "-1432.00000", "2020-03-31": "-1497.00000", "2019-12-31": "-1171.00000", "2019-09-30": "-1387.00000", "2019-06-30": "-1130.00000", "2019-03-31": "-1166.00000", "2018-12-31": "-1010.00000", "2018-09-30": "-1136.00000", "2018-06-30": "-1035.00000", "2018-03-31": "-577.00000", "2017-12-31": "-842.00000", "2017-09-30": "-1146.00000", "2017-06-30": "-1201.00000", "2017-03-31": "-1196.00000", "2016-12-31": "-1676.00000", "2016-09-30": "-715.00000", "2016-06-30": "-966.00000", "2016-03-31": "-1404.00000", "2015-12-31": "-1811.00000", "2015-09-30": "-1803.00000", "2015-06-30": "-1591.00000", "2015-03-31": "-1556.00000", "2014-12-31": "-1307.00000", "2014-09-30": "-489.00000", "2014-06-30": "185.00000", "2014-03-31": "-70.00000", "2013-12-31": "44.00000", "2013-09-30": "-75.00000", "2013-06-30": "-388.00000", "2013-03-31": "-132.00000", "2012-12-31": "356.00000", "2012-09-30": "105.00000", "2012-06-30": "-136.00000", "2012-03-31": "-140.00000", "2011-12-31": "-89.00000", "2011-09-30": "93.00000", "2011-06-30": "464.00000", "2011-03-31": "223.00000", "2010-12-31": "43.00000", "2010-09-30": "81.00000", "2010-06-30": "-606.00000", "2010-03-31": "-419.00000", "2009-12-31": "-401.00000", "2009-09-30": "-266.00000", "2009-06-30": "-828.00000", "2009-03-31": "-1409.00000", "2008-12-31": "-643.00000", "2008-09-30": "-468.00000", "2008-06-30": "9.00000", "2008-03-31": "231.00000", "2007-12-31": "-90.00000", "2007-09-30": "-213.00000", "2007-06-30": "-382.00000", "2007-03-31": "-330.00000", "2006-12-31": "-360.00000", "2006-09-30": "297.00000", "2006-06-30": "292.00000", "2006-03-31": "218.00000", "2005-12-31": "178.00000", "2005-09-30": "35.00000", "2005-06-30": "68.00000", "2005-03-31": "137.00000"}, "Other Share Holders Equity": {"2020-12-31": "", "2020-09-30": "", "2020-06-30": "", "2020-03-31": "", "2019-12-31": "", "2019-09-30": "", "2019-06-30": "", "2019-03-31": "", "2018-12-31": "", "2018-09-30": "", "2018-06-30": "", "2018-03-31": "", "2017-12-31": "", "2017-09-30": "", "2017-06-30": "", "2017-03-31": "", "2016-12-31": "", "2016-09-30": "", "2016-06-30": "", "2016-03-31": "", "2015-12-31": "", "2015-09-30": "", "2015-06-30": "", "2015-03-31": "", "2014-12-31": "", "2014-09-30": "", "2014-06-30": "", "2014-03-31": "", "2013-12-31": "", "2013-09-30": "", "2013-06-30": "", "2013-03-31": "", "2012-12-31": "", "2012-09-30": "", "2012-06-30": "", "2012-03-31": "", "2011-12-31": "", "2011-09-30": "", "2011-06-30": "", "2011-03-31": "", "2010-12-31": "", "2010-09-30": "", "2010-06-30": "", "2010-03-31": "", "2009-12-31": "", "2009-09-30": "", "2009-06-30": "", "2009-03-31": "", "2008-12-31": "", "2008-09-30": "", "2008-06-30": "", "2008-03-31": "", "2007-12-31": "", "2007-09-30": "", "2007-06-30": "", "2007-03-31": "", "2006-12-31": "", "2006-09-30": "", "2006-06-30": "", "2006-03-31": "", "2005-12-31": "", "2005-09-30": "", "2005-06-30": "", "2005-03-31": ""}, "Share Holder Equity": {"2020-12-31": "13448.00000", "2020-09-30": "12857.00000", "2020-06-30": "12133.00000", "2020-03-31": "12287.00000", "2019-12-31": "12997.00000", "2019-09-30": "13134.00000", "2019-06-30": "13521.00000", "2019-03-31": "13706.00000", "2018-12-31": "13886.00000", "2018-09-30": "13978.00000", "2018-06-30": "13951.00000", "2018-03-31": "14488.00000", "2017-12-31": "15770.00000", "2017-09-30": "17383.00000", "2017-06-30": "18080.00000", "2017-03-31": "18379.00000", "2016-12-31": "17960.00000", "2016-09-30": "17787.00000", "2016-06-30": "19672.00000", "2016-03-31": "17987.00000", "2015-12-31": "18863.00000", "2015-09-30": "20070.00000", "2015-06-30": "21055.00000", "2015-03-31": "21372.00000", "2014-12-31": "21652.00000", "2014-09-30": "21850.00000", "2014-06-30": "21832.00000", "2014-03-31": "21719.00000", "2013-12-31": "21211.00000", "2013-09-30": "21798.00000", "2013-06-30": "21454.00000", "2013-03-31": "21390.00000", "2012-12-31": "21533.00000", "2012-09-30": "21886.00000", "2012-06-30": "21402.00000", "2012-03-31": "21367.00000", "2011-12-31": "21129.00000", "2011-09-30": "21691.00000", "2011-06-30": "21306.00000", "2011-03-31": "20355.00000", "2010-12-31": "19426.00000", "2010-09-30": "18467.00000", "2010-06-30": "17042.00000", "2010-03-31": "16353.00000", "2009-12-31": "15595.00000", "2009-09-30": "15018.00000", "2009-06-30": "13852.00000", "2009-03-31": "12695.00000", "2008-12-31": "13491.00000", "2008-09-30": "13428.00000", "2008-06-30": "13681.00000", "2008-03-31": "10740.00000", "2007-12-31": "9496.00000", "2007-09-30": "8798.00000", "2007-06-30": "8166.00000", "2007-03-31": "7644.00000", "2006-12-31": "7246.00000", "2006-09-30": "7188.00000", "2006-06-30": "6684.00000", "2006-03-31": "6040.00000", "2005-12-31": "5487.00000", "2005-09-30": "5226.00000", "2005-06-30": "4863.00000", "2005-03-31": "4188.00000"}, "Total Liabilities And Share Holders Equity": {"2020-12-31": "30775.00000", "2020-09-30": "30267.00000", "2020-06-30": "27546.00000", "2020-03-31": "27859.00000", "2019-12-31": "28898.00000", "2019-09-30": "27329.00000", "2019-06-30": "27575.00000", "2019-03-31": "27321.00000", "2018-12-31": "27505.00000", "2018-09-30": "26392.00000", "2018-06-30": "26140.00000", "2018-03-31": "26834.00000", "2017-12-31": "27494.00000", "2017-09-30": "28094.00000", "2017-06-30": "27830.00000", "2017-03-31": "28305.00000", "2016-12-31": "27899.00000", "2016-09-30": "28809.00000", "2016-06-30": "30653.00000", "2016-03-31": "27945.00000", "2015-12-31": "28527.00000", "2015-09-30": "28898.00000", "2015-06-30": "29888.00000", "2015-03-31": "29323.00000", "2014-12-31": "30063.00000", "2014-09-30": "29815.00000", "2014-06-30": "29832.00000", "2014-03-31": "29544.00000", "2013-12-31": "28478.00000", "2013-09-30": "28714.00000", "2013-06-30": "28389.00000", "2013-03-31": "28595.00000", "2012-12-31": "29375.00000", "2012-09-30": "29410.00000", "2012-06-30": "28754.00000", "2012-03-31": "28489.00000", "2011-12-31": "27848.00000", "2011-09-30": "28173.00000", "2011-06-30": "27825.00000", "2011-03-31": "26660.00000", "2010-12-31": "25833.00000", "2010-09-30": "24670.00000", "2010-06-30": "22541.00000", "2010-03-31": "21727.00000", "2009-12-31": "21295.00000", "2009-09-30": "20747.00000", "2009-06-30": "19604.00000", "2009-03-31": "18178.00000", "2008-12-31": "19256.00000", "2008-09-30": "18990.00000", "2008-06-30": "19180.00000", "2008-03-31": "16263.00000", "2007-12-31": "15215.00000", "2007-09-30": "14273.00000", "2007-06-30": "13540.00000", "2007-03-31": "13161.00000", "2006-12-31": "13065.00000", "2006-09-30": "12847.00000", "2006-06-30": "12199.00000", "2006-03-31": "11757.00000", "2005-12-31": "11207.00000", "2005-09-30": "10883.00000", "2005-06-30": "10397.00000", "2005-03-31": "9633.00000"}}, "cash flow statement": {"Net Income/Loss": {"2020-12-31": "512.00000", "2019-12-31": "960.00000", "2018-12-31": "1066.00000", "2017-12-31": "-497.00000", "2016-12-31": "3695.00000", "2015-12-31": "1339.00000", "2014-12-31": "2472.00000", "2013-12-31": "1961.00000", "2012-12-31": "1636.00000", "2011-12-31": "2817.00000", "2010-12-31": "3558.00000", "2009-12-31": "2008.00000", "2008-12-31": "5257.00000", "2007-12-31": "2150.00000", "2006-12-31": "1855.00000", "2005-12-31": "585.00000"}, "Total Depreciation And Amortization - Cash Flow": {"2020-12-31": "1520.00000", "2019-12-31": "1503.00000", "2018-12-31": "1293.00000", "2017-12-31": "1158.00000", "2016-12-31": "1195.00000", "2015-12-31": "1184.00000", "2014-12-31": "1200.00000", "2013-12-31": "1002.00000", "2012-12-31": "997.00000", "2011-12-31": "957.00000", "2010-12-31": "854.00000", "2009-12-31": "792.00000", "2008-12-31": "695.00000", "2007-12-31": "607.00000", "2006-12-31": "591.00000", "2005-12-31": "512.00000"}, "Other Non-Cash Items": {"2020-12-31": "-160.00000", "2019-12-31": "77.00000", "2018-12-31": "659.00000", "2017-12-31": "1668.00000", "2016-12-31": "-2472.00000", "2015-12-31": "283.00000", "2014-12-31": "901.00000", "2013-12-31": "71.00000", "2012-12-31": "931.00000", "2011-12-31": "-217.00000", "2010-12-31": "-457.00000", "2009-12-31": "-875.00000", "2008-12-31": "-3916.00000", "2007-12-31": "-549.00000", "2006-12-31": "-451.00000", "2005-12-31": "754.00000"}, "Total Non-Cash Items": {"2020-12-31": "1360.00000", "2019-12-31": "1580.00000", "2018-12-31": "1952.00000", "2017-12-31": "2826.00000", "2016-12-31": "-1277.00000", "2015-12-31": "1467.00000", "2014-12-31": "2101.00000", "2013-12-31": "1073.00000", "2012-12-31": "1928.00000", "2011-12-31": "740.00000", "2010-12-31": "397.00000", "2009-12-31": "-83.00000", "2008-12-31": "-3221.00000", "2007-12-31": "58.00000", "2006-12-31": "140.00000", "2005-12-31": "1266.00000"}, "Change In Accounts Receivable": {"2020-12-31": "-274.00000", "2019-12-31": "48.00000", "2018-12-31": "-154.00000", "2017-12-31": "-225.00000", "2016-12-31": "-106.00000", "2015-12-31": "162.00000", "2014-12-31": "-16.00000", "2013-12-31": "-29.00000", "2012-12-31": "-272.00000", "2011-12-31": "-84.00000", "2010-12-31": "-162.00000", "2009-12-31": "-201.00000", "2008-12-31": "410.00000", "2007-12-31": "-128.00000", "2006-12-31": "-105.00000", "2005-12-31": "-77.00000"}, "Change In Inventories": {"2020-12-31": "423.00000", "2019-12-31": "-298.00000", "2018-12-31": "-346.00000", "2017-12-31": "-170.00000", "2016-12-31": "-68.00000", "2015-12-31": "-77.00000", "2014-12-31": "2.00000", "2013-12-31": "-247.00000", "2012-12-31": "-23.00000", "2011-12-31": "-201.00000", "2010-12-31": "-160.00000", "2009-12-31": "238.00000", "2008-12-31": "-136.00000", "2007-12-31": "5.00000", "2006-12-31": "-65.00000", "2005-12-31": "-62.00000"}, "Change In Accounts Payable": {"2020-12-31": "57.00000", "2019-12-31": "36.00000", "2018-12-31": "358.00000", "2017-12-31": "169.00000", "2016-12-31": "259.00000", "2015-12-31": "-126.00000", "2014-12-31": "-3.00000", "2013-12-31": "-23.00000", "2012-12-31": "189.00000", "2011-12-31": "-27.00000", "2010-12-31": "192.00000", "2009-12-31": "56.00000", "2008-12-31": "-210.00000", "2007-12-31": "48.00000", "2006-12-31": "-85.00000", "2005-12-31": "87.00000"}, "Change In Assets/Liabilities": {"2020-12-31": "-31.00000", "2019-12-31": "-295.00000", "2018-12-31": "43.00000", "2017-12-31": "-99.00000", "2016-12-31": "34.00000", "2015-12-31": "64.00000", "2014-12-31": "153.00000", "2013-12-31": "52.00000", "2012-12-31": "-252.00000", "2011-12-31": "-122.00000", "2010-12-31": "10.00000", "2009-12-31": "59.00000", "2008-12-31": "28.00000", "2007-12-31": "-56.00000", "2006-12-31": "63.00000", "2005-12-31": "140.00000"}, "Total Change In Assets/Liabilities": {"2020-12-31": "175.00000", "2019-12-31": "-509.00000", "2018-12-31": "-99.00000", "2017-12-31": "-325.00000", "2016-12-31": "119.00000", "2015-12-31": "23.00000", "2014-12-31": "136.00000", "2013-12-31": "-247.00000", "2012-12-31": "-358.00000", "2011-12-31": "-434.00000", "2010-12-31": "-120.00000", "2009-12-31": "152.00000", "2008-12-31": "92.00000", "2007-12-31": "-131.00000", "2006-12-31": "-192.00000", "2005-12-31": "88.00000"}, "Cash Flow From Operating Activities": {"2020-12-31": "2180.00000", "2019-12-31": "2031.00000", "2018-12-31": "2919.00000", "2017-12-31": "2004.00000", "2016-12-31": "2537.00000", "2015-12-31": "2829.00000", "2014-12-31": "4709.00000", "2013-12-31": "2787.00000", "2012-12-31": "3206.00000", "2011-12-31": "3189.00000", "2010-12-31": "3835.00000", "2009-12-31": "2077.00000", "2008-12-31": "2128.00000", "2007-12-31": "2077.00000", "2006-12-31": "1803.00000", "2005-12-31": "1939.00000"}, "Net Change In Property, Plant, And Equipment": {"2020-12-31": "-1340.00000", "2019-12-31": "-1909.00000", "2018-12-31": "-2291.00000", "2017-12-31": "-1804.00000", "2016-12-31": "-1130.00000", "2015-12-31": "-1250.00000", "2014-12-31": "-1076.00000", "2013-12-31": "-1019.00000", "2012-12-31": "-1801.00000", "2011-12-31": "-2432.00000", "2010-12-31": "-1006.00000", "2009-12-31": "-869.00000", "2008-12-31": "-1902.00000", "2007-12-31": "-1267.00000", "2006-12-31": "-1170.00000", "2005-12-31": "-1535.00000"}, "Net Change In Intangible Assets": {"2020-12-31": "", "2019-12-31": "", "2018-12-31": "", "2017-12-31": "", "2016-12-31": "", "2015-12-31": "", "2014-12-31": "", "2013-12-31": "", "2012-12-31": "", "2011-12-31": "", "2010-12-31": "", "2009-12-31": "", "2008-12-31": "", "2007-12-31": "", "2006-12-31": "", "2005-12-31": ""}, "Net Acquisitions/Divestitures": {"2020-12-31": "", "2019-12-31": "", "2018-12-31": "-842.00000", "2017-12-31": "-171.00000", "2016-12-31": "-333.00000", "2015-12-31": "-720.00000", "2014-12-31": "66.00000", "2013-12-31": "-68.00000", "2012-12-31": "-723.00000", "2011-12-31": "-213.00000", "2010-12-31": "-63.00000", "2009-12-31": "-410.00000", "2008-12-31": "-15.00000", "2007-12-31": "-4.00000", "2006-12-31": "-16.00000", "2005-12-31": ""}, "Net Change In Short-term Investments": {"2020-12-31": "", "2019-12-31": "", "2018-12-31": "", "2017-12-31": "", "2016-12-31": "101.00000", "2015-12-31": "660.00000", "2014-12-31": "-231.00000", "2013-12-31": "620.00000", "2012-12-31": "-1.00000", "2011-12-31": "589.00000", "2010-12-31": "-707.00000", "2009-12-31": "-91.00000", "2008-12-31": "218.00000", "2007-12-31": "710.00000", "2006-12-31": "-918.00000", "2005-12-31": "-216.00000"}, "Net Change In Long-Term Investments": {"2020-12-31": "", "2019-12-31": "", "2018-12-31": "", "2017-12-31": "", "2016-12-31": "4818.00000", "2015-12-31": "", "2014-12-31": "-109.00000", "2013-12-31": "-526.00000", "2012-12-31": "-111.00000", "2011-12-31": "", "2010-12-31": "", "2009-12-31": "", "2008-12-31": "", "2007-12-31": "", "2006-12-31": "-77.00000", "2005-12-31": ""}, "Net Change In Investments - Total": {"2020-12-31": "", "2019-12-31": "", "2018-12-31": "", "2017-12-31": "", "2016-12-31": "4919.00000", "2015-12-31": "660.00000", "2014-12-31": "-340.00000", "2013-12-31": "94.00000", "2012-12-31": "-112.00000", "2011-12-31": "589.00000", "2010-12-31": "-707.00000", "2009-12-31": "-91.00000", "2008-12-31": "218.00000", "2007-12-31": "710.00000", "2006-12-31": "-995.00000", "2005-12-31": "-216.00000"}, "Investing Activities - Other": {"2020-12-31": "30.00000", "2019-12-31": "18.00000", "2018-12-31": "246.00000", "2017-12-31": "265.00000", "2016-12-31": "206.00000", "2015-12-31": "625.00000", "2014-12-31": "388.00000", "2013-12-31": "-11.00000", "2012-12-31": "8.00000", "2011-12-31": "", "2010-12-31": "7.00000", "2009-12-31": "", "2008-12-31": "", "2007-12-31": "", "2006-12-31": "", "2005-12-31": "39.00000"}, "Cash Flow From Investing Activities": {"2020-12-31": "-1310.00000", "2019-12-31": "-1891.00000", "2018-12-31": "-2887.00000", "2017-12-31": "-1710.00000", "2016-12-31": "3662.00000", "2015-12-31": "-685.00000", "2014-12-31": "-962.00000", "2013-12-31": "-1004.00000", "2012-12-31": "-2628.00000", "2011-12-31": "-2056.00000", "2010-12-31": "-1769.00000", "2009-12-31": "-1370.00000", "2008-12-31": "-1699.00000", "2007-12-31": "-561.00000", "2006-12-31": "-2181.00000", "2005-12-31": "-1712.00000"}, "Net Long-Term Debt": {"2020-12-31": "122.00000", "2019-12-31": "1831.00000", "2018-12-31": "1485.00000", "2017-12-31": "1445.00000", "2016-12-31": "", "2015-12-31": "1220.00000", "2014-12-31": "-6.00000", "2013-12-31": "-257.00000", "2012-12-31": "1081.00000", "2011-12-31": "88.00000", "2010-12-31": "316.00000", "2009-12-31": "336.00000", "2008-12-31": "", "2007-12-31": "-238.00000", "2006-12-31": "-122.00000", "2005-12-31": "45.00000"}, "Net Current Debt": {"2020-12-31": "-100.00000", "2019-12-31": "-300.00000", "2018-12-31": "-629.00000", "2017-12-31": "-252.00000", "2016-12-31": "-566.00000", "2015-12-31": "-9.00000", "2014-12-31": "-23.00000", "2013-12-31": "-71.00000", "2012-12-31": "-26.00000", "2011-12-31": "-24.00000", "2010-12-31": "-75.00000", "2009-12-31": "-86.00000", "2008-12-31": "-24.00000", "2007-12-31": "-20.00000", "2006-12-31": "-14.00000", "2005-12-31": "-451.00000"}, "Debt Issuance/Retirement Net - Total": {"2020-12-31": "22.00000", "2019-12-31": "1531.00000", "2018-12-31": "856.00000", "2017-12-31": "1193.00000", "2016-12-31": "-566.00000", "2015-12-31": "1211.00000", "2014-12-31": "-29.00000", "2013-12-31": "-328.00000", "2012-12-31": "1055.00000", "2011-12-31": "64.00000", "2010-12-31": "241.00000", "2009-12-31": "250.00000", "2008-12-31": "-24.00000", "2007-12-31": "-258.00000", "2006-12-31": "-136.00000", "2005-12-31": "-406.00000"}, "Net Common Equity Issued/Repurchased": {"2020-12-31": "19.00000", "2019-12-31": "-882.00000", "2018-12-31": "-2146.00000", "2017-12-31": "-2143.00000", "2016-12-31": "-4089.00000", "2015-12-31": "-3126.00000", "2014-12-31": "-2367.00000", "2013-12-31": "-1431.00000", "2012-12-31": "-682.00000", "2011-12-31": "-690.00000", "2010-12-31": "70.00000", "2009-12-31": "44.00000", "2008-12-31": "-522.00000", "2007-12-31": "-120.00000", "2006-12-31": "329.00000", "2005-12-31": "567.00000"}, "Net Total Equity Issued/Repurchased": {"2020-12-31": "19.00000", "2019-12-31": "-882.00000", "2018-12-31": "-2146.00000", "2017-12-31": "-2143.00000", "2016-12-31": "-4089.00000", "2015-12-31": "-3126.00000", "2014-12-31": "-1967.00000", "2013-12-31": "-1431.00000", "2012-12-31": "-682.00000", "2011-12-31": "-690.00000", "2010-12-31": "70.00000", "2009-12-31": "44.00000", "2008-12-31": "-522.00000", "2007-12-31": "-120.00000", "2006-12-31": "329.00000", "2005-12-31": "567.00000"}, "Total Common And Preferred Stock Dividends Paid": {"2020-12-31": "-787.00000", "2019-12-31": "-742.00000", "2018-12-31": "-685.00000", "2017-12-31": "-651.00000", "2016-12-31": "-645.00000", "2015-12-31": "-679.00000", "2014-12-31": "-591.00000", "2013-12-31": "-566.00000", "2012-12-31": "-472.00000", "2011-12-31": "-354.00000", "2010-12-31": "-313.00000", "2009-12-31": "-312.00000", "2008-12-31": "-313.00000", "2007-12-31": "-158.00000", "2006-12-31": "", "2005-12-31": ""}, "Financial Activities - Other": {"2020-12-31": "17.00000", "2019-12-31": "46.00000", "2018-12-31": "-20.00000", "2017-12-31": "-23.00000", "2016-12-31": "-22.00000", "2015-12-31": "-29.00000", "2014-12-31": "1.00000", "2013-12-31": "262.00000", "2012-12-31": "-16.00000", "2011-12-31": "", "2010-12-31": "", "2009-12-31": "3.00000", "2008-12-31": "61.00000", "2007-12-31": "-3.00000", "2006-12-31": "-13.00000", "2005-12-31": "-14.00000"}, "Cash Flow From Financial Activities": {"2020-12-31": "-729.00000", "2019-12-31": "-47.00000", "2018-12-31": "-1995.00000", "2017-12-31": "-1624.00000", "2016-12-31": "-5322.00000", "2015-12-31": "-2623.00000", "2014-12-31": "-2586.00000", "2013-12-31": "-2063.00000", "2012-12-31": "-115.00000", "2011-12-31": "-980.00000", "2010-12-31": "-2.00000", "2009-12-31": "-15.00000", "2008-12-31": "-798.00000", "2007-12-31": "-539.00000", "2006-12-31": "180.00000", "2005-12-31": "147.00000"}, "Net Cash Flow": {"2020-12-31": "238.00000", "2019-12-31": "79.00000", "2018-12-31": "-1962.00000", "2017-12-31": "-974.00000", "2016-12-31": "791.00000", "2015-12-31": "-809.00000", "2014-12-31": "605.00000", "2013-12-31": "-284.00000", "2012-12-31": "327.00000", "2011-12-31": "63.00000", "2010-12-31": "2057.00000", "2009-12-31": "668.00000", "2008-12-31": "-343.00000", "2007-12-31": "1059.00000", "2006-12-31": "-185.00000", "2005-12-31": "333.00000"}, "Stock-Based Compensation": {"2020-12-31": "207.00000", "2019-12-31": "56.00000", "2018-12-31": "51.00000", "2017-12-31": "46.00000", "2016-12-31": "", "2015-12-31": "", "2014-12-31": "58.00000", "2013-12-31": "54.00000", "2012-12-31": "70.00000", "2011-12-31": "86.00000", "2010-12-31": "92.00000", "2009-12-31": "127.00000", "2008-12-31": "118.00000", "2007-12-31": "138.00000", "2006-12-31": "127.00000", "2005-12-31": "29.00000"}, "Common Stock Dividends Paid": {"2020-12-31": "-787.00000", "2019-12-31": "-742.00000", "2018-12-31": "-685.00000", "2017-12-31": "-651.00000", "2016-12-31": "-645.00000", "2015-12-31": "-679.00000", "2014-12-31": "-591.00000", "2013-12-31": "-566.00000", "2012-12-31": "-472.00000", "2011-12-31": "-354.00000", "2010-12-31": "-313.00000", "2009-12-31": "-312.00000", "2008-12-31": "-313.00000", "2007-12-31": "-158.00000", "2006-12-31": "", "2005-12-31": ""}}, "cash flow statement, quarterly": {"Net Income/Loss": {"2020-12-31": 252, "2020-09-30": 427, "2020-06-30": -71, "2020-03-31": "-96.00000", "2019-12-31": 32, "2019-09-30": 337, "2019-06-30": 92, "2019-03-31": "499.00000", "2018-12-31": 292, "2018-09-30": 625, "2018-06-30": 738, "2018-03-31": "-589.00000", "2017-12-31": -1412, "2017-09-30": 390, "2017-06-30": 439, "2017-03-31": "86.00000", "2016-12-31": 1572, "2016-09-30": 284, "2016-06-30": 2207, "2016-03-31": "-368.00000", "2015-12-31": 224, "2015-09-30": 212, "2015-06-30": 496, "2015-03-31": "407.00000", "2014-12-31": 988, "2014-09-30": 1014, "2014-06-30": 169, "2014-03-31": "301.00000", "2013-12-31": 421, "2013-09-30": 408, "2013-06-30": 638, "2013-03-31": "494.00000", "2012-12-31": 155, "2012-09-30": 533, "2012-06-30": 474, "2012-03-31": "474.00000", "2011-12-31": 503, "2011-09-30": 811, "2011-06-30": 755, "2011-03-31": "748.00000", "2010-12-31": 1044, "2010-09-30": 785, "2010-06-30": 913, "2010-03-31": "816.00000", "2009-12-31": 740, "2009-09-30": 643, "2009-06-30": 611, "2009-03-31": "14.00000", "2008-12-31": 249, "2008-09-30": 768, "2008-06-30": 3211, "2008-03-31": "1029.00000", "2007-12-31": 717, "2007-09-30": 617, "2007-06-30": 489, "2007-03-31": "327.00000", "2006-12-31": 646, "2006-09-30": 438, "2006-06-30": 514, "2006-03-31": "257.00000", "2005-12-31": -33, "2005-09-30": 203, "2005-06-30": 165, "2005-03-31": "250.00000"}, "Total Depreciation And Amortization - Cash Flow": {"2020-12-31": 392, "2020-09-30": 394, "2020-06-30": 352, "2020-03-31": "382.00000", "2019-12-31": 392, "2019-09-30": 396, "2019-06-30": 380, "2019-03-31": "335.00000", "2018-12-31": 330, "2018-09-30": 318, "2018-06-30": 322, "2018-03-31": "323.00000", "2017-12-31": 306, "2017-09-30": 294, "2017-06-30": 281, "2017-03-31": "277.00000", "2016-12-31": 305, "2016-09-30": 300, "2016-06-30": 295, "2016-03-31": "295.00000", "2015-12-31": 302, "2015-09-30": 292, "2015-06-30": 299, "2015-03-31": "291.00000", "2014-12-31": 298, "2014-09-30": 303, "2014-06-30": 302, "2014-03-31": "297.00000", "2013-12-31": 249, "2013-09-30": 248, "2013-06-30": 250, "2013-03-31": "255.00000", "2012-12-31": 267, "2012-09-30": 248, "2012-06-30": 242, "2012-03-31": "240.00000", "2011-12-31": 247, "2011-09-30": 245, "2011-06-30": 236, "2011-03-31": "229.00000", "2010-12-31": 224, "2010-09-30": 214, "2010-06-30": 208, "2010-03-31": "208.00000", "2009-12-31": 198, "2009-09-30": 230, "2009-06-30": 186, "2009-03-31": "178.00000", "2008-12-31": 205, "2008-09-30": 166, "2008-06-30": 165, "2008-03-31": "159.00000", "2007-12-31": 154, "2007-09-30": 149, "2007-06-30": 151, "2007-03-31": "153.00000", "2006-12-31": 153, "2006-09-30": 142, "2006-06-30": 152, "2006-03-31": "144.00000", "2005-12-31": 128, "2005-09-30": 130, "2005-06-30": 129, "2005-03-31": "125.00000"}, "Other Non-Cash Items": {"2020-12-31": -184, "2020-09-30": -258, "2020-06-30": 83, "2020-03-31": "199.00000", "2019-12-31": 169, "2019-09-30": -3, "2019-06-30": 150, "2019-03-31": "-239.00000", "2018-12-31": -75, "2018-09-30": -20, "2018-06-30": -58, "2018-03-31": "812.00000", "2017-12-31": 1848, "2017-09-30": -79, "2017-06-30": -305, "2017-03-31": "204.00000", "2016-12-31": -846, "2016-09-30": 16, "2016-06-30": -2068, "2016-03-31": "426.00000", "2015-12-31": -116, "2015-09-30": 390, "2015-06-30": -200, "2015-03-31": "209.00000", "2014-12-31": -568, "2014-09-30": -240, "2014-06-30": 177, "2014-03-31": "1532.00000", "2013-12-31": 347, "2013-09-30": -14, "2013-06-30": -206, "2013-03-31": "-56.00000", "2012-12-31": 1010, "2012-09-30": -126, "2012-06-30": -245, "2012-03-31": "292.00000", "2011-12-31": 114, "2011-09-30": -103, "2011-06-30": -288, "2011-03-31": "60.00000", "2010-12-31": 806, "2010-09-30": -475, "2010-06-30": -537, "2010-03-31": "-251.00000", "2009-12-31": -192, "2009-09-30": -463, "2009-06-30": -415, "2009-03-31": "195.00000", "2008-12-31": -344, "2008-09-30": -274, "2008-06-30": -2727, "2008-03-31": "-571.00000", "2007-12-31": -328, "2007-09-30": -126, "2007-06-30": -53, "2007-03-31": "-42.00000", "2006-12-31": -362, "2006-09-30": -82, "2006-06-30": -101, "2006-03-31": "94.00000", "2005-12-31": 282, "2005-09-30": 179, "2005-06-30": 276, "2005-03-31": "17.00000"}, "Total Non-Cash Items": {"2020-12-31": 208, "2020-09-30": 136, "2020-06-30": 435, "2020-03-31": "581.00000", "2019-12-31": 561, "2019-09-30": 393, "2019-06-30": 530, "2019-03-31": "96.00000", "2018-12-31": 255, "2018-09-30": 298, "2018-06-30": 264, "2018-03-31": "1135.00000", "2017-12-31": 2154, "2017-09-30": 215, "2017-06-30": -24, "2017-03-31": "481.00000", "2016-12-31": -541, "2016-09-30": 316, "2016-06-30": -1773, "2016-03-31": "721.00000", "2015-12-31": 186, "2015-09-30": 682, "2015-06-30": 99, "2015-03-31": "500.00000", "2014-12-31": -270, "2014-09-30": 63, "2014-06-30": 479, "2014-03-31": "1829.00000", "2013-12-31": 596, "2013-09-30": 234, "2013-06-30": 44, "2013-03-31": "199.00000", "2012-12-31": 1277, "2012-09-30": 122, "2012-06-30": -3, "2012-03-31": "532.00000", "2011-12-31": 361, "2011-09-30": 142, "2011-06-30": -52, "2011-03-31": "289.00000", "2010-12-31": 1030, "2010-09-30": -261, "2010-06-30": -329, "2010-03-31": "-43.00000", "2009-12-31": 6, "2009-09-30": -233, "2009-06-30": -229, "2009-03-31": "373.00000", "2008-12-31": -139, "2008-09-30": -108, "2008-06-30": -2562, "2008-03-31": "-412.00000", "2007-12-31": -174, "2007-09-30": 23, "2007-06-30": 98, "2007-03-31": "111.00000", "2006-12-31": -209, "2006-09-30": 60, "2006-06-30": 51, "2006-03-31": "238.00000", "2005-12-31": 410, "2005-09-30": 309, "2005-06-30": 405, "2005-03-31": "142.00000"}, "Change In Accounts Receivable": {"2020-12-31": 7, "2020-09-30": -308, "2020-06-30": -16, "2020-03-31": "43.00000", "2019-12-31": 217, "2019-09-30": 32, "2019-06-30": -165, "2019-03-31": "-36.00000", "2018-12-31": 43, "2018-09-30": -156, "2018-06-30": -135, "2018-03-31": "94.00000", "2017-12-31": -35, "2017-09-30": -92, "2017-06-30": -44, "2017-03-31": "-54.00000", "2016-12-31": 78, "2016-09-30": -81, "2016-06-30": -124, "2016-03-31": "21.00000", "2015-12-31": 110, "2015-09-30": 77, "2015-06-30": -60, "2015-03-31": "35.00000", "2014-12-31": 47, "2014-09-30": -52, "2014-06-30": -32, "2014-03-31": "21.00000", "2013-12-31": 110, "2013-09-30": -83, "2013-06-30": -73, "2013-03-31": "17.00000", "2012-12-31": -123, "2012-09-30": -81, "2012-06-30": -19, "2012-03-31": "-49.00000", "2011-12-31": 98, "2011-09-30": 61, "2011-06-30": -122, "2011-03-31": "-121.00000", "2010-12-31": -100, "2010-09-30": 131, "2010-06-30": -73, "2010-03-31": "-120.00000", "2009-12-31": 64, "2009-09-30": 16, "2009-06-30": -170, "2009-03-31": "-111.00000", "2008-12-31": 360, "2008-09-30": 96, "2008-06-30": 4, "2008-03-31": "-50.00000", "2007-12-31": 29, "2007-09-30": -50, "2007-06-30": -79, "2007-03-31": "-28.00000", "2006-12-31": 14, "2006-09-30": -122, "2006-06-30": 68, "2006-03-31": "-65.00000", "2005-12-31": 1, "2005-09-30": 11, "2005-06-30": -35, "2005-03-31": "-54.00000"}, "Change In Inventories": {"2020-12-31": 183, "2020-09-30": 187, "2020-06-30": 120, "2020-03-31": "-67.00000", "2019-12-31": 40, "2019-09-30": -81, "2019-06-30": -98, "2019-03-31": "-159.00000", "2018-12-31": -111, "2018-09-30": -42, "2018-06-30": -95, "2018-03-31": "-98.00000", "2017-12-31": -4, "2017-09-30": -56, "2017-06-30": -61, "2017-03-31": "-49.00000", "2016-12-31": 1, "2016-09-30": -3, "2016-06-30": -24, "2016-03-31": "-42.00000", "2015-12-31": -17, "2015-09-30": -6, "2015-06-30": -53, "2015-03-31": "-1.00000", "2014-12-31": -25, "2014-09-30": 14, "2014-06-30": 16, "2014-03-31": "-3.00000", "2013-12-31": -9, "2013-09-30": -27, "2013-06-30": -73, "2013-03-31": "-138.00000", "2012-12-31": 8, "2012-09-30": 4, "2012-06-30": -47, "2012-03-31": "12.00000", "2011-12-31": -31, "2011-09-30": -27, "2011-06-30": -64, "2011-03-31": "-79.00000", "2010-12-31": -13, "2010-09-30": -85, "2010-06-30": -31, "2010-03-31": "-31.00000", "2009-12-31": 34, "2009-09-30": 66, "2009-06-30": 99, "2009-03-31": "39.00000", "2008-12-31": -7, "2008-09-30": -56, "2008-06-30": -41, "2008-03-31": "-32.00000", "2007-12-31": 42, "2007-09-30": 31, "2007-06-30": -26, "2007-03-31": "-42.00000", "2006-12-31": 39, "2006-09-30": -11, "2006-06-30": -47, "2006-03-31": "-46.00000", "2005-12-31": -16, "2005-09-30": -7, "2005-06-30": 0, "2005-03-31": "-39.00000"}, "Change In Accounts Payable": {"2020-12-31": 196, "2020-09-30": 96, "2020-06-30": -28, "2020-03-31": "-207.00000", "2019-12-31": 124, "2019-09-30": 277, "2019-06-30": -66, "2019-03-31": "-299.00000", "2018-12-31": 264, "2018-09-30": 240, "2018-06-30": 16, "2018-03-31": "-162.00000", "2017-12-31": 292, "2017-09-30": 194, "2017-06-30": -87, "2017-03-31": "-230.00000", "2016-12-31": 231, "2016-09-30": 131, "2016-06-30": 190, "2016-03-31": "-293.00000", "2015-12-31": 168, "2015-09-30": -103, "2015-06-30": 123, "2015-03-31": "-314.00000", "2014-12-31": 336, "2014-09-30": 45, "2014-06-30": 29, "2014-03-31": "-413.00000", "2013-12-31": 255, "2013-09-30": -37, "2013-06-30": -129, "2013-03-31": "-112.00000", "2012-12-31": 231, "2012-09-30": 3, "2012-06-30": 6, "2012-03-31": "-51.00000", "2011-12-31": 80, "2011-09-30": -64, "2011-06-30": 40, "2011-03-31": "-83.00000", "2010-12-31": 184, "2010-09-30": 7, "2010-06-30": 75, "2010-03-31": "-74.00000", "2009-12-31": 32, "2009-09-30": 45, "2009-06-30": 68, "2009-03-31": "-89.00000", "2008-12-31": -104, "2008-09-30": -17, "2008-06-30": 135, "2008-03-31": "-224.00000", "2007-12-31": 172, "2007-09-30": 3, "2007-06-30": 3, "2007-03-31": "-130.00000", "2006-12-31": 96, "2006-09-30": 14, "2006-06-30": 0, "2006-03-31": "-195.00000", "2005-12-31": 178, "2005-09-30": 38, "2005-06-30": 22, "2005-03-31": "-151.00000"}, "Change In Assets/Liabilities": {"2020-12-31": -205, "2020-09-30": 154, "2020-06-30": 26, "2020-03-31": "-6.00000", "2019-12-31": 44, "2019-09-30": -175, "2019-06-30": -34, "2019-03-31": "-130.00000", "2018-12-31": 198, "2018-09-30": -22, "2018-06-30": -73, "2018-03-31": "-60.00000", "2017-12-31": -107, "2017-09-30": -6, "2017-06-30": 57, "2017-03-31": "-43.00000", "2016-12-31": 87, "2016-09-30": 7, "2016-06-30": 59, "2016-03-31": "-119.00000", "2015-12-31": 268, "2015-09-30": -120, "2015-06-30": -58, "2015-03-31": "-26.00000", "2014-12-31": 36, "2014-09-30": 33, "2014-06-30": 82, "2014-03-31": "2.00000", "2013-12-31": -89, "2013-09-30": -4, "2013-06-30": -18, "2013-03-31": "163.00000", "2012-12-31": -308, "2012-09-30": 53, "2012-06-30": 159, "2012-03-31": "-156.00000", "2011-12-31": 80, "2011-09-30": 56, "2011-06-30": -77, "2011-03-31": "-181.00000", "2010-12-31": -53, "2010-09-30": -149, "2010-06-30": 117, "2010-03-31": "95.00000", "2009-12-31": 37, "2009-09-30": -5, "2009-06-30": -11, "2009-03-31": "38.00000", "2008-12-31": 21, "2008-09-30": 80, "2008-06-30": -57, "2008-03-31": "-16.00000", "2007-12-31": -54, "2007-09-30": 53, "2007-06-30": -10, "2007-03-31": "-45.00000", "2006-12-31": 42, "2006-09-30": 34, "2006-06-30": -5, "2006-03-31": "-8.00000", "2005-12-31": 119, "2005-09-30": 41, "2005-06-30": -14, "2005-03-31": "-6.00000"}, "Total Change In Assets/Liabilities": {"2020-12-31": 181, "2020-09-30": 129, "2020-06-30": 102, "2020-03-31": "-237.00000", "2019-12-31": 425, "2019-09-30": 53, "2019-06-30": -363, "2019-03-31": "-624.00000", "2018-12-31": 394, "2018-09-30": 20, "2018-06-30": -287, "2018-03-31": "-226.00000", "2017-12-31": 146, "2017-09-30": 40, "2017-06-30": -135, "2017-03-31": "-376.00000", "2016-12-31": 397, "2016-09-30": 54, "2016-06-30": 101, "2016-03-31": "-433.00000", "2015-12-31": 529, "2015-09-30": -152, "2015-06-30": -48, "2015-03-31": "-306.00000", "2014-12-31": 394, "2014-09-30": 40, "2014-06-30": 95, "2014-03-31": "-393.00000", "2013-12-31": 267, "2013-09-30": -151, "2013-06-30": -293, "2013-03-31": "-70.00000", "2012-12-31": -192, "2012-09-30": -21, "2012-06-30": 99, "2012-03-31": "-244.00000", "2011-12-31": 227, "2011-09-30": 26, "2011-06-30": -223, "2011-03-31": "-464.00000", "2010-12-31": 18, "2010-09-30": -96, "2010-06-30": 88, "2010-03-31": "-130.00000", "2009-12-31": 167, "2009-09-30": 122, "2009-06-30": -14, "2009-03-31": "-123.00000", "2008-12-31": 270, "2008-09-30": 103, "2008-06-30": 41, "2008-03-31": "-322.00000", "2007-12-31": 189, "2007-09-30": 37, "2007-06-30": -112, "2007-03-31": "-245.00000", "2006-12-31": 191, "2006-09-30": -85, "2006-06-30": 16, "2006-03-31": "-314.00000", "2005-12-31": 282, "2005-09-30": 83, "2005-06-30": -27, "2005-03-31": "-250.00000"}, "Cash Flow From Operating Activities": {"2020-12-31": 774, "2020-09-30": 608, "2020-06-30": 550, "2020-03-31": "248.00000", "2019-12-31": 1018, "2019-09-30": 889, "2019-06-30": 153, "2019-03-31": "-29.00000", "2018-12-31": 941, "2018-09-30": 943, "2018-06-30": 715, "2018-03-31": "320.00000", "2017-12-31": 888, "2017-09-30": 645, "2017-06-30": 280, "2017-03-31": "191.00000", "2016-12-31": 1428, "2016-09-30": 654, "2016-06-30": 535, "2016-03-31": "-80.00000", "2015-12-31": 984, "2015-09-30": 697, "2015-06-30": 547, "2015-03-31": "601.00000", "2014-12-31": 1112, "2014-09-30": 1117, "2014-06-30": 743, "2014-03-31": "1737.00000", "2013-12-31": 1284, "2013-09-30": 491, "2013-06-30": 389, "2013-03-31": "623.00000", "2012-12-31": 1240, "2012-09-30": 634, "2012-06-30": 570, "2012-03-31": "762.00000", "2011-12-31": 1157, "2011-09-30": 913, "2011-06-30": 546, "2011-03-31": "573.00000", "2010-12-31": 2092, "2010-09-30": 428, "2010-06-30": 672, "2010-03-31": "643.00000", "2009-12-31": 913, "2009-09-30": 532, "2009-06-30": 368, "2009-03-31": "264.00000", "2008-12-31": 380, "2008-09-30": 763, "2008-06-30": 690, "2008-03-31": "295.00000", "2007-12-31": 732, "2007-09-30": 677, "2007-06-30": 475, "2007-03-31": "193.00000", "2006-12-31": 628, "2006-09-30": 413, "2006-06-30": 581, "2006-03-31": "181.00000", "2005-12-31": 659, "2005-09-30": 595, "2005-06-30": 543, "2005-03-31": "142.00000"}, "Net Change In Property, Plant, And Equipment": {"2020-12-31": -381, "2020-09-30": -153, "2020-06-30": -261, "2020-03-31": "-545.00000", "2019-12-31": -369, "2019-09-30": -446, "2019-06-30": -570, "2019-03-31": "-524.00000", "2018-12-31": -599, "2018-09-30": -515, "2018-06-30": -522, "2018-03-31": "-655.00000", "2017-12-31": -557, "2017-09-30": -486, "2017-06-30": -397, "2017-03-31": "-364.00000", "2016-12-31": -315, "2016-09-30": -282, "2016-06-30": -263, "2016-03-31": "-270.00000", "2015-12-31": -311, "2015-09-30": -298, "2015-06-30": -308, "2015-03-31": "-333.00000", "2014-12-31": -336, "2014-09-30": -262, "2014-06-30": -232, "2014-03-31": "-246.00000", "2013-12-31": -337, "2013-09-30": -244, "2013-06-30": -244, "2013-03-31": "-194.00000", "2012-12-31": -526, "2012-09-30": -422, "2012-06-30": -441, "2012-03-31": "-412.00000", "2011-12-31": -766, "2011-09-30": -640, "2011-06-30": -494, "2011-03-31": "-532.00000", "2010-12-31": -473, "2010-09-30": -224, "2010-06-30": -136, "2010-03-31": "-173.00000", "2009-12-31": -157, "2009-09-30": -236, "2009-06-30": -212, "2009-03-31": "-264.00000", "2008-12-31": -764, "2008-09-30": -276, "2008-06-30": -395, "2008-03-31": "-467.00000", "2007-12-31": -386, "2007-09-30": -405, "2007-06-30": -214, "2007-03-31": "-262.00000", "2006-12-31": -289, "2006-09-30": -335, "2006-06-30": -266, "2006-03-31": "-280.00000", "2005-12-31": -476, "2005-09-30": -378, "2005-06-30": -358, "2005-03-31": "-323.00000"}, "Net Change In Intangible Assets": {"2020-12-31": 0, "2020-09-30": 0, "2020-06-30": 0, "2020-03-31": "", "2019-12-31": 0, "2019-09-30": 0, "2019-06-30": 0, "2019-03-31": "", "2018-12-31": 0, "2018-09-30": 0, "2018-06-30": 0, "2018-03-31": "", "2017-12-31": 0, "2017-09-30": 0, "2017-06-30": 0, "2017-03-31": "", "2016-12-31": 0, "2016-09-30": 0, "2016-06-30": 0, "2016-03-31": "", "2015-12-31": 0, "2015-09-30": 0, "2015-06-30": 0, "2015-03-31": "", "2014-12-31": 0, "2014-09-30": 0, "2014-06-30": 0, "2014-03-31": "", "2013-12-31": 0, "2013-09-30": 0, "2013-06-30": 0, "2013-03-31": "", "2012-12-31": 0, "2012-09-30": 0, "2012-06-30": 0, "2012-03-31": "", "2011-12-31": 0, "2011-09-30": 0, "2011-06-30": 0, "2011-03-31": "", "2010-12-31": 0, "2010-09-30": 0, "2010-06-30": 0, "2010-03-31": "", "2009-12-31": 0, "2009-09-30": 0, "2009-06-30": 0, "2009-03-31": "", "2008-12-31": 0, "2008-09-30": 0, "2008-06-30": 0, "2008-03-31": "", "2007-12-31": 0, "2007-09-30": 0, "2007-06-30": 0, "2007-03-31": "", "2006-12-31": 0, "2006-09-30": 0, "2006-06-30": 0, "2006-03-31": "", "2005-12-31": 0, "2005-09-30": 0, "2005-06-30": 0, "2005-03-31": ""}, "Net Acquisitions/Divestitures": {"2020-12-31": 0, "2020-09-30": 0, "2020-06-30": 0, "2020-03-31": "", "2019-12-31": 0, "2019-09-30": 0, "2019-06-30": 0, "2019-03-31": "", "2018-12-31": -38, "2018-09-30": -10, "2018-06-30": -794, "2018-03-31": "", "2017-12-31": 0, "2017-09-30": -133, "2017-06-30": -3, "2017-03-31": "-35.00000", "2016-12-31": -54, "2016-09-30": 0, "2016-06-30": -279, "2016-03-31": "", "2015-12-31": -189, "2015-09-30": 0, "2015-06-30": 0, "2015-03-31": "-531.00000", "2014-12-31": 0, "2014-09-30": 0, "2014-06-30": 0, "2014-03-31": "66.00000", "2013-12-31": -2, "2013-09-30": 0, "2013-06-30": -66, "2013-03-31": "", "2012-12-31": -723, "2012-09-30": 0, "2012-06-30": 0, "2012-03-31": "", "2011-12-31": -65, "2011-09-30": 0, "2011-06-30": 0, "2011-03-31": "-148.00000", "2010-12-31": -63, "2010-09-30": 0, "2010-06-30": 0, "2010-03-31": "", "2009-12-31": 0, "2009-09-30": -410, "2009-06-30": 0, "2009-03-31": "", "2008-12-31": 0, "2008-09-30": -15, "2008-06-30": 0, "2008-03-31": "", "2007-12-31": 0, "2007-09-30": 0, "2007-06-30": -4, "2007-03-31": "", "2006-12-31": 0, "2006-09-30": 0, "2006-06-30": -16, "2006-03-31": "", "2005-12-31": 0, "2005-09-30": 0, "2005-06-30": 0, "2005-03-31": ""}, "Net Change In Short-term Investments": {"2020-12-31": 0, "2020-09-30": 0, "2020-06-30": 0, "2020-03-31": "", "2019-12-31": 0, "2019-09-30": 0, "2019-06-30": 0, "2019-03-31": "", "2018-12-31": 0, "2018-09-30": 0, "2018-06-30": 0, "2018-03-31": "", "2017-12-31": 0, "2017-09-30": -29, "2017-06-30": 29, "2017-03-31": "", "2016-12-31": 0, "2016-09-30": 0, "2016-06-30": 0, "2016-03-31": "101.00000", "2015-12-31": 473, "2015-09-30": 187, "2015-06-30": 2, "2015-03-31": "-2.00000", "2014-12-31": -15, "2014-09-30": 13, "2014-06-30": -122, "2014-03-31": "-107.00000", "2013-12-31": 354, "2013-09-30": -17, "2013-06-30": 105, "2013-03-31": "178.00000", "2012-12-31": 240, "2012-09-30": -62, "2012-06-30": 8, "2012-03-31": "-187.00000", "2011-12-31": 356, "2011-09-30": 226, "2011-06-30": -13, "2011-03-31": "20.00000", "2010-12-31": -25, "2010-09-30": -682, "2010-06-30": -248, "2010-03-31": "248.00000", "2009-12-31": -74, "2009-09-30": -128, "2009-06-30": -27, "2009-03-31": "138.00000", "2008-12-31": -374, "2008-09-30": 646, "2008-06-30": -146, "2008-03-31": "92.00000", "2007-12-31": 151, "2007-09-30": -122, "2007-06-30": 436, "2007-03-31": "245.00000", "2006-12-31": -178, "2006-09-30": -455, "2006-06-30": -162, "2006-03-31": "-123.00000", "2005-12-31": -66, "2005-09-30": 553, "2005-06-30": -875, "2005-03-31": "172.00000"}, "Net Change In Long-Term Investments": {"2020-12-31": 0, "2020-09-30": 0, "2020-06-30": 0, "2020-03-31": "", "2019-12-31": 0, "2019-09-30": 0, "2019-06-30": 0, "2019-03-31": "", "2018-12-31": 0, "2018-09-30": 0, "2018-06-30": 0, "2018-03-31": "", "2017-12-31": 0, "2017-09-30": 0, "2017-06-30": 0, "2017-03-31": "", "2016-12-31": 0, "2016-09-30": 0, "2016-06-30": 4818, "2016-03-31": "", "2015-12-31": 33, "2015-09-30": -255, "2015-06-30": 222, "2015-03-31": "", "2014-12-31": 0, "2014-09-30": 0, "2014-06-30": 0, "2014-03-31": "-109.00000", "2013-12-31": -507, "2013-09-30": -4, "2013-06-30": -15, "2013-03-31": "", "2012-12-31": 0, "2012-09-30": 0, "2012-06-30": -111, "2012-03-31": "", "2011-12-31": 0, "2011-09-30": 0, "2011-06-30": 0, "2011-03-31": "", "2010-12-31": 0, "2010-09-30": 0, "2010-06-30": 0, "2010-03-31": "", "2009-12-31": 0, "2009-09-30": 0, "2009-06-30": 0, "2009-03-31": "", "2008-12-31": 0, "2008-09-30": 0, "2008-06-30": 0, "2008-03-31": "", "2007-12-31": 0, "2007-09-30": 0, "2007-06-30": 0, "2007-03-31": "", "2006-12-31": 0, "2006-09-30": 0, "2006-06-30": 0, "2006-03-31": "-77.00000", "2005-12-31": 0, "2005-09-30": -762, "2005-06-30": 762, "2005-03-31": ""}, "Net Change In Investments - Total": {"2020-12-31": 0, "2020-09-30": 0, "2020-06-30": 0, "2020-03-31": "", "2019-12-31": 0, "2019-09-30": 0, "2019-06-30": 0, "2019-03-31": "", "2018-12-31": 0, "2018-09-30": 0, "2018-06-30": 0, "2018-03-31": "", "2017-12-31": 0, "2017-09-30": -29, "2017-06-30": 29, "2017-03-31": "", "2016-12-31": 0, "2016-09-30": 0, "2016-06-30": 4818, "2016-03-31": "101.00000", "2015-12-31": 506, "2015-09-30": -68, "2015-06-30": 224, "2015-03-31": "-2.00000", "2014-12-31": -15, "2014-09-30": 13, "2014-06-30": -122, "2014-03-31": "-216.00000", "2013-12-31": -153, "2013-09-30": -21, "2013-06-30": 90, "2013-03-31": "178.00000", "2012-12-31": 240, "2012-09-30": -62, "2012-06-30": -103, "2012-03-31": "-187.00000", "2011-12-31": 356, "2011-09-30": 226, "2011-06-30": -13, "2011-03-31": "20.00000", "2010-12-31": -25, "2010-09-30": -682, "2010-06-30": -248, "2010-03-31": "248.00000", "2009-12-31": -74, "2009-09-30": -128, "2009-06-30": -27, "2009-03-31": "138.00000", "2008-12-31": -374, "2008-09-30": 646, "2008-06-30": -146, "2008-03-31": "92.00000", "2007-12-31": 151, "2007-09-30": -122, "2007-06-30": 436, "2007-03-31": "245.00000", "2006-12-31": -178, "2006-09-30": -455, "2006-06-30": -162, "2006-03-31": "-200.00000", "2005-12-31": -66, "2005-09-30": -209, "2005-06-30": -113, "2005-03-31": "172.00000"}, "Investing Activities - Other": {"2020-12-31": 3, "2020-09-30": 5, "2020-06-30": 16, "2020-03-31": "6.00000", "2019-12-31": 12, "2019-09-30": -54, "2019-06-30": 19, "2019-03-31": "41.00000", "2018-12-31": 16, "2018-09-30": 14, "2018-06-30": 205, "2018-03-31": "11.00000", "2017-12-31": 65, "2017-09-30": 64, "2017-06-30": 63, "2017-03-31": "73.00000", "2016-12-31": 75, "2016-09-30": 0, "2016-06-30": 38, "2016-03-31": "93.00000", "2015-12-31": 131, "2015-09-30": 167, "2015-06-30": 174, "2015-03-31": "153.00000", "2014-12-31": 142, "2014-09-30": 79, "2014-06-30": 72, "2014-03-31": "95.00000", "2013-12-31": 63, "2013-09-30": 25, "2013-06-30": 7, "2013-03-31": "-106.00000", "2012-12-31": 2, "2012-09-30": 2, "2012-06-30": 9, "2012-03-31": "-5.00000", "2011-12-31": -1, "2011-09-30": -4, "2011-06-30": 2, "2011-03-31": "3.00000", "2010-12-31": 1, "2010-09-30": 4, "2010-06-30": 0, "2010-03-31": "2.00000", "2009-12-31": 0, "2009-09-30": 0, "2009-06-30": 0, "2009-03-31": "", "2008-12-31": 0, "2008-09-30": 0, "2008-06-30": 0, "2008-03-31": "", "2007-12-31": 0, "2007-09-30": 0, "2007-06-30": 0, "2007-03-31": "", "2006-12-31": 0, "2006-09-30": 0, "2006-06-30": 0, "2006-03-31": "", "2005-12-31": 26, "2005-09-30": 3, "2005-06-30": 8, "2005-03-31": "2.00000"}, "Cash Flow From Investing Activities": {"2020-12-31": -378, "2020-09-30": -148, "2020-06-30": -245, "2020-03-31": "-539.00000", "2019-12-31": -357, "2019-09-30": -500, "2019-06-30": -551, "2019-03-31": "-483.00000", "2018-12-31": -621, "2018-09-30": -511, "2018-06-30": -1111, "2018-03-31": "-644.00000", "2017-12-31": -492, "2017-09-30": -584, "2017-06-30": -308, "2017-03-31": "-326.00000", "2016-12-31": -294, "2016-09-30": -282, "2016-06-30": 4314, "2016-03-31": "-76.00000", "2015-12-31": 137, "2015-09-30": -199, "2015-06-30": 90, "2015-03-31": "-713.00000", "2014-12-31": -209, "2014-09-30": -170, "2014-06-30": -282, "2014-03-31": "-301.00000", "2013-12-31": -429, "2013-09-30": -240, "2013-06-30": -213, "2013-03-31": "-122.00000", "2012-12-31": -1007, "2012-09-30": -482, "2012-06-30": -535, "2012-03-31": "-604.00000", "2011-12-31": -476, "2011-09-30": -418, "2011-06-30": -505, "2011-03-31": "-657.00000", "2010-12-31": -560, "2010-09-30": -902, "2010-06-30": -384, "2010-03-31": "77.00000", "2009-12-31": -231, "2009-09-30": -774, "2009-06-30": -239, "2009-03-31": "-126.00000", "2008-12-31": -1138, "2008-09-30": 355, "2008-06-30": -541, "2008-03-31": "-375.00000", "2007-12-31": -235, "2007-09-30": -527, "2007-06-30": 218, "2007-03-31": "-17.00000", "2006-12-31": -467, "2006-09-30": -790, "2006-06-30": -444, "2006-03-31": "-480.00000", "2005-12-31": -516, "2005-09-30": -584, "2005-06-30": -463, "2005-03-31": "-149.00000"}, "Net Long-Term Debt": {"2020-12-31": -90, "2020-09-30": 3, "2020-06-30": 9, "2020-03-31": "200.00000", "2019-12-31": 1482, "2019-09-30": -97, "2019-06-30": 446, "2019-03-31": "", "2018-12-31": 889, "2018-09-30": 0, "2018-06-30": 596, "2018-03-31": "", "2017-12-31": 744, "2017-09-30": 702, "2017-06-30": -1, "2017-03-31": "", "2016-12-31": 1, "2016-09-30": 230, "2016-06-30": -230, "2016-03-31": "-1.00000", "2015-12-31": 476, "2015-09-30": 0, "2015-06-30": 744, "2015-03-31": "", "2014-12-31": -5, "2014-09-30": 0, "2014-06-30": -1, "2014-03-31": "", "2013-12-31": 243, "2013-09-30": 0, "2013-06-30": -1, "2013-03-31": "-499.00000", "2012-12-31": 52, "2012-09-30": 144, "2012-06-30": 95, "2012-03-31": "790.00000", "2011-12-31": 86, "2011-09-30": 34, "2011-06-30": 0, "2011-03-31": "-32.00000", "2010-12-31": -108, "2010-09-30": 424, "2010-06-30": 0, "2010-03-31": "", "2009-12-31": 0, "2009-09-30": -1, "2009-06-30": 346, "2009-03-31": "-9.00000", "2008-12-31": 0, "2008-09-30": 0, "2008-06-30": 0, "2008-03-31": "", "2007-12-31": 0, "2007-09-30": 0, "2007-06-30": 0, "2007-03-31": "-238.00000", "2006-12-31": -25, "2006-09-30": 237, "2006-06-30": -334, "2006-03-31": "", "2005-12-31": 0, "2005-09-30": 0, "2005-06-30": -1, "2005-03-31": "46.00000"}, "Net Current Debt": {"2020-12-31": -100, "2020-09-30": 0, "2020-06-30": 0, "2020-03-31": "", "2019-12-31": -300, "2019-09-30": 0, "2019-06-30": 0, "2019-03-31": "", "2018-12-31": -254, "2018-09-30": 0, "2018-06-30": -375, "2018-03-31": "", "2017-12-31": -252, "2017-09-30": 0, "2017-06-30": 0, "2017-03-31": "", "2016-12-31": 0, "2016-09-30": -502, "2016-06-30": -19, "2016-03-31": "-45.00000", "2015-12-31": -11, "2015-09-30": 0, "2015-06-30": 2, "2015-03-31": "", "2014-12-31": -419, "2014-09-30": 5, "2014-06-30": -19, "2014-03-31": "410.00000", "2013-12-31": -2, "2013-09-30": -58, "2013-06-30": -2, "2013-03-31": "-9.00000", "2012-12-31": -2, "2012-09-30": -11, "2012-06-30": -3, "2012-03-31": "-10.00000", "2011-12-31": -2, "2011-09-30": -10, "2011-06-30": -2, "2011-03-31": "-10.00000", "2010-12-31": -5, "2010-09-30": -9, "2010-06-30": -3, "2010-03-31": "-58.00000", "2009-12-31": -2, "2009-09-30": -18, "2009-06-30": -3, "2009-03-31": "-63.00000", "2008-12-31": -4, "2008-09-30": -8, "2008-06-30": -3, "2008-03-31": "-9.00000", "2007-12-31": -2, "2007-09-30": -8, "2007-06-30": -2, "2007-03-31": "-8.00000", "2006-12-31": 0, "2006-09-30": -7, "2006-06-30": -3, "2006-03-31": "-4.00000", "2005-12-31": -253, "2005-09-30": -3, "2005-06-30": -3, "2005-03-31": "-192.00000"}, "Debt Issuance/Retirement Net - Total": {"2020-12-31": -190, "2020-09-30": 3, "2020-06-30": 9, "2020-03-31": "200.00000", "2019-12-31": 1182, "2019-09-30": -97, "2019-06-30": 446, "2019-03-31": "", "2018-12-31": 635, "2018-09-30": 0, "2018-06-30": 221, "2018-03-31": "", "2017-12-31": 492, "2017-09-30": 702, "2017-06-30": -1, "2017-03-31": "", "2016-12-31": 1, "2016-09-30": -272, "2016-06-30": -249, "2016-03-31": "-46.00000", "2015-12-31": 465, "2015-09-30": 0, "2015-06-30": 746, "2015-03-31": "", "2014-12-31": -424, "2014-09-30": 5, "2014-06-30": -20, "2014-03-31": "410.00000", "2013-12-31": 241, "2013-09-30": -58, "2013-06-30": -3, "2013-03-31": "-508.00000", "2012-12-31": 50, "2012-09-30": 133, "2012-06-30": 92, "2012-03-31": "780.00000", "2011-12-31": 84, "2011-09-30": 24, "2011-06-30": -2, "2011-03-31": "-42.00000", "2010-12-31": -113, "2010-09-30": 415, "2010-06-30": -3, "2010-03-31": "-58.00000", "2009-12-31": -2, "2009-09-30": -19, "2009-06-30": 343, "2009-03-31": "-72.00000", "2008-12-31": -4, "2008-09-30": -8, "2008-06-30": -3, "2008-03-31": "-9.00000", "2007-12-31": -2, "2007-09-30": -8, "2007-06-30": -2, "2007-03-31": "-246.00000", "2006-12-31": -25, "2006-09-30": 230, "2006-06-30": -337, "2006-03-31": "-4.00000", "2005-12-31": -253, "2005-09-30": -3, "2005-06-30": -4, "2005-03-31": "-146.00000"}, "Net Common Equity Issued/Repurchased": {"2020-12-31": 75, "2020-09-30": 36, "2020-06-30": 13, "2020-03-31": "-105.00000", "2019-12-31": -217, "2019-09-30": -294, "2019-06-30": -114, "2019-03-31": "-257.00000", "2018-12-31": -340, "2018-09-30": -366, "2018-06-30": -661, "2018-03-31": "-779.00000", "2017-12-31": -354, "2017-09-30": -996, "2017-06-30": -575, "2017-03-31": "-218.00000", "2016-12-31": -291, "2016-09-30": -2310, "2016-06-30": -794, "2016-03-31": "-694.00000", "2015-12-31": -1320, "2015-09-30": -811, "2015-06-30": -607, "2015-03-31": "-388.00000", "2014-12-31": -165, "2014-09-30": -210, "2014-06-30": -141, "2014-03-31": "-1851.00000", "2013-12-31": -1044, "2013-09-30": -194, "2013-06-30": -205, "2013-03-31": "12.00000", "2012-12-31": -128, "2012-09-30": -187, "2012-06-30": -311, "2012-03-31": "-56.00000", "2011-12-31": -772, "2011-09-30": 9, "2011-06-30": 9, "2011-03-31": "64.00000", "2010-12-31": 16, "2010-09-30": 10, "2010-06-30": 19, "2010-03-31": "25.00000", "2009-12-31": 18, "2009-09-30": 10, "2009-06-30": 10, "2009-03-31": "6.00000", "2008-12-31": 5, "2008-09-30": -491, "2008-06-30": 4, "2008-03-31": "-40.00000", "2007-12-31": -101, "2007-09-30": -101, "2007-06-30": 56, "2007-03-31": "26.00000", "2006-12-31": 29, "2006-09-30": 34, "2006-06-30": 41, "2006-03-31": "225.00000", "2005-12-31": 69, "2005-09-30": 95, "2005-06-30": 382, "2005-03-31": "21.00000"}, "Net Total Equity Issued/Repurchased": {"2020-12-31": 75, "2020-09-30": 36, "2020-06-30": 13, "2020-03-31": "-105.00000", "2019-12-31": -217, "2019-09-30": -294, "2019-06-30": -114, "2019-03-31": "-257.00000", "2018-12-31": -340, "2018-09-30": -366, "2018-06-30": -661, "2018-03-31": "-779.00000", "2017-12-31": -354, "2017-09-30": -996, "2017-06-30": -575, "2017-03-31": "-218.00000", "2016-12-31": -291, "2016-09-30": -2310, "2016-06-30": -794, "2016-03-31": "-694.00000", "2015-12-31": -1320, "2015-09-30": -811, "2015-06-30": -607, "2015-03-31": "-388.00000", "2014-12-31": -165, "2014-09-30": -210, "2014-06-30": -141, "2014-03-31": "-1451.00000", "2013-12-31": -1044, "2013-09-30": -194, "2013-06-30": -205, "2013-03-31": "12.00000", "2012-12-31": -128, "2012-09-30": -187, "2012-06-30": -311, "2012-03-31": "-56.00000", "2011-12-31": -772, "2011-09-30": 9, "2011-06-30": 9, "2011-03-31": "64.00000", "2010-12-31": 16, "2010-09-30": 10, "2010-06-30": 19, "2010-03-31": "25.00000", "2009-12-31": 18, "2009-09-30": 10, "2009-06-30": 10, "2009-03-31": "6.00000", "2008-12-31": 5, "2008-09-30": -491, "2008-06-30": 4, "2008-03-31": "-40.00000", "2007-12-31": -101, "2007-09-30": -101, "2007-06-30": 56, "2007-03-31": "26.00000", "2006-12-31": 29, "2006-09-30": 34, "2006-06-30": 41, "2006-03-31": "225.00000", "2005-12-31": 69, "2005-09-30": 95, "2005-06-30": 382, "2005-03-31": "21.00000"}, "Total Common And Preferred Stock Dividends Paid": {"2020-12-31": -200, "2020-09-30": -204, "2020-06-30": -191, "2020-03-31": "-192.00000", "2019-12-31": -188, "2019-09-30": -192, "2019-06-30": -181, "2019-03-31": "-181.00000", "2018-12-31": -168, "2018-09-30": -169, "2018-06-30": -171, "2018-03-31": "-177.00000", "2017-12-31": -158, "2017-09-30": -160, "2017-06-30": -165, "2017-03-31": "-168.00000", "2016-12-31": -152, "2016-09-30": -153, "2016-06-30": -167, "2016-03-31": "-173.00000", "2015-12-31": -160, "2015-09-30": -169, "2015-06-30": -173, "2015-03-31": "-177.00000", "2014-12-31": -152, "2014-09-30": -152, "2014-06-30": -151, "2014-03-31": "-136.00000", "2013-12-31": -140, "2013-09-30": -146, "2013-06-30": -147, "2013-03-31": "-133.00000", "2012-12-31": -133, "2012-09-30": -112, "2012-06-30": -113, "2012-03-31": "-114.00000", "2011-12-31": -117, "2011-09-30": -79, "2011-06-30": -79, "2011-03-31": "-79.00000", "2010-12-31": -78, "2010-09-30": -79, "2010-06-30": -78, "2010-03-31": "-78.00000", "2009-12-31": -78, "2009-09-30": -78, "2009-06-30": -78, "2009-03-31": "-78.00000", "2008-12-31": -78, "2008-09-30": -77, "2008-06-30": -80, "2008-03-31": "-78.00000", "2007-12-31": -79, "2007-09-30": -79, "2007-06-30": 0, "2007-03-31": "", "2006-12-31": 0, "2006-09-30": 0, "2006-06-30": 0, "2006-03-31": "", "2005-12-31": 0, "2005-09-30": 0, "2005-06-30": 0, "2005-03-31": ""}, "Financial Activities - Other": {"2020-12-31": 1, "2020-09-30": 22, "2020-06-30": -9, "2020-03-31": "3.00000", "2019-12-31": 9, "2019-09-30": 12, "2019-06-30": -20, "2019-03-31": "45.00000", "2018-12-31": -6, "2018-09-30": -3, "2018-06-30": -8, "2018-03-31": "-3.00000", "2017-12-31": -9, "2017-09-30": -3, "2017-06-30": -9, "2017-03-31": "-2.00000", "2016-12-31": -8, "2016-09-30": -2, "2016-06-30": -9, "2016-03-31": "-3.00000", "2015-12-31": -19, "2015-09-30": 0, "2015-06-30": -1, "2015-03-31": "-9.00000", "2014-12-31": 1, "2014-09-30": 0, "2014-06-30": 0, "2014-03-31": "", "2013-12-31": 227, "2013-09-30": 44, "2013-06-30": -9, "2013-03-31": "", "2012-12-31": 2, "2012-09-30": 0, "2012-06-30": 0, "2012-03-31": "-18.00000", "2011-12-31": 0, "2011-09-30": 0, "2011-06-30": 0, "2011-03-31": "", "2010-12-31": 0, "2010-09-30": 0, "2010-06-30": 0, "2010-03-31": "", "2009-12-31": 0, "2009-09-30": 0, "2009-06-30": 2, "2009-03-31": "1.00000", "2008-12-31": 61, "2008-09-30": 0, "2008-06-30": 2, "2008-03-31": "-2.00000", "2007-12-31": -1, "2007-09-30": -2, "2007-06-30": 0, "2007-03-31": "", "2006-12-31": -1, "2006-09-30": -4, "2006-06-30": -6, "2006-03-31": "-2.00000", "2005-12-31": -2, "2005-09-30": -6, "2005-06-30": -1, "2005-03-31": "-5.00000"}, "Cash Flow From Financial Activities": {"2020-12-31": -314, "2020-09-30": -143, "2020-06-30": -178, "2020-03-31": "-94.00000", "2019-12-31": 786, "2019-09-30": -571, "2019-06-30": 131, "2019-03-31": "-393.00000", "2018-12-31": 121, "2018-09-30": -538, "2018-06-30": -619, "2018-03-31": "-959.00000", "2017-12-31": -29, "2017-09-30": -457, "2017-06-30": -750, "2017-03-31": "-388.00000", "2016-12-31": -450, "2016-09-30": -2737, "2016-06-30": -1219, "2016-03-31": "-916.00000", "2015-12-31": -1034, "2015-09-30": -980, "2015-06-30": -35, "2015-03-31": "-574.00000", "2014-12-31": -740, "2014-09-30": -357, "2014-06-30": -312, "2014-03-31": "-1177.00000", "2013-12-31": -716, "2013-09-30": -354, "2013-06-30": -364, "2013-03-31": "-629.00000", "2012-12-31": -209, "2012-09-30": -166, "2012-06-30": -332, "2012-03-31": "592.00000", "2011-12-31": -805, "2011-09-30": -46, "2011-06-30": -72, "2011-03-31": "-57.00000", "2010-12-31": -175, "2010-09-30": 346, "2010-06-30": -62, "2010-03-31": "-111.00000", "2009-12-31": -62, "2009-09-30": -87, "2009-06-30": 277, "2009-03-31": "-143.00000", "2008-12-31": -16, "2008-09-30": -576, "2008-06-30": -77, "2008-03-31": "-129.00000", "2007-12-31": -183, "2007-09-30": -190, "2007-06-30": 54, "2007-03-31": "-220.00000", "2006-12-31": 3, "2006-09-30": 260, "2006-06-30": -302, "2006-03-31": "219.00000", "2005-12-31": -186, "2005-09-30": 86, "2005-06-30": 377, "2005-03-31": "-130.00000"}, "Net Cash Flow": {"2020-12-31": 158, "2020-09-30": 356, "2020-06-30": 133, "2020-03-31": "-409.00000", "2019-12-31": 1463, "2019-09-30": -207, "2019-06-30": -278, "2019-03-31": "-899.00000", "2018-12-31": 452, "2018-09-30": -120, "2018-06-30": -1073, "2018-03-31": "-1221.00000", "2017-12-31": 452, "2017-09-30": -324, "2017-06-30": -655, "2017-03-31": "-447.00000", "2016-12-31": 470, "2016-09-30": -2323, "2016-06-30": 3604, "2016-03-31": "-960.00000", "2015-12-31": 60, "2015-09-30": -528, "2015-06-30": 664, "2015-03-31": "-1005.00000", "2014-12-31": -44, "2014-09-30": 235, "2014-06-30": 150, "2014-03-31": "264.00000", "2013-12-31": 144, "2013-09-30": -41, "2013-06-30": -196, "2013-03-31": "-191.00000", "2012-12-31": 36, "2012-09-30": -56, "2012-06-30": -482, "2012-03-31": "829.00000", "2011-12-31": -240, "2011-09-30": 292, "2011-06-30": 39, "2011-03-31": "-28.00000", "2010-12-31": 1296, "2010-09-30": 88, "2010-06-30": 139, "2010-03-31": "534.00000", "2009-12-31": 579, "2009-09-30": -272, "2009-06-30": 454, "2009-03-31": "-93.00000", "2008-12-31": -723, "2008-09-30": 421, "2008-06-30": 51, "2008-03-31": "-92.00000", "2007-12-31": 338, "2007-09-30": 4, "2007-06-30": 751, "2007-03-31": "-34.00000", "2006-12-31": 178, "2006-09-30": -119, "2006-06-30": -164, "2006-03-31": "-80.00000", "2005-12-31": -53, "2005-09-30": 94, "2005-06-30": 454, "2005-03-31": "-162.00000"}, "Stock-Based Compensation": {"2020-12-31": 80, "2020-09-30": 62, "2020-06-30": 65, "2020-03-31": "", "2019-12-31": 13, "2019-09-30": 13, "2019-06-30": 30, "2019-03-31": "", "2018-12-31": 51, "2018-09-30": 0, "2018-06-30": 0, "2018-03-31": "", "2017-12-31": 46, "2017-09-30": 0, "2017-06-30": 0, "2017-03-31": "", "2016-12-31": 0, "2016-09-30": 0, "2016-06-30": -9, "2016-03-31": "9.00000", "2015-12-31": -36, "2015-09-30": 11, "2015-06-30": 15, "2015-03-31": "10.00000", "2014-12-31": 11, "2014-09-30": 19, "2014-06-30": 13, "2014-03-31": "15.00000", "2013-12-31": 14, "2013-09-30": 15, "2013-06-30": 14, "2013-03-31": "11.00000", "2012-12-31": 14, "2012-09-30": 16, "2012-06-30": 16, "2012-03-31": "24.00000", "2011-12-31": 20, "2011-09-30": 21, "2011-06-30": 22, "2011-03-31": "23.00000", "2010-12-31": 15, "2010-09-30": 22, "2010-06-30": 26, "2010-03-31": "29.00000", "2009-12-31": 30, "2009-09-30": 30, "2009-06-30": 32, "2009-03-31": "35.00000", "2008-12-31": 14, "2008-09-30": 26, "2008-06-30": 37, "2008-03-31": "41.00000", "2007-12-31": 38, "2007-09-30": 29, "2007-06-30": 35, "2007-03-31": "36.00000", "2006-12-31": 32, "2006-09-30": 33, "2006-06-30": 30, "2006-03-31": "32.00000", "2005-12-31": 1, "2005-09-30": 15, "2005-06-30": 7, "2005-03-31": "6.00000"}, "Common Stock Dividends Paid": {"2020-12-31": -200, "2020-09-30": -204, "2020-06-30": -191, "2020-03-31": "-192.00000", "2019-12-31": -188, "2019-09-30": -192, "2019-06-30": -181, "2019-03-31": "-181.00000", "2018-12-31": -168, "2018-09-30": -169, "2018-06-30": -171, "2018-03-31": "-177.00000", "2017-12-31": -158, "2017-09-30": -160, "2017-06-30": -165, "2017-03-31": "-168.00000", "2016-12-31": -152, "2016-09-30": -153, "2016-06-30": -167, "2016-03-31": "-173.00000", "2015-12-31": -160, "2015-09-30": -169, "2015-06-30": -173, "2015-03-31": "-177.00000", "2014-12-31": -152, "2014-09-30": -152, "2014-06-30": -151, "2014-03-31": "-136.00000", "2013-12-31": -140, "2013-09-30": -146, "2013-06-30": -147, "2013-03-31": "-133.00000", "2012-12-31": -133, "2012-09-30": -112, "2012-06-30": -113, "2012-03-31": "-114.00000", "2011-12-31": -117, "2011-09-30": -79, "2011-06-30": -79, "2011-03-31": "-79.00000", "2010-12-31": -78, "2010-09-30": -79, "2010-06-30": -78, "2010-03-31": "-78.00000", "2009-12-31": -78, "2009-09-30": -78, "2009-06-30": -78, "2009-03-31": "-78.00000", "2008-12-31": -78, "2008-09-30": -77, "2008-06-30": -80, "2008-03-31": "-78.00000", "2007-12-31": -79, "2007-09-30": -79, "2007-06-30": 0, "2007-03-31": "", "2006-12-31": 0, "2006-09-30": 0, "2006-06-30": 0, "2006-03-31": "", "2005-12-31": 0, "2005-09-30": 0, "2005-06-30": 0, "2005-03-31": ""}}, "financial ratios": {"Current Ratio": {"2019-12-31": "2.11960", "2018-12-31": "2.12440", "2017-12-31": "2.75070", "2016-12-31": "3.28900", "2015-12-31": "2.93850", "2014-12-31": "4.40530", "2013-12-31": "5.09220", "2012-12-31": "4.95650", "2011-12-31": "4.13780", "2010-12-31": "4.46070", "2009-12-31": "3.58740", "2008-12-31": "2.25100", "2007-12-31": "2.10750", "2006-12-31": "2.06900", "2005-12-31": "1.62870"}, "Long-term Debt / Capital": {"2019-12-31": "0.37290", "2018-12-31": "0.30150", "2017-12-31": "0.23140", "2016-12-31": "0.16870", "2015-12-31": "0.17100", "2014-12-31": "0.12970", "2013-12-31": "0.13360", "2012-12-31": "0.13570", "2011-12-31": "0.10060", "2010-12-31": "0.10430", "2009-12-31": "0.11010", "2008-12-31": "0.10170", "2007-12-31": "0.13750", "2006-12-31": "0.18970", "2005-12-31": "0.24590"}, "Debt/Equity Ratio": {"2019-12-31": "0.59550", "2018-12-31": "0.43190", "2017-12-31": "0.32520", "2016-12-31": "0.21730", "2015-12-31": "0.23650", "2014-12-31": "0.15070", "2013-12-31": "0.15520", "2012-12-31": "0.16060", "2011-12-31": "0.11320", "2010-12-31": "0.11940", "2009-12-31": "0.12850", "2008-12-31": "0.11900", "2007-12-31": "0.16190", "2006-12-31": "0.23680", "2005-12-31": "0.32930"}, "Gross Margin": {"2019-12-31": "35.07780", "2018-12-31": "39.51280", "2017-12-31": "39.73900", "2016-12-31": "40.07460", "2015-12-31": "40.09440", "2014-12-31": "41.70870", "2013-12-31": "42.51180", "2012-12-31": "41.42540", "2011-12-31": "45.32320", "2010-12-31": "45.97410", "2009-12-31": "38.79520", "2008-12-31": "46.03230", "2007-12-31": "46.91130", "2006-12-31": "44.12450", "2005-12-31": "43.32820"}, "Operating Margin": {"2019-12-31": "11.35360", "2018-12-31": "13.95040", "2017-12-31": "15.89560", "2016-12-31": "15.16510", "2015-12-31": "14.50990", "2014-12-31": "19.87650", "2013-12-31": "17.53420", "2012-12-31": "14.71540", "2011-12-31": "21.69840", "2010-12-31": "27.15620", "2009-12-31": "7.24750", "2008-12-31": "25.55480", "2007-12-31": "18.44710", "2006-12-31": "16.35100", "2005-12-31": "12.92860"}, "EBIT Margin": {"2019-12-31": "11.35360", "2018-12-31": "13.95040", "2017-12-31": "15.89560", "2016-12-31": "15.16510", "2015-12-31": "14.50990", "2014-12-31": "19.87650", "2013-12-31": "17.53420", "2012-12-31": "14.71540", "2011-12-31": "21.69840", "2010-12-31": "27.15620", "2009-12-31": "7.24750", "2008-12-31": "25.55480", "2007-12-31": "18.44710", "2006-12-31": "16.35100", "2005-12-31": "12.92860"}, "EBITDA Margin": {"2019-12-31": "24.41970", "2018-12-31": "25.40300", "2017-12-31": "27.34280", "2016-12-31": "27.89140", "2015-12-31": "27.50520", "2014-12-31": "32.22850", "2013-12-31": "30.34920", "2012-12-31": "27.15930", "2011-12-31": "33.82760", "2010-12-31": "40.03320", "2009-12-31": "21.92770", "2008-12-31": "37.23940", "2007-12-31": "28.80550", "2006-12-31": "27.77350", "2005-12-31": "24.11010"}, "Pre-Tax Profit Margin": {"2019-12-31": "10.57120", "2018-12-31": "13.31270", "2017-12-31": "16.38000", "2016-12-31": "39.31840", "2015-12-31": "16.31000", "2014-12-31": "36.72670", "2013-12-31": "31.62810", "2012-12-31": "24.65050", "2011-12-31": "40.95060", "2010-12-31": "57.97650", "2009-12-31": "35.84800", "2008-12-31": "48.45330", "2007-12-31": "38.75430", "2006-12-31": "18.57360", "2005-12-31": "12.20790"}, "Net Profit Margin": {"2019-12-31": "7.49370", "2018-12-31": "8.57400", "2017-12-31": "-5.88180", "2016-12-31": "38.30670", "2015-12-31": "13.62090", "2014-12-31": "24.47760", "2013-12-31": "25.07990", "2012-12-31": "20.41940", "2011-12-31": "35.70340", "2010-12-31": "53.64900", "2009-12-31": "37.21970", "2008-12-31": "88.38270", "2007-12-31": "36.68940", "2006-12-31": "35.85230", "2005-12-31": "12.77570"}, "Asset Turnover": {"2019-12-31": "0.39810", "2018-12-31": "0.41050", "2017-12-31": "0.36790", "2016-12-31": "0.33660", "2015-12-31": "0.31940", "2014-12-31": "0.32320", "2013-12-31": "0.27460", "2012-12-31": "0.27270", "2011-12-31": "0.28330", "2010-12-31": "0.25670", "2009-12-31": "0.25330", "2008-12-31": "0.30890", "2007-12-31": "0.38510", "2006-12-31": "0.39600", "2005-12-31": "0.40860"}, "Inventory Turnover Ratio": {"2019-12-31": "3.21900", "2018-12-31": "3.35250", "2017-12-31": "3.56070", "2016-12-31": "3.82530", "2015-12-31": "3.94080", "2014-12-31": "4.28370", "2013-12-31": "3.53940", "2012-12-31": "4.46530", "2011-12-31": "4.42460", "2010-12-31": "4.85500", "2009-12-31": "5.70290", "2008-12-31": "4.02260", "2007-12-31": "4.93030", "2006-12-31": "4.52430", "2005-12-31": "4.55260"}, "Receiveable Turnover": {"2019-12-31": "6.26530", "2018-12-31": "5.81960", "2017-12-31": "5.59820", "2016-12-31": "6.34030", "2015-12-31": "6.64070", "2014-12-31": "6.47240", "2013-12-31": "6.24020", "2012-12-31": "6.15360", "2011-12-31": "7.29210", "2010-12-31": "6.81600", "2009-12-31": "7.16470", "2008-12-31": "11.61720", "2007-12-31": "6.84580", "2006-12-31": "7.19610", "2005-12-31": "7.27980"}, "Days Sales In Receivables": {"2019-12-31": "58.25780", "2018-12-31": "62.71920", "2017-12-31": "65.19920", "2016-12-31": "57.56820", "2015-12-31": "54.96430", "2014-12-31": "56.39370", "2013-12-31": "58.49150", "2012-12-31": "59.31480", "2011-12-31": "50.05450", "2010-12-31": "53.55020", "2009-12-31": "50.94440", "2008-12-31": "31.41900", "2007-12-31": "53.31740", "2006-12-31": "50.72190", "2005-12-31": "50.13870"}, "ROE - Return On Equity": {"2019-12-31": "8.97450", "2018-12-31": "9.20080", "2017-12-31": "-3.68970", "2016-12-31": "23.59520", "2015-12-31": "8.08430", "2014-12-31": "12.77390", "2013-12-31": "9.24520", "2012-12-31": "7.59760", "2011-12-31": "13.33240", "2010-12-31": "18.31570", "2009-12-31": "12.87590", "2008-12-31": "38.96670", "2007-12-31": "22.64110", "2006-12-31": "25.60030", "2005-12-31": "10.66160"}, "Return On Tangible Equity": {"2019-12-31": "9.71960", "2018-12-31": "10.00190", "2017-12-31": "-3.76320", "2016-12-31": "23.70570", "2015-12-31": "7.98120", "2014-12-31": "12.35690", "2013-12-31": "9.97000", "2012-12-31": "8.16490", "2011-12-31": "13.94350", "2010-12-31": "19.01660", "2009-12-31": "13.45940", "2008-12-31": "39.86800", "2007-12-31": "23.40010", "2006-12-31": "26.76770", "2005-12-31": "11.36140"}, "ROA - Return On Assets": {"2019-12-31": "3.32200", "2018-12-31": "3.87570", "2017-12-31": "-1.80770", "2016-12-31": "13.24420", "2015-12-31": "4.69380", "2014-12-31": "8.22270", "2013-12-31": "6.88600", "2012-12-31": "5.56940", "2011-12-31": "10.11560", "2010-12-31": "13.77310", "2009-12-31": "9.42940", "2008-12-31": "27.30060", "2007-12-31": "14.13080", "2006-12-31": "14.19820", "2005-12-31": "5.22000"}, "ROI - Return On Investment": {"2019-12-31": "4.63190", "2018-12-31": "5.36220", "2017-12-31": "-2.42210", "2016-12-31": "17.10170", "2015-12-31": "5.88490", "2014-12-31": "9.93610", "2013-12-31": "8.00960", "2012-12-31": "6.56630", "2011-12-31": "11.99080", "2010-12-31": "16.40540", "2009-12-31": "11.45790", "2008-12-31": "35.00470", "2007-12-31": "19.52770", "2006-12-31": "20.74480", "2005-12-31": "8.04010"}, "Book Value Per Share": {"2019-12-31": "17.05640", "2018-12-31": "17.62180", "2017-12-31": "18.38000", "2016-12-31": "19.39530", "2015-12-31": "16.69290", "2014-12-31": "16.99530", "2013-12-31": "15.16150", "2012-12-31": "14.64830", "2011-12-31": "13.94650", "2010-12-31": "12.44460", "2009-12-31": "10.04830", "2008-12-31": "8.71510", "2007-12-31": "6.05610", "2006-12-31": "4.63000", "2005-12-31": "3.57230"}, "Operating Cash Flow Per Share": {"2019-12-31": -0.8428, "2018-12-31": 0.8629, "2017-12-31": 0.0214, "2016-12-31": 0.1112, "2015-12-31": -1.1934, "2014-12-31": 1.3936, "2013-12-31": -0.2225, "2012-12-31": 0.1143, "2011-12-31": -0.4112, "2010-12-31": 1.1011, "2009-12-31": -0.0188, "2008-12-31": 0.0477, "2007-12-31": 0.1646, "2006-12-31": -0.1321, "2005-12-31": 1.2632}, "Free Cash Flow Per Share": {"2019-12-31": -0.5317, "2018-12-31": 0.4439, "2017-12-31": -1.0064, "2016-12-31": 0.0542, "2015-12-31": -1.3702, "2014-12-31": 1.3366, "2013-12-31": 0.2764, "2012-12-31": 0.4547, "2011-12-31": -1.3112, "2010-12-31": 1.019, "2009-12-31": 0.6277, "2008-12-31": -0.3626, "2007-12-31": 0.1082, "2006-12-31": 0.1339, "2005-12-31": 0.2632}}, "financial ratios, quarterly": {"Current Ratio": {"2020-09-30": "2.09350", "2020-06-30": "2.26690", "2020-03-31": "2.17670", "2019-12-31": "2.11960", "2019-09-30": "1.71000", "2019-06-30": "1.84750", "2019-03-31": "2.07550", "2018-12-31": "2.12440", "2018-09-30": "2.13110", "2018-06-30": "2.22970", "2018-03-31": "2.55860", "2017-12-31": "2.75070", "2017-09-30": "2.69300", "2017-06-30": "3.00250", "2017-03-31": "3.60100", "2016-12-31": "3.28900", "2016-09-30": "3.69620", "2016-06-30": "4.39010", "2016-03-31": "2.79950", "2015-12-31": "2.93850", "2015-09-30": "4.70650", "2015-06-30": "4.88030", "2015-03-31": "4.87490", "2014-12-31": "4.40530", "2014-09-30": "4.68330", "2014-06-30": "4.53100", "2014-03-31": "4.69840", "2013-12-31": "5.09220", "2013-09-30": "5.78450", "2013-06-30": "5.66880", "2013-03-31": "5.16380", "2012-12-31": "4.95650", "2012-09-30": "4.78910", "2012-06-30": "4.95670", "2012-03-31": "5.50310", "2011-12-31": "4.13780", "2011-09-30": "4.61120", "2011-06-30": "4.47860", "2011-03-31": "4.77140", "2010-12-31": "4.46070", "2010-09-30": "4.34650", "2010-06-30": "4.43380", "2010-03-31": "4.73550", "2009-12-31": "3.58740", "2009-09-30": "3.18880", "2009-06-30": "3.28410", "2009-03-31": "2.78830", "2008-12-31": "2.25100", "2008-09-30": "2.53740", "2008-06-30": "2.88460", "2008-03-31": "2.86730", "2007-12-31": "2.10750", "2007-09-30": "2.27320", "2007-06-30": "2.27070", "2007-03-31": "2.07490", "2006-12-31": "2.06900", "2006-09-30": "1.93360", "2006-06-30": "1.70110", "2006-03-31": "1.69700", "2005-12-31": "1.62870", "2005-09-30": "1.74760", "2005-06-30": "1.71860", "2005-03-31": "1.54810"}, "Long-term Debt / Capital": {"2020-09-30": "0.37830", "2020-06-30": "0.39120", "2020-03-31": "0.38880", "2019-12-31": "0.37290", "2019-09-30": "0.32160", "2019-06-30": "0.31020", "2019-03-31": "0.30510", "2018-12-31": "0.30150", "2018-09-30": "0.26560", "2018-06-30": "0.26770", "2018-03-31": "0.24920", "2017-12-31": "0.23140", "2017-09-30": "0.18680", "2017-06-30": "0.15440", "2017-03-31": "0.16640", "2016-12-31": "0.16870", "2016-09-30": "0.18040", "2016-06-30": "0.16610", "2016-03-31": "0.17860", "2015-12-31": "0.17100", "2015-09-30": "0.16320", "2015-06-30": "0.15660", "2015-03-31": "0.12900", "2014-12-31": "0.12970", "2014-09-30": "0.12870", "2014-06-30": "0.12920", "2014-03-31": "0.12930", "2013-12-31": "0.13360", "2013-09-30": "0.11440", "2013-06-30": "0.11620", "2013-03-31": "0.11780", "2012-12-31": "0.13570", "2012-09-30": "0.13010", "2012-06-30": "0.13110", "2012-03-31": "0.12790", "2011-12-31": "0.10060", "2011-09-30": "0.09520", "2011-06-30": "0.09540", "2011-03-31": "0.09930", "2010-12-31": "0.10430", "2010-09-30": "0.11460", "2010-06-30": "0.10160", "2010-03-31": "0.10500", "2009-12-31": "0.11010", "2009-09-30": "0.11470", "2009-06-30": "0.12270", "2009-03-31": "0.11170", "2008-12-31": "0.10170", "2008-09-30": "0.09870", "2008-06-30": "0.09730", "2008-03-31": "0.12280", "2007-12-31": "0.13750", "2007-09-30": "0.14230", "2007-06-30": "0.15130", "2007-03-31": "0.16090", "2006-12-31": "0.18970", "2006-09-30": "0.19220", "2006-06-30": "0.18080", "2006-03-31": "0.22840", "2005-12-31": "0.24590", "2005-09-30": "0.25660", "2005-06-30": "0.28250", "2005-03-31": "0.33660"}, "Debt/Equity Ratio": {"2020-09-30": "0.62830", "2020-06-30": "0.64360", "2020-03-31": "0.63700", "2019-12-31": "0.59550", "2019-09-30": "0.49720", "2019-06-30": "0.48330", "2019-03-31": "0.43960", "2018-12-31": "0.43190", "2018-09-30": "0.37970", "2018-06-30": "0.38360", "2018-03-31": "0.35810", "2017-12-31": "0.32520", "2017-09-30": "0.26610", "2017-06-30": "0.21750", "2017-03-31": "0.21360", "2016-12-31": "0.21730", "2016-09-30": "0.22060", "2016-06-30": "0.21330", "2016-03-31": "0.24670", "2015-12-31": "0.23650", "2015-09-30": "0.20010", "2015-06-30": "0.19050", "2015-03-31": "0.15310", "2014-12-31": "0.15070", "2014-09-30": "0.16860", "2014-06-30": "0.16890", "2014-03-31": "0.17000", "2013-12-31": "0.15520", "2013-09-30": "0.13020", "2013-06-30": "0.13490", "2013-03-31": "0.13690", "2012-12-31": "0.16060", "2012-09-30": "0.15540", "2012-06-30": "0.15220", "2012-03-31": "0.14800", "2011-12-31": "0.11320", "2011-09-30": "0.10640", "2011-06-30": "0.10670", "2011-03-31": "0.11160", "2010-12-31": "0.11940", "2010-09-30": "0.13080", "2010-06-30": "0.11450", "2010-03-31": "0.11880", "2009-12-31": "0.12850", "2009-09-30": "0.13450", "2009-06-30": "0.14570", "2009-03-31": "0.13110", "2008-12-31": "0.11900", "2008-09-30": "0.11510", "2008-06-30": "0.11330", "2008-03-31": "0.14720", "2007-12-31": "0.16190", "2007-09-30": "0.16830", "2007-06-30": "0.18060", "2007-03-31": "0.19440", "2006-12-31": "0.23680", "2006-09-30": "0.24070", "2006-06-30": "0.22400", "2006-03-31": "0.29980", "2005-12-31": "0.32930", "2005-09-30": "0.40130", "2005-06-30": "0.45300", "2005-03-31": "0.57620"}, "Gross Margin": {"2020-09-30": "33.35560", "2020-06-30": "29.51970", "2020-03-31": "23.46300", "2019-12-31": "30.31590", "2019-09-30": "34.66260", "2019-06-30": "36.22450", "2019-03-31": "39.08250", "2018-12-31": "39.60460", "2018-09-30": "40.95750", "2018-06-30": "39.02440", "2018-03-31": "38.20000", "2017-12-31": "39.13540", "2017-09-30": "40.27620", "2017-06-30": "39.52740", "2017-03-31": "40.04210", "2016-12-31": "40.67040", "2016-09-30": "41.52370", "2016-06-30": "40.29660", "2016-03-31": "37.32290", "2015-12-31": "38.41330", "2015-09-30": "39.26060", "2015-06-30": "41.61330", "2015-03-31": "41.01550", "2014-12-31": "41.43100", "2014-09-30": "42.87400", "2014-06-30": "41.57940", "2014-03-31": "40.84750", "2013-12-31": "39.36610", "2013-09-30": "43.58970", "2013-06-30": "44.55100", "2013-03-31": "42.44760", "2012-12-31": "37.18550", "2012-09-30": "43.62120", "2012-06-30": "42.34800", "2012-03-31": "42.91670", "2011-12-31": "44.25010", "2011-09-30": "47.13250", "2011-06-30": "44.33920", "2011-03-31": "45.44980", "2010-12-31": "43.45610", "2010-09-30": "45.19350", "2010-06-30": "48.30610", "2010-03-31": "47.07020", "2009-12-31": "42.36290", "2009-09-30": "40.50030", "2009-06-30": "41.21860", "2009-03-31": "27.30030", "2008-12-31": "28.32100", "2008-09-30": "47.26690", "2008-06-30": "50.35460", "2008-03-31": "52.19540", "2007-12-31": "47.85080", "2007-09-30": "47.77850", "2007-06-30": "46.47390", "2007-03-31": "45.21810", "2006-12-31": "44.04680", "2006-09-30": "44.14980", "2006-06-30": "42.90250", "2006-03-31": "45.40410", "2005-12-31": "43.91670", "2005-09-30": "45.87540", "2005-06-30": "42.33130", "2005-03-31": "40.85710"}, "Operating Margin": {"2020-09-30": "8.56380", "2020-06-30": "-4.02190", "2020-03-31": "-5.06060", "2019-12-31": "5.21830", "2019-09-30": "12.44040", "2019-06-30": "12.72110", "2019-03-31": "14.93600", "2018-12-31": "15.28830", "2018-09-30": "17.35370", "2018-06-30": "14.37930", "2018-03-31": "7.76000", "2017-12-31": "13.95530", "2017-09-30": "16.95440", "2017-06-30": "15.41850", "2017-03-31": "17.38950", "2016-12-31": "18.78030", "2016-09-30": "21.34030", "2016-06-30": "10.46610", "2016-03-31": "8.64680", "2015-12-31": "3.89960", "2015-09-30": "17.25350", "2015-06-30": "18.39520", "2015-03-31": "18.18990", "2014-12-31": "22.29620", "2014-09-30": "24.40950", "2014-06-30": "18.53340", "2014-03-31": "13.76150", "2013-12-31": "9.40700", "2013-09-30": "21.23850", "2013-06-30": "21.39250", "2013-03-31": "17.86110", "2012-12-31": "3.68130", "2012-09-30": "20.16680", "2012-06-30": "17.19080", "2012-03-31": "18.80210", "2011-12-31": "12.77160", "2011-09-30": "28.28920", "2011-06-30": "21.14710", "2011-03-31": "23.92100", "2010-12-31": "36.77050", "2010-09-30": "19.91260", "2010-06-30": "25.11680", "2010-03-31": "25.94980", "2009-12-31": "13.05480", "2009-09-30": "15.55110", "2009-06-30": "15.84230", "2009-03-31": "-26.28920", "2008-12-31": "-2.12180", "2008-09-30": "22.44370", "2008-06-30": "24.64540", "2008-03-31": "48.05200", "2007-12-31": "20.92290", "2007-09-30": "25.69220", "2007-06-30": "15.30320", "2007-03-31": "10.25250", "2006-12-31": "24.68960", "2006-09-30": "15.91260", "2006-06-30": "21.57020", "2006-03-31": "2.53570", "2005-12-31": "22.41670", "2005-09-30": "12.20540", "2005-06-30": "3.76860", "2005-03-31": "12.85710"}, "EBIT Margin": {"2020-09-30": "8.56380", "2020-06-30": "-4.02190", "2020-03-31": "-5.06060", "2019-12-31": "5.21830", "2019-09-30": "12.44040", "2019-06-30": "12.72110", "2019-03-31": "14.93600", "2018-12-31": "15.28830", "2018-09-30": "17.35370", "2018-06-30": "14.37930", "2018-03-31": "7.76000", "2017-12-31": "13.95530", "2017-09-30": "16.95440", "2017-06-30": "15.41850", "2017-03-31": "17.38950", "2016-12-31": "18.78030", "2016-09-30": "21.34030", "2016-06-30": "10.46610", "2016-03-31": "8.64680", "2015-12-31": "3.89960", "2015-09-30": "17.25350", "2015-06-30": "18.39520", "2015-03-31": "18.18990", "2014-12-31": "22.29620", "2014-09-30": "24.40950", "2014-06-30": "18.53340", "2014-03-31": "13.76150", "2013-12-31": "9.40700", "2013-09-30": "21.23850", "2013-06-30": "21.39250", "2013-03-31": "17.86110", "2012-12-31": "3.68130", "2012-09-30": "20.16680", "2012-06-30": "17.19080", "2012-03-31": "18.80210", "2011-12-31": "12.77160", "2011-09-30": "28.28920", "2011-06-30": "21.14710", "2011-03-31": "23.92100", "2010-12-31": "36.77050", "2010-09-30": "19.91260", "2010-06-30": "25.11680", "2010-03-31": "25.94980", "2009-12-31": "13.05480", "2009-09-30": "15.55110", "2009-06-30": "15.84230", "2009-03-31": "-26.28920", "2008-12-31": "-2.12180", "2008-09-30": "22.44370", "2008-06-30": "24.64540", "2008-03-31": "48.05200", "2007-12-31": "20.92290", "2007-09-30": "25.69220", "2007-06-30": "15.30320", "2007-03-31": "10.25250", "2006-12-31": "24.68960", "2006-09-30": "15.91260", "2006-06-30": "21.57020", "2006-03-31": "2.53570", "2005-12-31": "22.41670", "2005-09-30": "12.20540", "2005-06-30": "3.76860", "2005-03-31": "12.85710"}, "EBITDA Margin": {"2020-09-30": "", "2020-06-30": "", "2020-03-31": "", "2019-12-31": "", "2019-09-30": "", "2019-06-30": "", "2019-03-31": "", "2018-12-31": "", "2018-09-30": "", "2018-06-30": "", "2018-03-31": "", "2017-12-31": "", "2017-09-30": "", "2017-06-30": "", "2017-03-31": "", "2016-12-31": "", "2016-09-30": "", "2016-06-30": "", "2016-03-31": "", "2015-12-31": "", "2015-09-30": "", "2015-06-30": "", "2015-03-31": "", "2014-12-31": "", "2014-09-30": "", "2014-06-30": "", "2014-03-31": "", "2013-12-31": "", "2013-09-30": "", "2013-06-30": "", "2013-03-31": "", "2012-12-31": "", "2012-09-30": "", "2012-06-30": "", "2012-03-31": "", "2011-12-31": "", "2011-09-30": "", "2011-06-30": "", "2011-03-31": "", "2010-12-31": "", "2010-09-30": "", "2010-06-30": "", "2010-03-31": "", "2009-12-31": "", "2009-09-30": "", "2009-06-30": "", "2009-03-31": "", "2008-12-31": "", "2008-09-30": "", "2008-06-30": "", "2008-03-31": "", "2007-12-31": "", "2007-09-30": "", "2007-06-30": "", "2007-03-31": "", "2006-12-31": "", "2006-09-30": "", "2006-06-30": "", "2006-03-31": "", "2005-12-31": "", "2005-09-30": "", "2005-06-30": "", "2005-03-31": ""}, "Pre-Tax Profit Margin": {"2020-09-30": "14.99500", "2020-06-30": "-1.91330", "2020-03-31": "-4.51690", "2019-12-31": "0.60350", "2019-09-30": "13.90590", "2019-06-30": "7.34690", "2019-03-31": "20.44810", "2018-12-31": "11.40030", "2018-09-30": "25.19950", "2018-06-30": "31.45250", "2018-03-31": "-18.60000", "2017-12-31": "21.46380", "2017-09-30": "18.37360", "2017-06-30": "23.70850", "2017-03-31": "0.84210", "2016-12-31": "97.09210", "2016-09-30": "10.25130", "2016-06-30": "72.16100", "2016-03-31": "-32.82850", "2015-12-31": "7.57510", "2015-09-30": "9.59510", "2015-06-30": "25.86430", "2015-03-31": "21.76600", "2014-12-31": "55.61560", "2014-09-30": "55.47240", "2014-06-30": "13.73890", "2014-03-31": "21.01350", "2013-12-31": "28.98770", "2013-09-30": "26.56020", "2013-06-30": "41.82640", "2013-03-31": "29.10700", "2012-12-31": "8.48090", "2012-09-30": "30.76550", "2012-06-30": "30.08390", "2012-03-31": "30.83330", "2011-12-31": "30.20670", "2011-09-30": "44.38550", "2011-06-30": "43.79050", "2011-03-31": "44.82580", "2010-12-31": "67.36540", "2010-09-30": "49.87520", "2010-06-30": "55.14020", "2010-03-31": "58.78940", "2009-12-31": "45.95300", "2009-09-30": "45.63900", "2009-06-30": "43.51250", "2009-03-31": "-5.25780", "2008-12-31": "21.40220", "2008-09-30": "46.10930", "2008-06-30": "49.05440", "2008-03-31": "68.21270", "2007-12-31": "86.59920", "2007-09-30": "28.65420", "2007-06-30": "20.38080", "2007-03-31": "12.77740", "2006-12-31": "27.53840", "2006-09-30": "19.11080", "2006-06-30": "22.44250", "2006-03-31": "4.43740", "2005-12-31": "22.00000", "2005-09-30": "13.13130", "2005-06-30": "3.33040", "2005-03-31": "9.61900"}, "Net Profit Margin": {"2020-09-30": "13.42890", "2020-06-30": "-3.74850", "2020-03-31": "-5.01880", "2019-12-31": "0.21300", "2019-09-30": "10.66800", "2019-06-30": "2.31290", "2019-03-31": "16.89190", "2018-12-31": "8.76440", "2018-09-30": "19.98010", "2018-06-30": "25.99200", "2018-03-31": "-24.52000", "2017-12-31": "-55.44180", "2017-09-30": "14.03910", "2017-06-30": "17.58110", "2017-03-31": "2.61050", "2016-12-31": "62.43940", "2016-09-30": "10.37100", "2016-06-30": "92.50000", "2016-03-31": "-19.15000", "2015-12-31": "8.87490", "2015-09-30": "8.27460", "2015-06-30": "20.14510", "2015-03-31": "16.90950", "2014-12-31": "40.05820", "2014-09-30": "38.97640", "2014-06-30": "5.84210", "2014-03-31": "12.23240", "2013-12-31": "21.52350", "2013-09-30": "19.73880", "2013-06-30": "32.18970", "2013-03-31": "27.23260", "2012-12-31": "7.22270", "2012-09-30": "26.15310", "2012-06-30": "24.84280", "2012-03-31": "24.68750", "2011-12-31": "26.65610", "2011-09-30": "39.08430", "2011-06-30": "37.65590", "2011-03-31": "38.89760", "2010-12-31": "59.15010", "2010-09-30": "49.00130", "2010-06-30": "53.32940", "2010-03-31": "52.54350", "2009-12-31": "48.30290", "2009-09-30": "43.47530", "2009-06-30": "43.79930", "2009-03-31": "1.41560", "2008-12-31": "22.97050", "2008-09-30": "49.38910", "2008-06-30": "189.77540", "2008-03-31": "63.63640", "2007-12-31": "45.32240", "2007-09-30": "39.72960", "2007-06-30": "34.48520", "2007-03-31": "25.01910", "2006-12-31": "47.18770", "2006-09-30": "34.16540", "2006-06-30": "40.76130", "2006-03-31": "20.36450", "2005-12-31": "-2.75000", "2005-09-30": "17.08750", "2005-06-30": "14.46100", "2005-03-31": "23.80950"}, "Asset Turnover": {"2020-09-30": "0.09920", "2020-06-30": "0.09300", "2020-03-31": "0.08580", "2019-12-31": "0.09750", "2019-09-30": "0.10740", "2019-06-30": "0.10660", "2019-03-31": "0.10290", "2018-12-31": "0.11030", "2018-09-30": "0.11400", "2018-06-30": "0.10510", "2018-03-31": "0.09320", "2017-12-31": "0.09590", "2017-09-30": "0.09280", "2017-06-30": "0.08970", "2017-03-31": "0.08390", "2016-12-31": "0.08870", "2016-09-30": "0.08700", "2016-06-30": "0.07700", "2016-03-31": "0.07330", "2015-12-31": "0.07820", "2015-09-30": "0.07860", "2015-06-30": "0.07840", "2015-03-31": "0.07720", "2014-12-31": "0.08000", "2014-09-30": "0.08520", "2014-06-30": "0.08320", "2014-03-31": "0.07750", "2013-12-31": "0.06870", "2013-09-30": "0.07200", "2013-06-30": "0.06980", "2013-03-31": "0.06340", "2012-12-31": "0.07310", "2012-09-30": "0.06930", "2012-06-30": "0.06640", "2012-03-31": "0.06740", "2011-12-31": "0.06780", "2011-09-30": "0.07370", "2011-06-30": "0.07210", "2011-03-31": "0.07210", "2010-12-31": "0.06830", "2010-09-30": "0.06490", "2010-06-30": "0.07600", "2010-03-31": "0.07150", "2009-12-31": "0.07190", "2009-09-30": "0.07130", "2009-06-30": "0.07120", "2009-03-31": "0.05440", "2008-12-31": "0.05630", "2008-09-30": "0.08190", "2008-06-30": "0.08820", "2008-03-31": "0.09940", "2007-12-31": "0.10400", "2007-09-30": "0.10880", "2007-06-30": "0.10470", "2007-03-31": "0.09930", "2006-12-31": "0.10480", "2006-09-30": "0.09980", "2006-06-30": "0.10340", "2006-03-31": "0.10730", "2005-12-31": "0.10710", "2005-09-30": "0.10920", "2005-06-30": "0.10970", "2005-03-31": "0.10900"}, "Inventory Turnover Ratio": {"2020-09-30": "0.77490", "2020-06-30": "0.80760", "2020-03-31": "0.77970", "2019-12-31": "0.84610", "2019-09-30": "0.82030", "2019-06-30": "0.81840", "2019-03-31": "0.78220", "2018-12-31": "0.89990", "2018-09-30": "0.92450", "2018-06-30": "0.88340", "2018-03-31": "0.84240", "2017-12-31": "0.93750", "2017-09-30": "0.91970", "2017-06-30": "0.93440", "2017-03-31": "0.92230", "2016-12-31": "0.99860", "2016-09-30": "0.96700", "2016-06-30": "0.93870", "2016-03-31": "0.88300", "2015-12-31": "0.99210", "2015-09-30": "1.00440", "2015-06-30": "0.98770", "2015-03-31": "1.00380", "2014-12-31": "1.06510", "2014-09-30": "1.09340", "2014-06-30": "1.05070", "2014-03-31": "0.97060", "2013-12-31": "0.93390", "2013-09-30": "0.91450", "2013-06-30": "0.88630", "2013-03-31": "0.89150", "2012-12-31": "1.28260", "2012-09-30": "1.14560", "2012-06-30": "1.10110", "2012-03-31": "1.14760", "2011-12-31": "1.07900", "2011-09-30": "1.16830", "2011-06-30": "1.21700", "2011-03-31": "1.24730", "2010-12-31": "1.35230", "2010-09-30": "1.23310", "2010-06-30": "1.45800", "2010-03-31": "1.36090", "2009-12-31": "1.52500", "2009-09-30": "1.42390", "2009-06-30": "1.26740", "2009-03-31": "0.98360", "2008-12-31": "0.97370", "2008-09-30": "1.08610", "2008-06-30": "1.15700", "2008-03-31": "1.11710", "2007-12-31": "1.30740", "2007-09-30": "1.21950", "2007-06-30": "1.12110", "2007-03-31": "1.04530", "2006-12-31": "1.19870", "2006-09-30": "1.06390", "2006-06-30": "1.08430", "2006-03-31": "1.11850", "2005-12-31": "1.18070", "2005-09-30": "1.15030", "2005-06-30": "1.19200", "2005-03-31": "1.10500"}, "Receiveable Turnover": {"2020-09-30": "1.42970", "2020-06-30": "1.49590", "2020-03-31": "1.39990", "2019-12-31": "1.53430", "2019-09-30": "1.44960", "2019-06-30": "1.39800", "2019-03-31": "1.42450", "2018-12-31": "1.56440", "2018-09-30": "1.52460", "2018-06-30": "1.49130", "2018-03-31": "1.43100", "2017-12-31": "1.45930", "2017-09-30": "1.49140", "2017-06-30": "1.52260", "2017-03-31": "1.50030", "2016-12-31": "1.67180", "2016-09-30": "1.52400", "2016-06-30": "1.52850", "2016-03-31": "1.47480", "2015-12-31": "1.62610", "2015-09-30": "1.53620", "2015-06-30": "1.51650", "2015-03-31": "1.52320", "2014-12-31": "1.60160", "2014-09-30": "1.58650", "2014-06-30": "1.50880", "2014-03-31": "1.44140", "2013-12-31": "1.56110", "2013-09-30": "1.48490", "2013-06-30": "1.52930", "2013-03-31": "1.45940", "2012-12-31": "1.64820", "2012-09-30": "1.63300", "2012-06-30": "1.64910", "2012-03-31": "1.73290", "2011-12-31": "1.74400", "2011-09-30": "1.74520", "2011-06-30": "1.60140", "2011-03-31": "1.73710", "2010-12-31": "1.81400", "2010-09-30": "1.87590", "2010-06-30": "1.82520", "2010-03-31": "1.80580", "2009-12-31": "2.03450", "2009-09-30": "1.77130", "2009-06-30": "1.76580", "2009-03-31": "1.66780", "2008-12-31": "2.11720", "2008-09-30": "1.87800", "2008-06-30": "1.76620", "2008-03-31": "1.63660", "2007-12-31": "1.84810", "2007-09-30": "1.77690", "2007-06-30": "1.78810", "2007-03-31": "1.67350", "2006-12-31": "1.90400", "2006-09-30": "1.70250", "2006-06-30": "1.99210", "2006-03-31": "1.81320", "2005-12-31": "1.90780", "2005-09-30": "1.88270", "2005-06-30": "1.76900", "2005-03-31": "1.69080"}, "Days Sales In Receivables": {"2020-09-30": "62.94900", "2020-06-30": "60.16400", "2020-03-31": "64.29110", "2019-12-31": "58.65820", "2019-09-30": "62.08590", "2019-06-30": "64.37760", "2019-03-31": "63.17920", "2018-12-31": "57.52880", "2018-09-30": "59.03260", "2018-06-30": "60.34950", "2018-03-31": "62.89200", "2017-12-31": "61.67240", "2017-09-30": "60.34520", "2017-06-30": "59.11090", "2017-03-31": "59.98740", "2016-12-31": "53.83280", "2016-09-30": "59.05470", "2016-06-30": "58.88140", "2016-03-31": "61.02590", "2015-12-31": "55.34740", "2015-09-30": "58.58720", "2015-06-30": "59.34700", "2015-03-31": "59.08610", "2014-12-31": "56.19380", "2014-09-30": "56.72840", "2014-06-30": "59.64950", "2014-03-31": "62.43770", "2013-12-31": "57.65340", "2013-09-30": "60.60960", "2013-06-30": "58.84970", "2013-03-31": "61.67030", "2012-12-31": "54.60390", "2012-09-30": "55.11290", "2012-06-30": "54.57550", "2012-03-31": "51.93750", "2011-12-31": "51.60570", "2011-09-30": "51.57110", "2011-06-30": "56.19950", "2011-03-31": "51.80970", "2010-12-31": "49.61470", "2010-09-30": "47.97750", "2010-06-30": "49.31080", "2010-03-31": "49.83900", "2009-12-31": "44.23630", "2009-09-30": "50.81140", "2009-06-30": "50.96770", "2009-03-31": "53.96360", "2008-12-31": "42.50920", "2008-09-30": "47.92280", "2008-06-30": "50.95750", "2008-03-31": "54.99070", "2007-12-31": "48.69790", "2007-09-30": "50.65040", "2007-06-30": "50.33150", "2007-03-31": "53.77970", "2006-12-31": "47.26810", "2006-09-30": "52.86270", "2006-06-30": "45.17840", "2006-03-31": "49.63550", "2005-12-31": "47.17500", "2005-09-30": "47.80300", "2005-06-30": "50.87640", "2005-03-31": "53.22860"}, "ROE - Return On Equity": {"2020-09-30": "4.04470", "2020-06-30": "-0.72210", "2020-03-31": "-0.96120", "2019-12-31": "0.29910", "2019-09-30": "3.11060", "2019-06-30": "0.81990", "2019-03-31": "4.37490", "2018-12-31": "2.52030", "2018-09-30": "5.35190", "2018-06-30": "6.33420", "2018-03-31": "-4.83260", "2017-12-31": "-10.48260", "2017-09-30": "2.58570", "2017-06-30": "2.78200", "2017-03-31": "0.53490", "2016-12-31": "10.03830", "2016-09-30": "1.83380", "2016-06-30": "12.70440", "2016-03-31": "-2.34590", "2015-12-31": "1.35240", "2015-09-30": "1.19300", "2015-06-30": "2.64460", "2015-03-31": "2.13400", "2014-12-31": "5.10540", "2014-09-30": "5.18670", "2014-06-30": "0.86520", "2014-03-31": "1.55000", "2013-12-31": "1.98480", "2013-09-30": "1.87170", "2013-06-30": "2.97380", "2013-03-31": "2.30950", "2012-12-31": "0.71980", "2012-09-30": "2.43530", "2012-06-30": "2.21470", "2012-03-31": "2.21840", "2011-12-31": "2.38060", "2011-09-30": "3.73890", "2011-06-30": "3.54360", "2011-03-31": "3.67480", "2010-12-31": "5.37420", "2010-09-30": "4.25080", "2010-06-30": "5.35740", "2010-03-31": "4.98990", "2009-12-31": "4.74510", "2009-09-30": "4.28150", "2009-06-30": "4.41090", "2009-03-31": "0.11030", "2008-12-31": "1.84570", "2008-09-30": "5.71940", "2008-06-30": "23.47050", "2008-03-31": "9.58100", "2007-12-31": "7.55050", "2007-09-30": "7.01300", "2007-06-30": "5.98820", "2007-03-31": "4.27790", "2006-12-31": "8.91530", "2006-09-30": "6.09350", "2006-06-30": "7.69000", "2006-03-31": "4.25500", "2005-12-31": "-0.60140", "2005-09-30": "3.88440", "2005-06-30": "3.43680", "2005-03-31": "6.06060"}, "Return On Tangible Equity": {"2020-09-30": "4.69330", "2020-06-30": "-0.77710", "2020-03-31": "-1.04120", "2019-12-31": "0.32400", "2019-09-30": "3.36870", "2019-06-30": "0.88950", "2019-03-31": "4.74740", "2018-12-31": "2.73970", "2018-09-30": "5.81990", "2018-06-30": "6.89660", "2018-03-31": "-4.93340", "2017-12-31": "-10.69130", "2017-09-30": "2.63370", "2017-06-30": "2.80870", "2017-03-31": "0.53970", "2016-12-31": "10.08530", "2016-09-30": "1.84160", "2016-06-30": "12.75800", "2016-03-31": "-2.31670", "2015-12-31": "1.33520", "2015-09-30": "1.17370", "2015-06-30": "2.60890", "2015-03-31": "2.10590", "2014-12-31": "4.93880", "2014-09-30": "5.02050", "2014-06-30": "0.83870", "2014-03-31": "1.50090", "2013-12-31": "2.14040", "2013-09-30": "2.01510", "2013-06-30": "3.20680", "2013-03-31": "2.48180", "2012-12-31": "0.77360", "2012-09-30": "2.54120", "2012-06-30": "2.31380", "2012-03-31": "2.31840", "2011-12-31": "2.48970", "2011-09-30": "3.89720", "2011-06-30": "3.69680", "2011-03-31": "3.84180", "2010-12-31": "5.57990", "2010-09-30": "4.41040", "2010-06-30": "5.57630", "2010-03-31": "5.20440", "2009-12-31": "4.96010", "2009-09-30": "4.48460", "2009-06-30": "4.50820", "2009-03-31": "0.11300", "2008-12-31": "1.88840", "2008-09-30": "5.85280", "2008-06-30": "24.00210", "2008-03-31": "9.86200", "2007-12-31": "7.80370", "2007-09-30": "7.26990", "2007-06-30": "6.22690", "2007-03-31": "4.46110", "2006-12-31": "9.32180", "2006-09-30": "6.38760", "2006-06-30": "8.09320", "2006-03-31": "4.50560", "2005-12-31": "-0.64090", "2005-09-30": "4.18900", "2005-06-30": "3.68300", "2005-03-31": "6.57720"}, "ROA - Return On Assets": {"2020-09-30": "1.41080", "2020-06-30": "-0.25780", "2020-03-31": "-0.34460", "2019-12-31": "0.11070", "2019-09-30": "1.23310", "2019-06-30": "0.33360", "2019-03-31": "1.82640", "2018-12-31": "1.06160", "2018-09-30": "2.36810", "2018-06-30": "2.82330", "2018-03-31": "-2.19500", "2017-12-31": "-5.13570", "2017-09-30": "1.38820", "2017-06-30": "1.57740", "2017-03-31": "0.30380", "2016-12-31": "5.63460", "2016-09-30": "0.98580", "2016-06-30": "7.19990", "2016-03-31": "-1.31690", "2015-12-31": "0.78520", "2015-09-30": "0.73360", "2015-06-30": "1.65950", "2015-03-31": "1.38800", "2014-12-31": "3.28640", "2014-09-30": "3.40100", "2014-06-30": "0.56650", "2014-03-31": "1.01880", "2013-12-31": "1.47830", "2013-09-30": "1.42090", "2013-06-30": "2.24730", "2013-03-31": "1.72760", "2012-12-31": "0.52770", "2012-09-30": "1.81230", "2012-06-30": "1.64850", "2012-03-31": "1.66380", "2011-12-31": "1.80620", "2011-09-30": "2.87860", "2011-06-30": "2.71340", "2011-03-31": "2.80570", "2010-12-31": "4.04130", "2010-09-30": "3.18200", "2010-06-30": "4.05040", "2010-03-31": "3.75570", "2009-12-31": "3.47500", "2009-09-30": "3.09920", "2009-06-30": "3.11670", "2009-03-31": "0.07700", "2008-12-31": "1.29310", "2008-09-30": "4.04420", "2008-06-30": "16.74140", "2008-03-31": "6.32720", "2007-12-31": "4.71250", "2007-09-30": "4.32280", "2007-06-30": "3.61150", "2007-03-31": "2.48460", "2006-12-31": "4.94450", "2006-09-30": "3.40940", "2006-06-30": "4.21350", "2006-03-31": "2.18590", "2005-12-31": "-0.29450", "2005-09-30": "1.86530", "2005-06-30": "1.58700", "2005-03-31": "2.59520"}, "ROI - Return On Investment": {"2020-09-30": "2.06490", "2020-06-30": "-0.35620", "2020-03-31": "-0.47760", "2019-12-31": "0.15440", "2019-09-30": "1.74080", "2019-06-30": "0.46940", "2019-03-31": "2.52990", "2018-12-31": "1.46880", "2018-09-30": "3.28360", "2018-06-30": "3.87400", "2018-03-31": "-3.05240", "2017-12-31": "-6.88140", "2017-09-30": "1.82440", "2017-06-30": "2.05310", "2017-03-31": "0.39010", "2016-12-31": "7.27580", "2016-09-30": "1.30860", "2016-06-30": "9.35570", "2016-03-31": "-1.68060", "2015-12-31": "0.98450", "2015-09-30": "0.88390", "2015-06-30": "1.98680", "2015-03-31": "1.65870", "2014-12-31": "3.97120", "2014-09-30": "4.04340", "2014-06-30": "0.67410", "2014-03-31": "1.20680", "2013-12-31": "1.71960", "2013-09-30": "1.65760", "2013-06-30": "2.62810", "2013-03-31": "2.03750", "2012-12-31": "0.62210", "2012-09-30": "2.11860", "2012-06-30": "1.92440", "2012-03-31": "1.93450", "2011-12-31": "2.14110", "2011-09-30": "3.38300", "2011-06-30": "3.20540", "2011-03-31": "3.30970", "2010-12-31": "4.81370", "2010-09-30": "3.76370", "2010-06-30": "4.81310", "2010-03-31": "4.46580", "2009-12-31": "4.22250", "2009-09-30": "3.79060", "2009-06-30": "3.86950", "2009-03-31": "0.09800", "2008-12-31": "1.65800", "2008-09-30": "5.15510", "2008-06-30": "21.18770", "2008-03-31": "8.40480", "2007-12-31": "6.51230", "2007-09-30": "6.01480", "2007-06-30": "5.08210", "2007-03-31": "3.58950", "2006-12-31": "7.22430", "2006-09-30": "4.92250", "2006-06-30": "6.29980", "2006-03-31": "3.28310", "2005-12-31": "-0.45350", "2005-09-30": "2.88760", "2005-06-30": "2.43430", "2005-03-31": "3.96010"}, "Book Value Per Share": {"2020-09-30": "16.89490", "2020-06-30": "15.98550", "2020-03-31": "16.18840", "2019-12-31": "17.05640", "2019-09-30": "17.10160", "2019-06-30": "17.35690", "2019-03-31": "17.52690", "2018-12-31": "17.62180", "2018-09-30": "17.78370", "2018-06-30": "17.24480", "2018-03-31": "17.41350", "2017-12-31": "18.38000", "2017-09-30": "20.00350", "2017-06-30": "20.04440", "2017-03-31": "19.97720", "2016-12-31": "19.39530", "2016-09-30": "18.70350", "2016-06-30": "18.97010", "2016-03-31": "16.73210", "2015-12-31": "16.69290", "2015-09-30": "16.95100", "2015-06-30": "17.10400", "2015-03-31": "16.97540", "2014-12-31": "16.99530", "2014-09-30": "17.04370", "2014-06-30": "16.92400", "2014-03-31": "16.63020", "2013-12-31": "15.16150", "2013-09-30": "15.06430", "2013-06-30": "14.69450", "2013-03-31": "14.52140", "2012-12-31": "14.64830", "2012-09-30": "14.80790", "2012-06-30": "14.36380", "2012-03-31": "14.10360", "2011-12-31": "13.94650", "2011-09-30": "13.82470", "2011-06-30": "13.58800", "2011-03-31": "12.98980", "2010-12-31": "12.44460", "2010-09-30": "11.84540", "2010-06-30": "10.93840", "2010-03-31": "10.50960", "2009-12-31": "10.04830", "2009-09-30": "9.68900", "2009-06-30": "8.93680", "2009-03-31": "8.19560", "2008-12-31": "8.71510", "2008-09-30": "8.68000", "2008-06-30": "8.70850", "2008-03-31": "6.84950", "2007-12-31": "6.05610", "2007-09-30": "5.60030", "2007-06-30": "5.19140", "2007-03-31": "4.87500", "2006-12-31": "4.63000", "2006-09-30": "4.61950", "2006-06-30": "4.30670", "2006-03-31": "3.90430", "2005-12-31": "3.57230", "2005-09-30": "3.44270", "2005-06-30": "3.30590", "2005-03-31": "2.94510"}, "Operating Cash Flow Per Share": {"2020-09-30": 0.5302, "2020-06-30": 0.7251, "2020-03-31": "0.32630", "2019-12-31": 1.1299, "2019-09-30": 0.9721, "2019-06-30": 0.1891, "2019-03-31": "-0.03190", "2018-12-31": 0.9751, "2018-09-30": 1.0293, "2018-06-30": 0.7202, "2018-03-31": "0.37740", "2017-12-31": 1.1331, "2017-09-30": 0.6505, "2017-06-30": 0.2514, "2017-03-31": "0.20410", "2016-12-31": 1.2113, "2016-09-30": 0.6215, "2016-06-30": 0.4574, "2016-03-31": "-0.07250", "2015-12-31": 0.5917, "2015-09-30": 0.6775, "2015-06-30": 0.4062, "2015-03-31": "0.43110", "2014-12-31": 0.7506, "2014-09-30": 0.6634, "2014-06-30": 0.618, "2014-03-31": "1.26790", "2013-12-31": 0.879, "2013-09-30": 0.3426, "2013-06-30": 0.264, "2013-03-31": "0.42070", "2012-12-31": 0.8129, "2012-09-30": 0.4384, "2012-06-30": 0.3795, "2012-03-31": "0.49800", "2011-12-31": 0.7349, "2011-09-30": 0.5763, "2011-06-30": 0.3427, "2011-03-31": "0.36060", "2010-12-31": 1.3225, "2010-09-30": 0.2714, "2010-06-30": 0.4246, "2010-03-31": "0.40720", "2009-12-31": 0.5827, "2009-09-30": 0.3386, "2009-06-30": 0.234, "2009-03-31": "0.16930", "2008-12-31": 0.2357, "2008-09-30": 0.4921, "2008-06-30": 0.431, "2008-03-31": "0.18460", "2007-12-31": 0.4577, "2007-09-30": 0.4218, "2007-06-30": 0.2956, "2007-03-31": "0.12060", "2006-12-31": 0.3935, "2006-09-30": 0.2605, "2006-06-30": 0.3634, "2006-03-31": "0.11370", "2005-12-31": 0.4385, "2005-09-30": 0.3732, "2005-06-30": 0.357, "2005-03-31": "0.09450"}, "Free Cash Flow Per Share": {"2020-09-30": 0.5133, "2020-06-30": 0.3803, "2020-03-31": "-0.39080", "2019-12-31": 0.7232, "2019-09-30": 0.6419, "2019-06-30": -0.6204, "2019-03-31": "-0.60900", "2018-12-31": 0.3599, "2018-09-30": 0.4581, "2018-06-30": 0.2444, "2018-03-31": "-0.39500", "2017-12-31": 0.3533, "2017-09-30": 0.1507, "2017-06-30": -0.0957, "2017-03-31": "-0.18480", "2016-12-31": 0.9631, "2016-09-30": 0.3328, "2016-06-30": 0.2513, "2016-03-31": "-0.31730", "2015-12-31": 0.4319, "2015-09-30": 0.374, "2015-06-30": 0.1775, "2015-03-31": "0.19230", "2014-12-31": 0.5211, "2014-09-30": 0.5024, "2014-06-30": 0.4341, "2014-03-31": "1.08830", "2013-12-31": 0.6481, "2013-09-30": 0.1728, "2013-06-30": 0.0987, "2013-03-31": "0.28970", "2012-12-31": 0.4704, "2012-09-30": 0.147, "2012-06-30": 0.0867, "2012-03-31": "0.22880", "2011-12-31": 0.2477, "2011-09-30": 0.172, "2011-06-30": 0.0327, "2011-03-31": "0.02580", "2010-12-31": 1.0236, "2010-09-30": 0.1295, "2010-06-30": 0.3386, "2010-03-31": "0.29770", "2009-12-31": 0.4823, "2009-09-30": 0.1885, "2009-06-30": 0.0996, "2009-03-31": "", "2008-12-31": -0.2439, "2008-09-30": 0.3097, "2008-06-30": 0.1845, "2008-03-31": "-0.10760", "2007-12-31": 0.2162, "2007-09-30": 0.1695, "2007-06-30": 0.1627, "2007-03-31": "-0.04310", "2006-12-31": 0.2125, "2006-09-30": 0.0493, "2006-06-30": 0.1975, "2006-03-31": "-0.06220", "2005-12-31": 0.1208, "2005-09-30": 0.1398, "2005-06-30": 0.123, "2005-03-31": "-0.12040"}}, "revenue": {"Corning Annual Revenue (Millions of US $)": {"2020": "$11,303", "2019": "$11,503", "2018": "$11,290", "2017": "$10,116", "2016": "$9,390", "2015": "$9,111", "2014": "$9,715", "2013": "$7,819", "2012": "$8,012", "2011": "$7,890", "2010": "$6,632", "2009": "$5,395", "2008": "$5,948", "2007": "$5,860", "2006": "$5,174", "2005": "$4,579"}, "Corning Quarterly Revenue (Millions of US $)": {"2020-12-31": "$3,350", "2020-09-30": "$3,001", "2020-06-30": "$2,561", "2020-03-31": "$2,391", "2019-12-31": "$2,817", "2019-09-30": "$2,934", "2019-06-30": "$2,940", "2019-03-31": "$2,812", "2018-12-31": "$3,035", "2018-09-30": "$3,008", "2018-06-30": "$2,747", "2018-03-31": "$2,500", "2017-12-31": "$2,637", "2017-09-30": "$2,607", "2017-06-30": "$2,497", "2017-03-31": "$2,375", "2016-12-31": "$2,476", "2016-09-30": "$2,507", "2016-06-30": "$2,360", "2016-03-31": "$2,047", "2015-12-31": "$2,231", "2015-09-30": "$2,272", "2015-06-30": "$2,343", "2015-03-31": "$2,265", "2014-12-31": "$2,404", "2014-09-30": "$2,540", "2014-06-30": "$2,482", "2014-03-31": "$2,289", "2013-12-31": "$1,956", "2013-09-30": "$2,067", "2013-06-30": "$1,982", "2013-03-31": "$1,814", "2012-12-31": "$2,146", "2012-09-30": "$2,038", "2012-06-30": "$1,908", "2012-03-31": "$1,920", "2011-12-31": "$1,887", "2011-09-30": "$2,075", "2011-06-30": "$2,005", "2011-03-31": "$1,923", "2010-12-31": "$1,765", "2010-09-30": "$1,602", "2010-06-30": "$1,712", "2010-03-31": "$1,553", "2009-12-31": "$1,532", "2009-09-30": "$1,479", "2009-06-30": "$1,395", "2009-03-31": "$989", "2008-12-31": "$1,084", "2008-09-30": "$1,555", "2008-06-30": "$1,692", "2008-03-31": "$1,617", "2007-12-31": "$1,582", "2007-09-30": "$1,553", "2007-06-30": "$1,418", "2007-03-31": "$1,307", "2006-12-31": "$1,369", "2006-09-30": "$1,282", "2006-06-30": "$1,261", "2006-03-31": "$1,262", "2005-12-31": "$1,200", "2005-09-30": "$1,188", "2005-06-30": "$1,141", "2005-03-31": "$1,050"}}, "gross-profit": {"Corning Annual Gross Profit (Millions of US $)": {"2020": "$3,531", "2019": "$4,035", "2018": "$4,461", "2017": "$4,020", "2016": "$3,763", "2015": "$3,653", "2014": "$4,052", "2013": "$3,324", "2012": "$3,319", "2011": "$3,576", "2010": "$3,049", "2009": "$2,093", "2008": "$2,738", "2007": "$2,749", "2006": "$2,283", "2005": "$1,984"}, "Corning Quarterly Gross Profit (Millions of US $)": {"2020-12-31": "$1,213", "2020-09-30": "$1,001", "2020-06-30": "$756", "2020-03-31": "$561", "2019-12-31": "$854", "2019-09-30": "$1,017", "2019-06-30": "$1,065", "2019-03-31": "$1,099", "2018-12-31": "$1,202", "2018-09-30": "$1,232", "2018-06-30": "$1,072", "2018-03-31": "$955", "2017-12-31": "$1,032", "2017-09-30": "$1,050", "2017-06-30": "$987", "2017-03-31": "$951", "2016-12-31": "$1,007", "2016-09-30": "$1,041", "2016-06-30": "$951", "2016-03-31": "$764", "2015-12-31": "$857", "2015-09-30": "$892", "2015-06-30": "$975", "2015-03-31": "$929", "2014-12-31": "$996", "2014-09-30": "$1,089", "2014-06-30": "$1,032", "2014-03-31": "$935", "2013-12-31": "$770", "2013-09-30": "$901", "2013-06-30": "$883", "2013-03-31": "$770", "2012-12-31": "$798", "2012-09-30": "$889", "2012-06-30": "$808", "2012-03-31": "$824", "2011-12-31": "$835", "2011-09-30": "$978", "2011-06-30": "$889", "2011-03-31": "$874", "2010-12-31": "$767", "2010-09-30": "$724", "2010-06-30": "$827", "2010-03-31": "$731", "2009-12-31": "$649", "2009-09-30": "$599", "2009-06-30": "$575", "2009-03-31": "$270", "2008-12-31": "$307", "2008-09-30": "$735", "2008-06-30": "$852", "2008-03-31": "$844", "2007-12-31": "$757", "2007-09-30": "$742", "2007-06-30": "$659", "2007-03-31": "$591", "2006-12-31": "$603", "2006-09-30": "$566", "2006-06-30": "$541", "2006-03-31": "$573", "2005-12-31": "$527", "2005-09-30": "$545", "2005-06-30": "$483", "2005-03-31": "$429"}}, "operating-income": {"Corning Annual Operating Income (Millions of US $)": {"2020": "$509", "2019": "$1,306", "2018": "$1,575", "2017": "$1,608", "2016": "$1,424", "2015": "$1,322", "2014": "$1,931", "2013": "$1,371", "2012": "$1,179", "2011": "$1,712", "2010": "$1,801", "2009": "$391", "2008": "$1,520", "2007": "$1,081", "2006": "$846", "2005": "$592"}, "Corning Quarterly Operating Income (Millions of US $)": {"2020-12-31": "$476", "2020-09-30": "$257", "2020-06-30": "$-103", "2020-03-31": "$-121", "2019-12-31": "$147", "2019-09-30": "$365", "2019-06-30": "$374", "2019-03-31": "$420", "2018-12-31": "$464", "2018-09-30": "$522", "2018-06-30": "$395", "2018-03-31": "$194", "2017-12-31": "$368", "2017-09-30": "$442", "2017-06-30": "$385", "2017-03-31": "$413", "2016-12-31": "$465", "2016-09-30": "$535", "2016-06-30": "$247", "2016-03-31": "$177", "2015-12-31": "$87", "2015-09-30": "$392", "2015-06-30": "$431", "2015-03-31": "$412", "2014-12-31": "$536", "2014-09-30": "$620", "2014-06-30": "$460", "2014-03-31": "$315", "2013-12-31": "$184", "2013-09-30": "$439", "2013-06-30": "$424", "2013-03-31": "$324", "2012-12-31": "$79", "2012-09-30": "$411", "2012-06-30": "$328", "2012-03-31": "$361", "2011-12-31": "$241", "2011-09-30": "$587", "2011-06-30": "$424", "2011-03-31": "$460", "2010-12-31": "$649", "2010-09-30": "$319", "2010-06-30": "$430", "2010-03-31": "$403", "2009-12-31": "$200", "2009-09-30": "$230", "2009-06-30": "$221", "2009-03-31": "$-260", "2008-12-31": "$-23", "2008-09-30": "$349", "2008-06-30": "$417", "2008-03-31": "$777", "2007-12-31": "$331", "2007-09-30": "$399", "2007-06-30": "$217", "2007-03-31": "$134", "2006-12-31": "$338", "2006-09-30": "$204", "2006-06-30": "$272", "2006-03-31": "$32", "2005-12-31": "$269", "2005-09-30": "$145", "2005-06-30": "$43", "2005-03-31": "$135"}}, "ebitda": {"Corning Annual EBITDA (Millions of US $)": {"2019": "$2,809", "2018": "$2,868", "2017": "$2,766", "2016": "$2,619", "2015": "$2,506", "2014": "$3,131", "2013": "$2,373", "2012": "$2,176", "2011": "$2,669", "2010": "$2,655", "2009": "$1,183", "2008": "$2,215", "2007": "$1,688", "2006": "$1,437", "2005": "$1,104"}, "Corning Quarterly EBITDA (Millions of US $)": {"2020-09-30": "$651", "2020-06-30": "$249", "2020-03-31": "$261", "2019-12-31": "$539", "2019-09-30": "$761", "2019-06-30": "$754", "2019-03-31": "$755", "2018-12-31": "$794", "2018-09-30": "$840", "2018-06-30": "$717", "2018-03-31": "$517", "2017-12-31": "$674", "2017-09-30": "$736", "2017-06-30": "$666", "2017-03-31": "$690", "2016-12-31": "$770", "2016-09-30": "$835", "2016-06-30": "$542", "2016-03-31": "$472", "2015-12-31": "$389", "2015-09-30": "$684", "2015-06-30": "$730", "2015-03-31": "$703", "2014-12-31": "$834", "2014-09-30": "$923", "2014-06-30": "$762", "2014-03-31": "$612", "2013-12-31": "$433", "2013-09-30": "$687", "2013-06-30": "$674", "2013-03-31": "$579", "2012-12-31": "$346", "2012-09-30": "$659", "2012-06-30": "$570", "2012-03-31": "$601", "2011-12-31": "$488", "2011-09-30": "$832", "2011-06-30": "$660", "2011-03-31": "$689", "2010-12-31": "$873", "2010-09-30": "$533", "2010-06-30": "$638", "2010-03-31": "$611", "2009-12-31": "$398", "2009-09-30": "$460", "2009-06-30": "$407", "2009-03-31": "$-82", "2008-12-31": "$182", "2008-09-30": "$515", "2008-06-30": "$582", "2008-03-31": "$936", "2007-12-31": "$485", "2007-09-30": "$548", "2007-06-30": "$368", "2007-03-31": "$287", "2006-12-31": "$491", "2006-09-30": "$346", "2006-06-30": "$424", "2006-03-31": "$176", "2005-12-31": "$397", "2005-09-30": "$275", "2005-06-30": "$172", "2005-03-31": "$260"}}, "net-income": {"Corning Annual Net Income (Millions of US $)": {"2020": "$414", "2019": "$862", "2018": "$968", "2017": "$-595", "2016": "$3,597", "2015": "$1,241", "2014": "$2,378", "2013": "$1,961", "2012": "$1,636", "2011": "$2,817", "2010": "$3,558", "2009": "$2,008", "2008": "$5,257", "2007": "$2,150", "2006": "$1,855", "2005": "$585"}, "Corning Quarterly Net Income (Millions of US $)": {"2020-12-31": "$252", "2020-09-30": "$403", "2020-06-30": "$-96", "2020-03-31": "$-120", "2019-12-31": "$6", "2019-09-30": "$313", "2019-06-30": "$68", "2019-03-31": "$475", "2018-12-31": "$266", "2018-09-30": "$601", "2018-06-30": "$714", "2018-03-31": "$-613", "2017-12-31": "$-1,462", "2017-09-30": "$366", "2017-06-30": "$439", "2017-03-31": "$62", "2016-12-31": "$1,546", "2016-09-30": "$260", "2016-06-30": "$2,183", "2016-03-31": "$-392", "2015-12-31": "$198", "2015-09-30": "$188", "2015-06-30": "$472", "2015-03-31": "$383", "2014-12-31": "$963", "2014-09-30": "$990", "2014-06-30": "$145", "2014-03-31": "$280", "2013-12-31": "$421", "2013-09-30": "$408", "2013-06-30": "$638", "2013-03-31": "$494", "2012-12-31": "$155", "2012-09-30": "$533", "2012-06-30": "$474", "2012-03-31": "$474", "2011-12-31": "$503", "2011-09-30": "$811", "2011-06-30": "$755", "2011-03-31": "$748", "2010-12-31": "$1,044", "2010-09-30": "$785", "2010-06-30": "$913", "2010-03-31": "$816", "2009-12-31": "$740", "2009-09-30": "$643", "2009-06-30": "$611", "2009-03-31": "$14", "2008-12-31": "$249", "2008-09-30": "$768", "2008-06-30": "$3,211", "2008-03-31": "$1,029", "2007-12-31": "$717", "2007-09-30": "$617", "2007-06-30": "$489", "2007-03-31": "$327", "2006-12-31": "$646", "2006-09-30": "$438", "2006-06-30": "$514", "2006-03-31": "$257", "2005-12-31": "$-33", "2005-09-30": "$203", "2005-06-30": "$165", "2005-03-31": "$250"}}, "eps-earnings-per-share-diluted": {"Corning Annual EPS": {"2020": "$0.54", "2019": "$1.07", "2018": "$1.13", "2017": "$-0.66", "2016": "$3.23", "2015": "$1.00", "2014": "$1.73", "2013": "$1.34", "2012": "$1.09", "2011": "$1.78", "2010": "$2.25", "2009": "$1.28", "2008": "$3.32", "2007": "$1.34", "2006": "$1.16", "2005": "$0.38"}, "Corning Quarterly EPS": {"2020-12-31": "$0.28", "2020-09-30": "$0.48", "2020-06-30": "$-0.13", "2020-03-31": "$-0.16", "2019-12-31": "$0.05", "2019-09-30": "$0.38", "2019-06-30": "$0.09", "2019-03-31": "$0.55", "2018-12-31": "$0.40", "2018-09-30": "$0.67", "2018-06-30": "$0.78", "2018-03-31": "$-0.72", "2017-12-31": "$-1.54", "2017-09-30": "$0.39", "2017-06-30": "$0.42", "2017-03-31": "$0.07", "2016-12-31": "$1.46", "2016-09-30": "$0.26", "2016-06-30": "$1.87", "2016-03-31": "$-0.36", "2015-12-31": "$0.20", "2015-09-30": "$0.15", "2015-06-30": "$0.36", "2015-03-31": "$0.29", "2014-12-31": "$0.70", "2014-09-30": "$0.72", "2014-06-30": "$0.11", "2014-03-31": "$0.20", "2013-12-31": "$0.30", "2013-09-30": "$0.28", "2013-06-30": "$0.43", "2013-03-31": "$0.33", "2012-12-31": "$0.11", "2012-09-30": "$0.36", "2012-06-30": "$0.31", "2012-03-31": "$0.31", "2011-12-31": "$0.33", "2011-09-30": "$0.51", "2011-06-30": "$0.47", "2011-03-31": "$0.47", "2010-12-31": "$0.65", "2010-09-30": "$0.50", "2010-06-30": "$0.58", "2010-03-31": "$0.52", "2009-12-31": "$0.47", "2009-09-30": "$0.41", "2009-06-30": "$0.39", "2009-03-31": "$0.01", "2008-12-31": "$0.18", "2008-09-30": "$0.49", "2008-06-30": "$2.01", "2008-03-31": "$0.64", "2007-12-31": "$0.46", "2007-09-30": "$0.38", "2007-06-30": "$0.30", "2007-03-31": "$0.20", "2006-12-31": "$0.41", "2006-09-30": "$0.27", "2006-06-30": "$0.32", "2006-03-31": "$0.16", "2005-12-31": "$-0.03", "2005-09-30": "$0.13", "2005-06-30": "$0.11", "2005-03-31": "$0.17"}}, "shares-outstanding": {"Corning Annual Shares Outstanding (Millions of Shares)": {"2020": "772", "2019": "899", "2018": "941", "2017": "895", "2016": "1,144", "2015": "1,343", "2014": "1,427", "2013": "1,462", "2012": "1,506", "2011": "1,583", "2010": "1,581", "2009": "1,568", "2008": "1,584", "2007": "1,603", "2006": "1,594", "2005": "1,535"}, "Corning Quarterly Shares Outstanding (Millions of Shares)": {"2020-12-31": "894", "2020-09-30": "889", "2020-06-30": "759", "2020-03-31": "760", "2019-12-31": "899", "2019-09-30": "897", "2019-06-30": "789", "2019-03-31": "908", "2018-12-31": "941", "2018-09-30": "930", "2018-06-30": "943", "2018-03-31": "848", "2017-12-31": "895", "2017-09-30": "1,009", "2017-06-30": "1,034", "2017-03-31": "936", "2016-12-31": "1,144", "2016-09-30": "1,102", "2016-06-30": "1,182", "2016-03-31": "1,103", "2015-12-31": "1,343", "2015-09-30": "1,218", "2015-06-30": "1,371", "2015-03-31": "1,394", "2014-12-31": "1,427", "2014-09-30": "1,411", "2014-06-30": "1,315", "2014-03-31": "1,370", "2013-12-31": "1,462", "2013-09-30": "1,463", "2013-06-30": "1,478", "2013-03-31": "1,481", "2012-12-31": "1,506", "2012-09-30": "1,494", "2012-06-30": "1,518", "2012-03-31": "1,530", "2011-12-31": "1,583", "2011-09-30": "1,588", "2011-06-30": "1,591", "2011-03-31": "1,589", "2010-12-31": "1,581", "2010-09-30": "1,580", "2010-06-30": "1,581", "2010-03-31": "1,579", "2009-12-31": "1,568", "2009-09-30": "1,569", "2009-06-30": "1,567", "2009-03-31": "1,559", "2008-12-31": "1,584", "2008-09-30": "1,578", "2008-06-30": "1,600", "2008-03-31": "1,598", "2007-12-31": "1,603", "2007-09-30": "1,605", "2007-06-30": "1,605", "2007-03-31": "1,600", "2006-12-31": "1,594", "2006-09-30": "1,593", "2006-06-30": "1,597", "2006-03-31": "1,592", "2005-12-31": "1,535", "2005-09-30": "1,552", "2005-06-30": "1,517", "2005-03-31": "1,503"}}, "total-assets": {"Corning Annual Total Assets (Millions of US $)": {"2019": "$28,898", "2018": "$27,505", "2017": "$27,494", "2016": "$27,899", "2015": "$28,527", "2014": "$30,063", "2013": "$28,478", "2012": "$29,375", "2011": "$27,848", "2010": "$25,833", "2009": "$21,295", "2008": "$19,256", "2007": "$15,215", "2006": "$13,065", "2005": "$11,207"}, "Corning Quarterly Total Assets (Millions of US $)": {"2020-09-30": "$30,267", "2020-06-30": "$27,546", "2020-03-31": "$27,859", "2019-12-31": "$28,898", "2019-09-30": "$27,329", "2019-06-30": "$27,575", "2019-03-31": "$27,321", "2018-12-31": "$27,505", "2018-09-30": "$26,392", "2018-06-30": "$26,140", "2018-03-31": "$26,834", "2017-12-31": "$27,494", "2017-09-30": "$28,094", "2017-06-30": "$27,830", "2017-03-31": "$28,305", "2016-12-31": "$27,899", "2016-09-30": "$28,809", "2016-06-30": "$30,653", "2016-03-31": "$27,945", "2015-12-31": "$28,527", "2015-09-30": "$28,898", "2015-06-30": "$29,888", "2015-03-31": "$29,323", "2014-12-31": "$30,063", "2014-09-30": "$29,815", "2014-06-30": "$29,832", "2014-03-31": "$29,544", "2013-12-31": "$28,478", "2013-09-30": "$28,714", "2013-06-30": "$28,389", "2013-03-31": "$28,595", "2012-12-31": "$29,375", "2012-09-30": "$29,410", "2012-06-30": "$28,754", "2012-03-31": "$28,489", "2011-12-31": "$27,848", "2011-09-30": "$28,173", "2011-06-30": "$27,825", "2011-03-31": "$26,660", "2010-12-31": "$25,833", "2010-09-30": "$24,670", "2010-06-30": "$22,541", "2010-03-31": "$21,727", "2009-12-31": "$21,295", "2009-09-30": "$20,747", "2009-06-30": "$19,604", "2009-03-31": "$18,178", "2008-12-31": "$19,256", "2008-09-30": "$18,990", "2008-06-30": "$19,180", "2008-03-31": "$16,263", "2007-12-31": "$15,215", "2007-09-30": "$14,273", "2007-06-30": "$13,540", "2007-03-31": "$13,161", "2006-12-31": "$13,065", "2006-09-30": "$12,847", "2006-06-30": "$12,199", "2006-03-31": "$11,757", "2005-12-31": "$11,207", "2005-09-30": "$10,883", "2005-06-30": "$10,397", "2005-03-31": "$9,633"}}, "cash-on-hand": {"Corning Annual Cash on Hand (Millions of US $)": {"2019": "$2,434", "2018": "$2,355", "2017": "$4,317", "2016": "$5,291", "2015": "$4,600", "2014": "$6,068", "2013": "$5,235", "2012": "$6,144", "2011": "$5,825", "2010": "$6,350", "2009": "$3,583", "2008": "$2,816", "2007": "$3,516", "2006": "$3,167", "2005": "$2,434"}, "Corning Quarterly Cash on Hand (Millions of US $)": {"2020-09-30": "$2,514", "2020-06-30": "$2,158", "2020-03-31": "$2,025", "2019-12-31": "$2,434", "2019-09-30": "$971", "2019-06-30": "$1,178", "2019-03-31": "$1,456", "2018-12-31": "$2,355", "2018-09-30": "$1,903", "2018-06-30": "$2,023", "2018-03-31": "$3,096", "2017-12-31": "$4,317", "2017-09-30": "$3,865", "2017-06-30": "$4,189", "2017-03-31": "$4,872", "2016-12-31": "$5,291", "2016-09-30": "$4,821", "2016-06-30": "$7,144", "2016-03-31": "$3,540", "2015-12-31": "$4,600", "2015-09-30": "$5,013", "2015-06-30": "$5,473", "2015-03-31": "$5,067", "2014-12-31": "$6,068", "2014-09-30": "$6,104", "2014-06-30": "$5,886", "2014-03-31": "$5,612", "2013-12-31": "$5,235", "2013-09-30": "$5,446", "2013-06-30": "$5,471", "2013-03-31": "$5,775", "2012-12-31": "$6,144", "2012-09-30": "$6,351", "2012-06-30": "$6,345", "2012-03-31": "$6,836", "2011-12-31": "$5,825", "2011-09-30": "$6,421", "2011-06-30": "$6,357", "2011-03-31": "$6,303", "2010-12-31": "$6,350", "2010-09-30": "$5,029", "2010-06-30": "$4,259", "2010-03-31": "$3,873", "2009-12-31": "$3,583", "2009-09-30": "$2,930", "2009-06-30": "$3,075", "2009-03-31": "$2,585", "2008-12-31": "$2,816", "2008-09-30": "$3,172", "2008-06-30": "$3,507", "2008-03-31": "$3,309", "2007-12-31": "$3,516", "2007-09-30": "$3,329", "2007-06-30": "$3,203", "2007-03-31": "$2,888", "2006-12-31": "$3,167", "2006-09-30": "$2,812", "2006-06-30": "$2,475", "2006-03-31": "$2,478", "2005-12-31": "$2,434", "2005-09-30": "$2,418", "2005-06-30": "$2,115", "2005-03-31": "$1,547"}}, "long-term-debt": {"Corning Annual Long Term Debt (Millions of US $)": {"2019": "$7,729", "2018": "$5,994", "2017": "$4,749", "2016": "$3,646", "2015": "$3,890", "2014": "$3,227", "2013": "$3,272", "2012": "$3,382", "2011": "$2,364", "2010": "$2,262", "2009": "$1,930", "2008": "$1,527", "2007": "$1,514", "2006": "$1,696", "2005": "$1,789"}, "Corning Quarterly Long Term Debt (Millions of US $)": {"2020-09-30": "$7,822", "2020-06-30": "$7,797", "2020-03-31": "$7,815", "2019-12-31": "$7,729", "2019-09-30": "$6,225", "2019-06-30": "$6,080", "2019-03-31": "$6,018", "2018-12-31": "$5,994", "2018-09-30": "$5,056", "2018-06-30": "$5,099", "2018-03-31": "$4,808", "2017-12-31": "$4,749", "2017-09-30": "$3,994", "2017-06-30": "$3,302", "2017-03-31": "$3,669", "2016-12-31": "$3,646", "2016-09-30": "$3,916", "2016-06-30": "$3,918", "2016-03-31": "$3,910", "2015-12-31": "$3,890", "2015-09-30": "$3,915", "2015-06-30": "$3,910", "2015-03-31": "$3,165", "2014-12-31": "$3,227", "2014-09-30": "$3,228", "2014-06-30": "$3,238", "2014-03-31": "$3,224", "2013-12-31": "$3,272", "2013-09-30": "$2,816", "2013-06-30": "$2,822", "2013-03-31": "$2,855", "2012-12-31": "$3,382", "2012-09-30": "$3,272", "2012-06-30": "$3,229", "2012-03-31": "$3,135", "2011-12-31": "$2,364", "2011-09-30": "$2,282", "2011-06-30": "$2,248", "2011-03-31": "$2,245", "2010-12-31": "$2,262", "2010-09-30": "$2,390", "2010-06-30": "$1,927", "2010-03-31": "$1,919", "2009-12-31": "$1,930", "2009-09-30": "$1,945", "2009-06-30": "$1,938", "2009-03-31": "$1,596", "2008-12-31": "$1,527", "2008-09-30": "$1,470", "2008-06-30": "$1,474", "2008-03-31": "$1,503", "2007-12-31": "$1,514", "2007-09-30": "$1,460", "2007-06-30": "$1,456", "2007-03-31": "$1,466", "2006-12-31": "$1,696", "2006-09-30": "$1,710", "2006-06-30": "$1,475", "2006-03-31": "$1,788", "2005-12-31": "$1,789", "2005-09-30": "$1,804", "2005-06-30": "$1,915", "2005-03-31": "$2,125"}}, "total-liabilities": {"Corning Annual Total Liabilities (Millions of US $)": {"2019": "$15,901", "2018": "$13,619", "2017": "$11,724", "2016": "$9,939", "2015": "$9,664", "2014": "$8,411", "2013": "$7,267", "2012": "$7,842", "2011": "$6,719", "2010": "$6,407", "2009": "$5,700", "2008": "$5,765", "2007": "$5,719", "2006": "$5,819", "2005": "$5,720"}, "Corning Quarterly Total Liabilities (Millions of US $)": {"2020-09-30": "$17,410", "2020-06-30": "$15,413", "2020-03-31": "$15,572", "2019-12-31": "$15,901", "2019-09-30": "$14,195", "2019-06-30": "$14,054", "2019-03-31": "$13,615", "2018-12-31": "$13,619", "2018-09-30": "$12,414", "2018-06-30": "$12,189", "2018-03-31": "$12,346", "2017-12-31": "$11,724", "2017-09-30": "$10,711", "2017-06-30": "$9,750", "2017-03-31": "$9,926", "2016-12-31": "$9,939", "2016-09-30": "$11,022", "2016-06-30": "$10,981", "2016-03-31": "$9,958", "2015-12-31": "$9,664", "2015-09-30": "$8,828", "2015-06-30": "$8,833", "2015-03-31": "$7,951", "2014-12-31": "$8,411", "2014-09-30": "$7,965", "2014-06-30": "$8,000", "2014-03-31": "$7,825", "2013-12-31": "$7,267", "2013-09-30": "$6,916", "2013-06-30": "$6,935", "2013-03-31": "$7,205", "2012-12-31": "$7,842", "2012-09-30": "$7,524", "2012-06-30": "$7,352", "2012-03-31": "$7,122", "2011-12-31": "$6,719", "2011-09-30": "$6,482", "2011-06-30": "$6,519", "2011-03-31": "$6,305", "2010-12-31": "$6,407", "2010-09-30": "$6,203", "2010-06-30": "$5,499", "2010-03-31": "$5,374", "2009-12-31": "$5,700", "2009-09-30": "$5,729", "2009-06-30": "$5,752", "2009-03-31": "$5,483", "2008-12-31": "$5,765", "2008-09-30": "$5,562", "2008-06-30": "$5,499", "2008-03-31": "$5,523", "2007-12-31": "$5,719", "2007-09-30": "$5,475", "2007-06-30": "$5,374", "2007-03-31": "$5,517", "2006-12-31": "$5,819", "2006-09-30": "$5,659", "2006-06-30": "$5,515", "2006-03-31": "$5,717", "2005-12-31": "$5,720", "2005-09-30": "$5,657", "2005-06-30": "$5,534", "2005-03-31": "$5,445"}}, "total-share-holder-equity": {"Corning Annual Share Holder Equity (Millions of US $)": {"2019": "$12,997", "2018": "$13,886", "2017": "$15,770", "2016": "$17,960", "2015": "$18,863", "2014": "$21,652", "2013": "$21,211", "2012": "$21,533", "2011": "$21,129", "2010": "$19,426", "2009": "$15,595", "2008": "$13,491", "2007": "$9,496", "2006": "$7,246", "2005": "$5,487"}, "Corning Quarterly Share Holder Equity (Millions of US $)": {"2020-09-30": "$12,857", "2020-06-30": "$12,133", "2020-03-31": "$12,287", "2019-12-31": "$12,997", "2019-09-30": "$13,134", "2019-06-30": "$13,521", "2019-03-31": "$13,706", "2018-12-31": "$13,886", "2018-09-30": "$13,978", "2018-06-30": "$13,951", "2018-03-31": "$14,488", "2017-12-31": "$15,770", "2017-09-30": "$17,383", "2017-06-30": "$18,080", "2017-03-31": "$18,379", "2016-12-31": "$17,960", "2016-09-30": "$17,787", "2016-06-30": "$19,672", "2016-03-31": "$17,987", "2015-12-31": "$18,863", "2015-09-30": "$20,070", "2015-06-30": "$21,055", "2015-03-31": "$21,372", "2014-12-31": "$21,652", "2014-09-30": "$21,850", "2014-06-30": "$21,832", "2014-03-31": "$21,719", "2013-12-31": "$21,211", "2013-09-30": "$21,798", "2013-06-30": "$21,454", "2013-03-31": "$21,390", "2012-12-31": "$21,533", "2012-09-30": "$21,886", "2012-06-30": "$21,402", "2012-03-31": "$21,367", "2011-12-31": "$21,129", "2011-09-30": "$21,691", "2011-06-30": "$21,306", "2011-03-31": "$20,355", "2010-12-31": "$19,426", "2010-09-30": "$18,467", "2010-06-30": "$17,042", "2010-03-31": "$16,353", "2009-12-31": "$15,595", "2009-09-30": "$15,018", "2009-06-30": "$13,852", "2009-03-31": "$12,695", "2008-12-31": "$13,491", "2008-09-30": "$13,428", "2008-06-30": "$13,681", "2008-03-31": "$10,740", "2007-12-31": "$9,496", "2007-09-30": "$8,798", "2007-06-30": "$8,166", "2007-03-31": "$7,644", "2006-12-31": "$7,246", "2006-09-30": "$7,188", "2006-06-30": "$6,684", "2006-03-31": "$6,040", "2005-12-31": "$5,487", "2005-09-30": "$5,226", "2005-06-30": "$4,863", "2005-03-31": "$4,188"}}, "profit-margins": {"current": "4.53%"}, "gross margin": {"2020-12-31": "31.24%", "2020-09-30": "29.45%", "2020-06-30": "29.79%", "2020-03-31": "31.56%", "2019-12-31": "35.08%", "2019-09-30": "37.39%", "2019-06-30": "38.98%", "2019-03-31": "39.69%", "2018-12-31": "39.51%", "2018-09-30": "39.40%", "2018-06-30": "39.17%", "2018-03-31": "39.29%", "2017-12-31": "39.74%", "2017-09-30": "40.13%", "2017-06-30": "40.45%", "2017-03-31": "40.65%", "2016-12-31": "40.07%", "2016-09-30": "39.51%", "2016-06-30": "38.88%", "2016-03-31": "39.22%", "2015-12-31": "40.09%", "2015-09-30": "40.84%", "2015-06-30": "41.76%", "2015-03-31": "41.75%", "2014-12-31": "41.71%", "2014-09-30": "41.29%", "2014-06-30": "41.37%", "2014-03-31": "42.07%", "2013-12-31": "42.51%", "2013-09-30": "41.85%", "2013-06-30": "41.85%", "2013-03-31": "41.30%", "2012-12-31": "41.43%", "2012-09-30": "43.29%", "2012-06-30": "44.22%", "2012-03-31": "44.71%", "2011-12-31": "45.32%", "2011-09-30": "45.16%", "2011-06-30": "44.61%", "2011-03-31": "45.59%", "2010-12-31": "45.97%", "2010-09-30": "45.80%", "2010-06-30": "44.71%", "2010-03-31": "42.86%", "2009-12-31": "38.80%", "2009-09-30": "35.40%", "2009-06-30": "37.57%", "2009-03-31": "40.68%", "2008-12-31": "46.03%", "2008-09-30": "49.46%", "2008-06-30": "49.58%", "2008-03-31": "48.65%", "2007-12-31": "46.91%", "2007-09-30": "45.95%", "2007-06-30": "45.00%", "2007-03-31": "44.09%", "2006-12-31": "44.12%", "2006-09-30": "44.10%", "2006-06-30": "44.51%", "2006-03-31": "44.42%", "2005-12-31": "43.33%"}, "operating margin": {"2020-12-31": "4.50%", "2020-09-30": "1.67%", "2020-06-30": "2.69%", "2020-03-31": "6.90%", "2019-12-31": "11.35%", "2019-09-30": "13.85%", "2019-06-30": "15.09%", "2019-03-31": "15.52%", "2018-12-31": "13.95%", "2018-09-30": "13.58%", "2018-06-30": "13.34%", "2018-03-31": "13.56%", "2017-12-31": "15.90%", "2017-09-30": "17.13%", "2017-06-30": "18.24%", "2017-03-31": "17.08%", "2016-12-31": "15.17%", "2016-09-30": "11.44%", "2016-06-30": "10.13%", "2016-03-31": "12.22%", "2015-12-31": "14.51%", "2015-09-30": "19.08%", "2015-06-30": "20.93%", "2015-03-31": "20.93%", "2014-12-31": "19.88%", "2014-09-30": "17.04%", "2014-06-30": "15.90%", "2014-03-31": "16.42%", "2013-12-31": "17.53%", "2013-09-30": "15.81%", "2013-06-30": "15.51%", "2013-03-31": "14.44%", "2012-12-31": "14.72%", "2012-09-30": "17.30%", "2012-06-30": "19.47%", "2012-03-31": "20.45%", "2011-12-31": "21.70%", "2011-09-30": "27.29%", "2011-06-30": "25.39%", "2011-03-31": "26.54%", "2010-12-31": "27.16%", "2010-09-30": "21.13%", "2010-06-30": "20.12%", "2010-03-31": "17.69%", "2009-12-31": "7.25%", "2009-09-30": "3.40%", "2009-06-30": "5.71%", "2009-03-31": "9.08%", "2008-12-31": "25.55%", "2008-09-30": "29.07%", "2008-06-30": "29.86%", "2008-03-31": "27.94%", "2007-12-31": "18.45%", "2007-09-30": "19.27%", "2007-06-30": "16.61%", "2007-03-31": "18.16%", "2006-12-31": "16.35%", "2006-09-30": "15.52%", "2006-06-30": "14.62%", "2006-03-31": "10.21%", "2005-12-31": "12.93%"}, "ebitda margin": {"2020-09-30": "15.78%", "2020-06-30": "16.91%", "2020-03-31": "20.89%", "2019-12-31": "24.42%", "2019-09-30": "26.14%", "2019-06-30": "26.65%", "2019-03-31": "26.77%", "2018-12-31": "25.40%", "2018-09-30": "25.23%", "2018-06-30": "25.20%", "2018-03-31": "25.32%", "2017-12-31": "27.34%", "2017-09-30": "28.75%", "2017-06-30": "30.05%", "2017-03-31": "29.19%", "2016-12-31": "27.89%", "2016-09-30": "24.47%", "2016-06-30": "23.42%", "2016-03-31": "25.58%", "2015-12-31": "27.51%", "2015-09-30": "31.79%", "2015-06-30": "33.40%", "2015-03-31": "33.25%", "2014-12-31": "32.23%", "2014-09-30": "29.46%", "2014-06-30": "28.36%", "2014-03-31": "29.01%", "2013-12-31": "30.35%", "2013-09-30": "28.54%", "2013-06-30": "28.30%", "2013-03-31": "27.25%", "2012-12-31": "27.16%", "2012-09-30": "29.90%", "2012-06-30": "31.98%", "2012-03-31": "32.72%", "2011-12-31": "33.83%", "2011-09-30": "39.32%", "2011-06-30": "37.77%", "2011-03-31": "39.03%", "2010-12-31": "40.03%", "2010-09-30": "34.07%", "2010-06-30": "33.57%", "2010-03-31": "31.48%", "2009-12-31": "21.93%", "2009-09-30": "19.55%", "2009-06-30": "20.35%", "2009-03-31": "22.50%", "2008-12-31": "37.24%", "2008-09-30": "39.06%", "2008-06-30": "39.59%", "2008-03-31": "37.88%", "2007-12-31": "28.81%", "2007-09-30": "30.00%", "2007-06-30": "27.75%", "2007-03-31": "29.66%", "2006-12-31": "27.77%", "2006-09-30": "26.83%", "2006-06-30": "25.90%", "2006-03-31": "21.29%", "2005-12-31": "24.11%"}, "pre tax profit margin": {"2020-12-31": "5.51%", "2020-09-30": "2.88%", "2020-06-30": "2.50%", "2020-03-31": "4.81%", "2019-12-31": "10.57%", "2019-09-30": "13.18%", "2019-06-30": "16.07%", "2019-03-31": "21.92%", "2018-12-31": "13.31%", "2018-09-30": "15.82%", "2018-06-30": "13.76%", "2018-03-31": "11.44%", "2017-12-31": "16.38%", "2017-09-30": "35.11%", "2017-06-30": "33.21%", "2017-03-31": "45.11%", "2016-12-31": "39.32%", "2016-09-30": "15.93%", "2016-06-30": "15.91%", "2016-03-31": "3.61%", "2015-12-31": "16.31%", "2015-09-30": "28.59%", "2015-06-30": "40.25%", "2015-03-31": "36.94%", "2014-12-31": "36.73%", "2014-09-30": "30.19%", "2014-06-30": "22.04%", "2014-03-31": "29.25%", "2013-12-31": "31.63%", "2013-09-30": "26.07%", "2013-06-30": "27.14%", "2013-03-31": "24.17%", "2012-12-31": "24.65%", "2012-09-30": "30.48%", "2012-06-30": "34.11%", "2012-03-31": "37.54%", "2011-12-31": "40.95%", "2011-09-30": "49.56%", "2011-06-30": "51.10%", "2011-03-31": "54.18%", "2010-12-31": "57.98%", "2010-09-30": "52.51%", "2010-06-30": "51.56%", "2010-03-31": "48.65%", "2009-12-31": "35.85%", "2009-09-30": "29.55%", "2009-06-30": "29.94%", "2009-03-31": "32.46%", "2008-12-31": "48.45%", "2008-09-30": "62.36%", "2008-06-30": "58.16%", "2008-03-31": "51.98%", "2007-12-31": "38.75%", "2007-09-30": "22.63%", "2007-06-30": "20.05%", "2007-03-31": "20.54%", "2006-12-31": "18.57%", "2006-09-30": "16.94%", "2006-06-30": "15.46%", "2006-03-31": "10.73%", "2005-12-31": "12.21%"}, "net profit margin": {"2020-12-31": "3.88%", "2020-09-30": "1.79%", "2020-06-30": "0.96%", "2020-03-31": "2.41%", "2019-12-31": "7.49%", "2019-09-30": "9.57%", "2019-06-30": "11.95%", "2019-03-31": "17.72%", "2018-12-31": "8.57%", "2018-09-30": "-6.98%", "2018-06-30": "-9.48%", "2018-03-31": "-12.40%", "2017-12-31": "-5.88%", "2017-09-30": "24.24%", "2017-06-30": "23.41%", "2017-03-31": "41.69%", "2016-12-31": "38.31%", "2016-09-30": "24.59%", "2016-06-30": "24.43%", "2016-03-31": "5.24%", "2015-12-31": "13.62%", "2015-09-30": "21.61%", "2015-06-30": "29.40%", "2015-03-31": "25.60%", "2014-12-31": "24.48%", "2014-09-30": "19.81%", "2014-06-30": "14.26%", "2014-03-31": "21.06%", "2013-12-31": "25.08%", "2013-09-30": "21.16%", "2013-06-30": "22.81%", "2013-03-31": "20.95%", "2012-12-31": "20.42%", "2012-09-30": "25.59%", "2012-06-30": "29.04%", "2012-03-31": "32.24%", "2011-12-31": "35.70%", "2011-09-30": "43.23%", "2011-06-30": "45.68%", "2011-03-31": "49.84%", "2010-12-31": "53.65%", "2010-09-30": "50.85%", "2010-06-30": "49.59%", "2010-03-31": "47.16%", "2009-12-31": "37.22%", "2009-09-30": "30.67%", "2009-06-30": "32.69%", "2009-03-31": "79.74%", "2008-12-31": "88.38%", "2008-09-30": "88.81%", "2008-06-30": "86.50%", "2008-03-31": "46.22%", "2007-12-31": "36.69%", "2007-09-30": "36.82%", "2007-06-30": "35.34%", "2007-03-31": "36.88%", "2006-12-31": "35.85%", "2006-09-30": "23.50%", "2006-06-30": "19.16%", "2006-03-31": "12.36%", "2005-12-31": "12.78%"}, "pe ratio": {"current": "26.73", "2021-02-05": "196.95", "2020-12-31": "189.47", "2020-09-30": "161.04", "2020-06-30": "255.63", "2020-03-31": "62.75", "2019-12-31": "27.38", "2019-09-30": "20.48", "2019-06-30": "19.47", "2019-03-31": "13.54", "2018-12-31": "27.14", "2018-09-30": "0.00", "2018-06-30": "0.00", "2018-03-31": "0.00", "2017-12-31": "0.00", "2017-09-30": "11.67", "2017-06-30": "12.34", "2017-03-31": "6.67", "2016-12-31": "6.75", "2016-09-30": "10.93", "2016-06-30": "9.97", "2016-03-31": "57.80", "2015-12-31": "16.56", "2015-09-30": "9.97", "2015-06-30": "8.26", "2015-03-31": "10.74", "2014-12-31": "11.37", "2014-09-30": "12.42", "2014-06-30": "20.96", "2014-03-31": "14.55", "2013-12-31": "11.19", "2013-09-30": "9.92", "2013-06-30": "9.16", "2013-03-31": "9.48", "2012-12-31": "9.15", "2012-09-30": "8.55", "2012-06-30": "7.35", "2012-03-31": "7.11", "2011-12-31": "5.89", "2011-09-30": "4.65", "2011-06-30": "6.84", "2011-03-31": "7.37", "2010-12-31": "6.74", "2010-09-30": "6.94", "2010-06-30": "6.39", "2010-03-31": "8.82", "2009-12-31": "11.75", "2009-09-30": "12.26", "2009-06-30": "11.84", "2009-03-31": "3.83", "2008-12-31": "2.22", "2008-09-30": "3.33", "2008-06-30": "5.05", "2008-03-31": "10.33", "2007-12-31": "13.59", "2007-09-30": "14.36", "2007-06-30": "16.23", "2007-03-31": "14.20", "2006-12-31": "12.09"}, "price sales": {"2021-02-05": "2.74", "2020-12-31": "2.64", "2020-09-30": "2.47", "2020-06-30": "1.98", "2020-03-31": "1.51", "2019-12-31": "2.13", "2019-09-30": "2.06", "2019-06-30": "2.39", "2019-03-31": "2.52", "2018-12-31": "2.31", "2018-09-30": "2.75", "2018-06-30": "2.25", "2018-03-31": "2.37", "2017-12-31": "2.81", "2017-09-30": "2.83", "2017-06-30": "2.92", "2017-03-31": "2.73", "2016-12-31": "2.64", "2016-09-30": "2.72", "2016-06-30": "2.47", "2016-03-31": "2.61", "2015-12-31": "2.34", "2015-09-30": "2.17", "2015-06-30": "2.51", "2015-03-31": "2.79", "2014-12-31": "2.79", "2014-09-30": "2.47", "2014-06-30": "2.96", "2014-03-31": "3.06", "2013-12-31": "2.82", "2013-09-30": "2.26", "2013-06-30": "2.21", "2013-03-31": "2.09", "2012-12-31": "1.95", "2012-09-30": "2.11", "2012-06-30": "2.08", "2012-03-31": "2.25", "2011-12-31": "2.09", "2011-09-30": "2.01", "2011-06-30": "3.12", "2011-03-31": "3.68", "2010-12-31": "3.63", "2010-09-30": "3.54", "2010-06-30": "3.17", "2010-03-31": "4.16", "2009-12-31": "4.37", "2009-09-30": "3.77", "2009-06-30": "3.89", "2009-03-31": "3.05", "2008-12-31": "1.96", "2008-09-30": "2.96", "2008-06-30": "4.36", "2008-03-31": "4.75", "2007-12-31": "4.98", "2007-09-30": "5.29", "2007-06-30": "5.74", "2007-03-31": "5.26", "2006-12-31": "4.36"}, "price book": {"current": "2.56", "2021-02-05": "2.21", "2020-09-30": "1.91", "2020-06-30": "1.60", "2020-03-31": "1.24", "2019-12-31": "1.65", "2019-09-30": "1.60", "2019-06-30": "1.83", "2019-03-31": "1.79", "2018-12-31": "1.62", "2018-09-30": "1.86", "2018-06-30": "1.49", "2018-03-31": "1.48", "2017-12-31": "1.60", "2017-09-30": "1.37", "2017-06-30": "1.37", "2017-03-31": "1.23", "2016-12-31": "1.13", "2016-09-30": "1.13", "2016-06-30": "0.96", "2016-03-31": "1.11", "2015-12-31": "0.96", "2015-09-30": "0.88", "2015-06-30": "1.00", "2015-03-31": "1.15", "2014-12-31": "1.16", "2014-09-30": "0.97", "2014-06-30": "1.10", "2014-03-31": "1.06", "2013-12-31": "0.99", "2013-09-30": "0.81", "2013-06-30": "0.80", "2013-03-31": "0.76", "2012-12-31": "0.71", "2012-09-30": "0.72", "2012-06-30": "0.73", "2012-03-31": "0.80", "2011-12-31": "0.74", "2011-09-30": "0.71", "2011-06-30": "1.06", "2011-03-31": "1.25", "2010-12-31": "1.22", "2010-09-30": "1.21", "2010-06-30": "1.16", "2010-03-31": "1.50", "2009-12-31": "1.50", "2009-09-30": "1.23", "2009-06-30": "1.39", "2009-03-31": "1.25", "2008-12-31": "0.84", "2008-09-30": "1.38", "2008-06-30": "2.02", "2008-03-31": "2.67", "2007-12-31": "3.01", "2007-09-30": "3.33", "2007-06-30": "3.72", "2007-03-31": "3.53", "2006-12-31": "3.05", "2006-09-30": "3.99", "2006-06-30": "4.25", "2006-03-31": "5.21"}, "price fcf": {"2021-02-05": "", "2020-09-30": "$1.23", "2020-06-30": "$1.35", "2020-03-31": "$0.35", "2019-12-31": "$0.14", "2019-09-30": "$-0.23", "2019-06-30": "$-0.41", "2019-03-31": "$0.45", "2018-12-31": "$0.67", "2018-09-30": "$0.66", "2018-06-30": "$0.35", "2018-03-31": "$0.01", "2017-12-31": "$0.22", "2017-09-30": "$0.83", "2017-06-30": "$1.02", "2017-03-31": "$1.36", "2016-12-31": "$1.23", "2016-09-30": "$0.70", "2016-06-30": "$0.74", "2016-03-31": "$0.67", "2015-12-31": "$1.18", "2015-09-30": "$1.26", "2015-06-30": "$1.39", "2015-03-31": "$1.65", "2014-12-31": "$2.55", "2014-09-30": "$2.67", "2014-06-30": "$2.34", "2014-03-31": "$2.01", "2013-12-31": "$1.21", "2013-09-30": "$1.03", "2013-06-30": "$1.01", "2013-03-31": "$0.99", "2012-12-31": "$0.93", "2012-09-30": "$0.71", "2012-06-30": "$0.74", "2012-03-31": "$0.68", "2011-12-31": "$0.48", "2011-09-30": "$1.25", "2011-06-30": "$1.21", "2011-03-31": "$1.52", "2010-12-31": "$1.79", "2010-09-30": "$1.25", "2010-06-30": "$1.31", "2010-03-31": "$1.07", "2009-12-31": "$0.77", "2009-09-30": "$0.04", "2009-06-30": "$0.17", "2009-03-31": "$0.25", "2008-12-31": "$0.14", "2008-09-30": "$0.60", "2008-06-30": "$0.46", "2008-03-31": "$0.44", "2007-12-31": "$0.51", "2007-09-30": "$0.50", "2007-06-30": "$0.38", "2007-03-31": "$0.42", "2006-12-31": "$0.40"}, "net worth": {"value": "$28.59B"}, "current ratio": {"2020-12-31": "2.13", "2020-09-30": "2.09", "2020-06-30": "2.27", "2020-03-31": "2.18", "2019-12-31": "2.12", "2019-09-30": "1.71", "2019-06-30": "1.85", "2019-03-31": "2.08", "2018-12-31": "2.12", "2018-09-30": "2.13", "2018-06-30": "2.23", "2018-03-31": "2.56", "2017-12-31": "2.75", "2017-09-30": "2.69", "2017-06-30": "3.00", "2017-03-31": "3.60", "2016-12-31": "3.29", "2016-09-30": "3.70", "2016-06-30": "4.39", "2016-03-31": "2.80", "2015-12-31": "2.94", "2015-09-30": "4.71", "2015-06-30": "4.88", "2015-03-31": "4.88", "2014-12-31": "4.41", "2014-09-30": "4.68", "2014-06-30": "4.53", "2014-03-31": "4.70", "2013-12-31": "5.09", "2013-09-30": "5.79", "2013-06-30": "5.67", "2013-03-31": "5.16", "2012-12-31": "4.96", "2012-09-30": "4.79", "2012-06-30": "4.96", "2012-03-31": "5.50", "2011-12-31": "4.14", "2011-09-30": "4.61", "2011-06-30": "4.48", "2011-03-31": "4.77", "2010-12-31": "4.46", "2010-09-30": "4.35", "2010-06-30": "4.43", "2010-03-31": "4.74", "2009-12-31": "3.59", "2009-09-30": "3.19", "2009-06-30": "3.28", "2009-03-31": "2.79", "2008-12-31": "2.25", "2008-09-30": "2.54", "2008-06-30": "2.89", "2008-03-31": "2.87", "2007-12-31": "2.11", "2007-09-30": "2.27", "2007-06-30": "2.27", "2007-03-31": "2.08", "2006-12-31": "2.07", "2006-09-30": "1.93", "2006-06-30": "1.70", "2006-03-31": "1.70", "2005-12-31": "1.63", "2005-09-30": "1.75", "2005-06-30": "1.72", "2005-03-31": "1.55"}, "quick ratio": {"2020-12-31": "1.48", "2020-09-30": "1.42", "2020-06-30": "1.53", "2020-03-31": "1.44", "2019-12-31": "1.46", "2019-09-30": "1.06", "2019-06-30": "1.18", "2019-03-31": "1.36", "2018-12-31": "1.51", "2018-09-30": "1.51", "2018-06-30": "1.58", "2018-03-31": "1.95", "2017-12-31": "2.22", "2017-09-30": "2.14", "2017-06-30": "2.43", "2017-03-31": "2.96", "2016-12-31": "2.75", "2016-09-30": "3.04", "2016-06-30": "3.78", "2016-03-31": "2.23", "2015-12-31": "2.45", "2015-09-30": "4.01", "2015-06-30": "4.20", "2015-03-31": "4.17", "2014-12-31": "3.84", "2014-09-30": "4.06", "2014-06-30": "3.90", "2014-03-31": "4.02", "2013-12-31": "4.37", "2013-09-30": "4.98", "2013-06-30": "4.89", "2013-03-31": "4.51", "2012-12-31": "4.42", "2012-09-30": "4.28", "2012-06-30": "4.43", "2012-03-31": "4.97", "2011-12-31": "3.67", "2011-09-30": "4.14", "2011-06-30": "4.04", "2011-03-31": "4.33", "2010-12-31": "4.09", "2010-09-30": "3.93", "2010-06-30": "4.02", "2010-03-31": "4.26", "2009-12-31": "3.21", "2009-09-30": "2.78", "2009-06-30": "2.86", "2009-03-31": "2.33", "2008-12-31": "1.86", "2008-09-30": "2.17", "2008-06-30": "2.51", "2008-03-31": "2.50", "2007-12-31": "1.86", "2007-09-30": "1.98", "2007-06-30": "1.96", "2007-03-31": "1.77", "2006-12-31": "1.79", "2006-09-30": "1.64", "2006-06-30": "1.42", "2006-03-31": "1.44", "2005-12-31": "1.39", "2005-09-30": "1.50", "2005-06-30": "1.46", "2005-03-31": "1.26"}, "debt equity ratio": {"current": "0.70", "2020-12-31": "1.29", "2020-09-30": "1.35", "2020-06-30": "1.27", "2020-03-31": "1.27", "2019-12-31": "1.22", "2019-09-30": "1.08", "2019-06-30": "1.04", "2019-03-31": "0.99", "2018-12-31": "0.98", "2018-09-30": "0.89", "2018-06-30": "0.87", "2018-03-31": "0.85", "2017-12-31": "0.74", "2017-09-30": "0.62", "2017-06-30": "0.54", "2017-03-31": "0.54", "2016-12-31": "0.55", "2016-09-30": "0.62", "2016-06-30": "0.56", "2016-03-31": "0.55", "2015-12-31": "0.51", "2015-09-30": "0.44", "2015-06-30": "0.42", "2015-03-31": "0.37", "2014-12-31": "0.39", "2014-09-30": "0.37", "2014-06-30": "0.37", "2014-03-31": "0.36", "2013-12-31": "0.34", "2013-09-30": "0.32", "2013-06-30": "0.32", "2013-03-31": "0.34", "2012-12-31": "0.36", "2012-09-30": "0.34", "2012-06-30": "0.34", "2012-03-31": "0.33", "2011-12-31": "0.32", "2011-09-30": "0.30", "2011-06-30": "0.31", "2011-03-31": "0.31", "2010-12-31": "0.33", "2010-09-30": "0.34", "2010-06-30": "0.32", "2010-03-31": "0.33", "2009-12-31": "0.37", "2009-09-30": "0.38", "2009-06-30": "0.42", "2009-03-31": "0.43", "2008-12-31": "0.43", "2008-09-30": "0.41", "2008-06-30": "0.40", "2008-03-31": "0.51", "2007-12-31": "0.60", "2007-09-30": "0.62", "2007-06-30": "0.66", "2007-03-31": "0.72", "2006-12-31": "0.80", "2006-09-30": "0.79", "2006-06-30": "0.83", "2006-03-31": "0.95", "2005-12-31": "1.04", "2005-09-30": "1.08", "2005-06-30": "1.14", "2005-03-31": "1.30"}, "return on equity": {"2020-12-31": "3.46%", "2020-09-30": "1.54%", "2020-06-30": "0.82%", "2020-03-31": "2.06%", "2019-12-31": "6.46%", "2019-09-30": "8.27%", "2019-06-30": "10.24%", "2019-03-31": "14.81%", "2018-12-31": "6.88%", "2018-09-30": "-5.22%", "2018-06-30": "-6.46%", "2018-03-31": "-7.73%", "2017-12-31": "-3.42%", "2017-09-30": "13.44%", "2017-06-30": "12.78%", "2017-03-31": "21.96%", "2016-12-31": "19.60%", "2016-09-30": "12.11%", "2016-06-30": "11.37%", "2016-03-31": "2.39%", "2015-12-31": "6.10%", "2015-09-30": "9.54%", "2015-06-30": "13.07%", "2015-03-31": "11.45%", "2014-12-31": "10.93%", "2014-09-30": "8.48%", "2014-06-30": "5.79%", "2014-03-31": "8.11%", "2013-12-31": "9.14%", "2013-09-30": "7.87%", "2013-06-30": "8.44%", "2013-03-31": "7.68%", "2012-12-31": "7.59%", "2012-09-30": "9.25%", "2012-06-30": "10.57%", "2012-03-31": "11.90%", "2011-12-31": "13.34%", "2011-09-30": "16.23%", "2011-06-30": "16.75%", "2011-03-31": "18.54%", "2010-12-31": "19.96%", "2010-09-30": "19.30%", "2010-06-30": "19.45%", "2010-03-31": "18.48%", "2009-12-31": "14.05%", "2009-09-30": "11.02%", "2009-06-30": "12.28%", "2009-03-31": "31.84%", "2008-12-31": "40.96%", "2008-09-30": "48.37%", "2008-06-30": "52.20%", "2008-03-31": "30.67%", "2007-12-31": "25.22%", "2007-09-30": "26.11%", "2007-06-30": "25.13%", "2007-03-31": "26.77%", "2006-12-31": "27.32%", "2006-09-30": "18.52%", "2006-06-30": "16.06%", "2006-03-31": "10.95%", "2005-12-31": "11.84%"}, "return on assets": {"2020-12-31": "1.51%", "2020-09-30": "0.67%", "2020-06-30": "0.37%", "2020-03-31": "0.96%", "2019-12-31": "3.10%", "2019-09-30": "4.09%", "2019-06-30": "5.18%", "2019-03-31": "7.66%", "2018-12-31": "3.62%", "2018-09-30": "-2.84%", "2018-06-30": "-3.67%", "2018-03-31": "-4.61%", "2017-12-31": "-2.13%", "2017-09-30": "8.61%", "2017-06-30": "8.18%", "2017-03-31": "14.01%", "2016-12-31": "12.48%", "2016-09-30": "7.76%", "2016-06-30": "7.51%", "2016-03-31": "1.62%", "2015-12-31": "4.26%", "2015-09-30": "6.79%", "2015-06-30": "9.43%", "2015-03-31": "8.34%", "2014-12-31": "7.98%", "2014-09-30": "6.24%", "2014-06-30": "4.30%", "2014-03-31": "6.07%", "2013-12-31": "6.87%", "2013-09-30": "5.89%", "2013-06-30": "6.29%", "2013-03-31": "5.70%", "2012-12-31": "5.64%", "2012-09-30": "6.93%", "2012-06-30": "7.99%", "2012-03-31": "9.06%", "2011-12-31": "10.20%", "2011-09-30": "12.38%", "2011-06-30": "12.69%", "2011-03-31": "14.00%", "2010-12-31": "15.02%", "2010-09-30": "14.42%", "2010-06-30": "14.42%", "2010-03-31": "13.48%", "2009-12-31": "10.06%", "2009-09-30": "7.80%", "2009-06-30": "8.64%", "2009-03-31": "22.44%", "2008-12-31": "28.54%", "2008-09-30": "32.88%", "2008-06-30": "34.34%", "2008-03-31": "19.24%", "2007-12-31": "15.31%", "2007-09-30": "15.39%", "2007-06-30": "14.45%", "2007-03-31": "15.02%", "2006-12-31": "14.88%", "2006-09-30": "9.80%", "2006-06-30": "8.17%", "2006-03-31": "5.35%", "2005-12-31": "5.56%"}, "return on investments": {"2020-12-31": "2.48%", "2020-09-30": "0.88%", "2020-06-30": "1.44%", "2020-03-31": "3.84%", "2019-12-31": "6.58%", "2019-09-30": "8.26%", "2019-06-30": "9.10%", "2019-03-31": "9.27%", "2018-12-31": "8.15%", "2018-09-30": "7.59%", "2018-06-30": "6.97%", "2018-03-31": "6.73%", "2017-12-31": "7.54%", "2017-09-30": "7.89%", "2017-06-30": "8.29%", "2017-03-31": "7.47%", "2016-12-31": "6.41%", "2016-09-30": "4.65%", "2016-06-30": "3.92%", "2016-03-31": "4.65%", "2015-12-31": "5.49%", "2015-09-30": "7.20%", "2015-06-30": "8.04%", "2015-03-31": "8.15%", "2014-12-31": "7.73%", "2014-09-30": "6.34%", "2014-06-30": "5.64%", "2014-03-31": "5.54%", "2013-12-31": "5.62%", "2013-09-30": "5.16%", "2013-06-30": "5.02%", "2013-03-31": "4.62%", "2012-12-31": "4.75%", "2012-09-30": "5.49%", "2012-06-30": "6.28%", "2012-03-31": "6.75%", "2011-12-31": "7.31%", "2011-09-30": "9.24%", "2011-06-30": "8.35%", "2011-03-31": "8.84%", "2010-12-31": "9.03%", "2010-09-30": "7.15%", "2010-06-30": "7.04%", "2010-03-31": "6.15%", "2009-12-31": "2.42%", "2009-09-30": "1.08%", "2009-06-30": "1.91%", "2009-03-31": "3.25%", "2008-12-31": "10.61%", "2008-09-30": "14.06%", "2008-06-30": "15.81%", "2008-03-31": "15.99%", "2007-12-31": "10.81%", "2007-09-30": "11.47%", "2007-06-30": "9.77%", "2007-03-31": "10.80%", "2006-12-31": "10.00%", "2006-09-30": "9.66%", "2006-06-30": "9.48%", "2006-03-31": "6.77%", "2005-12-31": "8.64%"}, "return on tangible equity": {"2020-09-30": "2.07%", "2020-06-30": "1.08%", "2020-03-31": "2.71%", "2019-12-31": "8.46%", "2019-09-30": "10.81%", "2019-06-30": "13.35%", "2019-03-31": "19.30%", "2018-12-31": "8.79%", "2018-09-30": "-6.53%", "2018-06-30": "-7.86%", "2018-03-31": "-9.14%", "2017-12-31": "-3.99%", "2017-09-30": "15.58%", "2017-06-30": "14.75%", "2017-03-31": "25.22%", "2016-12-31": "22.41%", "2016-09-30": "13.76%", "2016-06-30": "12.80%", "2016-03-31": "2.67%", "2015-12-31": "6.78%", "2015-09-30": "10.50%", "2015-06-30": "14.30%", "2015-03-31": "12.45%", "2014-12-31": "11.83%", "2014-09-30": "9.17%", "2014-06-30": "6.26%", "2014-03-31": "8.75%", "2013-12-31": "9.84%", "2013-09-30": "8.47%", "2013-06-30": "9.01%", "2013-03-31": "8.14%", "2012-12-31": "7.99%", "2012-09-30": "9.67%", "2012-06-30": "11.04%", "2012-03-31": "12.42%", "2011-12-31": "13.93%", "2011-09-30": "16.91%", "2011-06-30": "17.44%", "2011-03-31": "19.29%", "2010-12-31": "20.76%", "2010-09-30": "20.10%", "2010-06-30": "20.30%", "2010-03-31": "19.22%", "2009-12-31": "14.55%", "2009-09-30": "11.35%", "2009-06-30": "12.57%", "2009-03-31": "32.58%", "2008-12-31": "41.96%", "2008-09-30": "49.65%", "2008-06-30": "53.74%", "2008-03-31": "31.72%", "2007-12-31": "26.17%", "2007-09-30": "27.18%", "2007-06-30": "26.23%", "2007-03-31": "28.03%", "2006-12-31": "28.71%", "2006-09-30": "19.55%", "2006-06-30": "17.07%", "2006-03-31": "11.73%", "2005-12-31": "12.80%"}, "dividend yield history": {"last payout": "$0.88", "last yield": "2.35%"}}