{"ticker": "OFC", "price": {"title": "Corporate Office Properties Trust Historical Annual Stock Price Data", "value": 26.96, "historical": {"2021": {"Average Stock Price": "26.0742", "Year Open": "25.3700", "Year High": "27.4900", "Year Low": "24.8000", "Year Close": "26.9600", "Annual % Change": "3.37%"}, "2020": {"Average Stock Price": "25.5528", "Year Open": "28.9700", "Year High": "30.3500", "Year Low": "16.4900", "Year Close": "26.0800", "Annual % Change": "-11.23%"}, "2019": {"Average Stock Price": "27.6859", "Year Open": "21.0400", "Year High": "30.1300", "Year Low": "21.0400", "Year Close": "29.3800", "Annual % Change": "39.71%"}, "2018": {"Average Stock Price": "27.3283", "Year Open": "29.1400", "Year High": "30.9400", "Year Low": "20.3400", "Year Close": "21.0300", "Annual % Change": "-27.98%"}, "2017": {"Average Stock Price": "32.8557", "Year Open": "31.1500", "Year High": "35.7900", "Year Low": "29.0100", "Year Close": "29.2000", "Annual % Change": "-6.47%"}, "2016": {"Average Stock Price": "26.8674", "Year Open": "21.8500", "Year High": "31.3400", "Year Low": "20.0400", "Year Close": "31.2200", "Annual % Change": "43.01%"}, "2015": {"Average Stock Price": "25.1894", "Year Open": "28.8500", "Year High": "30.7500", "Year Low": "20.3400", "Year Close": "21.8300", "Annual % Change": "-23.05%"}, "2014": {"Average Stock Price": "27.1365", "Year Open": "23.8900", "Year High": "29.2900", "Year Low": "23.8900", "Year Close": "28.3700", "Annual % Change": "19.76%"}, "2013": {"Average Stock Price": "25.5218", "Year Open": "25.3900", "Year High": "29.7500", "Year Low": "21.7900", "Year Close": "23.6900", "Annual % Change": "-5.16%"}, "2012": {"Average Stock Price": "23.4949", "Year Open": "21.5500", "Year High": "26.1200", "Year Low": "20.9600", "Year Close": "24.9800", "Annual % Change": "17.50%"}, "2011": {"Average Stock Price": "29.5708", "Year Open": "35.4700", "Year High": "36.7400", "Year Low": "19.3700", "Year Close": "21.2600", "Annual % Change": "-39.17%"}, "2010": {"Average Stock Price": "37.6291", "Year Open": "36.1300", "Year High": "43.1900", "Year Low": "33.1600", "Year Close": "34.9500", "Annual % Change": "-4.59%"}, "2009": {"Average Stock Price": "31.3231", "Year Open": "29.0200", "Year High": "39.3400", "Year Low": "21.3600", "Year Close": "36.6300", "Annual % Change": "19.32%"}, "2008": {"Average Stock Price": "33.5684", "Year Open": "31.2000", "Year High": "42.6000", "Year Low": "21.3900", "Year Close": "30.7000", "Annual % Change": "-2.54%"}, "2007": {"Average Stock Price": "43.4040", "Year Open": "49.6000", "Year High": "56.0000", "Year Low": "30.9700", "Year Close": "31.5000", "Annual % Change": "-37.59%"}, "2006": {"Average Stock Price": "43.7893", "Year Open": "36.2400", "Year High": "51.2000", "Year Low": "36.2400", "Year Close": "50.4700", "Annual % Change": "42.01%"}, "2005": {"Average Stock Price": "30.5986", "Year Open": "28.5800", "Year High": "36.9000", "Year Low": "25.3500", "Year Close": "35.5400", "Annual % Change": "21.09%"}, "2004": {"Average Stock Price": "24.4342", "Year Open": "21.0000", "Year High": "29.3500", "Year Low": "19.4700", "Year Close": "29.3500", "Annual % Change": "39.76%"}, "2003": {"Average Stock Price": "17.1274", "Year Open": "13.9200", "Year High": "22.1400", "Year Low": "13.5900", "Year Close": "21.0000", "Annual % Change": "49.68%"}, "2002": {"Average Stock Price": "13.3567", "Year Open": "12.2200", "Year High": "14.5900", "Year Low": "11.8500", "Year Close": "14.0300", "Annual % Change": "18.20%"}, "2001": {"Average Stock Price": "10.4611", "Year Open": "9.8800", "Year High": "12.5000", "Year Low": "9.1000", "Year Close": "11.8700", "Annual % Change": "19.42%"}, "2000": {"Average Stock Price": "8.9175", "Year Open": "7.6200", "Year High": "10.0000", "Year Low": "7.6200", "Year Close": "9.9400", "Annual % Change": "30.45%"}, "1999": {"Average Stock Price": "7.7809", "Year Open": "7.5000", "Year High": "8.8800", "Year Low": "6.3800", "Year Close": "7.6200", "Annual % Change": "7.02%"}, "1998": {"Average Stock Price": "9.3104", "Year Open": "11.5000", "Year High": "14.2500", "Year Low": "6.3800", "Year Close": "7.1200", "Annual % Change": "-28.80%"}, "1997": {"Average Stock Price": "6.3054", "Year Open": "4.7500", "Year High": "11.0000", "Year Low": "4.5000", "Year Close": "10.0000", "Annual % Change": "90.48%"}, "1996": {"Average Stock Price": "5.1475", "Year Open": "4.7500", "Year High": "5.7500", "Year Low": "4.7500", "Year Close": "5.2500", "Annual % Change": "10.53%"}, "1995": {"Average Stock Price": "5.5762", "Year Open": "6.7500", "Year High": "7.2500", "Year Low": "4.7500", "Year Close": "4.7500", "Annual % Change": "-32.14%"}, "1994": {"Average Stock Price": "9.1047", "Year Open": "9.2500", "Year High": "11.0000", "Year Low": "6.7500", "Year Close": "7.0000", "Annual % Change": "-24.32%"}, "1993": {"Average Stock Price": "9.7795", "Year Open": "9.5000", "Year High": "10.7500", "Year Low": "8.7500", "Year Close": "9.2500", "Annual % Change": "-2.63%"}, "1992": {"Average Stock Price": "9.5302", "Year Open": "9.6200", "Year High": "10.2500", "Year Low": "8.7500", "Year Close": "9.5000", "Annual % Change": "-1.25%"}}}, "market cap": {"value": "$3.02B"}, "income statement": {"Revenue": {"2020-12-31": "609.36500", "2019-12-31": "641.22600", "2018-12-31": "578.11200", "2017-12-31": "612.82000", "2016-12-31": "574.32800", "2015-12-31": "625.46600", "2014-12-31": "586.47300", "2013-12-31": "523.36000", "2012-12-31": "508.13500", "2011-12-31": "492.95600", "2010-12-31": "492.23400", "2009-12-31": "737.62800", "2008-12-31": "585.14500", "2007-12-31": "404.46600", "2006-12-31": "351.52800", "2005-12-31": "316.04300"}, "Cost Of Goods Sold": {"2020-12-31": "271.45500", "2019-12-31": "308.10500", "2018-12-31": "259.36100", "2017-12-31": "290.58200", "2016-12-31": "243.01100", "2015-12-31": "297.19000", "2014-12-31": "279.99200", "2013-12-31": "226.07400", "2012-12-31": "229.78200", "2011-12-31": "236.01400", "2010-12-31": "248.91900", "2009-12-31": "482.49200", "2008-12-31": "325.03700", "2007-12-31": "162.75400", "2006-12-31": "150.43300", "2005-12-31": "147.62400"}, "Gross Profit": {"2020-12-31": "337.91000", "2019-12-31": "333.12100", "2018-12-31": "318.75100", "2017-12-31": "322.23800", "2016-12-31": "331.31700", "2015-12-31": "328.27600", "2014-12-31": "306.48100", "2013-12-31": "297.28600", "2012-12-31": "278.35300", "2011-12-31": "256.94200", "2010-12-31": "243.31500", "2009-12-31": "255.13600", "2008-12-31": "260.10800", "2007-12-31": "241.71200", "2006-12-31": "201.09500", "2005-12-31": "168.41900"}, "Research And Development Expenses": {"2020-12-31": "", "2019-12-31": "", "2018-12-31": "", "2017-12-31": "", "2016-12-31": "", "2015-12-31": "", "2014-12-31": "", "2013-12-31": "", "2012-12-31": "", "2011-12-31": "", "2010-12-31": "", "2009-12-31": "", "2008-12-31": "", "2007-12-31": "", "2006-12-31": "", "2005-12-31": ""}, "SG&A Expenses": {"2020-12-31": "25.26900", "2019-12-31": "35.40200", "2018-12-31": "28.90000", "2017-12-31": "30.83700", "2016-12-31": "36.55300", "2015-12-31": "31.36100", "2014-12-31": "31.79400", "2013-12-31": "30.86900", "2012-12-31": "31.90000", "2011-12-31": "30.30600", "2010-12-31": "28.50100", "2009-12-31": "23.24000", "2008-12-31": "24.09600", "2007-12-31": "20.22700", "2006-12-31": "18.04800", "2005-12-31": "13.53300"}, "Other Operating Income Or Expenses": {"2020-12-31": "-13.73500", "2019-12-31": "-4.56800", "2018-12-31": "-8.20700", "2017-12-31": "-21.33600", "2016-12-31": "-109.63500", "2015-12-31": "-36.79600", "2014-12-31": "-6.98900", "2013-12-31": "-11.29300", "2012-12-31": "-49.38900", "2011-12-31": "-89.33500", "2010-12-31": "-6.40300", "2009-12-31": "-3.69900", "2008-12-31": "-1.23300", "2007-12-31": "-1.47700", "2006-12-31": "", "2005-12-31": ""}, "Operating Expenses": {"2020-12-31": "448.65200", "2019-12-31": "485.14400", "2018-12-31": "433.58400", "2017-12-31": "476.98300", "2016-12-31": "521.91800", "2015-12-31": "505.37200", "2014-12-31": "454.86100", "2013-12-31": "381.45000", "2012-12-31": "419.06900", "2011-12-31": "462.65800", "2010-12-31": "381.72000", "2009-12-31": "607.30000", "2008-12-31": "452.22000", "2007-12-31": "288.37400", "2006-12-31": "244.82500", "2005-12-31": "221.58400"}, "Operating Income": {"2020-12-31": "160.71300", "2019-12-31": "156.08200", "2018-12-31": "144.52800", "2017-12-31": "135.83700", "2016-12-31": "52.41000", "2015-12-31": "120.09400", "2014-12-31": "131.61200", "2013-12-31": "141.91000", "2012-12-31": "89.06600", "2011-12-31": "30.29800", "2010-12-31": "110.51400", "2009-12-31": "130.32800", "2008-12-31": "132.92500", "2007-12-31": "116.09200", "2006-12-31": "106.70300", "2005-12-31": "94.45900"}, "Total Non-Operating Income/Expense": {"2020-12-31": "-59.30700", "2019-12-31": "42.07200", "2018-12-31": "-68.94500", "2017-12-31": "-61.28800", "2016-12-31": "-19.15000", "2015-12-31": "0.71800", "2014-12-31": "-97.02200", "2013-12-31": "-105.20600", "2012-12-31": "-80.71800", "2011-12-31": "-116.20900", "2010-12-31": "-84.78500", "2009-12-31": "-75.56600", "2008-12-31": "-76.34400", "2007-12-31": "-85.10000", "2006-12-31": "-71.90700", "2005-12-31": "-56.13500"}, "Pre-Tax Income": {"2020-12-31": "101.40600", "2019-12-31": "198.15400", "2018-12-31": "75.58300", "2017-12-31": "74.54900", "2016-12-31": "33.26000", "2015-12-31": "120.81200", "2014-12-31": "34.59000", "2013-12-31": "36.70400", "2012-12-31": "8.34800", "2011-12-31": "-85.91100", "2010-12-31": "25.72900", "2009-12-31": "54.76200", "2008-12-31": "56.58100", "2007-12-31": "30.99200", "2006-12-31": "34.79600", "2005-12-31": "38.32400"}, "Income Taxes": {"2020-12-31": "0.35300", "2019-12-31": "-0.21700", "2018-12-31": "-0.36300", "2017-12-31": "1.09800", "2016-12-31": "0.24400", "2015-12-31": "0.19900", "2014-12-31": "0.31000", "2013-12-31": "1.97800", "2012-12-31": "0.38100", "2011-12-31": "-6.71000", "2010-12-31": "0.10800", "2009-12-31": "0.19600", "2008-12-31": "0.20100", "2007-12-31": "0.56900", "2006-12-31": "0.88700", "2005-12-31": "0.66800"}, "Income After Taxes": {"2020-12-31": "101.05300", "2019-12-31": "198.37100", "2018-12-31": "75.94600", "2017-12-31": "73.45100", "2016-12-31": "33.01600", "2015-12-31": "120.61300", "2014-12-31": "34.28000", "2013-12-31": "34.72600", "2012-12-31": "7.96700", "2011-12-31": "-79.20100", "2010-12-31": "25.62100", "2009-12-31": "54.56600", "2008-12-31": "56.38000", "2007-12-31": "30.42300", "2006-12-31": "33.90900", "2005-12-31": "37.65600"}, "Other Income": {"2020-12-31": "", "2019-12-31": "", "2018-12-31": "", "2017-12-31": "", "2016-12-31": "", "2015-12-31": "", "2014-12-31": "", "2013-12-31": "", "2012-12-31": "", "2011-12-31": "", "2010-12-31": "", "2009-12-31": "", "2008-12-31": "", "2007-12-31": "", "2006-12-31": "", "2005-12-31": ""}, "Income From Continuous Operations": {"2020-12-31": "102.87800", "2019-12-31": "200.00400", "2018-12-31": "78.64300", "2017-12-31": "74.94100", "2016-12-31": "33.76800", "2015-12-31": "120.67500", "2014-12-31": "34.50900", "2013-12-31": "36.83600", "2012-12-31": "7.96700", "2011-12-31": "-79.20100", "2010-12-31": "25.62100", "2009-12-31": "54.56600", "2008-12-31": "56.38000", "2007-12-31": "30.19900", "2006-12-31": "30.07500", "2005-12-31": "32.66700"}, "Income From Discontinued Operations": {"2020-12-31": "", "2019-12-31": "", "2018-12-31": "", "2017-12-31": "", "2016-12-31": "", "2015-12-31": "0.15600", "2014-12-31": "0.02600", "2013-12-31": "55.69200", "2012-12-31": "12.35300", "2011-12-31": "-51.10700", "2010-12-31": "17.05400", "2009-12-31": "6.73300", "2008-12-31": "3.83200", "2007-12-31": "3.70600", "2006-12-31": "18.42000", "2005-12-31": "6.09600"}, "Net Income": {"2020-12-31": "97.37400", "2019-12-31": "191.69200", "2018-12-31": "72.30100", "2017-12-31": "55.67900", "2016-12-31": "14.57600", "2015-12-31": "164.09000", "2014-12-31": "22.54700", "2013-12-31": "70.83200", "2012-12-31": "-1.69400", "2011-12-31": "-135.53000", "2010-12-31": "26.65800", "2009-12-31": "40.22700", "2008-12-31": "37.86300", "2007-12-31": "16.13300", "2006-12-31": "29.92700", "2005-12-31": "24.41600"}, "EBITDA": {"2020-12-31": "160.71300", "2019-12-31": "298.62400", "2018-12-31": "286.98400", "2017-12-31": "276.64500", "2016-12-31": "193.16500", "2015-12-31": "267.91300", "2014-12-31": "275.68900", "2013-12-31": "268.29300", "2012-12-31": "222.88200", "2011-12-31": "179.02800", "2010-12-31": "248.04500", "2009-12-31": "249.76500", "2008-12-31": "243.54500", "2007-12-31": "229.27100", "2006-12-31": "187.85400", "2005-12-31": "159.82800"}, "EBIT": {"2020-12-31": "160.71300", "2019-12-31": "156.08200", "2018-12-31": "144.52800", "2017-12-31": "135.83700", "2016-12-31": "52.41000", "2015-12-31": "120.09400", "2014-12-31": "131.61200", "2013-12-31": "141.91000", "2012-12-31": "89.06600", "2011-12-31": "30.29800", "2010-12-31": "110.51400", "2009-12-31": "130.32800", "2008-12-31": "132.92500", "2007-12-31": "116.09200", "2006-12-31": "106.70300", "2005-12-31": "94.45900"}, "Basic Shares Outstanding": {"2020-12-31": "111.78800", "2019-12-31": "111.19600", "2018-12-31": "103.94600", "2017-12-31": "98.96900", "2016-12-31": "94.50200", "2015-12-31": "93.91400", "2014-12-31": "88.09200", "2013-12-31": "85.16700", "2012-12-31": "73.45400", "2011-12-31": "69.38200", "2010-12-31": "59.61100", "2009-12-31": "55.93000", "2008-12-31": "48.13200", "2007-12-31": "46.52700", "2006-12-31": "41.46300", "2005-12-31": "37.37100"}, "Shares Outstanding": {"2020-12-31": "112.07600", "2019-12-31": "111.62300", "2018-12-31": "104.12500", "2017-12-31": "99.15500", "2016-12-31": "94.59400", "2015-12-31": "97.66700", "2014-12-31": "88.26300", "2013-12-31": "85.22400", "2012-12-31": "73.45400", "2011-12-31": "69.38200", "2010-12-31": "59.94400", "2009-12-31": "56.40700", "2008-12-31": "48.82000", "2007-12-31": "47.51800", "2006-12-31": "43.26200", "2005-12-31": "38.99700"}, "Basic EPS": {"2020-12-31": "0.87110", "2019-12-31": "1.72000", "2018-12-31": "0.69000", "2017-12-31": "0.56000", "2016-12-31": "0.15000", "2015-12-31": "1.74000", "2014-12-31": "0.25000", "2013-12-31": "0.83000", "2012-12-31": "-0.03000", "2011-12-31": "-1.97000", "2010-12-31": "0.43000", "2009-12-31": "0.70000", "2008-12-31": "0.77000", "2007-12-31": "0.34000", "2006-12-31": "0.72000", "2005-12-31": "0.65000"}, "EPS - Earnings Per Share": {"2020-12-31": "0.87000", "2019-12-31": "1.71000", "2018-12-31": "0.69000", "2017-12-31": "0.56000", "2016-12-31": "0.15000", "2015-12-31": "1.74000", "2014-12-31": "0.25000", "2013-12-31": "0.83000", "2012-12-31": "-0.03000", "2011-12-31": "-1.97000", "2010-12-31": "0.43000", "2009-12-31": "0.70000", "2008-12-31": "0.76000", "2007-12-31": "0.33000", "2006-12-31": "0.69000", "2005-12-31": "0.63000"}}, "income statement, quarterly": {"Revenue": {"2020-12-31": "164.02800", "2020-09-30": "154.76600", "2020-06-30": "144.77400", "2020-03-31": "145.79700", "2019-12-31": "157.78500", "2019-09-30": "159.43100", "2019-06-30": "175.07000", "2019-03-31": "148.94000", "2018-12-31": "138.48200", "2018-09-30": "137.41100", "2018-06-30": "146.74300", "2018-03-31": "155.47600", "2017-12-31": "164.56700", "2017-09-30": "157.01700", "2017-06-30": "151.43500", "2017-03-31": "139.80100", "2016-12-31": "141.99100", "2016-09-30": "142.10300", "2016-06-30": "145.92700", "2016-03-31": "144.30700", "2015-12-31": "143.32500", "2015-09-30": "150.74400", "2015-06-30": "170.36300", "2015-03-31": "161.03400", "2014-12-31": "146.97100", "2014-09-30": "153.01500", "2014-06-30": "139.82000", "2014-03-31": "146.66700", "2013-12-31": "128.80200", "2013-09-30": "131.81200", "2013-06-30": "136.52700", "2013-03-31": "126.21900", "2012-12-31": "118.63100", "2012-09-30": "129.64500", "2012-06-30": "127.66400", "2012-03-31": "132.19500", "2011-12-31": "91.64400", "2011-09-30": "126.70700", "2011-06-30": "137.11600", "2011-03-31": "137.48900", "2010-12-31": "85.16500", "2010-09-30": "124.68200", "2010-06-30": "132.79400", "2010-03-31": "149.59300", "2009-12-31": "148.84700", "2009-09-30": "199.45300", "2009-06-30": "208.33100", "2009-03-31": "180.99700", "2008-12-31": "166.07100", "2008-09-30": "191.08800", "2008-06-30": "120.37000", "2008-03-31": "107.61600", "2007-12-31": "98.25400", "2007-09-30": "105.05900", "2007-06-30": "102.06700", "2007-03-31": "99.08600", "2006-12-31": "89.42800", "2006-09-30": "91.66000", "2006-06-30": "84.90900", "2006-03-31": "85.53100", "2005-12-31": "71.75000", "2005-09-30": "90.79200", "2005-06-30": "77.47600", "2005-03-31": "76.02500"}, "Cost Of Goods Sold": {"2020-12-31": "75.64800", "2020-09-30": "70.77200", "2020-06-30": "61.91500", "2020-03-31": "63.12000", "2019-12-31": "75.93000", "2019-09-30": "77.51600", "2019-06-30": "88.88800", "2019-03-31": "65.77100", "2018-12-31": "58.40900", "2018-09-30": "57.39800", "2018-06-30": "66.38700", "2018-03-31": "77.16700", "2017-12-31": "83.47800", "2017-09-30": "75.15600", "2017-06-30": "70.94300", "2017-03-31": "61.00500", "2016-12-31": "60.53000", "2016-09-30": "60.29300", "2016-06-30": "59.61900", "2016-03-31": "62.56900", "2015-12-31": "56.27100", "2015-09-30": "65.02900", "2015-06-30": "87.71100", "2015-03-31": "88.17900", "2014-12-31": "68.03900", "2014-09-30": "76.64900", "2014-06-30": "66.90800", "2014-03-31": "68.39600", "2013-12-31": "53.82700", "2013-09-30": "57.66700", "2013-06-30": "60.71500", "2013-03-31": "53.86500", "2012-12-31": "56.31200", "2012-09-30": "55.88400", "2012-06-30": "55.72600", "2012-03-31": "61.86000", "2011-12-31": "41.13600", "2011-09-30": "59.84000", "2011-06-30": "67.35900", "2011-03-31": "67.67900", "2010-12-31": "43.36300", "2010-09-30": "56.36000", "2010-06-30": "64.66200", "2010-03-31": "84.53400", "2009-12-31": "99.61600", "2009-09-30": "132.32800", "2009-06-30": "138.26100", "2009-03-31": "112.28700", "2008-12-31": "100.59400", "2008-09-30": "123.51100", "2008-06-30": "55.88300", "2008-03-31": "45.04900", "2007-12-31": "39.09900", "2007-09-30": "41.89000", "2007-06-30": "40.29400", "2007-03-31": "41.47100", "2006-12-31": "39.62400", "2006-09-30": "38.94300", "2006-06-30": "35.10100", "2006-03-31": "36.76500", "2005-12-31": "30.35200", "2005-09-30": "47.59800", "2005-06-30": "35.31700", "2005-03-31": "34.35700"}, "Gross Profit": {"2020-12-31": "88.38000", "2020-09-30": "83.99400", "2020-06-30": "82.85900", "2020-03-31": "82.67700", "2019-12-31": "81.85500", "2019-09-30": "81.91500", "2019-06-30": "86.18200", "2019-03-31": "83.16900", "2018-12-31": "80.07300", "2018-09-30": "80.01300", "2018-06-30": "80.35600", "2018-03-31": "78.30900", "2017-12-31": "81.08900", "2017-09-30": "81.86100", "2017-06-30": "80.49200", "2017-03-31": "78.79600", "2016-12-31": "81.46100", "2016-09-30": "81.81000", "2016-06-30": "86.30800", "2016-03-31": "81.73800", "2015-12-31": "87.05400", "2015-09-30": "85.71500", "2015-06-30": "82.65200", "2015-03-31": "72.85500", "2014-12-31": "78.93200", "2014-09-30": "76.36600", "2014-06-30": "72.91200", "2014-03-31": "78.27100", "2013-12-31": "74.97500", "2013-09-30": "74.14500", "2013-06-30": "75.81200", "2013-03-31": "72.35400", "2012-12-31": "62.31900", "2012-09-30": "73.76100", "2012-06-30": "71.93800", "2012-03-31": "70.33500", "2011-12-31": "50.50800", "2011-09-30": "66.86700", "2011-06-30": "69.75700", "2011-03-31": "69.81000", "2010-12-31": "41.80200", "2010-09-30": "68.32200", "2010-06-30": "68.13200", "2010-03-31": "65.05900", "2009-12-31": "49.23100", "2009-09-30": "67.12500", "2009-06-30": "70.07000", "2009-03-31": "68.71000", "2008-12-31": "65.47700", "2008-09-30": "67.57700", "2008-06-30": "64.48700", "2008-03-31": "62.56700", "2007-12-31": "59.15500", "2007-09-30": "63.16900", "2007-06-30": "61.77300", "2007-03-31": "57.61500", "2006-12-31": "49.80400", "2006-09-30": "52.71700", "2006-06-30": "49.80800", "2006-03-31": "48.76600", "2005-12-31": "41.39800", "2005-09-30": "43.19400", "2005-06-30": "42.15900", "2005-03-31": "41.66800"}, "Research And Development Expenses": {"2020-12-31": "", "2020-09-30": "", "2020-06-30": "", "2020-03-31": "", "2019-12-31": "", "2019-09-30": "", "2019-06-30": "", "2019-03-31": "", "2018-12-31": "", "2018-09-30": "", "2018-06-30": "", "2018-03-31": "", "2017-12-31": "", "2017-09-30": "", "2017-06-30": "", "2017-03-31": "", "2016-12-31": "", "2016-09-30": "", "2016-06-30": "", "2016-03-31": "", "2015-12-31": "", "2015-09-30": "", "2015-06-30": "", "2015-03-31": "", "2014-12-31": "", "2014-09-30": "", "2014-06-30": "", "2014-03-31": "", "2013-12-31": "", "2013-09-30": "", "2013-06-30": "", "2013-03-31": "", "2012-12-31": "", "2012-09-30": "", "2012-06-30": "", "2012-03-31": "", "2011-12-31": "", "2011-09-30": "", "2011-06-30": "", "2011-03-31": "", "2010-12-31": "", "2010-09-30": "", "2010-06-30": "", "2010-03-31": "", "2009-12-31": "", "2009-09-30": "", "2009-06-30": "", "2009-03-31": "", "2008-12-31": "", "2008-09-30": "", "2008-06-30": "", "2008-03-31": "", "2007-12-31": "", "2007-09-30": "", "2007-06-30": "", "2007-03-31": "", "2006-12-31": "", "2006-09-30": "", "2006-06-30": "", "2006-03-31": "", "2005-12-31": "", "2005-09-30": "", "2005-06-30": "", "2005-03-31": ""}, "SG&A Expenses": {"2020-12-31": "7.89700", "2020-09-30": "7.46700", "2020-06-30": "8.15800", "2020-03-31": "7.48600", "2019-12-31": "9.33600", "2019-09-30": "7.92900", "2019-06-30": "9.38600", "2019-03-31": "8.75100", "2018-12-31": "7.08100", "2018-09-30": "6.89900", "2018-06-30": "7.62800", "2018-03-31": "7.29200", "2017-12-31": "6.99900", "2017-09-30": "7.36800", "2017-06-30": "7.85900", "2017-03-31": "8.61100", "2016-12-31": "7.78900", "2016-09-30": "8.85500", "2016-06-30": "8.02600", "2016-03-31": "11.88300", "2015-12-31": "8.49700", "2015-09-30": "7.43900", "2015-06-30": "7.53400", "2015-03-31": "7.89100", "2014-12-31": "8.91200", "2014-09-30": "7.21100", "2014-06-30": "7.52800", "2014-03-31": "8.14300", "2013-12-31": "8.43900", "2013-09-30": "8.02700", "2013-06-30": "6.58300", "2013-03-31": "7.82000", "2012-12-31": "7.10300", "2012-09-30": "6.37700", "2012-06-30": "8.85100", "2012-03-31": "9.56900", "2011-12-31": "11.05500", "2011-09-30": "6.15400", "2011-06-30": "6.32000", "2011-03-31": "6.77700", "2010-12-31": "10.59600", "2010-09-30": "6.07900", "2010-06-30": "5.92600", "2010-03-31": "5.90000", "2009-12-31": "5.96500", "2009-09-30": "5.89800", "2009-06-30": "5.83400", "2009-03-31": "5.54300", "2008-12-31": "6.32500", "2008-09-30": "5.90400", "2008-06-30": "5.93400", "2008-03-31": "5.93300", "2007-12-31": "4.28100", "2007-09-30": "5.74300", "2007-06-30": "5.32600", "2007-03-31": "4.87700", "2006-12-31": "6.15400", "2006-09-30": "4.22600", "2006-06-30": "3.70500", "2006-03-31": "3.96300", "2005-12-31": "3.77300", "2005-09-30": "3.31800", "2005-06-30": "3.16600", "2005-03-31": "3.27600"}, "Other Operating Income Or Expenses": {"2020-12-31": "-2.99200", "2020-09-30": "-2.62400", "2020-06-30": "-1.26200", "2020-03-31": "-1.11800", "2019-12-31": "-1.29400", "2019-09-30": "-1.29100", "2019-06-30": "-0.87000", "2019-03-31": "-1.11300", "2018-12-31": "-3.79200", "2018-09-30": "-1.56700", "2018-06-30": "-1.23400", "2018-03-31": "-1.61400", "2017-12-31": "-15.30500", "2017-09-30": "-1.11600", "2017-06-30": "-3.22200", "2017-03-31": "-1.69300", "2016-12-31": "-3.30100", "2016-09-30": "-29.41500", "2016-06-30": "-72.05500", "2016-03-31": "-4.86400", "2015-12-31": "-22.26500", "2015-09-30": "-7.88000", "2015-06-30": "-3.86100", "2015-03-31": "-2.79000", "2014-12-31": "-1.51400", "2014-09-30": "-1.49600", "2014-06-30": "-2.65300", "2014-03-31": "-1.32600", "2013-12-31": "-1.36700", "2013-09-30": "-7.24000", "2013-06-30": "-1.32700", "2013-03-31": "-1.35900", "2012-12-31": "-3.62300", "2012-09-30": "-47.72800", "2012-06-30": "-1.29800", "2012-03-31": "3.26000", "2011-12-31": "-37.06900", "2011-09-30": "-1.75100", "2011-06-30": "-21.53200", "2011-03-31": "-28.98300", "2010-12-31": "-2.89700", "2010-09-30": "-2.88600", "2010-06-30": "-0.46500", "2010-03-31": "-0.15500", "2009-12-31": "-2.14900", "2009-09-30": "-0.45800", "2009-06-30": "-0.44600", "2009-03-31": "-0.64600", "2008-12-31": "-0.93200", "2008-09-30": "-0.19900", "2008-06-30": "-0.10200", "2008-03-31": "", "2007-12-31": "", "2007-09-30": "", "2007-06-30": "", "2007-03-31": "", "2006-12-31": "", "2006-09-30": "", "2006-06-30": "", "2006-03-31": "", "2005-12-31": "", "2005-09-30": "", "2005-06-30": "", "2005-03-31": ""}, "Operating Expenses": {"2020-12-31": "123.19000", "2020-09-30": "116.19500", "2020-06-30": "104.94700", "2020-03-31": "104.32000", "2019-12-31": "119.33900", "2019-09-30": "121.42800", "2019-06-30": "133.94600", "2019-03-31": "110.43100", "2018-12-31": "105.50100", "2018-09-30": "100.05900", "2018-06-30": "108.43900", "2018-03-31": "119.58500", "2017-12-31": "139.72000", "2017-09-30": "118.07800", "2017-06-30": "114.81700", "2017-03-31": "104.36800", "2016-12-31": "104.54900", "2016-09-30": "130.57800", "2016-06-30": "172.94800", "2016-03-31": "113.84300", "2015-12-31": "123.27000", "2015-09-30": "118.75100", "2015-06-30": "132.89200", "2015-03-31": "130.45900", "2014-12-31": "109.82300", "2014-09-30": "115.59300", "2014-06-30": "107.98400", "2014-03-31": "121.46100", "2013-12-31": "93.95900", "2013-09-30": "101.13900", "2013-06-30": "96.29800", "2013-03-31": "90.05400", "2012-12-31": "90.30300", "2012-09-30": "138.59300", "2012-06-30": "94.17000", "2012-03-31": "96.00300", "2011-12-31": "106.78000", "2011-09-30": "99.01400", "2011-06-30": "123.38200", "2011-03-31": "133.48200", "2010-12-31": "68.93400", "2010-09-30": "94.82800", "2010-06-30": "99.77300", "2010-03-31": "118.18500", "2009-12-31": "124.33100", "2009-09-30": "165.18200", "2009-06-30": "173.03400", "2009-03-31": "144.75300", "2008-12-31": "134.27500", "2008-09-30": "155.19700", "2008-06-30": "86.87400", "2008-03-31": "75.87400", "2007-12-31": "69.91700", "2007-09-30": "73.65800", "2007-06-30": "72.45400", "2007-03-31": "72.34500", "2006-12-31": "63.84500", "2006-09-30": "64.67900", "2006-06-30": "56.90100", "2006-03-31": "59.40000", "2005-12-31": "48.14800", "2005-09-30": "68.43800", "2005-06-30": "53.19600", "2005-03-31": "51.80200"}, "Operating Income": {"2020-12-31": "40.83800", "2020-09-30": "38.57100", "2020-06-30": "39.82700", "2020-03-31": "41.47700", "2019-12-31": "38.44600", "2019-09-30": "38.00300", "2019-06-30": "41.12400", "2019-03-31": "38.50900", "2018-12-31": "32.98100", "2018-09-30": "37.35200", "2018-06-30": "38.30400", "2018-03-31": "35.89100", "2017-12-31": "24.84700", "2017-09-30": "38.93900", "2017-06-30": "36.61800", "2017-03-31": "35.43300", "2016-12-31": "37.44200", "2016-09-30": "11.52500", "2016-06-30": "-27.02100", "2016-03-31": "30.46400", "2015-12-31": "20.05500", "2015-09-30": "31.99300", "2015-06-30": "37.47100", "2015-03-31": "30.57500", "2014-12-31": "37.14800", "2014-09-30": "37.42200", "2014-06-30": "31.83600", "2014-03-31": "25.20600", "2013-12-31": "34.84300", "2013-09-30": "30.67300", "2013-06-30": "40.22900", "2013-03-31": "36.16500", "2012-12-31": "28.32800", "2012-09-30": "-8.94800", "2012-06-30": "33.49400", "2012-03-31": "36.19200", "2011-12-31": "-15.13600", "2011-09-30": "27.69300", "2011-06-30": "13.73400", "2011-03-31": "4.00700", "2010-12-31": "16.23100", "2010-09-30": "29.85400", "2010-06-30": "33.02100", "2010-03-31": "31.40800", "2009-12-31": "24.51600", "2009-09-30": "34.27100", "2009-06-30": "35.29700", "2009-03-31": "36.24400", "2008-12-31": "31.79600", "2008-09-30": "35.89100", "2008-06-30": "33.49600", "2008-03-31": "31.74200", "2007-12-31": "28.33710", "2007-09-30": "31.40100", "2007-06-30": "29.61300", "2007-03-31": "26.74100", "2006-12-31": "25.58300", "2006-09-30": "26.98100", "2006-06-30": "28.00800", "2006-03-31": "26.13100", "2005-12-31": "23.60200", "2005-09-30": "22.35400", "2005-06-30": "24.28000", "2005-03-31": "24.22300"}, "Total Non-Operating Income/Expense": {"2020-12-31": "42.51600", "2020-09-30": "-70.37400", "2020-06-30": "-15.13000", "2020-03-31": "-16.31900", "2019-12-31": "5.90100", "2019-09-30": "-15.28400", "2019-06-30": "67.84300", "2019-03-31": "-16.38800", "2018-12-31": "-16.29200", "2018-09-30": "-17.69500", "2018-06-30": "-17.52900", "2018-03-31": "-17.42900", "2017-12-31": "-9.00800", "2017-09-30": "-16.91900", "2017-06-30": "-18.09300", "2017-03-31": "-17.26800", "2016-12-31": "40.91500", "2016-09-30": "-16.37500", "2016-06-30": "-21.30400", "2016-03-31": "-22.38600", "2015-12-31": "-21.46700", "2015-09-30": "62.33400", "2015-06-30": "-20.59100", "2015-03-31": "-19.55800", "2014-12-31": "-31.43700", "2014-09-30": "-23.59400", "2014-06-30": "-22.44900", "2014-03-31": "-19.54200", "2013-12-31": "-20.43700", "2013-09-30": "-19.67500", "2013-06-30": "-40.56600", "2013-03-31": "-24.52800", "2012-12-31": "-10.59100", "2012-09-30": "-23.15800", "2012-06-30": "-23.75500", "2012-03-31": "-23.21400", "2011-12-31": "-42.36900", "2011-09-30": "-26.02900", "2011-06-30": "-22.86400", "2011-03-31": "-24.94700", "2010-12-31": "-12.33900", "2010-09-30": "-25.77900", "2010-06-30": "-25.33100", "2010-03-31": "-21.33600", "2009-12-31": "-21.60100", "2009-09-30": "-18.31200", "2009-06-30": "-17.36800", "2009-03-31": "-18.28500", "2008-12-31": "-11.68800", "2008-09-30": "-21.94400", "2008-06-30": "-20.99200", "2008-03-31": "-21.72000", "2007-12-31": "-22.24600", "2007-09-30": "-21.86900", "2007-06-30": "-20.32500", "2007-03-31": "-20.66000", "2006-12-31": "-18.17000", "2006-09-30": "-18.41400", "2006-06-30": "-17.73800", "2006-03-31": "-17.58500", "2005-12-31": "-14.38200", "2005-09-30": "-14.53300", "2005-06-30": "-13.86200", "2005-03-31": "-13.35800"}, "Pre-Tax Income": {"2020-12-31": "83.35400", "2020-09-30": "-31.80300", "2020-06-30": "24.69700", "2020-03-31": "25.15800", "2019-12-31": "44.34700", "2019-09-30": "22.71900", "2019-06-30": "108.96700", "2019-03-31": "22.12100", "2018-12-31": "16.68900", "2018-09-30": "19.65700", "2018-06-30": "20.77500", "2018-03-31": "18.46200", "2017-12-31": "15.83900", "2017-09-30": "22.02000", "2017-06-30": "18.52500", "2017-03-31": "18.16500", "2016-12-31": "78.35700", "2016-09-30": "-4.85000", "2016-06-30": "-48.32500", "2016-03-31": "8.07800", "2015-12-31": "-1.41200", "2015-09-30": "94.32700", "2015-06-30": "16.88000", "2015-03-31": "11.01700", "2014-12-31": "5.71100", "2014-09-30": "13.82800", "2014-06-30": "9.38700", "2014-03-31": "5.66400", "2013-12-31": "14.40600", "2013-09-30": "10.99800", "2013-06-30": "-0.33700", "2013-03-31": "11.63700", "2012-12-31": "17.73700", "2012-09-30": "-32.10600", "2012-06-30": "9.73900", "2012-03-31": "12.97800", "2011-12-31": "-57.50500", "2011-09-30": "1.66400", "2011-06-30": "-9.13000", "2011-03-31": "-20.94000", "2010-12-31": "3.89200", "2010-09-30": "4.07500", "2010-06-30": "7.69000", "2010-03-31": "10.07200", "2009-12-31": "2.91500", "2009-09-30": "15.95900", "2009-06-30": "17.92900", "2009-03-31": "17.95900", "2008-12-31": "20.10800", "2008-09-30": "13.94700", "2008-06-30": "12.50400", "2008-03-31": "10.02200", "2007-12-31": "6.09100", "2007-09-30": "9.53200", "2007-06-30": "9.28800", "2007-03-31": "6.08100", "2006-12-31": "7.41300", "2006-09-30": "8.56700", "2006-06-30": "10.27000", "2006-03-31": "8.54600", "2005-12-31": "9.22000", "2005-09-30": "7.82100", "2005-06-30": "10.41800", "2005-03-31": "10.86500"}, "Income Taxes": {"2020-12-31": "0.25800", "2020-09-30": "0.01600", "2020-06-30": "0.03000", "2020-03-31": "0.04900", "2019-12-31": "-0.10400", "2019-09-30": "-0.13100", "2019-06-30": "-0.17600", "2019-03-31": "0.19400", "2018-12-31": "-0.19000", "2018-09-30": "-0.29100", "2018-06-30": "0.06300", "2018-03-31": "0.05500", "2017-12-31": "0.95300", "2017-09-30": "0.05700", "2017-06-30": "0.04800", "2017-03-31": "0.04000", "2016-12-31": "0.27200", "2016-09-30": "-0.02100", "2016-06-30": "0.00100", "2016-03-31": "-0.00800", "2015-12-31": "0.04600", "2015-09-30": "0.04800", "2015-06-30": "0.05000", "2015-03-31": "0.05500", "2014-12-31": "0.05300", "2014-09-30": "0.10100", "2014-06-30": "0.09200", "2014-03-31": "0.06400", "2013-12-31": "1.91700", "2013-09-30": "0.02400", "2013-06-30": "0.02100", "2013-03-31": "0.01600", "2012-12-31": "0.05400", "2012-09-30": "0.10600", "2012-06-30": "0.01700", "2012-03-31": "0.20400", "2011-12-31": "-0.66700", "2011-09-30": "-0.45700", "2011-06-30": "-5.04200", "2011-03-31": "-0.54400", "2010-12-31": "0.03300", "2010-09-30": "0.02700", "2010-06-30": "0.00700", "2010-03-31": "0.04100", "2009-12-31": "0.02700", "2009-09-30": "0.04700", "2009-06-30": "0.05200", "2009-03-31": "0.07000", "2008-12-31": "0.09900", "2008-09-30": "0.09700", "2008-06-30": "-0.10700", "2008-03-31": "0.11200", "2007-12-31": "0.08900", "2007-09-30": "0.19700", "2007-06-30": "0.17800", "2007-03-31": "0.10500", "2006-12-31": "0.26400", "2006-09-30": "0.20200", "2006-06-30": "0.20600", "2006-03-31": "0.21500", "2005-12-31": "-0.26500", "2005-09-30": "0.26300", "2005-06-30": "0.21300", "2005-03-31": "0.45700"}, "Income After Taxes": {"2020-12-31": "83.09600", "2020-09-30": "-31.81900", "2020-06-30": "24.66700", "2020-03-31": "25.10900", "2019-12-31": "44.45100", "2019-09-30": "22.85000", "2019-06-30": "109.14300", "2019-03-31": "21.92700", "2018-12-31": "16.87900", "2018-09-30": "19.94800", "2018-06-30": "20.71200", "2018-03-31": "18.40700", "2017-12-31": "14.88600", "2017-09-30": "21.96300", "2017-06-30": "18.47700", "2017-03-31": "18.12500", "2016-12-31": "78.08500", "2016-09-30": "-4.82900", "2016-06-30": "-48.32600", "2016-03-31": "8.08600", "2015-12-31": "-1.45800", "2015-09-30": "94.27900", "2015-06-30": "16.83000", "2015-03-31": "10.96200", "2014-12-31": "5.65800", "2014-09-30": "13.72700", "2014-06-30": "9.29500", "2014-03-31": "5.60000", "2013-12-31": "12.48900", "2013-09-30": "10.97400", "2013-06-30": "-0.35800", "2013-03-31": "11.62100", "2012-12-31": "17.68300", "2012-09-30": "-32.21200", "2012-06-30": "9.72200", "2012-03-31": "12.77400", "2011-12-31": "-56.83800", "2011-09-30": "2.12100", "2011-06-30": "-4.08800", "2011-03-31": "-20.39600", "2010-12-31": "3.85900", "2010-09-30": "4.04800", "2010-06-30": "7.68300", "2010-03-31": "10.03100", "2009-12-31": "2.88800", "2009-09-30": "15.91200", "2009-06-30": "17.87700", "2009-03-31": "17.88900", "2008-12-31": "20.00900", "2008-09-30": "13.85000", "2008-06-30": "12.61100", "2008-03-31": "9.91000", "2007-12-31": "6.00200", "2007-09-30": "9.33500", "2007-06-30": "9.11000", "2007-03-31": "5.97600", "2006-12-31": "7.14900", "2006-09-30": "8.36500", "2006-06-30": "10.06400", "2006-03-31": "8.33100", "2005-12-31": "9.48500", "2005-09-30": "7.55800", "2005-06-30": "10.20500", "2005-03-31": "10.40800"}, "Other Income": {"2020-12-31": "", "2020-09-30": "", "2020-06-30": "", "2020-03-31": "", "2019-12-31": "", "2019-09-30": "", "2019-06-30": "", "2019-03-31": "", "2018-12-31": "", "2018-09-30": "", "2018-06-30": "", "2018-03-31": "", "2017-12-31": "", "2017-09-30": "", "2017-06-30": "", "2017-03-31": "4.23800", "2016-12-31": "", "2016-09-30": "", "2016-06-30": "", "2016-03-31": "", "2015-12-31": "", "2015-09-30": "", "2015-06-30": "", "2015-03-31": "", "2014-12-31": "", "2014-09-30": "", "2014-06-30": "", "2014-03-31": "", "2013-12-31": "", "2013-09-30": "", "2013-06-30": "", "2013-03-31": "", "2012-12-31": "", "2012-09-30": "", "2012-06-30": "", "2012-03-31": "", "2011-12-31": "", "2011-09-30": "", "2011-06-30": "", "2011-03-31": "", "2010-12-31": "", "2010-09-30": "", "2010-06-30": "", "2010-03-31": "", "2009-12-31": "", "2009-09-30": "", "2009-06-30": "", "2009-03-31": "", "2008-12-31": "", "2008-09-30": "", "2008-06-30": "", "2008-03-31": "", "2007-12-31": "", "2007-09-30": "", "2007-06-30": "", "2007-03-31": "", "2006-12-31": "", "2006-09-30": "", "2006-06-30": "", "2006-03-31": "", "2005-12-31": "", "2005-09-30": "", "2005-06-30": "", "2005-03-31": ""}, "Income From Continuous Operations": {"2020-12-31": "83.54900", "2020-09-30": "-31.34200", "2020-06-30": "25.12100", "2020-03-31": "25.55000", "2019-12-31": "44.87700", "2019-09-30": "23.24600", "2019-06-30": "109.56300", "2019-03-31": "22.31800", "2018-12-31": "18.45600", "2018-09-30": "20.32200", "2018-06-30": "21.08500", "2018-03-31": "18.78000", "2017-12-31": "11.02000", "2017-09-30": "22.33400", "2017-06-30": "18.84700", "2017-03-31": "22.74000", "2016-12-31": "78.81700", "2016-09-30": "-4.82900", "2016-06-30": "-48.31600", "2016-03-31": "8.09600", "2015-12-31": "-1.43000", "2015-09-30": "94.27900", "2015-06-30": "16.83900", "2015-03-31": "10.98700", "2014-12-31": "5.87400", "2014-09-30": "13.72700", "2014-06-30": "9.24800", "2014-03-31": "5.66000", "2013-12-31": "14.43200", "2013-09-30": "10.97400", "2013-06-30": "-0.23200", "2013-03-31": "11.66200", "2012-12-31": "17.77200", "2012-09-30": "-32.21200", "2012-06-30": "9.72200", "2012-03-31": "12.68500", "2011-12-31": "-56.61500", "2011-09-30": "1.96200", "2011-06-30": "-4.18200", "2011-03-31": "-20.36600", "2010-12-31": "3.48800", "2010-09-30": "4.69600", "2010-06-30": "7.61100", "2010-03-31": "9.82600", "2009-12-31": "3.96300", "2009-09-30": "15.15400", "2009-06-30": "17.67500", "2009-03-31": "17.77400", "2008-12-31": "20.17600", "2008-09-30": "13.79300", "2008-06-30": "12.55500", "2008-03-31": "9.85600", "2007-12-31": "8.26900", "2007-09-30": "8.34700", "2007-06-30": "8.11200", "2007-03-31": "5.47100", "2006-12-31": "6.42100", "2006-09-30": "7.50700", "2006-06-30": "8.79700", "2006-03-31": "7.35000", "2005-12-31": "8.23300", "2005-09-30": "6.66000", "2005-06-30": "8.79900", "2005-03-31": "8.97500"}, "Income From Discontinued Operations": {"2020-12-31": "", "2020-09-30": "", "2020-06-30": "", "2020-03-31": "", "2019-12-31": "", "2019-09-30": "", "2019-06-30": "", "2019-03-31": "", "2018-12-31": "", "2018-09-30": "", "2018-06-30": "", "2018-03-31": "", "2017-12-31": "", "2017-09-30": "", "2017-06-30": "", "2017-03-31": "", "2016-12-31": "", "2016-09-30": "", "2016-06-30": "", "2016-03-31": "", "2015-12-31": "0.00000", "2015-09-30": "", "2015-06-30": "0.39400", "2015-03-31": "-0.23800", "2014-12-31": "0.02200", "2014-09-30": "0.19100", "2014-06-30": "-0.19800", "2014-03-31": "0.01100", "2013-12-31": "71.90700", "2013-09-30": "-12.97400", "2013-06-30": "-4.50200", "2013-03-31": "1.26100", "2012-12-31": "1.23800", "2012-09-30": "11.44700", "2012-06-30": "2.11800", "2012-03-31": "-2.45000", "2011-12-31": "-33.86200", "2011-09-30": "5.50800", "2011-06-30": "-21.85200", "2011-03-31": "-0.90100", "2010-12-31": "13.26400", "2010-09-30": "1.75300", "2010-06-30": "1.20500", "2010-03-31": "0.83200", "2009-12-31": "5.58300", "2009-09-30": "0.38200", "2009-06-30": "0.37600", "2009-03-31": "0.39200", "2008-12-31": "1.26100", "2008-09-30": "-0.00900", "2008-06-30": "1.31400", "2008-03-31": "1.26600", "2007-12-31": "1.98000", "2007-09-30": "2.04600", "2007-06-30": "-0.39600", "2007-03-31": "0.07600", "2006-12-31": "3.16600", "2006-09-30": "12.48300", "2006-06-30": "0.29400", "2006-03-31": "2.47700", "2005-12-31": "2.02800", "2005-09-30": "3.87000", "2005-06-30": "0.15200", "2005-03-31": "0.04600"}, "Net Income": {"2020-12-31": "81.66800", "2020-09-30": "-31.99000", "2020-06-30": "23.38200", "2020-03-31": "23.94900", "2019-12-31": "43.35800", "2019-09-30": "21.13400", "2019-06-30": "106.42700", "2019-03-31": "20.77300", "2018-12-31": "17.36800", "2018-09-30": "18.58300", "2018-06-30": "19.31700", "2018-03-31": "17.03300", "2017-12-31": "9.62100", "2017-09-30": "20.57900", "2017-06-30": "7.64000", "2017-03-31": "17.83900", "2016-12-31": "38.52700", "2016-09-30": "23.74700", "2016-06-30": "-50.97200", "2016-03-31": "3.27400", "2015-12-31": "55.81100", "2015-09-30": "86.24800", "2015-06-30": "12.22800", "2015-03-31": "9.80300", "2014-12-31": "1.35200", "2014-09-30": "19.16700", "2014-06-30": "1.77700", "2014-03-31": "0.25100", "2013-12-31": "82.52600", "2013-09-30": "-7.45400", "2013-06-30": "-13.15400", "2013-03-31": "8.91400", "2012-12-31": "12.43300", "2012-09-30": "-27.53500", "2012-06-30": "7.13800", "2012-03-31": "6.27000", "2011-12-31": "-87.76900", "2011-09-30": "2.54100", "2011-06-30": "-28.48700", "2011-03-31": "-21.81500", "2010-12-31": "11.49800", "2010-09-30": "4.80700", "2010-06-30": "4.44000", "2010-03-31": "5.91300", "2009-12-31": "5.06200", "2009-09-30": "10.43000", "2009-06-30": "12.61300", "2009-03-31": "12.12200", "2008-12-31": "14.81700", "2008-09-30": "8.22100", "2008-06-30": "8.13600", "2008-03-31": "6.68900", "2007-12-31": "3.32100", "2007-09-30": "7.40600", "2007-06-30": "3.85200", "2007-03-31": "1.55400", "2006-12-31": "3.73000", "2006-09-30": "14.45100", "2006-06-30": "5.46300", "2006-03-31": "6.28300", "2005-12-31": "6.62800", "2005-09-30": "6.93600", "2005-06-30": "5.46600", "2005-03-31": "5.38600"}, "EBITDA": {"2020-12-31": "", "2020-09-30": "75.47100", "2020-06-30": "74.91900", "2020-03-31": "75.45300", "2019-12-31": "72.58600", "2019-09-30": "74.07700", "2019-06-30": "77.32500", "2019-03-31": "74.63600", "2018-12-31": "70.51910", "2018-09-30": "72.93800", "2018-06-30": "72.77900", "2018-03-31": "70.74800", "2017-12-31": "60.17800", "2017-09-30": "74.85500", "2017-06-30": "71.26100", "2017-03-31": "70.35100", "2016-12-31": "72.31200", "2016-09-30": "45.51100", "2016-06-30": "8.25400", "2016-03-31": "67.08800", "2015-12-31": "58.33300", "2015-09-30": "72.51200", "2015-06-30": "73.14800", "2015-03-31": "63.92000", "2014-12-31": "70.30100", "2014-09-30": "69.81800", "2014-06-30": "64.92500", "2014-03-31": "70.64500", "2013-12-31": "67.77100", "2013-09-30": "61.58500", "2013-06-30": "71.75200", "2013-03-31": "67.18500", "2012-12-31": "59.84300", "2012-09-30": "24.61900", "2012-06-30": "68.17600", "2012-03-31": "70.24400", "2011-12-31": "20.76300", "2011-09-30": "67.37900", "2011-06-30": "49.82600", "2011-03-31": "41.06000", "2010-12-31": "55.39700", "2010-09-30": "65.55300", "2010-06-30": "65.99800", "2010-03-31": "61.09700", "2009-12-31": "56.13200", "2009-09-30": "63.08200", "2009-06-30": "65.80600", "2009-03-31": "64.74500", "2008-12-31": "61.48000", "2008-09-30": "63.45700", "2008-06-30": "60.24800", "2008-03-31": "58.36000", "2007-12-31": "59.71910", "2007-09-30": "58.32300", "2007-06-30": "57.48900", "2007-03-31": "53.74000", "2006-12-31": "46.03500", "2006-09-30": "49.47500", "2006-06-30": "46.87300", "2006-03-31": "45.47100", "2005-12-31": "39.54400", "2005-09-30": "41.25100", "2005-06-30": "39.81800", "2005-03-31": "39.21500"}, "EBIT": {"2020-12-31": "40.83800", "2020-09-30": "38.57100", "2020-06-30": "39.82700", "2020-03-31": "41.47700", "2019-12-31": "38.44600", "2019-09-30": "38.00300", "2019-06-30": "41.12400", "2019-03-31": "38.50900", "2018-12-31": "32.98100", "2018-09-30": "37.35200", "2018-06-30": "38.30400", "2018-03-31": "35.89100", "2017-12-31": "24.84700", "2017-09-30": "38.93900", "2017-06-30": "36.61800", "2017-03-31": "35.43300", "2016-12-31": "37.44200", "2016-09-30": "11.52500", "2016-06-30": "-27.02100", "2016-03-31": "30.46400", "2015-12-31": "20.05500", "2015-09-30": "31.99300", "2015-06-30": "37.47100", "2015-03-31": "30.57500", "2014-12-31": "37.14800", "2014-09-30": "37.42200", "2014-06-30": "31.83600", "2014-03-31": "25.20600", "2013-12-31": "34.84300", "2013-09-30": "30.67300", "2013-06-30": "40.22900", "2013-03-31": "36.16500", "2012-12-31": "28.32800", "2012-09-30": "-8.94800", "2012-06-30": "33.49400", "2012-03-31": "36.19200", "2011-12-31": "-15.13600", "2011-09-30": "27.69300", "2011-06-30": "13.73400", "2011-03-31": "4.00700", "2010-12-31": "16.23100", "2010-09-30": "29.85400", "2010-06-30": "33.02100", "2010-03-31": "31.40800", "2009-12-31": "24.51600", "2009-09-30": "34.27100", "2009-06-30": "35.29700", "2009-03-31": "36.24400", "2008-12-31": "31.79600", "2008-09-30": "35.89100", "2008-06-30": "33.49600", "2008-03-31": "31.74200", "2007-12-31": "28.33700", "2007-09-30": "31.40100", "2007-06-30": "29.61300", "2007-03-31": "26.74100", "2006-12-31": "25.58300", "2006-09-30": "26.98100", "2006-06-30": "28.00800", "2006-03-31": "26.13100", "2005-12-31": "23.60200", "2005-09-30": "22.35400", "2005-06-30": "24.28000", "2005-03-31": "24.22300"}, "Basic Shares Outstanding": {"2020-12-31": "111.81700", "2020-09-30": "111.81100", "2020-06-30": "111.80000", "2020-03-31": "111.72400", "2019-12-31": "111.19600", "2019-09-30": "111.58200", "2019-06-30": "111.55700", "2019-03-31": "109.95100", "2018-12-31": "103.94600", "2018-09-30": "104.37900", "2018-06-30": "101.78900", "2018-03-31": "100.99900", "2017-12-31": "98.96900", "2017-09-30": "99.11200", "2017-06-30": "99.03600", "2017-03-31": "98.41100", "2016-12-31": "94.50200", "2016-09-30": "94.43300", "2016-06-30": "94.30000", "2016-03-31": "94.20300", "2015-12-31": "93.91400", "2015-09-30": "94.15300", "2015-06-30": "94.12800", "2015-03-31": "93.19900", "2014-12-31": "88.09200", "2014-09-30": "87.29000", "2014-06-30": "87.21400", "2014-03-31": "87.08000", "2013-12-31": "85.16700", "2013-09-30": "90.56400", "2013-06-30": "85.42500", "2013-03-31": "81.39700", "2012-12-31": "73.45400", "2012-09-30": "71.68800", "2012-06-30": "71.62400", "2012-03-31": "71.45800", "2011-12-31": "69.38200", "2011-09-30": "71.31200", "2011-06-30": "68.44600", "2011-03-31": "66.34000", "2010-12-31": "59.61100", "2010-09-30": "58.65600", "2010-06-30": "58.48900", "2010-03-31": "57.84400", "2009-12-31": "55.93000", "2009-09-30": "57.47000", "2009-06-30": "56.63700", "2009-03-31": "51.93000", "2008-12-31": "48.13200", "2008-09-30": "47.27300", "2008-06-30": "47.11000", "2008-03-31": "47.00100", "2007-12-31": "46.52700", "2007-09-30": "46.78100", "2007-06-30": "46.68600", "2007-03-31": "45.67800", "2006-12-31": "41.46300", "2006-09-30": "42.19700", "2006-06-30": "41.51000", "2006-03-31": "39.66800", "2005-12-31": "37.37100", "2005-09-30": "36.91300", "2005-06-30": "36.69200", "2005-03-31": "36.55500"}, "Shares Outstanding": {"2020-12-31": "112.40900", "2020-09-30": "111.81100", "2020-06-30": "112.12100", "2020-03-31": "111.96300", "2019-12-31": "111.62300", "2019-09-30": "111.94300", "2019-06-30": "113.10500", "2019-03-31": "110.21800", "2018-12-31": "104.12500", "2018-09-30": "104.78800", "2018-06-30": "101.90800", "2018-03-31": "101.14300", "2017-12-31": "99.15500", "2017-09-30": "99.25800", "2017-06-30": "99.19600", "2017-03-31": "98.56600", "2016-12-31": "94.59400", "2016-09-30": "94.51400", "2016-06-30": "94.30000", "2016-03-31": "94.29800", "2015-12-31": "97.66700", "2015-09-30": "94.60800", "2015-06-30": "94.16300", "2015-03-31": "93.39700", "2014-12-31": "88.26300", "2014-09-30": "87.48500", "2014-06-30": "87.41500", "2014-03-31": "87.19200", "2013-12-31": "85.22400", "2013-09-30": "90.56400", "2013-06-30": "89.22600", "2013-03-31": "81.44900", "2012-12-31": "73.45400", "2012-09-30": "71.68800", "2012-06-30": "71.64900", "2012-03-31": "71.50200", "2011-12-31": "69.38200", "2011-09-30": "71.31200", "2011-06-30": "72.82800", "2011-03-31": "66.60100", "2010-12-31": "59.94400", "2010-09-30": "58.95200", "2010-06-30": "58.91000", "2010-03-31": "58.20800", "2009-12-31": "56.40700", "2009-09-30": "57.95500", "2009-06-30": "57.18300", "2009-03-31": "52.42800", "2008-12-31": "48.82000", "2008-09-30": "48.05200", "2008-06-30": "47.90000", "2008-03-31": "47.70500", "2007-12-31": "47.51800", "2007-09-30": "47.78600", "2007-06-30": "47.79100", "2007-03-31": "47.14300", "2006-12-31": "43.26200", "2006-09-30": "43.84600", "2006-06-30": "43.23100", "2006-03-31": "41.51000", "2005-12-31": "38.99700", "2005-09-30": "38.58000", "2005-06-30": "38.22000", "2005-03-31": "38.09200"}, "Basic EPS": {"2020-12-31": "0.73040", "2020-09-30": "-0.29000", "2020-06-30": "0.21000", "2020-03-31": "0.21000", "2019-12-31": "0.39000", "2019-09-30": "0.19000", "2019-06-30": "0.95000", "2019-03-31": "0.19000", "2018-12-31": "0.15000", "2018-09-30": "0.18000", "2018-06-30": "0.19000", "2018-03-31": "0.17000", "2017-12-31": "0.09000", "2017-09-30": "0.21000", "2017-06-30": "0.08000", "2017-03-31": "0.18000", "2016-12-31": "0.41000", "2016-09-30": "0.25000", "2016-06-30": "-0.54000", "2016-03-31": "0.03000", "2015-12-31": "0.60000", "2015-09-30": "0.91000", "2015-06-30": "0.13000", "2015-03-31": "0.10000", "2014-12-31": "0.01000", "2014-09-30": "0.22000", "2014-06-30": "0.02000", "2014-03-31": "0.00000", "2013-12-31": "0.97000", "2013-09-30": "-0.09000", "2013-06-30": "-0.16000", "2013-03-31": "0.11000", "2012-12-31": "0.17000", "2012-09-30": "-0.39000", "2012-06-30": "0.10000", "2012-03-31": "0.09000", "2011-12-31": "-1.25000", "2011-09-30": "0.03000", "2011-06-30": "-0.42000", "2011-03-31": "-0.33000", "2010-12-31": "0.18000", "2010-09-30": "0.08000", "2010-06-30": "0.07000", "2010-03-31": "0.10000", "2009-12-31": "0.07000", "2009-09-30": "0.18000", "2009-06-30": "0.22000", "2009-03-31": "0.23000", "2008-12-31": "0.29000", "2008-09-30": "0.17000", "2008-06-30": "0.17000", "2008-03-31": "0.14000", "2007-12-31": "0.07000", "2007-09-30": "0.16000", "2007-06-30": "0.08000", "2007-03-31": "0.03000", "2006-12-31": "0.09000", "2006-09-30": "0.34000", "2006-06-30": "0.13000", "2006-03-31": "0.16000", "2005-12-31": "0.16000", "2005-09-30": "0.19000", "2005-06-30": "0.15000", "2005-03-31": "0.15000"}, "EPS - Earnings Per Share": {"2020-12-31": "0.73000", "2020-09-30": "-0.29000", "2020-06-30": "0.21000", "2020-03-31": "0.21000", "2019-12-31": "0.38000", "2019-09-30": "0.19000", "2019-06-30": "0.95000", "2019-03-31": "0.19000", "2018-12-31": "0.15000", "2018-09-30": "0.18000", "2018-06-30": "0.19000", "2018-03-31": "0.17000", "2017-12-31": "0.09000", "2017-09-30": "0.21000", "2017-06-30": "0.08000", "2017-03-31": "0.18000", "2016-12-31": "0.41000", "2016-09-30": "0.25000", "2016-06-30": "-0.54000", "2016-03-31": "0.03000", "2015-12-31": "0.60000", "2015-09-30": "0.91000", "2015-06-30": "0.13000", "2015-03-31": "0.10000", "2014-12-31": "0.01000", "2014-09-30": "0.22000", "2014-06-30": "0.02000", "2014-03-31": "0.00000", "2013-12-31": "0.97000", "2013-09-30": "-0.09000", "2013-06-30": "-0.16000", "2013-03-31": "0.11000", "2012-12-31": "0.17000", "2012-09-30": "-0.39000", "2012-06-30": "0.10000", "2012-03-31": "0.09000", "2011-12-31": "-1.25000", "2011-09-30": "0.03000", "2011-06-30": "-0.42000", "2011-03-31": "-0.33000", "2010-12-31": "0.18000", "2010-09-30": "0.08000", "2010-06-30": "0.07000", "2010-03-31": "0.10000", "2009-12-31": "0.07000", "2009-09-30": "0.18000", "2009-06-30": "0.22000", "2009-03-31": "0.23000", "2008-12-31": "0.28000", "2008-09-30": "0.17000", "2008-06-30": "0.17000", "2008-03-31": "0.14000", "2007-12-31": "0.07000", "2007-09-30": "0.15000", "2007-06-30": "0.08000", "2007-03-31": "0.03000", "2006-12-31": "0.08000", "2006-09-30": "0.33000", "2006-06-30": "0.13000", "2006-03-31": "0.15000", "2005-12-31": "0.17000", "2005-09-30": "0.18000", "2005-06-30": "0.14000", "2005-03-31": "0.14000"}}, "balance sheet": {"Cash On Hand": {"2020-12-31": "18.36900", "2019-12-31": "14.73300", "2018-12-31": "8.06600", "2017-12-31": "12.26100", "2016-12-31": "218.05600", "2015-12-31": "68.02600", "2014-12-31": "15.14600", "2013-12-31": "65.82100", "2012-12-31": "32.15100", "2011-12-31": "41.79100", "2010-12-31": "32.68400", "2009-12-31": "24.81100", "2008-12-31": "20.52000", "2007-12-31": "39.75900", "2006-12-31": "60.77900", "2005-12-31": "32.26000"}, "Receivables": {"2020-12-31": "203.26700", "2019-12-31": "196.70300", "2018-12-31": "172.60900", "2017-12-31": "176.00500", "2016-12-31": "176.93600", "2015-12-31": "182.52600", "2014-12-31": "178.75500", "2013-12-31": "170.11900", "2012-12-31": "138.44500", "2011-12-31": "112.88800", "2010-12-31": "98.09800", "2009-12-31": "89.26400", "2008-12-31": "77.81500", "2007-12-31": "78.46200", "2006-12-31": "68.01000", "2005-12-31": "48.18500"}, "Inventory": {"2020-12-31": "", "2019-12-31": "", "2018-12-31": "", "2017-12-31": "", "2016-12-31": "", "2015-12-31": "", "2014-12-31": "", "2013-12-31": "", "2012-12-31": "", "2011-12-31": "", "2010-12-31": "", "2009-12-31": "", "2008-12-31": "", "2007-12-31": "", "2006-12-31": "", "2005-12-31": ""}, "Pre-Paid Expenses": {"2020-12-31": "", "2019-12-31": "", "2018-12-31": "", "2017-12-31": "", "2016-12-31": "", "2015-12-31": "", "2014-12-31": "", "2013-12-31": "", "2012-12-31": "", "2011-12-31": "", "2010-12-31": "", "2009-12-31": "", "2008-12-31": "", "2007-12-31": "", "2006-12-31": "", "2005-12-31": ""}, "Other Current Assets": {"2020-12-31": "", "2019-12-31": "", "2018-12-31": "", "2017-12-31": "", "2016-12-31": "", "2015-12-31": "", "2014-12-31": "", "2013-12-31": "", "2012-12-31": "", "2011-12-31": "", "2010-12-31": "", "2009-12-31": "", "2008-12-31": "", "2007-12-31": "", "2006-12-31": "", "2005-12-31": ""}, "Total Current Assets": {"2020-12-31": "221.63600", "2019-12-31": "211.43600", "2018-12-31": "180.67500", "2017-12-31": "188.26600", "2016-12-31": "394.99200", "2015-12-31": "250.55200", "2014-12-31": "193.90100", "2013-12-31": "235.94000", "2012-12-31": "170.59600", "2011-12-31": "154.67900", "2010-12-31": "130.78200", "2009-12-31": "114.07500", "2008-12-31": "98.33500", "2007-12-31": "118.22100", "2006-12-31": "128.78900", "2005-12-31": "80.44500"}, "Property, Plant, And Equipment": {"2020-12-31": "3562.54900", "2019-12-31": "3340.88600", "2018-12-31": "3250.62600", "2017-12-31": "3183.33100", "2016-12-31": "3168.01600", "2015-12-31": "3446.53000", "2014-12-31": "3311.25300", "2013-12-31": "3214.30100", "2012-12-31": "3303.27300", "2011-12-31": "3469.59100", "2010-12-31": "3445.45500", "2009-12-31": "3029.90000", "2008-12-31": "2778.46600", "2007-12-31": "2603.93900", "2006-12-31": "2111.31000", "2005-12-31": "1886.65500"}, "Long-Term Investments": {"2020-12-31": "", "2019-12-31": "", "2018-12-31": "", "2017-12-31": "", "2016-12-31": "", "2015-12-31": "", "2014-12-31": "", "2013-12-31": "", "2012-12-31": "", "2011-12-31": "", "2010-12-31": "", "2009-12-31": "", "2008-12-31": "", "2007-12-31": "", "2006-12-31": "", "2005-12-31": ""}, "Goodwill And Intangible Assets": {"2020-12-31": "19.34400", "2019-12-31": "27.39200", "2018-12-31": "43.47000", "2017-12-31": "59.09200", "2016-12-31": "78.35100", "2015-12-31": "98.33800", "2014-12-31": "43.85400", "2013-12-31": "59.25800", "2012-12-31": "75.87900", "2011-12-31": "89.12000", "2010-12-31": "113.73500", "2009-12-31": "100.67100", "2008-12-31": "91.84800", "2007-12-31": "108.66100", "2006-12-31": "87.32500", "2005-12-31": "90.98400"}, "Other Long-Term Assets": {"2020-12-31": "133.88600", "2019-12-31": "148.02500", "2018-12-31": "131.04300", "2017-12-31": "116.19400", "2016-12-31": "98.31200", "2015-12-31": "60.02400", "2014-12-31": "61.30100", "2013-12-31": "54.18600", "2012-12-31": "44.05900", "2011-12-31": "83.65000", "2010-12-31": "93.89600", "2009-12-31": "83.80600", "2008-12-31": "93.78900", "2007-12-31": "51.98100", "2006-12-31": "48.46700", "2005-12-31": "36.62900"}, "Total Long-Term Assets": {"2020-12-31": "3774.39200", "2019-12-31": "3574.69500", "2018-12-31": "3475.33000", "2017-12-31": "3406.93900", "2016-12-31": "3385.89300", "2015-12-31": "3658.76000", "2014-12-31": "3470.33500", "2013-12-31": "3394.01200", "2012-12-31": "3483.16300", "2011-12-31": "3708.87600", "2010-12-31": "3713.73500", "2009-12-31": "3265.94700", "2008-12-31": "3015.90400", "2007-12-31": "2813.63200", "2006-12-31": "2290.81200", "2005-12-31": "2049.31400"}, "Total Assets": {"2020-12-31": "4077.02300", "2019-12-31": "3854.45300", "2018-12-31": "3656.00500", "2017-12-31": "3595.20500", "2016-12-31": "3780.88500", "2015-12-31": "3909.31200", "2014-12-31": "3664.23600", "2013-12-31": "3629.95200", "2012-12-31": "3653.75900", "2011-12-31": "3863.55500", "2010-12-31": "3844.51700", "2009-12-31": "3380.02200", "2008-12-31": "3114.23900", "2007-12-31": "2931.85300", "2006-12-31": "2419.60100", "2005-12-31": "2129.75900"}, "Total Current Liabilities": {"2020-12-31": "142.71700", "2019-12-31": "148.74600", "2018-12-31": "92.85500", "2017-12-31": "108.13700", "2016-12-31": "108.68200", "2015-12-31": "91.75500", "2014-12-31": "123.03500", "2013-12-31": "98.78500", "2012-12-31": "97.92200", "2011-12-31": "95.71400", "2010-12-31": "99.69900", "2009-12-31": "116.45500", "2008-12-31": "93.62500", "2007-12-31": "75.53500", "2006-12-31": "68.19000", "2005-12-31": "41.69300"}, "Long Term Debt": {"2020-12-31": "2086.91800", "2019-12-31": "1831.13900", "2018-12-31": "1823.90900", "2017-12-31": "1844.18600", "2016-12-31": "1904.00100", "2015-12-31": "2077.75200", "2014-12-31": "1914.03600", "2013-12-31": "1927.70300", "2012-12-31": "2019.16800", "2011-12-31": "2426.30300", "2010-12-31": "2323.68100", "2009-12-31": "2053.84100", "2008-12-31": "1856.75100", "2007-12-31": "1825.84200", "2006-12-31": "1498.53700", "2005-12-31": "1348.35100"}, "Other Non-Current Liabilities": {"2020-12-31": "97.50000", "2019-12-31": "108.57500", "2018-12-31": "85.93300", "2017-12-31": "151.45000", "2016-12-31": "123.97600", "2015-12-31": "104.02300", "2014-12-31": "87.86400", "2013-12-31": "88.45700", "2012-12-31": "89.87200", "2011-12-31": "126.73100", "2010-12-31": "97.99900", "2009-12-31": "89.09400", "2008-12-31": "81.44000", "2007-12-31": "77.73900", "2006-12-31": "62.38400", "2005-12-31": "51.99200"}, "Total Long Term Liabilities": {"2020-12-31": "2209.84800", "2019-12-31": "1969.14500", "2018-12-31": "1936.10200", "2017-12-31": "2018.76100", "2016-12-31": "2077.53900", "2015-12-31": "2200.99300", "2014-12-31": "2020.31700", "2013-12-31": "2033.91800", "2012-12-31": "2119.33800", "2011-12-31": "2561.94200", "2010-12-31": "2421.68000", "2009-12-31": "2142.93500", "2008-12-31": "1938.19100", "2007-12-31": "2033.67600", "2006-12-31": "1677.10800", "2005-12-31": "1505.55300"}, "Total Liabilities": {"2020-12-31": "2383.31100", "2019-12-31": "2135.20800", "2018-12-31": "2028.95700", "2017-12-31": "2126.89800", "2016-12-31": "2186.22100", "2015-12-31": "2292.74800", "2014-12-31": "2143.35200", "2013-12-31": "2132.70300", "2012-12-31": "2217.26000", "2011-12-31": "2657.65600", "2010-12-31": "2521.37900", "2009-12-31": "2259.39000", "2008-12-31": "2031.81600", "2007-12-31": "2109.21100", "2006-12-31": "1745.29800", "2005-12-31": "1547.24600"}, "Common Stock Net": {"2020-12-31": "1.12200", "2019-12-31": "1.12100", "2018-12-31": "1.10200", "2017-12-31": "1.01300", "2016-12-31": "0.98500", "2015-12-31": "0.94500", "2014-12-31": "0.93300", "2013-12-31": "0.87400", "2012-12-31": "0.80900", "2011-12-31": "0.72000", "2010-12-31": "0.66900", "2009-12-31": "0.58300", "2008-12-31": "0.51800", "2007-12-31": "0.47400", "2006-12-31": "0.42900", "2005-12-31": "0.39900"}, "Retained Earnings (Accumulated Deficit)": {"2020-12-31": "-809.83600", "2019-12-31": "-778.27500", "2018-12-31": "-846.80800", "2017-12-31": "-802.08500", "2016-12-31": "-765.27600", "2015-12-31": "-657.17200", "2014-12-31": "-717.26400", "2013-12-31": "-641.86800", "2012-12-31": "-617.45500", "2011-12-31": "-534.04100", "2010-12-31": "-281.79400", "2009-12-31": "-209.94100", "2008-12-31": "-162.57200", "2007-12-31": "-126.15600", "2006-12-31": "-83.54100", "2005-12-31": "-67.69700"}, "Comprehensive Income": {"2020-12-31": "-9.15700", "2019-12-31": "-25.44400", "2018-12-31": "-0.23800", "2017-12-31": "2.16700", "2016-12-31": "-1.73100", "2015-12-31": "-2.83800", "2014-12-31": "-1.29700", "2013-12-31": "3.48000", "2012-12-31": "-5.43500", "2011-12-31": "-1.73300", "2010-12-31": "-4.16300", "2009-12-31": "-1.90700", "2008-12-31": "-4.74900", "2007-12-31": "-2.37200", "2006-12-31": "-0.69300", "2005-12-31": "-0.48200"}, "Other Share Holders Equity": {"2020-12-31": "", "2019-12-31": "", "2018-12-31": "", "2017-12-31": "", "2016-12-31": "", "2015-12-31": "", "2014-12-31": "", "2013-12-31": "", "2012-12-31": "", "2011-12-31": "", "2010-12-31": "", "2009-12-31": "", "2008-12-31": "", "2007-12-31": "", "2006-12-31": "", "2005-12-31": ""}, "Share Holder Equity": {"2020-12-31": "1693.71200", "2019-12-31": "1719.24500", "2018-12-31": "1627.04800", "2017-12-31": "1468.30700", "2016-12-31": "1594.66400", "2015-12-31": "1616.56400", "2014-12-31": "1520.88400", "2013-12-31": "1497.24900", "2012-12-31": "1436.49900", "2011-12-31": "1205.89900", "2010-12-31": "1323.13800", "2009-12-31": "1120.63200", "2008-12-31": "1082.42300", "2007-12-31": "822.64200", "2006-12-31": "674.30300", "2005-12-31": "582.51300"}, "Total Liabilities And Share Holders Equity": {"2020-12-31": "4077.02300", "2019-12-31": "3854.45300", "2018-12-31": "3656.00500", "2017-12-31": "3595.20500", "2016-12-31": "3780.88500", "2015-12-31": "3909.31200", "2014-12-31": "3664.23600", "2013-12-31": "3629.95200", "2012-12-31": "3653.75900", "2011-12-31": "3863.55500", "2010-12-31": "3844.51700", "2009-12-31": "3380.02200", "2008-12-31": "3114.23900", "2007-12-31": "2931.85300", "2006-12-31": "2419.60100", "2005-12-31": "2129.75900"}}, "balance sheet, quarterly": {"Cash On Hand": {"2020-12-31": "18.36900", "2020-09-30": "11.45800", "2020-06-30": "21.59600", "2020-03-31": "159.06100", "2019-12-31": "14.73300", "2019-09-30": "34.00500", "2019-06-30": "46.28200", "2019-03-31": "7.78000", "2018-12-31": "8.06600", "2018-09-30": "9.49200", "2018-06-30": "8.47200", "2018-03-31": "8.88800", "2017-12-31": "12.26100", "2017-09-30": "17.03100", "2017-06-30": "17.47200", "2017-03-31": "232.90900", "2016-12-31": "218.05600", "2016-09-30": "55.15700", "2016-06-30": "21.61900", "2016-03-31": "70.25200", "2015-12-31": "68.02600", "2015-09-30": "13.12600", "2015-06-30": "47.19500", "2015-03-31": "15.87400", "2014-12-31": "15.14600", "2014-09-30": "54.38900", "2014-06-30": "87.90500", "2014-03-31": "29.33900", "2013-12-31": "65.82100", "2013-09-30": "42.01600", "2013-06-30": "28.66800", "2013-03-31": "40.54900", "2012-12-31": "32.15100", "2012-09-30": "25.93500", "2012-06-30": "27.33400", "2012-03-31": "29.69800", "2011-12-31": "41.79100", "2011-09-30": "50.73600", "2011-06-30": "34.61200", "2011-03-31": "36.70000", "2010-12-31": "32.68400", "2010-09-30": "32.82800", "2010-06-30": "30.61700", "2010-03-31": "29.16100", "2009-12-31": "24.81100", "2009-09-30": "26.76000", "2009-06-30": "29.81000", "2009-03-31": "28.11000", "2008-12-31": "20.52000", "2008-09-30": "36.85000", "2008-06-30": "35.92300", "2008-03-31": "54.31900", "2007-12-31": "39.75900", "2007-09-30": "38.76900", "2007-06-30": "35.60500", "2007-03-31": "41.03300", "2006-12-31": "60.77900", "2006-09-30": "62.59400", "2006-06-30": "26.82100", "2006-03-31": "43.96200", "2005-12-31": "32.26000", "2005-09-30": "32.43100", "2005-06-30": "37.46800", "2005-03-31": "20.04200"}, "Receivables": {"2020-12-31": "203.26700", "2020-09-30": "178.66600", "2020-06-30": "171.35400", "2020-03-31": "191.20400", "2019-12-31": "175.12900", "2019-09-30": "197.73800", "2019-06-30": "215.55200", "2019-03-31": "185.95500", "2018-12-31": "172.60900", "2018-09-30": "164.10400", "2018-06-30": "167.68900", "2018-03-31": "170.76700", "2017-12-31": "176.00500", "2017-09-30": "168.47500", "2017-06-30": "187.17200", "2017-03-31": "172.41100", "2016-12-31": "176.93600", "2016-09-30": "164.43500", "2016-06-30": "174.98300", "2016-03-31": "174.71000", "2015-12-31": "182.52600", "2015-09-30": "169.84700", "2015-06-30": "163.43500", "2015-03-31": "184.90700", "2014-12-31": "178.75500", "2014-09-30": "166.47100", "2014-06-30": "180.73000", "2014-03-31": "176.46500", "2013-12-31": "170.11900", "2013-09-30": "148.14900", "2013-06-30": "113.56200", "2013-03-31": "99.48400", "2012-12-31": "138.44500", "2012-09-30": "99.03300", "2012-06-30": "96.58700", "2012-03-31": "100.56800", "2011-12-31": "112.88800", "2011-09-30": "108.13900", "2011-06-30": "98.27300", "2011-03-31": "102.66600", "2010-12-31": "98.09800", "2010-09-30": "95.73900", "2010-06-30": "88.23500", "2010-03-31": "88.09500", "2009-12-31": "89.26400", "2009-09-30": "83.82000", "2009-06-30": "80.91300", "2009-03-31": "78.08300", "2008-12-31": "77.81500", "2008-09-30": "75.18100", "2008-06-30": "82.69000", "2008-03-31": "76.16200", "2007-12-31": "78.46200", "2007-09-30": "71.57100", "2007-06-30": "66.40500", "2007-03-31": "68.77200", "2006-12-31": "68.01000", "2006-09-30": "65.81100", "2006-06-30": "52.08400", "2006-03-31": "50.97600", "2005-12-31": "48.18500", "2005-09-30": "42.75900", "2005-06-30": "42.90400", "2005-03-31": "45.41900"}, "Inventory": {"2020-12-31": "", "2020-09-30": "", "2020-06-30": "", "2020-03-31": "", "2019-12-31": "", "2019-09-30": "", "2019-06-30": "", "2019-03-31": "", "2018-12-31": "", "2018-09-30": "", "2018-06-30": "", "2018-03-31": "", "2017-12-31": "", "2017-09-30": "", "2017-06-30": "", "2017-03-31": "", "2016-12-31": "", "2016-09-30": "", "2016-06-30": "", "2016-03-31": "", "2015-12-31": "", "2015-09-30": "", "2015-06-30": "", "2015-03-31": "", "2014-12-31": "", "2014-09-30": "", "2014-06-30": "", "2014-03-31": "", "2013-12-31": "", "2013-09-30": "", "2013-06-30": "", "2013-03-31": "", "2012-12-31": "", "2012-09-30": "", "2012-06-30": "", "2012-03-31": "", "2011-12-31": "", "2011-09-30": "", "2011-06-30": "", "2011-03-31": "", "2010-12-31": "", "2010-09-30": "", "2010-06-30": "", "2010-03-31": "", "2009-12-31": "", "2009-09-30": "", "2009-06-30": "", "2009-03-31": "", "2008-12-31": "", "2008-09-30": "", "2008-06-30": "", "2008-03-31": "", "2007-12-31": "", "2007-09-30": "", "2007-06-30": "", "2007-03-31": "", "2006-12-31": "", "2006-09-30": "", "2006-06-30": "", "2006-03-31": "", "2005-12-31": "", "2005-09-30": "", "2005-06-30": "", "2005-03-31": ""}, "Pre-Paid Expenses": {"2020-12-31": "", "2020-09-30": "", "2020-06-30": "", "2020-03-31": "", "2019-12-31": "", "2019-09-30": "", "2019-06-30": "", "2019-03-31": "", "2018-12-31": "", "2018-09-30": "", "2018-06-30": "", "2018-03-31": "", "2017-12-31": "", "2017-09-30": "", "2017-06-30": "", "2017-03-31": "", "2016-12-31": "", "2016-09-30": "", "2016-06-30": "", "2016-03-31": "", "2015-12-31": "", "2015-09-30": "", "2015-06-30": "", "2015-03-31": "", "2014-12-31": "", "2014-09-30": "", "2014-06-30": "", "2014-03-31": "", "2013-12-31": "", "2013-09-30": "", "2013-06-30": "", "2013-03-31": "", "2012-12-31": "", "2012-09-30": "", "2012-06-30": "", "2012-03-31": "", "2011-12-31": "", "2011-09-30": "", "2011-06-30": "", "2011-03-31": "", "2010-12-31": "", "2010-09-30": "", "2010-06-30": "", "2010-03-31": "", "2009-12-31": "", "2009-09-30": "", "2009-06-30": "", "2009-03-31": "", "2008-12-31": "", "2008-09-30": "", "2008-06-30": "", "2008-03-31": "", "2007-12-31": "", "2007-09-30": "", "2007-06-30": "", "2007-03-31": "", "2006-12-31": "", "2006-09-30": "", "2006-06-30": "", "2006-03-31": "", "2005-12-31": "", "2005-09-30": "", "2005-06-30": "", "2005-03-31": ""}, "Other Current Assets": {"2020-12-31": "", "2020-09-30": "", "2020-06-30": "", "2020-03-31": "", "2019-12-31": "", "2019-09-30": "", "2019-06-30": "", "2019-03-31": "", "2018-12-31": "", "2018-09-30": "", "2018-06-30": "", "2018-03-31": "", "2017-12-31": "", "2017-09-30": "", "2017-06-30": "", "2017-03-31": "", "2016-12-31": "", "2016-09-30": "", "2016-06-30": "", "2016-03-31": "", "2015-12-31": "", "2015-09-30": "", "2015-06-30": "", "2015-03-31": "", "2014-12-31": "", "2014-09-30": "", "2014-06-30": "", "2014-03-31": "", "2013-12-31": "", "2013-09-30": "", "2013-06-30": "", "2013-03-31": "", "2012-12-31": "", "2012-09-30": "", "2012-06-30": "", "2012-03-31": "", "2011-12-31": "", "2011-09-30": "", "2011-06-30": "", "2011-03-31": "", "2010-12-31": "", "2010-09-30": "", "2010-06-30": "", "2010-03-31": "", "2009-12-31": "", "2009-09-30": "", "2009-06-30": "", "2009-03-31": "", "2008-12-31": "", "2008-09-30": "", "2008-06-30": "", "2008-03-31": "", "2007-12-31": "", "2007-09-30": "", "2007-06-30": "", "2007-03-31": "", "2006-12-31": "", "2006-09-30": "", "2006-06-30": "", "2006-03-31": "", "2005-12-31": "", "2005-09-30": "", "2005-06-30": "", "2005-03-31": ""}, "Total Current Assets": {"2020-12-31": "221.63600", "2020-09-30": "190.12400", "2020-06-30": "192.95000", "2020-03-31": "350.26500", "2019-12-31": "189.86200", "2019-09-30": "231.74300", "2019-06-30": "261.83400", "2019-03-31": "193.73500", "2018-12-31": "180.67500", "2018-09-30": "173.59600", "2018-06-30": "176.16100", "2018-03-31": "179.65500", "2017-12-31": "188.26600", "2017-09-30": "185.50600", "2017-06-30": "204.64400", "2017-03-31": "405.32000", "2016-12-31": "394.99200", "2016-09-30": "219.59200", "2016-06-30": "196.60200", "2016-03-31": "244.96200", "2015-12-31": "250.55200", "2015-09-30": "182.97300", "2015-06-30": "210.63000", "2015-03-31": "200.78100", "2014-12-31": "193.90100", "2014-09-30": "220.86000", "2014-06-30": "268.63500", "2014-03-31": "205.80400", "2013-12-31": "235.94000", "2013-09-30": "190.16500", "2013-06-30": "142.23000", "2013-03-31": "140.03300", "2012-12-31": "170.59600", "2012-09-30": "124.96800", "2012-06-30": "123.92100", "2012-03-31": "130.26600", "2011-12-31": "154.67900", "2011-09-30": "158.87500", "2011-06-30": "132.88500", "2011-03-31": "139.36600", "2010-12-31": "130.78200", "2010-09-30": "128.56700", "2010-06-30": "118.85200", "2010-03-31": "117.25600", "2009-12-31": "114.07500", "2009-09-30": "110.58000", "2009-06-30": "110.72300", "2009-03-31": "106.19300", "2008-12-31": "98.33500", "2008-09-30": "112.03100", "2008-06-30": "118.61300", "2008-03-31": "130.48100", "2007-12-31": "118.22100", "2007-09-30": "110.34000", "2007-06-30": "102.01000", "2007-03-31": "109.80500", "2006-12-31": "128.78900", "2006-09-30": "128.40500", "2006-06-30": "78.90500", "2006-03-31": "94.93800", "2005-12-31": "80.44500", "2005-09-30": "75.19000", "2005-06-30": "80.37200", "2005-03-31": "65.46100"}, "Property, Plant, And Equipment": {"2020-12-31": "3562.54900", "2020-09-30": "3586.93800", "2020-06-30": "3513.09900", "2020-03-31": "3419.62800", "2019-12-31": "3340.88600", "2019-09-30": "3258.82300", "2019-06-30": "3194.37200", "2019-03-31": "3303.00200", "2018-12-31": "3250.62600", "2018-09-30": "3249.65300", "2018-06-30": "3225.76300", "2018-03-31": "3200.50500", "2017-12-31": "3183.33100", "2017-09-30": "3171.44600", "2017-06-30": "3185.85000", "2017-03-31": "3134.40500", "2016-12-31": "3168.01600", "2016-09-30": "3189.79200", "2016-06-30": "3470.31100", "2016-03-31": "3279.43100", "2015-12-31": "3446.53000", "2015-09-30": "3347.60000", "2015-06-30": "3418.80000", "2015-03-31": "3378.15200", "2014-12-31": "3311.25300", "2014-09-30": "3271.15600", "2014-06-30": "3254.24200", "2014-03-31": "3224.62800", "2013-12-31": "3214.30100", "2013-09-30": "3239.74600", "2013-06-30": "3211.30400", "2013-03-31": "3189.97300", "2012-12-31": "3303.27300", "2012-09-30": "3102.51400", "2012-06-30": "3232.59200", "2012-03-31": "3338.29100", "2011-12-31": "3469.59100", "2011-09-30": "3469.21700", "2011-06-30": "3472.86100", "2011-03-31": "3468.77100", "2010-12-31": "3445.45500", "2010-09-30": "3349.15000", "2010-06-30": "3130.51400", "2010-03-31": "3064.96200", "2009-12-31": "3029.90000", "2009-09-30": "2868.70700", "2009-06-30": "2854.13600", "2009-03-31": "2809.41200", "2008-12-31": "2778.46600", "2008-09-30": "2737.28700", "2008-06-30": "2701.16700", "2008-03-31": "2617.07900", "2007-12-31": "2603.93900", "2007-09-30": "2584.94500", "2007-06-30": "2524.57300", "2007-03-31": "2474.17700", "2006-12-31": "2111.31000", "2006-09-30": "2066.06000", "2006-06-30": "2069.89400", "2006-03-31": "1903.61500", "2005-12-31": "1886.65500", "2005-09-30": "1699.10600", "2005-06-30": "1692.70500", "2005-03-31": "1618.83800"}, "Long-Term Investments": {"2020-12-31": "", "2020-09-30": "", "2020-06-30": "", "2020-03-31": "", "2019-12-31": "", "2019-09-30": "", "2019-06-30": "", "2019-03-31": "", "2018-12-31": "", "2018-09-30": "", "2018-06-30": "", "2018-03-31": "", "2017-12-31": "", "2017-09-30": "", "2017-06-30": "", "2017-03-31": "", "2016-12-31": "", "2016-09-30": "", "2016-06-30": "", "2016-03-31": "", "2015-12-31": "", "2015-09-30": "", "2015-06-30": "", "2015-03-31": "", "2014-12-31": "", "2014-09-30": "", "2014-06-30": "", "2014-03-31": "", "2013-12-31": "", "2013-09-30": "", "2013-06-30": "", "2013-03-31": "", "2012-12-31": "", "2012-09-30": "", "2012-06-30": "", "2012-03-31": "", "2011-12-31": "", "2011-09-30": "", "2011-06-30": "", "2011-03-31": "", "2010-12-31": "", "2010-09-30": "", "2010-06-30": "", "2010-03-31": "", "2009-12-31": "", "2009-09-30": "", "2009-06-30": "", "2009-03-31": "", "2008-12-31": "", "2008-09-30": "", "2008-06-30": "", "2008-03-31": "", "2007-12-31": "", "2007-09-30": "", "2007-06-30": "", "2007-03-31": "", "2006-12-31": "", "2006-09-30": "", "2006-06-30": "", "2006-03-31": "", "2005-12-31": "", "2005-09-30": "", "2005-06-30": "", "2005-03-31": ""}, "Goodwill And Intangible Assets": {"2020-12-31": "19.34400", "2020-09-30": "22.43300", "2020-06-30": "24.76800", "2020-03-31": "26.07800", "2019-12-31": "27.39200", "2019-09-30": "29.45400", "2019-06-30": "31.16200", "2019-03-31": "33.17200", "2018-12-31": "43.47000", "2018-09-30": "47.06500", "2018-06-30": "50.58600", "2018-03-31": "54.60000", "2017-12-31": "59.09200", "2017-09-30": "64.05500", "2017-06-30": "69.20500", "2017-03-31": "73.74800", "2016-12-31": "78.35100", "2016-09-30": "84.08100", "2016-06-30": "88.78800", "2016-03-31": "93.52600", "2015-12-31": "98.33800", "2015-09-30": "106.17400", "2015-06-30": "81.72800", "2015-03-31": "61.47700", "2014-12-31": "43.85400", "2014-09-30": "48.30000", "2014-06-30": "51.64500", "2014-03-31": "55.67800", "2013-12-31": "59.25800", "2013-09-30": "64.37200", "2013-06-30": "68.04600", "2013-03-31": "72.03500", "2012-12-31": "75.87900", "2012-09-30": "81.05900", "2012-06-30": "76.42600", "2012-03-31": "83.94000", "2011-12-31": "89.12000", "2011-09-30": "97.95400", "2011-06-30": "99.91700", "2011-03-31": "106.44400", "2010-12-31": "113.73500", "2010-09-30": "123.30700", "2010-06-30": "96.15100", "2010-03-31": "94.92500", "2009-12-31": "100.67100", "2009-09-30": "75.50600", "2009-06-30": "81.09000", "2009-03-31": "85.77400", "2008-12-31": "91.84800", "2008-09-30": "98.28200", "2008-06-30": "104.13600", "2008-03-31": "102.64700", "2007-12-31": "108.66100", "2007-09-30": "116.36800", "2007-06-30": "123.86100", "2007-03-31": "131.93400", "2006-12-31": "87.32500", "2006-09-30": "92.06100", "2006-06-30": "100.13200", "2006-03-31": "85.69900", "2005-12-31": "90.98400", "2005-09-30": "67.68600", "2005-06-30": "66.35400", "2005-03-31": "64.96500"}, "Other Long-Term Assets": {"2020-12-31": "133.88600", "2020-09-30": "184.42800", "2020-06-30": "150.39200", "2020-03-31": "131.63500", "2019-12-31": "169.59900", "2019-09-30": "211.71800", "2019-06-30": "195.96400", "2019-03-31": "126.15700", "2018-12-31": "131.04300", "2018-09-30": "130.54200", "2018-06-30": "111.66900", "2018-03-31": "113.59200", "2017-12-31": "116.19400", "2017-09-30": "91.73200", "2017-06-30": "74.68200", "2017-03-31": "85.14000", "2016-12-31": "98.31200", "2016-09-30": "99.25900", "2016-06-30": "43.35900", "2016-03-31": "275.22100", "2015-12-31": "60.02400", "2015-09-30": "217.35900", "2015-06-30": "132.15000", "2015-03-31": "71.50000", "2014-12-31": "61.30100", "2014-09-30": "74.86300", "2014-06-30": "69.72700", "2014-03-31": "53.93200", "2013-12-31": "54.18600", "2013-09-30": "198.05900", "2013-06-30": "220.56700", "2013-03-31": "223.20200", "2012-12-31": "44.05900", "2012-09-30": "230.36200", "2012-06-30": "218.27500", "2012-03-31": "177.88400", "2011-12-31": "83.65000", "2011-09-30": "168.55500", "2011-06-30": "101.57900", "2011-03-31": "90.74900", "2010-12-31": "93.89600", "2010-09-30": "79.78000", "2010-06-30": "65.92800", "2010-03-31": "68.41200", "2009-12-31": "83.80600", "2009-09-30": "123.30300", "2009-06-30": "103.91400", "2009-03-31": "88.56100", "2008-12-31": "93.78900", "2008-09-30": "100.44800", "2008-06-30": "37.93400", "2008-03-31": "38.30600", "2007-12-31": "51.98100", "2007-09-30": "58.35100", "2007-06-30": "56.99300", "2007-03-31": "53.31100", "2006-12-31": "48.46700", "2006-09-30": "29.30500", "2006-06-30": "25.38500", "2006-03-31": "24.89200", "2005-12-31": "36.62900", "2005-09-30": "28.29400", "2005-06-30": "22.35500", "2005-03-31": "22.48800"}, "Total Long-Term Assets": {"2020-12-31": "3774.39200", "2020-09-30": "3853.19100", "2020-06-30": "3746.92500", "2020-03-31": "3635.94900", "2019-12-31": "3596.26900", "2019-09-30": "3555.83400", "2019-06-30": "3473.72500", "2019-03-31": "3514.06700", "2018-12-31": "3475.33000", "2018-09-30": "3476.77000", "2018-06-30": "3436.20100", "2018-03-31": "3416.58300", "2017-12-31": "3406.93900", "2017-09-30": "3374.26600", "2017-06-30": "3370.24300", "2017-03-31": "3334.04600", "2016-12-31": "3385.89300", "2016-09-30": "3414.60200", "2016-06-30": "3645.09000", "2016-03-31": "3692.94600", "2015-12-31": "3658.76000", "2015-09-30": "3735.50000", "2015-06-30": "3700.29100", "2015-03-31": "3576.37400", "2014-12-31": "3470.33500", "2014-09-30": "3459.32800", "2014-06-30": "3440.86500", "2014-03-31": "3400.09300", "2013-12-31": "3394.01200", "2013-09-30": "3565.42300", "2013-06-30": "3557.40500", "2013-03-31": "3545.06600", "2012-12-31": "3483.16300", "2012-09-30": "3472.68800", "2012-06-30": "3591.15400", "2012-03-31": "3667.10200", "2011-12-31": "3708.87600", "2011-09-30": "3806.51700", "2011-06-30": "3735.34500", "2011-03-31": "3726.44300", "2010-12-31": "3713.73500", "2010-09-30": "3608.80500", "2010-06-30": "3348.43100", "2010-03-31": "3281.09600", "2009-12-31": "3265.94700", "2009-09-30": "3120.06700", "2009-06-30": "3087.95200", "2009-03-31": "3031.09700", "2008-12-31": "3015.90400", "2008-09-30": "2987.69700", "2008-06-30": "2891.85700", "2008-03-31": "2806.26300", "2007-12-31": "2813.63200", "2007-09-30": "2805.68300", "2007-06-30": "2752.71900", "2007-03-31": "2704.91800", "2006-12-31": "2290.81200", "2006-09-30": "2227.51700", "2006-06-30": "2230.21300", "2006-03-31": "2047.93700", "2005-12-31": "2049.31400", "2005-09-30": "1826.50600", "2005-06-30": "1810.07600", "2005-03-31": "1733.45900"}, "Total Assets": {"2020-12-31": "4077.02300", "2020-09-30": "4120.18900", "2020-06-30": "4011.32500", "2020-03-31": "4054.45700", "2019-12-31": "3854.45300", "2019-09-30": "3855.36900", "2019-06-30": "3803.46900", "2019-03-31": "3775.85900", "2018-12-31": "3656.00500", "2018-09-30": "3650.36600", "2018-06-30": "3612.36200", "2018-03-31": "3596.23800", "2017-12-31": "3595.20500", "2017-09-30": "3559.77200", "2017-06-30": "3574.88700", "2017-03-31": "3739.36600", "2016-12-31": "3780.88500", "2016-09-30": "3634.19400", "2016-06-30": "3841.69200", "2016-03-31": "3937.90800", "2015-12-31": "3909.31200", "2015-09-30": "3918.47300", "2015-06-30": "3910.92100", "2015-03-31": "3777.15500", "2014-12-31": "3664.23600", "2014-09-30": "3680.18800", "2014-06-30": "3709.50000", "2014-03-31": "3605.89700", "2013-12-31": "3629.95200", "2013-09-30": "3755.58800", "2013-06-30": "3699.63500", "2013-03-31": "3685.09900", "2012-12-31": "3653.75900", "2012-09-30": "3597.65600", "2012-06-30": "3715.07500", "2012-03-31": "3797.36800", "2011-12-31": "3863.55500", "2011-09-30": "3965.39200", "2011-06-30": "3868.23000", "2011-03-31": "3865.80900", "2010-12-31": "3844.51700", "2010-09-30": "3737.37200", "2010-06-30": "3467.28300", "2010-03-31": "3398.35200", "2009-12-31": "3380.02200", "2009-09-30": "3230.64700", "2009-06-30": "3198.67500", "2009-03-31": "3137.29000", "2008-12-31": "3114.23900", "2008-09-30": "3099.72800", "2008-06-30": "3010.47000", "2008-03-31": "2936.74400", "2007-12-31": "2931.85300", "2007-09-30": "2916.02300", "2007-06-30": "2854.72900", "2007-03-31": "2814.72300", "2006-12-31": "2419.60100", "2006-09-30": "2355.92200", "2006-06-30": "2309.11800", "2006-03-31": "2142.87500", "2005-12-31": "2129.75900", "2005-09-30": "1901.69600", "2005-06-30": "1890.44800", "2005-03-31": "1798.92000"}, "Total Current Liabilities": {"2020-12-31": "142.71700", "2020-09-30": "140.92100", "2020-06-30": "149.83600", "2020-03-31": "128.44100", "2019-12-31": "148.74600", "2019-09-30": "141.24200", "2019-06-30": "152.19600", "2019-03-31": "112.07600", "2018-12-31": "92.85500", "2018-09-30": "90.22400", "2018-06-30": "88.88500", "2018-03-31": "95.72100", "2017-12-31": "108.13700", "2017-09-30": "121.48300", "2017-06-30": "95.26700", "2017-03-31": "83.10700", "2016-12-31": "108.68200", "2016-09-30": "112.30600", "2016-06-30": "92.84800", "2016-03-31": "78.59700", "2015-12-31": "91.75500", "2015-09-30": "98.55100", "2015-06-30": "155.98900", "2015-03-31": "138.21400", "2014-12-31": "123.03500", "2014-09-30": "123.89300", "2014-06-30": "105.20500", "2014-03-31": "97.45100", "2013-12-31": "98.78500", "2013-09-30": "85.29100", "2013-06-30": "84.18100", "2013-03-31": "90.64500", "2012-12-31": "97.92200", "2012-09-30": "87.39000", "2012-06-30": "84.73300", "2012-03-31": "93.15600", "2011-12-31": "95.71400", "2011-09-30": "114.83400", "2011-06-30": "115.15400", "2011-03-31": "103.04300", "2010-12-31": "99.69900", "2010-09-30": "88.46100", "2010-06-30": "84.16400", "2010-03-31": "86.65000", "2009-12-31": "116.45500", "2009-09-30": "113.41600", "2009-06-30": "142.73400", "2009-03-31": "111.13500", "2008-12-31": "93.62500", "2008-09-30": "93.67600", "2008-06-30": "82.52600", "2008-03-31": "66.21000", "2007-12-31": "75.53500", "2007-09-30": "80.02200", "2007-06-30": "61.53100", "2007-03-31": "61.13100", "2006-12-31": "68.19000", "2006-09-30": "55.48700", "2006-06-30": "46.04000", "2006-03-31": "42.79200", "2005-12-31": "41.69300", "2005-09-30": "38.79500", "2005-06-30": "53.98400", "2005-03-31": "46.40000"}, "Long Term Debt": {"2020-12-31": "2086.91800", "2020-09-30": "2181.55100", "2020-06-30": "2012.01900", "2020-03-31": "2076.83900", "2019-12-31": "1831.13900", "2019-09-30": "1862.30100", "2019-06-30": "1784.36200", "2019-03-31": "1876.14900", "2018-12-31": "1823.90900", "2018-09-30": "1808.69000", "2018-06-30": "1872.08500", "2018-03-31": "1866.66400", "2017-12-31": "1844.18600", "2017-09-30": "1889.63800", "2017-06-30": "1913.91100", "2017-03-31": "1903.65700", "2016-12-31": "1904.00100", "2016-09-30": "1873.83600", "2016-06-30": "2094.48600", "2016-03-31": "2140.21200", "2015-12-31": "2077.75200", "2015-09-30": "2121.24000", "2015-06-30": "2130.17000", "2015-03-31": "1999.62200", "2014-12-31": "1914.03600", "2014-09-30": "2049.99200", "2014-06-30": "2099.34300", "2014-03-31": "1931.83100", "2013-12-31": "1927.70300", "2013-09-30": "2135.03100", "2013-06-30": "2093.10600", "2013-03-31": "1957.36000", "2012-12-31": "2019.16800", "2012-09-30": "2169.31500", "2012-06-30": "2191.85100", "2012-03-31": "2418.07800", "2011-12-31": "2426.30300", "2011-09-30": "2420.07300", "2011-06-30": "2299.41600", "2011-03-31": "2396.79500", "2010-12-31": "2323.68100", "2010-09-30": "2468.41900", "2010-06-30": "2182.37500", "2010-03-31": "2107.13100", "2009-12-31": "2053.84100", "2009-09-30": "1897.85200", "2009-06-30": "1831.71300", "2009-03-31": "1868.63200", "2008-12-31": "1856.75100", "2008-09-30": "1856.28000", "2008-06-30": "1904.35100", "2008-03-31": "1845.96800", "2007-12-31": "1825.84200", "2007-09-30": "1799.91200", "2007-06-30": "1752.47800", "2007-03-31": "1715.18300", "2006-12-31": "1498.53700", "2006-09-30": "1406.68200", "2006-06-30": "1433.71800", "2006-03-31": "1360.63800", "2005-12-31": "1348.35100", "2005-09-30": "1124.29900", "2005-06-30": "1177.77900", "2005-03-31": "1091.68800"}, "Other Non-Current Liabilities": {"2020-12-31": "97.50000", "2020-09-30": "98.17700", "2020-06-30": "148.60200", "2020-03-31": "143.71400", "2019-12-31": "108.57500", "2019-09-30": "110.51600", "2019-06-30": "101.35700", "2019-03-31": "87.45200", "2018-12-31": "85.93300", "2018-09-30": "116.29200", "2018-06-30": "118.36300", "2018-03-31": "127.98100", "2017-12-31": "151.45000", "2017-09-30": "110.59800", "2017-06-30": "123.15400", "2017-03-31": "127.05800", "2016-12-31": "123.97600", "2016-09-30": "124.41700", "2016-06-30": "131.18200", "2016-03-31": "112.88500", "2015-12-31": "104.02300", "2015-09-30": "99.16700", "2015-06-30": "87.71500", "2015-03-31": "90.69400", "2014-12-31": "87.86400", "2014-09-30": "90.36300", "2014-06-30": "86.27100", "2014-03-31": "85.92600", "2013-12-31": "88.45700", "2013-09-30": "84.41000", "2013-06-30": "80.49000", "2013-03-31": "86.19500", "2012-12-31": "89.87200", "2012-09-30": "90.73000", "2012-06-30": "85.14200", "2012-03-31": "85.33800", "2011-12-31": "126.73100", "2011-09-30": "122.86200", "2011-06-30": "100.28800", "2011-03-31": "94.31300", "2010-12-31": "97.99900", "2010-09-30": "90.76400", "2010-06-30": "89.17800", "2010-03-31": "94.03200", "2009-12-31": "89.09400", "2009-09-30": "83.19600", "2009-06-30": "77.82100", "2009-03-31": "80.89700", "2008-12-31": "81.44000", "2008-09-30": "75.70500", "2008-06-30": "81.20500", "2008-03-31": "80.73900", "2007-12-31": "77.73900", "2007-09-30": "71.71400", "2007-06-30": "72.20000", "2007-03-31": "73.16900", "2006-12-31": "62.38400", "2006-09-30": "61.82800", "2006-06-30": "57.68200", "2006-03-31": "53.31700", "2005-12-31": "51.99200", "2005-09-30": "47.55500", "2005-06-30": "44.55900", "2005-03-31": "42.33700"}, "Total Long Term Liabilities": {"2020-12-31": "2209.84800", "2020-09-30": "2303.25000", "2020-06-30": "2183.76900", "2020-03-31": "2243.46500", "2019-12-31": "1969.14500", "2019-09-30": "2001.49400", "2019-06-30": "1915.52200", "2019-03-31": "1990.98600", "2018-12-31": "1936.10200", "2018-09-30": "1950.41300", "2018-06-30": "2014.99200", "2018-03-31": "2018.49300", "2017-12-31": "2018.76100", "2017-09-30": "2023.50500", "2017-06-30": "2060.79600", "2017-03-31": "2054.39100", "2016-12-31": "2077.53900", "2016-09-30": "2021.10100", "2016-06-30": "2248.14100", "2016-03-31": "2275.43000", "2015-12-31": "2200.99300", "2015-09-30": "2240.01500", "2015-06-30": "2237.29900", "2015-03-31": "2109.21100", "2014-12-31": "2020.31700", "2014-09-30": "2158.79100", "2014-06-30": "2204.51500", "2014-03-31": "2035.41100", "2013-12-31": "2033.91800", "2013-09-30": "2236.23000", "2013-06-30": "2189.16700", "2013-03-31": "2053.91100", "2012-12-31": "2119.33800", "2012-09-30": "2260.04500", "2012-06-30": "2276.99300", "2012-03-31": "2503.41600", "2011-12-31": "2561.94200", "2011-09-30": "2542.93500", "2011-06-30": "2399.70400", "2011-03-31": "2491.10800", "2010-12-31": "2421.68000", "2010-09-30": "2559.18300", "2010-06-30": "2271.55300", "2010-03-31": "2201.16300", "2009-12-31": "2142.93500", "2009-09-30": "1981.04800", "2009-06-30": "1909.53400", "2009-03-31": "1949.52900", "2008-12-31": "1938.19100", "2008-09-30": "2073.51100", "2008-06-30": "2115.64800", "2008-03-31": "2055.83200", "2007-12-31": "2033.67600", "2007-09-30": "2003.23300", "2007-06-30": "1955.42900", "2007-03-31": "1918.17400", "2006-12-31": "1677.10800", "2006-09-30": "1586.28200", "2006-06-30": "1607.43000", "2006-03-31": "1516.84800", "2005-12-31": "1505.55300", "2005-09-30": "1280.38400", "2005-06-30": "1319.43800", "2005-03-31": "1232.06300"}, "Total Liabilities": {"2020-12-31": "2383.31100", "2020-09-30": "2470.55300", "2020-06-30": "2354.40100", "2020-03-31": "2389.27100", "2019-12-31": "2135.20800", "2019-09-30": "2159.42200", "2019-06-30": "2084.35800", "2019-03-31": "2119.68100", "2018-12-31": "2028.95700", "2018-09-30": "2040.63700", "2018-06-30": "2103.87700", "2018-03-31": "2114.21400", "2017-12-31": "2126.89800", "2017-09-30": "2144.98800", "2017-06-30": "2156.06300", "2017-03-31": "2137.49800", "2016-12-31": "2186.22100", "2016-09-30": "2133.40700", "2016-06-30": "2340.98900", "2016-03-31": "2354.02700", "2015-12-31": "2292.74800", "2015-09-30": "2338.56600", "2015-06-30": "2393.28800", "2015-03-31": "2247.42500", "2014-12-31": "2143.35200", "2014-09-30": "2282.68400", "2014-06-30": "2309.72000", "2014-03-31": "2132.86200", "2013-12-31": "2132.70300", "2013-09-30": "2321.52100", "2013-06-30": "2273.34800", "2013-03-31": "2144.55600", "2012-12-31": "2217.26000", "2012-09-30": "2347.43500", "2012-06-30": "2361.72600", "2012-03-31": "2596.57200", "2011-12-31": "2657.65600", "2011-09-30": "2657.76900", "2011-06-30": "2514.85800", "2011-03-31": "2594.15100", "2010-12-31": "2521.37900", "2010-09-30": "2647.64400", "2010-06-30": "2355.71700", "2010-03-31": "2287.81300", "2009-12-31": "2259.39000", "2009-09-30": "2094.46400", "2009-06-30": "2052.26800", "2009-03-31": "2060.66400", "2008-12-31": "2031.81600", "2008-09-30": "2167.18700", "2008-06-30": "2198.17400", "2008-03-31": "2122.04200", "2007-12-31": "2109.21100", "2007-09-30": "2083.25500", "2007-06-30": "2016.96000", "2007-03-31": "1979.30500", "2006-12-31": "1745.29800", "2006-09-30": "1641.76900", "2006-06-30": "1653.47000", "2006-03-31": "1559.64000", "2005-12-31": "1547.24600", "2005-09-30": "1319.17900", "2005-06-30": "1373.42200", "2005-03-31": "1278.46300"}, "Common Stock Net": {"2020-12-31": "1.12200", "2020-09-30": "1.12200", "2020-06-30": "1.12200", "2020-03-31": "1.12200", "2019-12-31": "1.12100", "2019-09-30": "1.12100", "2019-06-30": "1.11900", "2019-03-31": "1.11900", "2018-12-31": "1.10200", "2018-09-30": "1.08800", "2018-06-30": "1.03300", "2018-03-31": "1.02200", "2017-12-31": "1.01300", "2017-09-30": "0.99600", "2017-06-30": "0.99500", "2017-03-31": "0.99400", "2016-12-31": "0.98500", "2016-09-30": "0.94800", "2016-06-30": "0.94700", "2016-03-31": "0.94700", "2015-12-31": "0.94500", "2015-09-30": "0.94500", "2015-06-30": "0.94600", "2015-03-31": "0.94500", "2014-12-31": "0.93300", "2014-09-30": "0.87700", "2014-06-30": "0.87700", "2014-03-31": "0.87600", "2013-12-31": "0.87400", "2013-09-30": "0.87400", "2013-06-30": "0.85800", "2013-03-31": "0.85800", "2012-12-31": "0.80900", "2012-09-30": "0.72200", "2012-06-30": "0.72100", "2012-03-31": "0.72000", "2011-12-31": "0.72000", "2011-09-30": "0.72000", "2011-06-30": "0.71900", "2011-03-31": "0.67100", "2010-12-31": "0.66900", "2010-09-30": "0.59400", "2010-06-30": "0.59300", "2010-03-31": "0.58900", "2009-12-31": "0.58300", "2009-09-30": "0.58300", "2009-06-30": "0.58000", "2009-03-31": "0.54400", "2008-12-31": "0.51800", "2008-09-30": "0.51500", "2008-06-30": "0.47700", "2008-03-31": "0.47600", "2007-12-31": "0.47400", "2007-09-30": "0.47300", "2007-06-30": "0.47200", "2007-03-31": "0.46900", "2006-12-31": "0.42900", "2006-09-30": "0.42400", "2006-06-30": "0.42100", "2006-03-31": "0.40000", "2005-12-31": "0.39900", "2005-09-30": "0.39600", "2005-06-30": "0.37200", "2005-03-31": "0.37000"}, "Retained Earnings (Accumulated Deficit)": {"2020-12-31": "-809.83600", "2020-09-30": "-860.64700", "2020-06-30": "-797.95900", "2020-03-31": "-790.60000", "2019-12-31": "-778.27500", "2019-09-30": "-790.23500", "2019-06-30": "-780.66700", "2019-03-31": "-856.70300", "2018-12-31": "-846.80800", "2018-09-30": "-833.50800", "2018-06-30": "-822.27000", "2018-03-31": "-813.30200", "2017-12-31": "-802.08500", "2017-09-30": "-800.29000", "2017-06-30": "-793.82800", "2017-03-31": "-774.44500", "2016-12-31": "-765.27600", "2016-09-30": "-759.26200", "2016-06-30": "-756.94000", "2016-03-31": "-679.93500", "2015-12-31": "-657.17200", "2015-09-30": "-686.98600", "2015-06-30": "-747.23400", "2015-03-31": "-733.45900", "2014-12-31": "-717.26400", "2014-09-30": "-692.97800", "2014-06-30": "-688.03300", "2014-03-31": "-665.70800", "2013-12-31": "-641.86800", "2013-09-30": "-700.36800", "2013-06-30": "-668.89200", "2013-03-31": "-632.13400", "2012-12-31": "-617.45500", "2012-09-30": "-610.65900", "2012-06-30": "-562.67800", "2012-03-31": "-549.45600", "2011-12-31": "-534.04100", "2011-09-30": "-416.34200", "2011-06-30": "-389.19500", "2011-03-31": "-331.31300", "2010-12-31": "-281.79400", "2010-09-30": "-265.69500", "2010-06-30": "-246.00800", "2010-03-31": "-227.18900", "2009-12-31": "-209.94100", "2009-09-30": "-192.11900", "2009-06-30": "-179.69800", "2009-03-31": "-170.71400", "2008-12-31": "-162.57200", "2008-09-30": "-152.58900", "2008-06-30": "-142.33000", "2008-03-31": "-134.96000", "2007-12-31": "-126.15600", "2007-09-30": "-115.96300", "2007-06-30": "-107.27700", "2007-03-31": "-96.51600", "2006-12-31": "-83.54100", "2006-09-30": "-76.04600", "2006-06-30": "-79.06200", "2006-03-31": "-72.67000", "2005-12-31": "-67.69700", "2005-09-30": "-63.25600", "2005-06-30": "-59.22600", "2005-03-31": "-55.31200"}, "Comprehensive Income": {"2020-12-31": "-9.15700", "2020-09-30": "-10.54800", "2020-06-30": "-64.51300", "2020-03-31": "-62.20100", "2019-12-31": "-25.44400", "2019-09-30": "-34.58000", "2019-06-30": "-23.46500", "2019-03-31": "-9.53800", "2018-12-31": "-0.23800", "2018-09-30": "10.10800", "2018-06-30": "9.01200", "2018-03-31": "7.20400", "2017-12-31": "2.16700", "2017-09-30": "-0.85900", "2017-06-30": "-1.16300", "2017-03-31": "-0.37000", "2016-12-31": "-1.73100", "2016-09-30": "-16.31400", "2016-06-30": "-17.71200", "2016-03-31": "-12.86200", "2015-12-31": "-2.83800", "2015-09-30": "-5.82300", "2015-06-30": "-3.14100", "2015-03-31": "-3.94700", "2014-12-31": "-1.29700", "2014-09-30": "0.87100", "2014-06-30": "-0.76100", "2014-03-31": "2.07200", "2013-12-31": "3.48000", "2013-09-30": "2.92500", "2013-06-30": "3.63100", "2013-03-31": "-4.41000", "2012-12-31": "-5.43500", "2012-09-30": "-5.68800", "2012-06-30": "-3.71700", "2012-03-31": "-2.20100", "2011-12-31": "-1.73300", "2011-09-30": "-28.61800", "2011-06-30": "-9.62400", "2011-03-31": "-3.19700", "2010-12-31": "-4.16300", "2010-09-30": "-4.86100", "2010-06-30": "-4.26300", "2010-03-31": "-3.27800", "2009-12-31": "-1.90700", "2009-09-30": "-2.29100", "2009-06-30": "-1.17600", "2009-03-31": "-3.25600", "2008-12-31": "-4.74900", "2008-09-30": "-1.67600", "2008-06-30": "-2.61500", "2008-03-31": "-4.36800", "2007-12-31": "-2.37200", "2007-09-30": "-1.21500", "2007-06-30": "-0.32500", "2007-03-31": "-0.90300", "2006-12-31": "-0.69300", "2006-09-30": "-0.84100", "2006-06-30": "0.22600", "2006-03-31": "-0.38000", "2005-12-31": "-0.48200", "2005-09-30": "-1.39600", "2005-06-30": "-3.35800", "2005-03-31": ""}, "Other Share Holders Equity": {"2020-12-31": "", "2020-09-30": "", "2020-06-30": "", "2020-03-31": "", "2019-12-31": "", "2019-09-30": "", "2019-06-30": "", "2019-03-31": "", "2018-12-31": "", "2018-09-30": "", "2018-06-30": "", "2018-03-31": "", "2017-12-31": "", "2017-09-30": "", "2017-06-30": "", "2017-03-31": "", "2016-12-31": "", "2016-09-30": "", "2016-06-30": "", "2016-03-31": "", "2015-12-31": "", "2015-09-30": "", "2015-06-30": "", "2015-03-31": "", "2014-12-31": "", "2014-09-30": "", "2014-06-30": "", "2014-03-31": "", "2013-12-31": "", "2013-09-30": "", "2013-06-30": "", "2013-03-31": "", "2012-12-31": "", "2012-09-30": "", "2012-06-30": "", "2012-03-31": "", "2011-12-31": "", "2011-09-30": "", "2011-06-30": "", "2011-03-31": "", "2010-12-31": "", "2010-09-30": "", "2010-06-30": "", "2010-03-31": "", "2009-12-31": "", "2009-09-30": "", "2009-06-30": "", "2009-03-31": "", "2008-12-31": "", "2008-09-30": "", "2008-06-30": "", "2008-03-31": "", "2007-12-31": "", "2007-09-30": "", "2007-06-30": "", "2007-03-31": "", "2006-12-31": "", "2006-09-30": "", "2006-06-30": "", "2006-03-31": "", "2005-12-31": "", "2005-09-30": "", "2005-06-30": "", "2005-03-31": ""}, "Share Holder Equity": {"2020-12-31": "1693.71200", "2020-09-30": "1649.63600", "2020-06-30": "1656.92400", "2020-03-31": "1665.18600", "2019-12-31": "1719.24500", "2019-09-30": "1695.94700", "2019-06-30": "1719.11100", "2019-03-31": "1656.17800", "2018-12-31": "1627.04800", "2018-09-30": "1609.72900", "2018-06-30": "1508.48500", "2018-03-31": "1482.02400", "2017-12-31": "1468.30700", "2017-09-30": "1414.78400", "2017-06-30": "1418.82400", "2017-03-31": "1601.86800", "2016-12-31": "1594.66400", "2016-09-30": "1500.78700", "2016-06-30": "1500.70300", "2016-03-31": "1583.88100", "2015-12-31": "1616.56400", "2015-09-30": "1579.90700", "2015-06-30": "1517.63300", "2015-03-31": "1529.73000", "2014-12-31": "1520.88400", "2014-09-30": "1397.50400", "2014-06-30": "1399.78000", "2014-03-31": "1473.03500", "2013-12-31": "1497.24900", "2013-09-30": "1434.06700", "2013-06-30": "1426.28700", "2013-03-31": "1540.54300", "2012-12-31": "1436.49900", "2012-09-30": "1250.22100", "2012-06-30": "1353.34900", "2012-03-31": "1200.79600", "2011-12-31": "1205.89900", "2011-09-30": "1307.62300", "2011-06-30": "1353.37200", "2011-03-31": "1271.65800", "2010-12-31": "1323.13800", "2010-09-30": "1089.72800", "2010-06-30": "1111.56600", "2010-03-31": "1110.53900", "2009-12-31": "1120.63200", "2009-09-30": "1136.18300", "2009-06-30": "1146.40700", "2009-03-31": "1076.62600", "2008-12-31": "1082.42300", "2008-09-30": "932.54100", "2008-06-30": "812.29600", "2008-03-31": "814.70200", "2007-12-31": "822.64200", "2007-09-30": "832.76800", "2007-06-30": "837.76900", "2007-03-31": "835.41800", "2006-12-31": "674.30300", "2006-09-30": "714.15300", "2006-06-30": "655.64800", "2006-03-31": "583.23500", "2005-12-31": "582.51300", "2005-09-30": "582.51700", "2005-06-30": "517.02600", "2005-03-31": "520.45700"}, "Total Liabilities And Share Holders Equity": {"2020-12-31": "4077.02300", "2020-09-30": "4120.18900", "2020-06-30": "4011.32500", "2020-03-31": "4054.45700", "2019-12-31": "3854.45300", "2019-09-30": "3855.36900", "2019-06-30": "3803.46900", "2019-03-31": "3775.85900", "2018-12-31": "3656.00500", "2018-09-30": "3650.36600", "2018-06-30": "3612.36200", "2018-03-31": "3596.23800", "2017-12-31": "3595.20500", "2017-09-30": "3559.77200", "2017-06-30": "3574.88700", "2017-03-31": "3739.36600", "2016-12-31": "3780.88500", "2016-09-30": "3634.19400", "2016-06-30": "3841.69200", "2016-03-31": "3937.90800", "2015-12-31": "3909.31200", "2015-09-30": "3918.47300", "2015-06-30": "3910.92100", "2015-03-31": "3777.15500", "2014-12-31": "3664.23600", "2014-09-30": "3680.18800", "2014-06-30": "3709.50000", "2014-03-31": "3605.89700", "2013-12-31": "3629.95200", "2013-09-30": "3755.58800", "2013-06-30": "3699.63500", "2013-03-31": "3685.09900", "2012-12-31": "3653.75900", "2012-09-30": "3597.65600", "2012-06-30": "3715.07500", "2012-03-31": "3797.36800", "2011-12-31": "3863.55500", "2011-09-30": "3965.39200", "2011-06-30": "3868.23000", "2011-03-31": "3865.80900", "2010-12-31": "3844.51700", "2010-09-30": "3737.37200", "2010-06-30": "3467.28300", "2010-03-31": "3398.35200", "2009-12-31": "3380.02200", "2009-09-30": "3230.64700", "2009-06-30": "3198.67500", "2009-03-31": "3137.29000", "2008-12-31": "3114.23900", "2008-09-30": "3099.72800", "2008-06-30": "3010.47000", "2008-03-31": "2936.74400", "2007-12-31": "2931.85300", "2007-09-30": "2916.02300", "2007-06-30": "2854.72900", "2007-03-31": "2814.72300", "2006-12-31": "2419.60100", "2006-09-30": "2355.92200", "2006-06-30": "2309.11800", "2006-03-31": "2142.87500", "2005-12-31": "2129.75900", "2005-09-30": "1901.69600", "2005-06-30": "1890.44800", "2005-03-31": "1798.92000"}}, "cash flow statement": {"Net Income/Loss": {"2020-12-31": "0.00000", "2019-12-31": "200.00400", "2018-12-31": "78.64300", "2017-12-31": "74.94100", "2016-12-31": "33.76800", "2015-12-31": "188.87800", "2014-12-31": "45.20600", "2013-12-31": "101.54400", "2012-12-31": "20.34100", "2011-12-31": "-127.57600", "2010-12-31": "45.50400", "2009-12-31": "61.29900", "2008-12-31": "61.31600", "2007-12-31": "35.94200", "2006-12-31": "49.22700", "2005-12-31": "39.03100"}, "Total Depreciation And Amortization - Cash Flow": {"2020-12-31": "", "2019-12-31": "142.54200", "2018-12-31": "142.45600", "2017-12-31": "140.80800", "2016-12-31": "140.75500", "2015-12-31": "147.81900", "2014-12-31": "144.07700", "2013-12-31": "126.38300", "2012-12-31": "133.81600", "2011-12-31": "148.73000", "2010-12-31": "137.53100", "2009-12-31": "119.43700", "2008-12-31": "110.62000", "2007-12-31": "113.17900", "2006-12-31": "81.15100", "2005-12-31": "65.36900"}, "Other Non-Cash Items": {"2020-12-31": "", "2019-12-31": "-104.20900", "2018-12-31": "3.67000", "2017-12-31": "6.62500", "2016-12-31": "45.90000", "2015-12-31": "-123.45000", "2014-12-31": "-5.70300", "2013-12-31": "-56.98700", "2012-12-31": "43.74200", "2011-12-31": "165.95700", "2010-12-31": "-2.35000", "2009-12-31": "4.46700", "2008-12-31": "-6.88300", "2007-12-31": "-2.02600", "2006-12-31": "-7.00600", "2005-12-31": "4.03500"}, "Total Non-Cash Items": {"2020-12-31": "", "2019-12-31": "38.33300", "2018-12-31": "146.12600", "2017-12-31": "147.43300", "2016-12-31": "186.65500", "2015-12-31": "24.36900", "2014-12-31": "138.37400", "2013-12-31": "69.39600", "2012-12-31": "177.55800", "2011-12-31": "314.68700", "2010-12-31": "135.18100", "2009-12-31": "123.90400", "2008-12-31": "103.73700", "2007-12-31": "111.15300", "2006-12-31": "74.14500", "2005-12-31": "69.40400"}, "Change In Accounts Receivable": {"2020-12-31": "", "2019-12-31": "-11.23200", "2018-12-31": "1.05200", "2017-12-31": "0.13200", "2016-12-31": "-5.40700", "2015-12-31": "-14.87900", "2014-12-31": "-4.17900", "2013-12-31": "-16.31800", "2012-12-31": "-3.72700", "2011-12-31": "-16.34500", "2010-12-31": "-7.38600", "2009-12-31": "-4.93000", "2008-12-31": "0.53400", "2007-12-31": "-15.48400", "2006-12-31": "-27.94600", "2005-12-31": "-5.75700"}, "Change In Inventories": {"2020-12-31": "", "2019-12-31": "", "2018-12-31": "", "2017-12-31": "", "2016-12-31": "", "2015-12-31": "", "2014-12-31": "", "2013-12-31": "", "2012-12-31": "", "2011-12-31": "", "2010-12-31": "", "2009-12-31": "", "2008-12-31": "", "2007-12-31": "", "2006-12-31": "", "2005-12-31": ""}, "Change In Accounts Payable": {"2020-12-31": "", "2019-12-31": "", "2018-12-31": "", "2017-12-31": "", "2016-12-31": "", "2015-12-31": "", "2014-12-31": "", "2013-12-31": "", "2012-12-31": "", "2011-12-31": "", "2010-12-31": "", "2009-12-31": "", "2008-12-31": "", "2007-12-31": "", "2006-12-31": "", "2005-12-31": ""}, "Change In Assets/Liabilities": {"2020-12-31": "", "2019-12-31": "-18.91600", "2018-12-31": "3.84000", "2017-12-31": "3.30600", "2016-12-31": "-23.90900", "2015-12-31": "9.26000", "2014-12-31": "-10.60700", "2013-12-31": "0.39700", "2012-12-31": "-6.43500", "2011-12-31": "-0.58200", "2010-12-31": "2.78100", "2009-12-31": "-1.24300", "2008-12-31": "-15.83100", "2007-12-31": "10.03000", "2006-12-31": "4.18100", "2005-12-31": "-12.68700"}, "Total Change In Assets/Liabilities": {"2020-12-31": "", "2019-12-31": "-9.77900", "2018-12-31": "-44.28700", "2017-12-31": "7.74700", "2016-12-31": "13.84700", "2015-12-31": "-9.23900", "2014-12-31": "10.30500", "2013-12-31": "-11.96100", "2012-12-31": "-6.06100", "2011-12-31": "-34.96800", "2010-12-31": "-24.24900", "2009-12-31": "9.61400", "2008-12-31": "15.83900", "2007-12-31": "-8.70400", "2006-12-31": "-10.22100", "2005-12-31": "-12.49100"}, "Cash Flow From Operating Activities": {"2020-12-31": "", "2019-12-31": "228.55800", "2018-12-31": "180.48200", "2017-12-31": "230.12100", "2016-12-31": "234.27000", "2015-12-31": "204.00800", "2014-12-31": "193.88500", "2013-12-31": "158.97900", "2012-12-31": "191.83800", "2011-12-31": "152.14300", "2010-12-31": "156.43600", "2009-12-31": "194.81700", "2008-12-31": "180.89200", "2007-12-31": "138.39100", "2006-12-31": "113.15100", "2005-12-31": "95.94400"}, "Net Change In Property, Plant, And Equipment": {"2020-12-31": "", "2019-12-31": "-286.31600", "2018-12-31": "-159.99400", "2017-12-31": "-19.66500", "2016-12-31": "144.43600", "2015-12-31": "-40.61100", "2014-12-31": "-142.60300", "2013-12-31": "-53.23900", "2012-12-31": "125.32800", "2011-12-31": "-153.02900", "2010-12-31": "-275.48800", "2009-12-31": "-176.29900", "2008-12-31": "-250.80800", "2007-12-31": "-333.09600", "2006-12-31": "-243.50400", "2005-12-31": "-472.89300"}, "Net Change In Intangible Assets": {"2020-12-31": "", "2019-12-31": "", "2018-12-31": "", "2017-12-31": "", "2016-12-31": "", "2015-12-31": "", "2014-12-31": "", "2013-12-31": "", "2012-12-31": "", "2011-12-31": "", "2010-12-31": "", "2009-12-31": "", "2008-12-31": "", "2007-12-31": "", "2006-12-31": "", "2005-12-31": ""}, "Net Acquisitions/Divestitures": {"2020-12-31": "", "2019-12-31": "", "2018-12-31": "", "2017-12-31": "", "2016-12-31": "", "2015-12-31": "-202.86600", "2014-12-31": "", "2013-12-31": "", "2012-12-31": "-48.30800", "2011-12-31": "-32.85600", "2010-12-31": "-146.27500", "2009-12-31": "-45.01000", "2008-12-31": "", "2007-12-31": "", "2006-12-31": "-5.25000", "2005-12-31": "-1.20800"}, "Net Change In Short-term Investments": {"2020-12-31": "", "2019-12-31": "", "2018-12-31": "", "2017-12-31": "", "2016-12-31": "", "2015-12-31": "", "2014-12-31": "", "2013-12-31": "", "2012-12-31": "", "2011-12-31": "", "2010-12-31": "0.00000", "2009-12-31": "0.00000", "2008-12-31": "", "2007-12-31": "", "2006-12-31": "", "2005-12-31": ""}, "Net Change In Long-Term Investments": {"2020-12-31": "", "2019-12-31": "", "2018-12-31": "", "2017-12-31": "", "2016-12-31": "", "2015-12-31": "", "2014-12-31": "", "2013-12-31": "", "2012-12-31": "", "2011-12-31": "", "2010-12-31": "", "2009-12-31": "", "2008-12-31": "-6.00000", "2007-12-31": "2.52600", "2006-12-31": "1.52400", "2005-12-31": "-0.13000"}, "Net Change In Investments - Total": {"2020-12-31": "", "2019-12-31": "", "2018-12-31": "", "2017-12-31": "", "2016-12-31": "", "2015-12-31": "", "2014-12-31": "", "2013-12-31": "", "2012-12-31": "", "2011-12-31": "", "2010-12-31": "", "2009-12-31": "", "2008-12-31": "-6.00000", "2007-12-31": "2.52600", "2006-12-31": "1.52400", "2005-12-31": "-0.13000"}, "Investing Activities - Other": {"2020-12-31": "", "2019-12-31": "148.30100", "2018-12-31": "-72.92400", "2017-12-31": "-69.69800", "2016-12-31": "-73.26200", "2015-12-31": "-64.05500", "2014-12-31": "-67.08600", "2013-12-31": "-66.55100", "2012-12-31": "-63.27600", "2011-12-31": "-74.50200", "2010-12-31": "-57.40400", "2009-12-31": "-127.76700", "2008-12-31": "-34.01400", "2007-12-31": "2.16600", "2006-12-31": "-6.60400", "2005-12-31": "53.93000"}, "Cash Flow From Investing Activities": {"2020-12-31": "", "2019-12-31": "-138.01500", "2018-12-31": "-232.91800", "2017-12-31": "-89.36300", "2016-12-31": "71.17400", "2015-12-31": "-307.53200", "2014-12-31": "-209.68900", "2013-12-31": "-119.79000", "2012-12-31": "13.74400", "2011-12-31": "-260.38700", "2010-12-31": "-479.16700", "2009-12-31": "-349.07600", "2008-12-31": "-290.82200", "2007-12-31": "-328.40400", "2006-12-31": "-253.83400", "2005-12-31": "-420.30100"}, "Net Long-Term Debt": {"2020-12-31": "", "2019-12-31": "3.00500", "2018-12-31": "-19.21300", "2017-12-31": "-78.06200", "2016-12-31": "-117.00200", "2015-12-31": "259.04500", "2014-12-31": "-9.25900", "2013-12-31": "64.88810", "2012-12-31": "-394.95310", "2011-12-31": "111.35110", "2010-12-31": "209.25300", "2009-12-31": "191.68100", "2008-12-31": "53.14810", "2007-12-31": "288.44700", "2006-12-31": "110.58610", "2005-12-31": "308.75700"}, "Net Current Debt": {"2020-12-31": "", "2019-12-31": "", "2018-12-31": "", "2017-12-31": "", "2016-12-31": "", "2015-12-31": "", "2014-12-31": "", "2013-12-31": "", "2012-12-31": "", "2011-12-31": "", "2010-12-31": "", "2009-12-31": "", "2008-12-31": "", "2007-12-31": "", "2006-12-31": "", "2005-12-31": ""}, "Debt Issuance/Retirement Net - Total": {"2020-12-31": "", "2019-12-31": "3.00500", "2018-12-31": "-19.21300", "2017-12-31": "-78.06200", "2016-12-31": "-117.00200", "2015-12-31": "259.04500", "2014-12-31": "-9.25900", "2013-12-31": "64.88810", "2012-12-31": "-394.95310", "2011-12-31": "111.35110", "2010-12-31": "209.25300", "2009-12-31": "191.68100", "2008-12-31": "53.14810", "2007-12-31": "288.44700", "2006-12-31": "110.58610", "2005-12-31": "308.75700"}, "Net Common Equity Issued/Repurchased": {"2020-12-31": "", "2019-12-31": "44.35100", "2018-12-31": "200.36300", "2017-12-31": "67.56100", "2016-12-31": "106.60300", "2015-12-31": "26.10500", "2014-12-31": "148.62000", "2013-12-31": "155.44200", "2012-12-31": "202.04600", "2011-12-31": "143.83800", "2010-12-31": "246.28300", "2009-12-31": "75.00300", "2008-12-31": "140.43800", "2007-12-31": "-0.35100", "2006-12-31": "89.20200", "2005-12-31": "79.53900"}, "Net Total Equity Issued/Repurchased": {"2020-12-31": "", "2019-12-31": "44.35100", "2018-12-31": "200.36300", "2017-12-31": "-131.52200", "2016-12-31": "106.60300", "2015-12-31": "26.10500", "2014-12-31": "98.62000", "2013-12-31": "70.69200", "2012-12-31": "312.69800", "2011-12-31": "143.83800", "2010-12-31": "246.28300", "2009-12-31": "75.00300", "2008-12-31": "140.43800", "2007-12-31": "7.09500", "2006-12-31": "106.68400", "2005-12-31": "79.53900"}, "Total Common And Preferred Stock Dividends Paid": {"2020-12-31": "", "2019-12-31": "-122.65700", "2018-12-31": "-114.28600", "2017-12-31": "-118.47900", "2016-12-31": "-118.34500", "2015-12-31": "-117.84800", "2014-12-31": "-113.06100", "2013-12-31": "-114.80900", "2012-12-31": "-108.24800", "2011-12-31": "-130.74500", "2010-12-31": "-109.89400", "2009-12-31": "-109.67400", "2008-12-31": "-95.75500", "2007-12-31": "-85.46500", "2006-12-31": "-73.26700", "2005-12-31": "-63.26400"}, "Financial Activities - Other": {"2020-12-31": "", "2019-12-31": "-9.06200", "2018-12-31": "-17.30900", "2017-12-31": "-10.48300", "2016-12-31": "-26.34400", "2015-12-31": "-9.54500", "2014-12-31": "-8.79200", "2013-12-31": "-16.18100", "2012-12-31": "-10.04400", "2011-12-31": "-20.74300", "2010-12-31": "-21.07100", "2009-12-31": "-1.26400", "2008-12-31": "-5.76400", "2007-12-31": "-3.34900", "2006-12-31": "-6.18100", "2005-12-31": "-3.71200"}, "Cash Flow From Financial Activities": {"2020-12-31": "", "2019-12-31": "-84.36300", "2018-12-31": "49.55500", "2017-12-31": "-338.54600", "2016-12-31": "-155.08800", "2015-12-31": "157.75700", "2014-12-31": "-32.49200", "2013-12-31": "4.59000", "2012-12-31": "-200.54700", "2011-12-31": "103.70100", "2010-12-31": "324.57100", "2009-12-31": "155.74600", "2008-12-31": "92.06700", "2007-12-31": "206.72800", "2006-12-31": "137.82200", "2005-12-31": "321.32000"}, "Net Cash Flow": {"2020-12-31": "", "2019-12-31": "6.18000", "2018-12-31": "-2.88100", "2017-12-31": "-197.78800", "2016-12-31": "150.35600", "2015-12-31": "54.23300", "2014-12-31": "-48.29600", "2013-12-31": "43.77900", "2012-12-31": "5.03500", "2011-12-31": "-4.54300", "2010-12-31": "1.84000", "2009-12-31": "1.48700", "2008-12-31": "-17.86300", "2007-12-31": "16.71500", "2006-12-31": "-2.86100", "2005-12-31": "-3.03700"}, "Stock-Based Compensation": {"2020-12-31": "", "2019-12-31": "6.71400", "2018-12-31": "6.37600", "2017-12-31": "5.61500", "2016-12-31": "6.84300", "2015-12-31": "6.57400", "2014-12-31": "6.16400", "2013-12-31": "6.53000", "2012-12-31": "9.98200", "2011-12-31": "11.92000", "2010-12-31": "11.84500", "2009-12-31": "10.60200", "2008-12-31": "9.03600", "2007-12-31": "6.64300", "2006-12-31": "3.83300", "2005-12-31": "2.17300"}, "Common Stock Dividends Paid": {"2020-12-31": "", "2019-12-31": "-122.65700", "2018-12-31": "-114.28600", "2017-12-31": "-109.17400", "2016-12-31": "-104.13500", "2015-12-31": "-103.63800", "2014-12-31": "-96.33000", "2013-12-31": "-93.47400", "2012-12-31": "-89.16100", "2011-12-31": "-114.64300", "2010-12-31": "-93.79200", "2009-12-31": "-109.67400", "2008-12-31": "-95.75500", "2007-12-31": "-85.46500", "2006-12-31": "-73.26700", "2005-12-31": "-63.26400"}}, "cash flow statement, quarterly": {"Net Income/Loss": {"2020-12-31": -19.329, "2020-09-30": -31.342, "2020-06-30": 25.121, "2020-03-31": "25.55000", "2019-12-31": 44.877, "2019-09-30": 23.246, "2019-06-30": 109.563, "2019-03-31": "22.31800", "2018-12-31": 18.456, "2018-09-30": 20.322, "2018-06-30": 21.085, "2018-03-31": "18.78000", "2017-12-31": 11.008, "2017-09-30": 22.334, "2017-06-30": 18.859, "2017-03-31": "22.74000", "2016-12-31": 44.716, "2016-09-30": 29.272, "2016-06-30": -48.316, "2016-03-31": "8.09600", "2015-12-31": 62.617, "2015-09-30": 94.294, "2015-06-30": 17.232, "2015-03-31": "14.73500", "2014-12-31": 5.937, "2014-09-30": 24.548, "2014-06-30": 9.05, "2014-03-31": "5.67100", "2013-12-31": 92.672, "2013-09-30": -2, "2013-06-30": -4.405, "2013-03-31": "15.27700", "2012-12-31": 19.01, "2012-09-30": -20.765, "2012-06-30": 11.861, "2012-03-31": "10.23500", "2011-12-31": -90.473, "2011-09-30": 7.47, "2011-06-30": -26.007, "2011-03-31": "-18.56600", "2010-12-31": 16.752, "2010-09-30": 8.926, "2010-06-30": 9.151, "2010-03-31": "10.67500", "2009-12-31": 9.546, "2009-09-30": 15.536, "2009-06-30": 18.051, "2009-03-31": "18.16600", "2008-12-31": 21.437, "2008-09-30": 13.788, "2008-06-30": 13.91, "2008-03-31": "12.18100", "2007-12-31": 11.087, "2007-09-30": 11.431, "2007-06-30": 7.877, "2007-03-31": "5.54700", "2006-12-31": 9.587, "2006-09-30": 20.587, "2006-06-30": 9.116, "2006-03-31": "9.93700", "2005-12-31": 10.282, "2005-09-30": 10.589, "2005-06-30": 9.12, "2005-03-31": "9.04000"}, "Total Depreciation And Amortization - Cash Flow": {"2020-12-31": -105.968, "2020-09-30": 36.9, "2020-06-30": 35.092, "2020-03-31": "33.97600", "2019-12-31": 34.14, "2019-09-30": 36.074, "2019-06-30": 36.201, "2019-03-31": "36.12700", "2018-12-31": 37.538, "2018-09-30": 35.586, "2018-06-30": 34.475, "2018-03-31": "34.85700", "2017-12-31": 35.331, "2017-09-30": 35.916, "2017-06-30": 34.643, "2017-03-31": "34.91800", "2016-12-31": 34.87, "2016-09-30": 33.986, "2016-06-30": 35.275, "2016-03-31": "36.62400", "2015-12-31": 38.278, "2015-09-30": 40.519, "2015-06-30": 35.677, "2015-03-31": "33.34500", "2014-12-31": 33.153, "2014-09-30": 32.396, "2014-06-30": 33.089, "2014-03-31": "45.43900", "2013-12-31": 32.928, "2013-09-30": 30.912, "2013-06-30": 31.523, "2013-03-31": "31.02000", "2012-12-31": 31.515, "2012-09-30": 33.567, "2012-06-30": 34.682, "2012-03-31": "34.05200", "2011-12-31": 35.899, "2011-09-30": 39.686, "2011-06-30": 36.092, "2011-03-31": "37.05300", "2010-12-31": 39.166, "2010-09-30": 35.699, "2010-06-30": 32.977, "2010-03-31": "29.68900", "2009-12-31": 31.616, "2009-09-30": 28.811, "2009-06-30": 30.509, "2009-03-31": "28.50100", "2008-12-31": 29.684, "2008-09-30": 27.566, "2008-06-30": 26.752, "2008-03-31": "26.61800", "2007-12-31": 31.382, "2007-09-30": 26.922, "2007-06-30": 27.876, "2007-03-31": "26.99900", "2006-12-31": 20.452, "2006-09-30": 22.494, "2006-06-30": 18.865, "2006-03-31": "19.34000", "2005-12-31": 15.942, "2005-09-30": 18.897, "2005-06-30": 15.538, "2005-03-31": "14.99200"}, "Other Non-Cash Items": {"2020-12-31": -58.527, "2020-09-30": 57.838, "2020-06-30": 1.582, "2020-03-31": "-0.89300", "2019-12-31": -20.75, "2019-09-30": 3.142, "2019-06-30": -84.149, "2019-03-31": "-2.45200", "2018-12-31": 0.877, "2018-09-30": 3.881, "2018-06-30": -0.218, "2018-03-31": "-0.87000", "2017-12-31": 10.028, "2017-09-30": -2.399, "2017-06-30": 3.384, "2017-03-31": "-4.38800", "2016-12-31": -22.123, "2016-09-30": -8.099, "2016-06-30": 72.275, "2016-03-31": "3.84700", "2015-12-31": -32.086, "2015-09-30": -92.061, "2015-06-30": 5.284, "2015-03-31": "-4.58700", "2014-12-31": 3.743, "2014-09-30": -12.453, "2014-06-30": 2.159, "2014-03-31": "0.84800", "2013-12-31": -71.777, "2013-09-30": 22.589, "2013-06-30": -2.253, "2013-03-31": "-5.54600", "2012-12-31": 7.69, "2012-09-30": 31.71, "2012-06-30": 3.581, "2012-03-31": "0.76100", "2011-12-31": 115.285, "2011-09-30": -14.163, "2011-06-30": 37.803, "2011-03-31": "27.03200", "2010-12-31": -7.155, "2010-09-30": 0.19, "2010-06-30": 2.658, "2010-03-31": "1.95700", "2009-12-31": 0.117, "2009-09-30": 0.894, "2009-06-30": 1.454, "2009-03-31": "2.00200", "2008-12-31": -9.062, "2008-09-30": 2.478, "2008-06-30": 1.311, "2008-03-31": "-1.61000", "2007-12-31": -4.789, "2007-09-30": -0.638, "2007-06-30": 1.541, "2007-03-31": "1.86000", "2006-12-31": 1.988, "2006-09-30": -10.812, "2006-06-30": 2.444, "2006-03-31": "-0.62600", "2005-12-31": 3.903, "2005-09-30": -2.568, "2005-06-30": 1.275, "2005-03-31": "1.42500"}, "Total Non-Cash Items": {"2020-12-31": -164.495, "2020-09-30": 94.738, "2020-06-30": 36.674, "2020-03-31": "33.08300", "2019-12-31": 13.39, "2019-09-30": 39.216, "2019-06-30": -47.948, "2019-03-31": "33.67500", "2018-12-31": 38.415, "2018-09-30": 39.467, "2018-06-30": 34.257, "2018-03-31": "33.98700", "2017-12-31": 45.359, "2017-09-30": 33.517, "2017-06-30": 38.027, "2017-03-31": "30.53000", "2016-12-31": 12.747, "2016-09-30": 25.887, "2016-06-30": 107.55, "2016-03-31": "40.47100", "2015-12-31": 6.192, "2015-09-30": -51.542, "2015-06-30": 40.961, "2015-03-31": "28.75800", "2014-12-31": 36.896, "2014-09-30": 19.943, "2014-06-30": 35.248, "2014-03-31": "46.28700", "2013-12-31": -38.849, "2013-09-30": 53.501, "2013-06-30": 29.27, "2013-03-31": "25.47400", "2012-12-31": 39.205, "2012-09-30": 65.277, "2012-06-30": 38.263, "2012-03-31": "34.81300", "2011-12-31": 151.184, "2011-09-30": 25.523, "2011-06-30": 73.895, "2011-03-31": "64.08500", "2010-12-31": 32.011, "2010-09-30": 35.889, "2010-06-30": 35.635, "2010-03-31": "31.64600", "2009-12-31": 31.733, "2009-09-30": 29.705, "2009-06-30": 31.963, "2009-03-31": "30.50300", "2008-12-31": 20.622, "2008-09-30": 30.044, "2008-06-30": 28.063, "2008-03-31": "25.00800", "2007-12-31": 26.593, "2007-09-30": 26.284, "2007-06-30": 29.417, "2007-03-31": "28.85900", "2006-12-31": 22.44, "2006-09-30": 11.682, "2006-06-30": 21.309, "2006-03-31": "18.71400", "2005-12-31": 19.845, "2005-09-30": 16.329, "2005-06-30": 16.813, "2005-03-31": "16.41700"}, "Change In Accounts Receivable": {"2020-12-31": 4.304, "2020-09-30": -9.343, "2020-06-30": 0.492, "2020-03-31": "4.54700", "2019-12-31": 2.435, "2019-09-30": 18.179, "2019-06-30": -32.879, "2019-03-31": "1.03300", "2018-12-31": -7.665, "2018-09-30": 0.667, "2018-06-30": -8.36, "2018-03-31": "16.41000", "2017-12-31": -7.366, "2017-09-30": 20.156, "2017-06-30": -33.144, "2017-03-31": "20.48600", "2016-12-31": -9.083, "2016-09-30": -3.031, "2016-06-30": 6.298, "2016-03-31": "0.40900", "2015-12-31": -21.405, "2015-09-30": 1.827, "2015-06-30": 11.617, "2015-03-31": "-6.91800", "2014-12-31": -10.994, "2014-09-30": 12.485, "2014-06-30": -3.901, "2014-03-31": "-1.76900", "2013-12-31": -17.841, "2013-09-30": 5.907, "2013-06-30": -10.726, "2013-03-31": "6.34200", "2012-12-31": -13.79, "2012-09-30": -4.968, "2012-06-30": 0.239, "2012-03-31": "14.79200", "2011-12-31": -15.034, "2011-09-30": -7.355, "2011-06-30": 11.111, "2011-03-31": "-5.06700", "2010-12-31": -2.443, "2010-09-30": -27.178, "2010-06-30": 21.516, "2010-03-31": "0.71900", "2009-12-31": 19.134, "2009-09-30": -20.966, "2009-06-30": -2.83, "2009-03-31": "-0.26800", "2008-12-31": 24.211, "2008-09-30": -19.355, "2008-06-30": -6.61, "2008-03-31": "2.28800", "2007-12-31": -11.923, "2007-09-30": -5.166, "2007-06-30": 2.367, "2007-03-31": "-0.76200", "2006-12-31": -9.328, "2006-09-30": -17.525, "2006-06-30": 2.228, "2006-03-31": "-3.32100", "2005-12-31": 2.317, "2005-09-30": -5.065, "2005-06-30": 1.277, "2005-03-31": "-4.28600"}, "Change In Inventories": {"2020-12-31": 0, "2020-09-30": 0, "2020-06-30": 0, "2020-03-31": "", "2019-12-31": 0, "2019-09-30": 0, "2019-06-30": 0, "2019-03-31": "", "2018-12-31": 0, "2018-09-30": 0, "2018-06-30": 0, "2018-03-31": "", "2017-12-31": 0, "2017-09-30": 0, "2017-06-30": 0, "2017-03-31": "", "2016-12-31": 0, "2016-09-30": 0, "2016-06-30": 0, "2016-03-31": "", "2015-12-31": 0, "2015-09-30": 0, "2015-06-30": 0, "2015-03-31": "", "2014-12-31": 0, "2014-09-30": 0, "2014-06-30": 0, "2014-03-31": "", "2013-12-31": 0, "2013-09-30": 0, "2013-06-30": 0, "2013-03-31": "", "2012-12-31": 0, "2012-09-30": 0, "2012-06-30": 0, "2012-03-31": "", "2011-12-31": 0, "2011-09-30": 0, "2011-06-30": 0, "2011-03-31": "", "2010-12-31": 0, "2010-09-30": 0, "2010-06-30": 0, "2010-03-31": "", "2009-12-31": 0, "2009-09-30": 0, "2009-06-30": 0, "2009-03-31": "", "2008-12-31": 0, "2008-09-30": 0, "2008-06-30": 0, "2008-03-31": "", "2007-12-31": 0, "2007-09-30": 0, "2007-06-30": 0, "2007-03-31": "", "2006-12-31": 0, "2006-09-30": 0, "2006-06-30": 0, "2006-03-31": "", "2005-12-31": 0, "2005-09-30": 0, "2005-06-30": 0, "2005-03-31": ""}, "Change In Accounts Payable": {"2020-12-31": 0, "2020-09-30": 0, "2020-06-30": 0, "2020-03-31": "", "2019-12-31": 0, "2019-09-30": 0, "2019-06-30": 0, "2019-03-31": "", "2018-12-31": 0, "2018-09-30": 0, "2018-06-30": 0, "2018-03-31": "", "2017-12-31": 0, "2017-09-30": 0, "2017-06-30": 0, "2017-03-31": "", "2016-12-31": 0, "2016-09-30": 0, "2016-06-30": 0, "2016-03-31": "", "2015-12-31": 0, "2015-09-30": 0, "2015-06-30": 0, "2015-03-31": "", "2014-12-31": 0, "2014-09-30": 0, "2014-06-30": 0, "2014-03-31": "", "2013-12-31": 0, "2013-09-30": 0, "2013-06-30": 0, "2013-03-31": "", "2012-12-31": 0, "2012-09-30": 0, "2012-06-30": 0, "2012-03-31": "", "2011-12-31": 0, "2011-09-30": 0, "2011-06-30": 0, "2011-03-31": "", "2010-12-31": 0, "2010-09-30": 0, "2010-06-30": 0, "2010-03-31": "", "2009-12-31": 0, "2009-09-30": 0, "2009-06-30": 0, "2009-03-31": "", "2008-12-31": 0, "2008-09-30": 0, "2008-06-30": 0, "2008-03-31": "", "2007-12-31": 0, "2007-09-30": 0, "2007-06-30": 0, "2007-03-31": "", "2006-12-31": 0, "2006-09-30": 0, "2006-06-30": 0, "2006-03-31": "", "2005-12-31": 0, "2005-09-30": 0, "2005-06-30": 0, "2005-03-31": ""}, "Change In Assets/Liabilities": {"2020-12-31": 16.508, "2020-09-30": -36.549, "2020-06-30": 5.57, "2020-03-31": "14.47100", "2019-12-31": 10.066, "2019-09-30": -25.528, "2019-06-30": 7.396, "2019-03-31": "-10.85000", "2018-12-31": 10.139, "2018-09-30": -20.274, "2018-06-30": 13.054, "2018-03-31": "0.92100", "2017-12-31": 2.163, "2017-09-30": -21.275, "2017-06-30": 23.823, "2017-03-31": "-1.40500", "2016-12-31": 4.277, "2016-09-30": -22.684, "2016-06-30": -7.767, "2016-03-31": "2.26500", "2015-12-31": 11.827, "2015-09-30": -6.464, "2015-06-30": 11.286, "2015-03-31": "-7.38900", "2014-12-31": 16.954, "2014-09-30": -26.689, "2014-06-30": 2.564, "2014-03-31": "-3.43600", "2013-12-31": 12.046, "2013-09-30": -13.027, "2013-06-30": -1.395, "2013-03-31": "2.77300", "2012-12-31": 7.76, "2012-09-30": -16.082, "2012-06-30": 26.312, "2012-03-31": "-24.42500", "2011-12-31": 7.942, "2011-09-30": -9.092, "2011-06-30": -1.957, "2011-03-31": "2.52500", "2010-12-31": 2.512, "2010-09-30": 3.843, "2010-06-30": -20.842, "2010-03-31": "17.26800", "2009-12-31": -4.101, "2009-09-30": 8.067, "2009-06-30": -10.941, "2009-03-31": "5.73200", "2008-12-31": -10.969, "2008-09-30": -9.577, "2008-06-30": 1.74, "2008-03-31": "2.97500", "2007-12-31": 16.455, "2007-09-30": -2.091, "2007-06-30": -11.672, "2007-03-31": "7.33800", "2006-12-31": -0.288, "2006-09-30": 1.275, "2006-06-30": -3.499, "2006-03-31": "6.69300", "2005-12-31": -14.353, "2005-09-30": -0.216, "2005-06-30": 0.039, "2005-03-31": "1.84300"}, "Total Change In Assets/Liabilities": {"2020-12-31": 24.783, "2020-09-30": -40.892, "2020-06-30": 12.524, "2020-03-31": "3.58500", "2019-12-31": 13.254, "2019-09-30": -17.24, "2019-06-30": -4.452, "2019-03-31": "-1.34100", "2018-12-31": 1.944, "2018-09-30": -18.834, "2018-06-30": -0.825, "2018-03-31": "-26.57200", "2017-12-31": 4.326, "2017-09-30": -3.952, "2017-06-30": 0.561, "2017-03-31": "6.81200", "2016-12-31": 6.834, "2016-09-30": -9.586, "2016-06-30": 17.727, "2016-03-31": "-1.12800", "2015-12-31": -12.543, "2015-09-30": -17.849, "2015-06-30": 22.756, "2015-03-31": "-1.60300", "2014-12-31": 6.804, "2014-09-30": -3.193, "2014-06-30": 7.114, "2014-03-31": "-0.42000", "2013-12-31": -1.853, "2013-09-30": -6.023, "2013-06-30": -10.645, "2013-03-31": "6.56000", "2012-12-31": -6.053, "2012-09-30": -16.73, "2012-06-30": 17.983, "2012-03-31": "-1.26100", "2011-12-31": -13.434, "2011-09-30": -20.624, "2011-06-30": 11.657, "2011-03-31": "-12.56700", "2010-12-31": 12.121, "2010-09-30": -27.818, "2010-06-30": -1.964, "2010-03-31": "-6.58800", "2009-12-31": 15.509, "2009-09-30": -35.643, "2009-06-30": 10.307, "2009-03-31": "19.44100", "2008-12-31": 12.857, "2008-09-30": -1.817, "2008-06-30": -1.271, "2008-03-31": "6.07000", "2007-12-31": 5.129, "2007-09-30": -7.067, "2007-06-30": -8.213, "2007-03-31": "1.44700", "2006-12-31": -5.462, "2006-09-30": -5.474, "2006-06-30": -0.02, "2006-03-31": "0.73500", "2005-12-31": -10.405, "2005-09-30": -10.813, "2005-06-30": 9.272, "2005-03-31": "-0.54500"}, "Cash Flow From Operating Activities": {"2020-12-31": -159.041, "2020-09-30": 22.504, "2020-06-30": 74.319, "2020-03-31": "62.21800", "2019-12-31": 71.521, "2019-09-30": 45.222, "2019-06-30": 57.163, "2019-03-31": "54.65200", "2018-12-31": 58.815, "2018-09-30": 40.955, "2018-06-30": 54.517, "2018-03-31": "26.19500", "2017-12-31": 60.693, "2017-09-30": 51.899, "2017-06-30": 57.447, "2017-03-31": "60.08200", "2016-12-31": 64.297, "2016-09-30": 45.573, "2016-06-30": 76.961, "2016-03-31": "47.43900", "2015-12-31": 56.266, "2015-09-30": 24.903, "2015-06-30": 80.949, "2015-03-31": "41.89000", "2014-12-31": 49.637, "2014-09-30": 41.298, "2014-06-30": 51.412, "2014-03-31": "51.53800", "2013-12-31": 51.97, "2013-09-30": 45.478, "2013-06-30": 14.22, "2013-03-31": "47.31100", "2012-12-31": 52.162, "2012-09-30": 27.782, "2012-06-30": 68.107, "2012-03-31": "43.78700", "2011-12-31": 47.277, "2011-09-30": 12.369, "2011-06-30": 59.545, "2011-03-31": "32.95200", "2010-12-31": 60.884, "2010-09-30": 16.997, "2010-06-30": 42.822, "2010-03-31": "35.73300", "2009-12-31": 56.788, "2009-09-30": 9.598, "2009-06-30": 60.321, "2009-03-31": "68.11000", "2008-12-31": 54.916, "2008-09-30": 42.015, "2008-06-30": 40.702, "2008-03-31": "43.25900", "2007-12-31": 42.809, "2007-09-30": 30.648, "2007-06-30": 29.081, "2007-03-31": "35.85300", "2006-12-31": 26.565, "2006-09-30": 26.795, "2006-06-30": 30.405, "2006-03-31": "29.38600", "2005-12-31": 19.722, "2005-09-30": 16.105, "2005-06-30": 35.205, "2005-03-31": "24.91200"}, "Net Change In Property, Plant, And Equipment": {"2020-12-31": 284.416, "2020-09-30": -99.059, "2020-06-30": -92.555, "2020-03-31": "-92.80200", "2019-12-31": -84.759, "2019-09-30": -89.441, "2019-06-30": -11.904, "2019-03-31": "-100.21200", "2018-12-31": -54.142, "2018-09-30": -38.103, "2018-06-30": -50.209, "2018-03-31": "-17.54000", "2017-12-31": -7.094, "2017-09-30": 18.557, "2017-06-30": -47.929, "2017-03-31": "16.80100", "2016-12-31": 11.386, "2016-09-30": 202.941, "2016-06-30": -30.197, "2016-03-31": "-39.69400", "2015-12-31": 88.757, "2015-09-30": -29.294, "2015-06-30": -55.441, "2015-03-31": "-44.63300", "2014-12-31": -49.714, "2014-09-30": 10.599, "2014-06-30": -61.083, "2014-03-31": "-42.40500", "2013-12-31": 91.134, "2013-09-30": -56.938, "2013-06-30": -43.074, "2013-03-31": "-44.36100", "2012-12-31": -57.658, "2012-09-30": 123.676, "2012-06-30": 33.556, "2012-03-31": "25.75400", "2011-12-31": -10.468, "2011-09-30": -50.352, "2011-06-30": -48.682, "2011-03-31": "-43.52700", "2010-12-31": -62.976, "2010-09-30": -122.388, "2010-06-30": -49.044, "2010-03-31": "-41.08000", "2009-12-31": -30.244, "2009-09-30": -44.47, "2009-06-30": -58.549, "2009-03-31": "-43.03600", "2008-12-31": -63.313, "2008-09-30": -66.1, "2008-06-30": -96.994, "2008-03-31": "-24.40100", "2007-12-31": -40.794, "2007-09-30": -48.366, "2007-06-30": -55.869, "2007-03-31": "-188.06700", "2006-12-31": -55.071, "2006-09-30": -30.045, "2006-06-30": -148.338, "2006-03-31": "-10.05000", "2005-12-31": -221.431, "2005-09-30": -79.552, "2005-06-30": -86.955, "2005-03-31": "-84.95500"}, "Net Change In Intangible Assets": {"2020-12-31": 0, "2020-09-30": 0, "2020-06-30": 0, "2020-03-31": "", "2019-12-31": 0, "2019-09-30": 0, "2019-06-30": 0, "2019-03-31": "", "2018-12-31": 0, "2018-09-30": 0, "2018-06-30": 0, "2018-03-31": "", "2017-12-31": 0, "2017-09-30": 0, "2017-06-30": 0, "2017-03-31": "", "2016-12-31": 0, "2016-09-30": 0, "2016-06-30": 0, "2016-03-31": "", "2015-12-31": 0, "2015-09-30": 0, "2015-06-30": 0, "2015-03-31": "", "2014-12-31": 0, "2014-09-30": 0, "2014-06-30": 0, "2014-03-31": "", "2013-12-31": 0, "2013-09-30": 0, "2013-06-30": 0, "2013-03-31": "", "2012-12-31": 0, "2012-09-30": 0, "2012-06-30": 0, "2012-03-31": "", "2011-12-31": 0, "2011-09-30": 0, "2011-06-30": 0, "2011-03-31": "", "2010-12-31": 0, "2010-09-30": 0, "2010-06-30": 0, "2010-03-31": "", "2009-12-31": 0, "2009-09-30": 0, "2009-06-30": 0, "2009-03-31": "", "2008-12-31": 0, "2008-09-30": 0, "2008-06-30": 0, "2008-03-31": "", "2007-12-31": 0, "2007-09-30": 0, "2007-06-30": 0, "2007-03-31": "", "2006-12-31": 0, "2006-09-30": 0, "2006-06-30": 0, "2006-03-31": "", "2005-12-31": 0, "2005-09-30": 0, "2005-06-30": 0, "2005-03-31": ""}, "Net Acquisitions/Divestitures": {"2020-12-31": 0, "2020-09-30": 0, "2020-06-30": 0, "2020-03-31": "", "2019-12-31": 0, "2019-09-30": 0, "2019-06-30": 0, "2019-03-31": "", "2018-12-31": 0, "2018-09-30": 0, "2018-06-30": 0, "2018-03-31": "", "2017-12-31": 0, "2017-09-30": 0, "2017-06-30": 0, "2017-03-31": "", "2016-12-31": 0, "2016-09-30": 0, "2016-06-30": 0, "2016-03-31": "", "2015-12-31": 0, "2015-09-30": -65.741, "2015-06-30": -80.503, "2015-03-31": "-56.62200", "2014-12-31": 0, "2014-09-30": 0, "2014-06-30": 0, "2014-03-31": "", "2013-12-31": 0, "2013-09-30": 0, "2013-06-30": 0, "2013-03-31": "", "2012-12-31": 0, "2012-09-30": -48.308, "2012-06-30": 0, "2012-03-31": "", "2011-12-31": -0.05, "2011-09-30": -32.806, "2011-06-30": 0, "2011-03-31": "", "2010-12-31": -42.998, "2010-09-30": -63.277, "2010-06-30": -40, "2010-03-31": "", "2009-12-31": -45.01, "2009-09-30": 0, "2009-06-30": 0, "2009-03-31": "", "2008-12-31": 0, "2008-09-30": 0, "2008-06-30": 0, "2008-03-31": "", "2007-12-31": 1.262, "2007-09-30": -1.262, "2007-06-30": 0, "2007-03-31": "", "2006-12-31": -2.234, "2006-09-30": 0, "2006-06-30": 0, "2006-03-31": "-3.01600", "2005-12-31": -1.208, "2005-09-30": 1.208, "2005-06-30": -1.208, "2005-03-31": ""}, "Net Change In Short-term Investments": {"2020-12-31": 0, "2020-09-30": 0, "2020-06-30": 0, "2020-03-31": "", "2019-12-31": 0, "2019-09-30": 0, "2019-06-30": 0, "2019-03-31": "", "2018-12-31": 0, "2018-09-30": 0, "2018-06-30": 0, "2018-03-31": "", "2017-12-31": 0, "2017-09-30": 0, "2017-06-30": 0, "2017-03-31": "", "2016-12-31": 0, "2016-09-30": 0, "2016-06-30": 0, "2016-03-31": "", "2015-12-31": 0, "2015-09-30": 0, "2015-06-30": 0, "2015-03-31": "", "2014-12-31": 0, "2014-09-30": 0, "2014-06-30": 0, "2014-03-31": "", "2013-12-31": 0, "2013-09-30": 0, "2013-06-30": 0, "2013-03-31": "", "2012-12-31": 0, "2012-09-30": 0, "2012-06-30": 0, "2012-03-31": "", "2011-12-31": -5.773, "2011-09-30": 0, "2011-06-30": 5.773, "2011-03-31": "", "2010-12-31": 0, "2010-09-30": 0, "2010-06-30": 0, "2010-03-31": "", "2009-12-31": 0, "2009-09-30": 0, "2009-06-30": 0, "2009-03-31": "", "2008-12-31": 0, "2008-09-30": 0, "2008-06-30": 0, "2008-03-31": "", "2007-12-31": 0, "2007-09-30": 0, "2007-06-30": 0, "2007-03-31": "", "2006-12-31": 0, "2006-09-30": 0, "2006-06-30": 0, "2006-03-31": "", "2005-12-31": 0, "2005-09-30": 0, "2005-06-30": 0, "2005-03-31": ""}, "Net Change In Long-Term Investments": {"2020-12-31": 0, "2020-09-30": 0, "2020-06-30": 0, "2020-03-31": "", "2019-12-31": 0, "2019-09-30": 0, "2019-06-30": 0, "2019-03-31": "", "2018-12-31": 0, "2018-09-30": 0, "2018-06-30": 0, "2018-03-31": "", "2017-12-31": 0, "2017-09-30": 0, "2017-06-30": 0, "2017-03-31": "", "2016-12-31": 0, "2016-09-30": 0, "2016-06-30": 0, "2016-03-31": "", "2015-12-31": -5.114, "2015-09-30": 0, "2015-06-30": 5.114, "2015-03-31": "", "2014-12-31": 0, "2014-09-30": -0.151, "2014-06-30": 0.151, "2014-03-31": "", "2013-12-31": 0, "2013-09-30": 0, "2013-06-30": 0, "2013-03-31": "", "2012-12-31": 0, "2012-09-30": 0, "2012-06-30": 0, "2012-03-31": "", "2011-12-31": 0, "2011-09-30": 0, "2011-06-30": 0, "2011-03-31": "", "2010-12-31": 0, "2010-09-30": 4.5, "2010-06-30": -4.5, "2010-03-31": "", "2009-12-31": 3, "2009-09-30": -3, "2009-06-30": 0, "2009-03-31": "", "2008-12-31": -6, "2008-09-30": 0, "2008-06-30": 0, "2008-03-31": "", "2007-12-31": 0, "2007-09-30": 2.526, "2007-06-30": 0, "2007-03-31": "", "2006-12-31": -0.127, "2006-09-30": 2.023, "2006-06-30": -0.182, "2006-03-31": "-0.19000", "2005-12-31": -0.166, "2005-09-30": 0.068, "2005-06-30": -0.024, "2005-03-31": "-0.00800"}, "Net Change In Investments - Total": {"2020-12-31": 0, "2020-09-30": 0, "2020-06-30": 0, "2020-03-31": "", "2019-12-31": 0, "2019-09-30": 0, "2019-06-30": 0, "2019-03-31": "", "2018-12-31": 0, "2018-09-30": 0, "2018-06-30": 0, "2018-03-31": "", "2017-12-31": 0, "2017-09-30": 0, "2017-06-30": 0, "2017-03-31": "", "2016-12-31": 0, "2016-09-30": 0, "2016-06-30": 0, "2016-03-31": "", "2015-12-31": -5.114, "2015-09-30": 0, "2015-06-30": 5.114, "2015-03-31": "", "2014-12-31": 0, "2014-09-30": -0.151, "2014-06-30": 0.151, "2014-03-31": "", "2013-12-31": 0, "2013-09-30": 0, "2013-06-30": 0, "2013-03-31": "", "2012-12-31": 0, "2012-09-30": 0, "2012-06-30": 0, "2012-03-31": "", "2011-12-31": -5.773, "2011-09-30": 0, "2011-06-30": 5.773, "2011-03-31": "", "2010-12-31": 0, "2010-09-30": 4.5, "2010-06-30": -4.5, "2010-03-31": "", "2009-12-31": 3, "2009-09-30": -3, "2009-06-30": 0, "2009-03-31": "", "2008-12-31": -6, "2008-09-30": 0, "2008-06-30": 0, "2008-03-31": "", "2007-12-31": 0, "2007-09-30": 2.526, "2007-06-30": 0, "2007-03-31": "", "2006-12-31": -0.127, "2006-09-30": 2.023, "2006-06-30": -0.182, "2006-03-31": "-0.19000", "2005-12-31": -0.166, "2005-09-30": 0.068, "2005-06-30": -0.024, "2005-03-31": "-0.00800"}, "Investing Activities - Other": {"2020-12-31": 111.793, "2020-09-30": -69.862, "2020-06-30": -20.27, "2020-03-31": "-21.66100", "2019-12-31": 55.657, "2019-09-30": -5.842, "2019-06-30": 119.429, "2019-03-31": "-20.94300", "2018-12-31": -26.09, "2018-09-30": -17.775, "2018-06-30": -11.795, "2018-03-31": "-17.26400", "2017-12-31": -29.799, "2017-09-30": -12.25, "2017-06-30": -12.858, "2017-03-31": "-14.79100", "2016-12-31": -18.129, "2016-09-30": -20.817, "2016-06-30": -17.951, "2016-03-31": "-16.36500", "2015-12-31": -19.886, "2015-09-30": -15.213, "2015-06-30": -11.825, "2015-03-31": "-17.13100", "2014-12-31": -22.929, "2014-09-30": -7.453, "2014-06-30": -18.254, "2014-03-31": "-18.45000", "2013-12-31": -24.079, "2013-09-30": -14.578, "2013-06-30": -12.079, "2013-03-31": "-15.81500", "2012-12-31": -12.362, "2012-09-30": -16.19, "2012-06-30": -16.761, "2012-03-31": "-17.96300", "2011-12-31": -6.371, "2011-09-30": -17.258, "2011-06-30": -33.036, "2011-03-31": "-17.83700", "2010-12-31": -24.088, "2010-09-30": -12.259, "2010-06-30": -6.785, "2010-03-31": "-14.27200", "2009-12-31": -115.876, "2009-09-30": -0.973, "2009-06-30": -8.238, "2009-03-31": "-2.68000", "2008-12-31": 3.283, "2008-09-30": -32.41, "2008-06-30": -2.136, "2008-03-31": "-2.75100", "2007-12-31": -1.634, "2007-09-30": -3.965, "2007-06-30": 3.727, "2007-03-31": "4.03800", "2006-12-31": -6.242, "2006-09-30": -0.818, "2006-06-30": 2.284, "2006-03-31": "-1.82800", "2005-12-31": -7.265, "2005-09-30": 65.256, "2005-06-30": -2.337, "2005-03-31": "-1.72400"}, "Cash Flow From Investing Activities": {"2020-12-31": 396.209, "2020-09-30": -168.921, "2020-06-30": -112.825, "2020-03-31": "-114.46300", "2019-12-31": -29.102, "2019-09-30": -95.283, "2019-06-30": 107.525, "2019-03-31": "-121.15500", "2018-12-31": -80.232, "2018-09-30": -55.878, "2018-06-30": -62.004, "2018-03-31": "-34.80400", "2017-12-31": -36.893, "2017-09-30": 6.307, "2017-06-30": -60.787, "2017-03-31": "2.01000", "2016-12-31": -6.743, "2016-09-30": 182.124, "2016-06-30": -48.148, "2016-03-31": "-56.05900", "2015-12-31": 63.757, "2015-09-30": -110.248, "2015-06-30": -142.655, "2015-03-31": "-118.38600", "2014-12-31": -72.643, "2014-09-30": 2.995, "2014-06-30": -79.186, "2014-03-31": "-60.85500", "2013-12-31": 67.055, "2013-09-30": -71.516, "2013-06-30": -55.153, "2013-03-31": "-60.17600", "2012-12-31": -70.02, "2012-09-30": 59.178, "2012-06-30": 16.795, "2012-03-31": "7.79100", "2011-12-31": -22.662, "2011-09-30": -100.416, "2011-06-30": -75.945, "2011-03-31": "-61.36400", "2010-12-31": -130.062, "2010-09-30": -193.424, "2010-06-30": -100.329, "2010-03-31": "-55.35200", "2009-12-31": -188.13, "2009-09-30": -48.443, "2009-06-30": -66.787, "2009-03-31": "-45.71600", "2008-12-31": -66.03, "2008-09-30": -98.51, "2008-06-30": -99.13, "2008-03-31": "-27.15200", "2007-12-31": -41.166, "2007-09-30": -51.067, "2007-06-30": -52.142, "2007-03-31": "-184.02900", "2006-12-31": -63.674, "2006-09-30": -28.84, "2006-06-30": -146.236, "2006-03-31": "-15.08400", "2005-12-31": -230.07, "2005-09-30": -13.02, "2005-06-30": -90.524, "2005-03-31": "-86.68700"}, "Net Long-Term Debt": {"2020-12-31": -348.327, "2020-09-30": 169.012, "2020-06-30": -66.259, "2020-03-31": "245.57400", "2019-12-31": -32.697, "2019-09-30": 77.289, "2019-06-30": -92.839, "2019-03-31": "51.25200", "2018-12-31": 15.06, "2018-09-30": -60.793, "2018-06-30": 4.774, "2018-03-31": "21.74600", "2017-12-31": -45.034, "2017-09-30": -25.015, "2017-06-30": -7.005, "2017-03-31": "-1.00800", "2016-12-31": 29.008, "2016-09-30": -161.48, "2016-06-30": -46.18, "2016-03-31": "61.65000", "2015-12-31": -35.843, "2015-09-30": 85.257, "2015-06-30": 130.33, "2015-03-31": "79.30100", "2014-12-31": -130.197, "2014-09-30": -49.888, "2014-06-30": 167.031, "2014-03-31": "3.79500", "2013-12-31": -60.6499, "2013-09-30": 42.031, "2013-06-30": 143.764, "2013-03-31": "-60.25700", "2012-12-31": -151.3052, "2012-09-30": -7.2189, "2012-06-30": -227.269, "2012-03-31": "-9.16000", "2011-12-31": 5.4291, "2011-09-30": 136.591, "2011-06-30": -99.094, "2011-03-31": "68.42500", "2010-12-31": -146.219, "2010-09-30": 210.988, "2010-06-30": 92.111, "2010-03-31": "52.37300", "2009-12-31": 153.1, "2009-09-30": 65.282, "2009-06-30": -37.755, "2009-03-31": "11.05400", "2008-12-31": 22.6401, "2008-09-30": -48.05, "2008-06-30": 58.405, "2008-03-31": "20.15300", "2007-12-31": 25.818, "2007-09-30": 47.486, "2007-06-30": 37.433, "2007-03-31": "177.71000", "2006-12-31": 90.4171, "2006-09-30": -26.919, "2006-06-30": 35.742, "2006-03-31": "11.34600", "2005-12-31": 219.948, "2005-09-30": -66.492, "2005-06-30": 86.208, "2005-03-31": "69.09300"}, "Net Current Debt": {"2020-12-31": 0, "2020-09-30": 0, "2020-06-30": 0, "2020-03-31": "", "2019-12-31": 0, "2019-09-30": 0, "2019-06-30": 0, "2019-03-31": "", "2018-12-31": 0, "2018-09-30": 0, "2018-06-30": 0, "2018-03-31": "", "2017-12-31": 0, "2017-09-30": 0, "2017-06-30": 0, "2017-03-31": "", "2016-12-31": 0, "2016-09-30": 0, "2016-06-30": 0, "2016-03-31": "", "2015-12-31": 0, "2015-09-30": 0, "2015-06-30": 0, "2015-03-31": "", "2014-12-31": 0, "2014-09-30": 0, "2014-06-30": 0, "2014-03-31": "", "2013-12-31": 0, "2013-09-30": 0, "2013-06-30": 0, "2013-03-31": "", "2012-12-31": 0, "2012-09-30": 0, "2012-06-30": 0, "2012-03-31": "", "2011-12-31": 0, "2011-09-30": 0, "2011-06-30": 0, "2011-03-31": "", "2010-12-31": 0, "2010-09-30": 0, "2010-06-30": 0, "2010-03-31": "", "2009-12-31": 0, "2009-09-30": 0, "2009-06-30": 0, "2009-03-31": "", "2008-12-31": 0, "2008-09-30": 0, "2008-06-30": 0, "2008-03-31": "", "2007-12-31": 0, "2007-09-30": 0, "2007-06-30": 0, "2007-03-31": "", "2006-12-31": 0, "2006-09-30": 0, "2006-06-30": 0, "2006-03-31": "", "2005-12-31": 0, "2005-09-30": 0, "2005-06-30": 0, "2005-03-31": ""}, "Debt Issuance/Retirement Net - Total": {"2020-12-31": -348.327, "2020-09-30": 169.012, "2020-06-30": -66.259, "2020-03-31": "245.57400", "2019-12-31": -32.697, "2019-09-30": 77.289, "2019-06-30": -92.839, "2019-03-31": "51.25200", "2018-12-31": 15.06, "2018-09-30": -60.793, "2018-06-30": 4.774, "2018-03-31": "21.74600", "2017-12-31": -45.034, "2017-09-30": -25.015, "2017-06-30": -7.005, "2017-03-31": "-1.00800", "2016-12-31": 29.008, "2016-09-30": -161.48, "2016-06-30": -46.18, "2016-03-31": "61.65000", "2015-12-31": -35.843, "2015-09-30": 85.257, "2015-06-30": 130.33, "2015-03-31": "79.30100", "2014-12-31": -130.197, "2014-09-30": -49.888, "2014-06-30": 167.031, "2014-03-31": "3.79500", "2013-12-31": -60.6499, "2013-09-30": 42.031, "2013-06-30": 143.764, "2013-03-31": "-60.25700", "2012-12-31": -151.3052, "2012-09-30": -7.2189, "2012-06-30": -227.269, "2012-03-31": "-9.16000", "2011-12-31": 5.4291, "2011-09-30": 136.591, "2011-06-30": -99.094, "2011-03-31": "68.42500", "2010-12-31": -146.219, "2010-09-30": 210.988, "2010-06-30": 92.111, "2010-03-31": "52.37300", "2009-12-31": 153.1, "2009-09-30": 65.282, "2009-06-30": -37.755, "2009-03-31": "11.05400", "2008-12-31": 22.6401, "2008-09-30": -48.05, "2008-06-30": 58.405, "2008-03-31": "20.15300", "2007-12-31": 25.818, "2007-09-30": 47.486, "2007-06-30": 37.433, "2007-03-31": "177.71000", "2006-12-31": 90.4171, "2006-09-30": -26.919, "2006-06-30": 35.742, "2006-03-31": "11.34600", "2005-12-31": 219.948, "2005-09-30": -66.492, "2005-06-30": 86.208, "2005-03-31": "69.09300"}, "Net Common Equity Issued/Repurchased": {"2020-12-31": 1.629, "2020-09-30": -0.057, "2020-06-30": -0.08, "2020-03-31": "-1.49200", "2019-12-31": -0.091, "2019-09-30": -0.053, "2019-06-30": -0.103, "2019-03-31": "44.59800", "2018-12-31": 39.744, "2018-09-30": 109.867, "2018-06-30": 32.09, "2018-03-31": "18.66200", "2017-12-31": 49.596, "2017-09-30": -0.057, "2017-06-30": 1.538, "2017-03-31": "16.48400", "2016-12-31": 108.828, "2016-09-30": -0.728, "2016-06-30": -0.338, "2016-03-31": "-1.15900", "2015-12-31": -0.132, "2015-09-30": -0.085, "2015-06-30": -0.051, "2015-03-31": "26.37300", "2014-12-31": 148.657, "2014-09-30": 0.111, "2014-06-30": 0.376, "2014-03-31": "-0.52400", "2013-12-31": -0.017, "2013-09-30": 38.475, "2013-06-30": 0.171, "2013-03-31": "116.81300", "2012-12-31": 204.664, "2012-09-30": 0.416, "2012-06-30": -0.738, "2012-03-31": "-2.29600", "2011-12-31": 0.005, "2011-09-30": 2.285, "2011-06-30": 145.261, "2011-03-31": "-3.71300", "2010-12-31": 245.767, "2010-09-30": 1.164, "2010-06-30": 0.924, "2010-03-31": "-1.57200", "2009-12-31": 0.824, "2009-09-30": 2.249, "2009-06-30": 73.514, "2009-03-31": "-1.58400", "2008-12-31": 0.322, "2008-09-30": 140.07, "2008-06-30": 0.803, "2008-03-31": "-0.75700", "2007-12-31": -7.364, "2007-09-30": 0.873, "2007-06-30": 1.371, "2007-03-31": "4.76900", "2006-12-31": 0.58, "2006-09-30": 3.568, "2006-06-30": 83.473, "2006-03-31": "1.58100", "2005-12-31": 1.279, "2005-09-30": 76.008, "2005-06-30": 1.659, "2005-03-31": "0.59300"}, "Net Total Equity Issued/Repurchased": {"2020-12-31": 1.629, "2020-09-30": -0.057, "2020-06-30": -0.08, "2020-03-31": "-1.49200", "2019-12-31": -0.091, "2019-09-30": -0.053, "2019-06-30": -0.103, "2019-03-31": "44.59800", "2018-12-31": 39.744, "2018-09-30": 109.867, "2018-06-30": 32.09, "2018-03-31": "18.66200", "2017-12-31": 49.596, "2017-09-30": -0.057, "2017-06-30": -170.962, "2017-03-31": "-10.09900", "2016-12-31": 108.828, "2016-09-30": -0.728, "2016-06-30": -0.338, "2016-03-31": "-1.15900", "2015-12-31": -0.132, "2015-09-30": -0.085, "2015-06-30": -0.051, "2015-03-31": "26.37300", "2014-12-31": 148.657, "2014-09-30": 0.111, "2014-06-30": -49.624, "2014-03-31": "-0.52400", "2013-12-31": -0.017, "2013-09-30": 38.475, "2013-06-30": -84.579, "2013-03-31": "116.81300", "2012-12-31": 204.654, "2012-09-30": -54.824, "2012-06-30": 165.164, "2012-03-31": "-2.29600", "2011-12-31": 0.005, "2011-09-30": 2.285, "2011-06-30": 145.261, "2011-03-31": "-3.71300", "2010-12-31": 245.767, "2010-09-30": 1.164, "2010-06-30": 0.924, "2010-03-31": "-1.57200", "2009-12-31": 0.824, "2009-09-30": 2.249, "2009-06-30": 73.514, "2009-03-31": "-1.58400", "2008-12-31": 0.322, "2008-09-30": 140.07, "2008-06-30": 0.803, "2008-03-31": "-0.75700", "2007-12-31": 0.082, "2007-09-30": 0.873, "2007-06-30": 1.371, "2007-03-31": "4.76900", "2006-12-31": -35.051, "2006-09-30": 56.681, "2006-06-30": 83.473, "2006-03-31": "1.58100", "2005-12-31": 1.279, "2005-09-30": 76.008, "2005-06-30": 1.659, "2005-03-31": "0.59300"}, "Total Common And Preferred Stock Dividends Paid": {"2020-12-31": 106.027, "2020-09-30": -43.651, "2020-06-30": -31.233, "2020-03-31": "-31.14300", "2019-12-31": -29.838, "2019-09-30": -30.994, "2019-06-30": -31.15, "2019-03-31": "-30.67500", "2018-12-31": -29.937, "2018-09-30": -28.399, "2018-06-30": -28.095, "2018-03-31": "-27.85500", "2017-12-31": -27.395, "2017-09-30": -25.066, "2017-06-30": -35.337, "2017-03-31": "-30.68100", "2016-12-31": -29.616, "2016-09-30": -27.241, "2016-06-30": -31.934, "2016-03-31": "-29.55400", "2015-12-31": -29.55, "2015-09-30": -27.09, "2015-06-30": -32.01, "2015-03-31": "-29.19800", "2014-12-31": -27.665, "2014-09-30": -25.011, "2014-06-30": -31.859, "2014-03-31": "-28.52600", "2013-12-31": -28.513, "2013-09-30": -28.089, "2013-06-30": -29.825, "2013-03-31": "-28.38200", "2012-12-31": -26.578, "2012-09-30": -24.112, "2012-06-30": -23.847, "2012-03-31": "-33.71100", "2011-12-31": -33.698, "2011-09-30": -33.581, "2011-06-30": -29.821, "2011-03-31": "-33.64500", "2010-12-31": -22.418, "2010-09-30": -29.199, "2010-06-30": -29.175, "2010-03-31": "-29.10200", "2009-12-31": -29.034, "2009-09-30": -27.683, "2009-06-30": -26.515, "2009-03-31": "-26.44200", "2008-12-31": -26.399, "2008-09-30": -23.169, "2008-06-30": -23.131, "2008-03-31": "-23.05600", "2007-12-31": -23.057, "2007-09-30": -21.38, "2007-06-30": -21.31, "2007-03-31": "-19.71800", "2006-12-31": -19.728, "2006-09-30": -18.029, "2006-06-30": -17.449, "2006-03-31": "-18.06100", "2005-12-31": -17.236, "2005-09-30": -15.407, "2005-06-30": -15.336, "2005-03-31": "-15.28500"}, "Financial Activities - Other": {"2020-12-31": 6.958, "2020-09-30": 9.922, "2020-06-30": -0.943, "2020-03-31": "-15.93700", "2019-12-31": 0.83, "2019-09-30": -9.408, "2019-06-30": -1.637, "2019-03-31": "1.15300", "2018-12-31": -4.432, "2018-09-30": -5.397, "2018-06-30": -1.238, "2018-03-31": "-6.24200", "2017-12-31": 1.24, "2017-09-30": -8.771, "2017-06-30": 1.213, "2017-03-31": "-4.16500", "2016-12-31": -2.682, "2016-09-30": -3.991, "2016-06-30": 0.467, "2016-03-31": "-20.13800", "2015-12-31": 1.972, "2015-09-30": -5.971, "2015-06-30": -3.918, "2015-03-31": "-1.62800", "2014-12-31": -1.73, "2014-09-30": -5.703, "2014-06-30": 0.068, "2014-03-31": "-1.42700", "2013-12-31": -2.79, "2013-09-30": -8.257, "2013-06-30": -2.74, "2013-03-31": "-2.39400", "2012-12-31": -3.328, "2012-09-30": -0.498, "2012-06-30": -2.235, "2012-03-31": "-3.98300", "2011-12-31": -2.296, "2011-09-30": -17.45, "2011-06-30": -0.846, "2011-03-31": "-0.15100", "2010-12-31": -9.583, "2010-09-30": -4.672, "2010-06-30": -6.654, "2010-03-31": "-0.16200", "2009-12-31": 4.733, "2009-09-30": -2.953, "2009-06-30": -3.549, "2009-03-31": "0.50500", "2008-12-31": 0.01, "2008-09-30": -3.897, "2008-06-30": -2.399, "2008-03-31": "0.52200", "2007-12-31": -1.743, "2007-09-30": 0.212, "2007-06-30": -1.313, "2007-03-31": "-0.50500", "2006-12-31": -1.416, "2006-09-30": -4.626, "2006-06-30": -0.356, "2006-03-31": "0.21700", "2005-12-31": -0.207, "2005-09-30": -1.332, "2005-06-30": -1.938, "2005-03-31": "-0.23500"}, "Cash Flow From Financial Activities": {"2020-12-31": -233.713, "2020-09-30": 135.226, "2020-06-30": -98.515, "2020-03-31": "197.00200", "2019-12-31": -61.796, "2019-09-30": 36.834, "2019-06-30": -125.729, "2019-03-31": "66.32800", "2018-12-31": 20.435, "2018-09-30": 15.278, "2018-06-30": 7.531, "2018-03-31": "6.31100", "2017-12-31": -21.593, "2017-09-30": -58.909, "2017-06-30": -212.091, "2017-03-31": "-45.95300", "2016-12-31": 105.538, "2016-09-30": -193.44, "2016-06-30": -77.985, "2016-03-31": "10.79900", "2015-12-31": -63.553, "2015-09-30": 52.111, "2015-06-30": 94.351, "2015-03-31": "74.84800", "2014-12-31": -10.935, "2014-09-30": -80.491, "2014-06-30": 85.616, "2014-03-31": "-26.68200", "2013-12-31": -91.97, "2013-09-30": 44.16, "2013-06-30": 26.62, "2013-03-31": "25.78000", "2012-12-31": 23.443, "2012-09-30": -86.653, "2012-06-30": -88.187, "2012-03-31": "-49.15000", "2011-12-31": -30.56, "2011-09-30": 87.848, "2011-06-30": 15.497, "2011-03-31": "30.91600", "2010-12-31": 67.547, "2010-09-30": 178.281, "2010-06-30": 57.206, "2010-03-31": "21.53700", "2009-12-31": 129.623, "2009-09-30": 36.895, "2009-06-30": 5.695, "2009-03-31": "-16.46700", "2008-12-31": -3.427, "2008-09-30": 64.954, "2008-06-30": 33.678, "2008-03-31": "-3.13800", "2007-12-31": 1.1, "2007-09-30": 27.191, "2007-06-30": 16.181, "2007-03-31": "162.25600", "2006-12-31": 34.222, "2006-09-30": 7.107, "2006-06-30": 101.41, "2006-03-31": "-4.91700", "2005-12-31": 203.784, "2005-09-30": -7.223, "2005-06-30": 70.593, "2005-03-31": "54.16600"}, "Net Cash Flow": {"2020-12-31": 3.455, "2020-09-30": -11.191, "2020-06-30": -137.021, "2020-03-31": "144.75700", "2019-12-31": -19.377, "2019-09-30": -13.227, "2019-06-30": 38.959, "2019-03-31": "-0.17500", "2018-12-31": -0.982, "2018-09-30": 0.355, "2018-06-30": 0.044, "2018-03-31": "-2.29800", "2017-12-31": 2.207, "2017-09-30": -0.703, "2017-06-30": -215.431, "2017-03-31": "16.13900", "2016-12-31": 163.092, "2016-09-30": 34.257, "2016-06-30": -49.172, "2016-03-31": "2.17900", "2015-12-31": 56.47, "2015-09-30": -33.234, "2015-06-30": 32.645, "2015-03-31": "-1.64800", "2014-12-31": -33.941, "2014-09-30": -36.198, "2014-06-30": 57.842, "2014-03-31": "-35.99900", "2013-12-31": 27.055, "2013-09-30": 18.122, "2013-06-30": -14.313, "2013-03-31": "12.91500", "2012-12-31": 5.585, "2012-09-30": 0.307, "2012-06-30": -3.285, "2012-03-31": "2.42800", "2011-12-31": -5.945, "2011-09-30": -0.199, "2011-06-30": -0.903, "2011-03-31": "2.50400", "2010-12-31": -1.631, "2010-09-30": 1.854, "2010-06-30": -0.301, "2010-03-31": "1.91800", "2009-12-31": -1.719, "2009-09-30": -1.95, "2009-06-30": -0.771, "2009-03-31": "5.92700", "2008-12-31": -14.541, "2008-09-30": 8.459, "2008-06-30": -24.75, "2008-03-31": "12.96900", "2007-12-31": 2.743, "2007-09-30": 6.772, "2007-06-30": -6.88, "2007-03-31": "14.08000", "2006-12-31": -2.887, "2006-09-30": 5.062, "2006-06-30": -14.421, "2006-03-31": "9.38500", "2005-12-31": -6.564, "2005-09-30": -4.138, "2005-06-30": 15.274, "2005-03-31": "-7.60900"}, "Stock-Based Compensation": {"2020-12-31": -4.753, "2020-09-30": 1.726, "2020-06-30": 1.638, "2020-03-31": "1.38900", "2019-12-31": 1.735, "2019-09-30": 1.696, "2019-06-30": 1.624, "2019-03-31": "1.65900", "2018-12-31": 1.641, "2018-09-30": 1.603, "2018-06-30": 1.587, "2018-03-31": "1.54500", "2017-12-31": 1.523, "2017-09-30": 1.272, "2017-06-30": 1.332, "2017-03-31": "1.48800", "2016-12-31": 1.206, "2016-09-30": 1.798, "2016-06-30": 1.731, "2016-03-31": "2.10800", "2015-12-31": 1.625, "2015-09-30": 1.739, "2015-06-30": 1.658, "2015-03-31": "1.55200", "2014-12-31": 1.601, "2014-09-30": 1.507, "2014-06-30": 1.501, "2014-03-31": "1.55500", "2013-12-31": 1.661, "2013-09-30": 1.573, "2013-06-30": 1.647, "2013-03-31": "1.64900", "2012-12-31": 1.72, "2012-09-30": 1.703, "2012-06-30": 3.157, "2012-03-31": "3.40200", "2011-12-31": 3.764, "2011-09-30": 2.422, "2011-06-30": 2.817, "2011-03-31": "2.91700", "2010-12-31": 3.119, "2010-09-30": 3.084, "2010-06-30": 3.031, "2010-03-31": "2.61100", "2009-12-31": 2.694, "2009-09-30": 2.658, "2009-06-30": 2.505, "2009-03-31": "2.74500", "2008-12-31": 2.224, "2008-09-30": 2.256, "2008-06-30": 2.396, "2008-03-31": "2.16000", "2007-12-31": 1.674, "2007-09-30": 1.828, "2007-06-30": 1.801, "2007-03-31": "1.34000", "2006-12-31": 1.348, "2006-09-30": 0.994, "2006-06-30": 0.849, "2006-03-31": "0.64200", "2005-12-31": 2.173, "2005-09-30": 0, "2005-06-30": 0, "2005-03-31": ""}, "Common Stock Dividends Paid": {"2020-12-31": 106.027, "2020-09-30": -43.651, "2020-06-30": -31.233, "2020-03-31": "-31.14300", "2019-12-31": -29.838, "2019-09-30": -30.994, "2019-06-30": -31.15, "2019-03-31": "-30.67500", "2018-12-31": -29.937, "2018-09-30": -28.399, "2018-06-30": -28.095, "2018-03-31": "-27.85500", "2017-12-31": -27.395, "2017-09-30": -25.066, "2017-06-30": -29.613, "2017-03-31": "-27.10000", "2016-12-31": -26.063, "2016-09-30": -23.689, "2016-06-30": -28.381, "2016-03-31": "-26.00200", "2015-12-31": -25.997, "2015-09-30": -23.538, "2015-06-30": -28.457, "2015-03-31": "-25.64600", "2014-12-31": -24.113, "2014-09-30": -21.458, "2014-06-30": -26.723, "2014-03-31": "-24.03600", "2013-12-31": -24.023, "2013-09-30": -23.599, "2013-06-30": -23.576, "2013-03-31": "-22.27600", "2012-12-31": -19.836, "2012-09-30": -19.818, "2012-06-30": -19.821, "2012-03-31": "-29.68600", "2011-12-31": -29.672, "2011-09-30": -29.556, "2011-06-30": -21.77, "2011-03-31": "-33.64500", "2010-12-31": -6.316, "2010-09-30": -29.199, "2010-06-30": -29.175, "2010-03-31": "-29.10200", "2009-12-31": -29.034, "2009-09-30": -27.683, "2009-06-30": -26.515, "2009-03-31": "-26.44200", "2008-12-31": -26.399, "2008-09-30": -23.169, "2008-06-30": -23.131, "2008-03-31": "-23.05600", "2007-12-31": -23.057, "2007-09-30": -21.38, "2007-06-30": -21.31, "2007-03-31": "-19.71800", "2006-12-31": -19.728, "2006-09-30": -18.029, "2006-06-30": -17.449, "2006-03-31": "-18.06100", "2005-12-31": -17.236, "2005-09-30": -15.407, "2005-06-30": -15.336, "2005-03-31": "-15.28500"}}, "financial ratios": {"Current Ratio": {"2019-12-31": "", "2018-12-31": "", "2017-12-31": "", "2016-12-31": "", "2015-12-31": "", "2014-12-31": "", "2013-12-31": "", "2012-12-31": "", "2011-12-31": "", "2010-12-31": "", "2009-12-31": "", "2008-12-31": "", "2007-12-31": "", "2006-12-31": "", "2005-12-31": ""}, "Long-term Debt / Capital": {"2019-12-31": "0.51580", "2018-12-31": "0.52850", "2017-12-31": "0.55670", "2016-12-31": "0.54420", "2015-12-31": "0.56240", "2014-12-31": "0.55720", "2013-12-31": "0.56280", "2012-12-31": "0.58430", "2011-12-31": "0.66800", "2010-12-31": "0.63720", "2009-12-31": "0.64700", "2008-12-31": "0.63170", "2007-12-31": "0.68940", "2006-12-31": "0.68970", "2005-12-31": "0.69830"}, "Debt/Equity Ratio": {"2019-12-31": "1.06510", "2018-12-31": "1.12100", "2017-12-31": "1.25600", "2016-12-31": "1.19400", "2015-12-31": "1.28530", "2014-12-31": "1.25850", "2013-12-31": "1.28750", "2012-12-31": "1.40560", "2011-12-31": "2.01200", "2010-12-31": "1.75620", "2009-12-31": "1.83280", "2008-12-31": "1.71540", "2007-12-31": "2.21950", "2006-12-31": "2.22240", "2005-12-31": "2.31470"}, "Gross Margin": {"2019-12-31": "", "2018-12-31": "", "2017-12-31": "", "2016-12-31": "", "2015-12-31": "", "2014-12-31": "", "2013-12-31": "", "2012-12-31": "", "2011-12-31": "", "2010-12-31": "", "2009-12-31": "", "2008-12-31": "", "2007-12-31": "", "2006-12-31": "", "2005-12-31": ""}, "Operating Margin": {"2019-12-31": "24.34120", "2018-12-31": "25.00000", "2017-12-31": "22.16590", "2016-12-31": "9.12550", "2015-12-31": "19.20070", "2014-12-31": "22.44130", "2013-12-31": "27.11520", "2012-12-31": "17.52800", "2011-12-31": "6.14620", "2010-12-31": "22.45150", "2009-12-31": "17.66850", "2008-12-31": "22.71660", "2007-12-31": "28.70260", "2006-12-31": "30.35410", "2005-12-31": "29.88800"}, "EBIT Margin": {"2019-12-31": "24.34120", "2018-12-31": "25.00000", "2017-12-31": "22.16590", "2016-12-31": "9.12550", "2015-12-31": "19.20070", "2014-12-31": "22.44130", "2013-12-31": "27.11520", "2012-12-31": "17.52800", "2011-12-31": "6.14620", "2010-12-31": "22.45150", "2009-12-31": "17.66850", "2008-12-31": "22.71660", "2007-12-31": "28.70260", "2006-12-31": "30.35410", "2005-12-31": "29.88800"}, "EBITDA Margin": {"2019-12-31": "46.57080", "2018-12-31": "49.64160", "2017-12-31": "45.14300", "2016-12-31": "33.63320", "2015-12-31": "42.83420", "2014-12-31": "47.00800", "2013-12-31": "51.26360", "2012-12-31": "43.86280", "2011-12-31": "36.31720", "2010-12-31": "50.39170", "2009-12-31": "33.86060", "2008-12-31": "41.62130", "2007-12-31": "56.68490", "2006-12-31": "53.43930", "2005-12-31": "50.57160"}, "Pre-Tax Profit Margin": {"2019-12-31": "30.90240", "2018-12-31": "13.07410", "2017-12-31": "12.16490", "2016-12-31": "5.79110", "2015-12-31": "19.31550", "2014-12-31": "5.89800", "2013-12-31": "7.01310", "2012-12-31": "1.64290", "2011-12-31": "-17.42770", "2010-12-31": "5.22700", "2009-12-31": "7.42410", "2008-12-31": "9.66960", "2007-12-31": "7.66240", "2006-12-31": "9.89850", "2005-12-31": "12.12620"}, "Net Profit Margin": {"2019-12-31": "29.89460", "2018-12-31": "12.50640", "2017-12-31": "9.08570", "2016-12-31": "2.53790", "2015-12-31": "26.23480", "2014-12-31": "3.84450", "2013-12-31": "13.53410", "2012-12-31": "-0.33340", "2011-12-31": "-27.49330", "2010-12-31": "5.41570", "2009-12-31": "5.45360", "2008-12-31": "6.47070", "2007-12-31": "3.98870", "2006-12-31": "8.51340", "2005-12-31": "7.72550"}, "Asset Turnover": {"2019-12-31": "0.16640", "2018-12-31": "0.15810", "2017-12-31": "0.17050", "2016-12-31": "0.15190", "2015-12-31": "0.16000", "2014-12-31": "0.16010", "2013-12-31": "0.14420", "2012-12-31": "0.13910", "2011-12-31": "0.12760", "2010-12-31": "0.12800", "2009-12-31": "0.21820", "2008-12-31": "0.18790", "2007-12-31": "0.13800", "2006-12-31": "0.14530", "2005-12-31": "0.14840"}, "Inventory Turnover Ratio": {"2019-12-31": "", "2018-12-31": "", "2017-12-31": "", "2016-12-31": "", "2015-12-31": "", "2014-12-31": "", "2013-12-31": "", "2012-12-31": "", "2011-12-31": "", "2010-12-31": "", "2009-12-31": "", "2008-12-31": "", "2007-12-31": "", "2006-12-31": "", "2005-12-31": ""}, "Receiveable Turnover": {"2019-12-31": "", "2018-12-31": "", "2017-12-31": "", "2016-12-31": "", "2015-12-31": "", "2014-12-31": "", "2013-12-31": "", "2012-12-31": "", "2011-12-31": "", "2010-12-31": "", "2009-12-31": "", "2008-12-31": "", "2007-12-31": "", "2006-12-31": "", "2005-12-31": ""}, "Days Sales In Receivables": {"2019-12-31": "", "2018-12-31": "", "2017-12-31": "", "2016-12-31": "", "2015-12-31": "", "2014-12-31": "", "2013-12-31": "", "2012-12-31": "", "2011-12-31": "", "2010-12-31": "", "2009-12-31": "", "2008-12-31": "", "2007-12-31": "", "2006-12-31": "", "2005-12-31": ""}, "ROE - Return On Equity": {"2019-12-31": "11.63320", "2018-12-31": "4.83350", "2017-12-31": "5.10390", "2016-12-31": "2.37440", "2015-12-31": "8.51330", "2014-12-31": "2.61080", "2013-12-31": "2.95120", "2012-12-31": "0.72250", "2011-12-31": "-8.00360", "2010-12-31": "1.93650", "2009-12-31": "4.86960", "2008-12-31": "5.20910", "2007-12-31": "3.67130", "2006-12-31": "4.46070", "2005-12-31": "5.60860"}, "Return On Tangible Equity": {"2019-12-31": "11.82160", "2018-12-31": "4.96620", "2017-12-31": "5.31790", "2016-12-31": "2.22700", "2015-12-31": "7.94840", "2014-12-31": "2.33640", "2013-12-31": "2.56160", "2012-12-31": "0.58550", "2011-12-31": "-7.09190", "2010-12-31": "2.11850", "2009-12-31": "5.34980", "2008-12-31": "5.69160", "2007-12-31": "4.22970", "2006-12-31": "5.12370", "2005-12-31": "6.64600"}, "ROA - Return On Assets": {"2019-12-31": "5.18890", "2018-12-31": "2.15110", "2017-12-31": "2.08450", "2016-12-31": "0.89310", "2015-12-31": "3.08690", "2014-12-31": "0.94180", "2013-12-31": "1.01480", "2012-12-31": "0.21800", "2011-12-31": "-2.05000", "2010-12-31": "0.66640", "2009-12-31": "1.61440", "2008-12-31": "1.81040", "2007-12-31": "1.03000", "2006-12-31": "1.24300", "2005-12-31": "1.53380"}, "ROI - Return On Investment": {"2019-12-31": "5.63330", "2018-12-31": "2.27890", "2017-12-31": "2.26240", "2016-12-31": "0.96520", "2015-12-31": "3.26650", "2014-12-31": "1.00470", "2013-12-31": "1.07550", "2012-12-31": "0.23050", "2011-12-31": "-2.18050", "2010-12-31": "0.70260", "2009-12-31": "1.71890", "2008-12-31": "1.91820", "2007-12-31": "1.14020", "2006-12-31": "1.38410", "2005-12-31": "1.69180"}, "Book Value Per Share": {"2019-12-31": "15.34100", "2018-12-31": "14.75890", "2017-12-31": "14.49580", "2016-12-31": "16.18970", "2015-12-31": "17.10070", "2014-12-31": "16.30890", "2013-12-31": "17.13200", "2012-12-31": "17.74490", "2011-12-31": "16.74600", "2010-12-31": "19.76840", "2009-12-31": "19.20770", "2008-12-31": "20.90020", "2007-12-31": "17.36780", "2006-12-31": "15.71880", "2005-12-31": "14.58950"}, "Operating Cash Flow Per Share": {"2019-12-31": 0.3143, "2018-12-31": -0.5875, "2017-12-31": -0.1558, "2016-12-31": 0.3878, "2015-12-31": -0.1079, "2014-12-31": 0.3313, "2013-12-31": -0.7463, "2012-12-31": 0.4189, "2011-12-31": -0.4169, "2010-12-31": -0.8441, "2009-12-31": -0.2515, "2008-12-31": 0.7929, "2007-12-31": 0.2969, "2006-12-31": 0.1552, "2005-12-31": 2.4603}, "Free Cash Flow Per Share": {"2019-12-31": -0.7142, "2018-12-31": -1.9257, "2017-12-31": -1.881, "2016-12-31": 2.3305, "2015-12-31": 1.092, "2014-12-31": -0.6597, "2013-12-31": -3.0772, "2012-12-31": 4.3307, "2011-12-31": 1.9733, "2010-12-31": -2.3144, "2009-12-31": 1.7604, "2008-12-31": 2.6654, "2007-12-31": -1.0844, "2006-12-31": 6.653, "2005-12-31": -9.6661}}, "financial ratios, quarterly": {"Current Ratio": {"2020-09-30": "", "2020-06-30": "", "2020-03-31": "", "2019-12-31": "", "2019-09-30": "", "2019-06-30": "", "2019-03-31": "", "2018-12-31": "", "2018-09-30": "", "2018-06-30": "", "2018-03-31": "", "2017-12-31": "", "2017-09-30": "", "2017-06-30": "", "2017-03-31": "", "2016-12-31": "", "2016-09-30": "", "2016-06-30": "", "2016-03-31": "", "2015-12-31": "", "2015-09-30": "", "2015-06-30": "", "2015-03-31": "", "2014-12-31": "", "2014-09-30": "", "2014-06-30": "", "2014-03-31": "", "2013-12-31": "", "2013-09-30": "", "2013-06-30": "", "2013-03-31": "", "2012-12-31": "", "2012-09-30": "", "2012-06-30": "", "2012-03-31": "", "2011-12-31": "", "2011-09-30": "", "2011-06-30": "", "2011-03-31": "", "2010-12-31": "", "2010-09-30": "", "2010-06-30": "", "2010-03-31": "", "2009-12-31": "", "2009-09-30": "", "2009-06-30": "", "2009-03-31": "", "2008-12-31": "", "2008-09-30": "", "2008-06-30": "", "2008-03-31": "", "2007-12-31": "", "2007-09-30": "", "2007-06-30": "", "2007-03-31": "", "2006-12-31": "", "2006-09-30": "", "2006-06-30": "", "2006-03-31": "", "2005-12-31": "", "2005-09-30": "", "2005-06-30": "", "2005-03-31": ""}, "Long-term Debt / Capital": {"2020-09-30": "0.56940", "2020-06-30": "0.54840", "2020-03-31": "0.55500", "2019-12-31": "0.51580", "2019-09-30": "0.52340", "2019-06-30": "0.50930", "2019-03-31": "0.53110", "2018-12-31": "0.52850", "2018-09-30": "0.52910", "2018-06-30": "0.55380", "2018-03-31": "0.55740", "2017-12-31": "0.55670", "2017-09-30": "0.57190", "2017-06-30": "0.57430", "2017-03-31": "0.54300", "2016-12-31": "0.54420", "2016-09-30": "0.55530", "2016-06-30": "0.58260", "2016-03-31": "0.57470", "2015-12-31": "0.56240", "2015-09-30": "0.57310", "2015-06-30": "0.58400", "2015-03-31": "0.56660", "2014-12-31": "0.55720", "2014-09-30": "0.59460", "2014-06-30": "0.60000", "2014-03-31": "0.56740", "2013-12-31": "0.56280", "2013-09-30": "0.59820", "2013-06-30": "0.59470", "2013-03-31": "0.55960", "2012-12-31": "0.58430", "2012-09-30": "0.63440", "2012-06-30": "0.61830", "2012-03-31": "0.66820", "2011-12-31": "0.66800", "2011-09-30": "0.64920", "2011-06-30": "0.62950", "2011-03-31": "0.65340", "2010-12-31": "0.63720", "2010-09-30": "0.69370", "2010-06-30": "0.66250", "2010-03-31": "0.65490", "2009-12-31": "0.64700", "2009-09-30": "0.62550", "2009-06-30": "0.61510", "2009-03-31": "0.63450", "2008-12-31": "0.63170", "2008-09-30": "0.66560", "2008-06-30": "0.70100", "2008-03-31": "0.69380", "2007-12-31": "0.68940", "2007-09-30": "0.68370", "2007-06-30": "0.67660", "2007-03-31": "0.67250", "2006-12-31": "0.68970", "2006-09-30": "0.66330", "2006-06-30": "0.68620", "2006-03-31": "0.70000", "2005-12-31": "0.69830", "2005-09-30": "0.65870", "2005-06-30": "0.69490", "2005-03-31": "0.67720"}, "Debt/Equity Ratio": {"2020-09-30": "1.32240", "2020-06-30": "1.21430", "2020-03-31": "1.24720", "2019-12-31": "1.06510", "2019-09-30": "1.09810", "2019-06-30": "1.03800", "2019-03-31": "1.13280", "2018-12-31": "1.12100", "2018-09-30": "1.12360", "2018-06-30": "1.24100", "2018-03-31": "1.25950", "2017-12-31": "1.25600", "2017-09-30": "1.33560", "2017-06-30": "1.34890", "2017-03-31": "1.18840", "2016-12-31": "1.19400", "2016-09-30": "1.24860", "2016-06-30": "1.39570", "2016-03-31": "1.35120", "2015-12-31": "1.28530", "2015-09-30": "1.34260", "2015-06-30": "1.40360", "2015-03-31": "1.30720", "2014-12-31": "1.25850", "2014-09-30": "1.46690", "2014-06-30": "1.49980", "2014-03-31": "1.31150", "2013-12-31": "1.28750", "2013-09-30": "1.48880", "2013-06-30": "1.46750", "2013-03-31": "1.27060", "2012-12-31": "1.40560", "2012-09-30": "1.73510", "2012-06-30": "1.61960", "2012-03-31": "2.01370", "2011-12-31": "2.01200", "2011-09-30": "1.85070", "2011-06-30": "1.69900", "2011-03-31": "1.88480", "2010-12-31": "1.75620", "2010-09-30": "2.26520", "2010-06-30": "1.96330", "2010-03-31": "1.89740", "2009-12-31": "1.83280", "2009-09-30": "1.67040", "2009-06-30": "1.59780", "2009-03-31": "1.73560", "2008-12-31": "1.71540", "2008-09-30": "1.99060", "2008-06-30": "2.34440", "2008-03-31": "2.26580", "2007-12-31": "2.21950", "2007-09-30": "2.16140", "2007-06-30": "2.09180", "2007-03-31": "2.05310", "2006-12-31": "2.22240", "2006-09-30": "1.96970", "2006-06-30": "2.18670", "2006-03-31": "2.33290", "2005-12-31": "2.31470", "2005-09-30": "1.93010", "2005-06-30": "2.27800", "2005-03-31": "2.09760"}, "Gross Margin": {"2020-09-30": "", "2020-06-30": "", "2020-03-31": "", "2019-12-31": "", "2019-09-30": "", "2019-06-30": "", "2019-03-31": "", "2018-12-31": "", "2018-09-30": "", "2018-06-30": "", "2018-03-31": "", "2017-12-31": "", "2017-09-30": "", "2017-06-30": "", "2017-03-31": "", "2016-12-31": "", "2016-09-30": "", "2016-06-30": "", "2016-03-31": "", "2015-12-31": "", "2015-09-30": "", "2015-06-30": "", "2015-03-31": "", "2014-12-31": "", "2014-09-30": "", "2014-06-30": "", "2014-03-31": "", "2013-12-31": "", "2013-09-30": "", "2013-06-30": "", "2013-03-31": "", "2012-12-31": "", "2012-09-30": "", "2012-06-30": "", "2012-03-31": "", "2011-12-31": "", "2011-09-30": "", "2011-06-30": "", "2011-03-31": "", "2010-12-31": "", "2010-09-30": "", "2010-06-30": "", "2010-03-31": "", "2009-12-31": "", "2009-09-30": "", "2009-06-30": "", "2009-03-31": "", "2008-12-31": "", "2008-09-30": "", "2008-06-30": "", "2008-03-31": "", "2007-12-31": "", "2007-09-30": "", "2007-06-30": "", "2007-03-31": "", "2006-12-31": "", "2006-09-30": "", "2006-06-30": "", "2006-03-31": "", "2005-12-31": "", "2005-09-30": "", "2005-06-30": "", "2005-03-31": ""}, "Operating Margin": {"2020-09-30": "24.92210", "2020-06-30": "27.50980", "2020-03-31": "28.44850", "2019-12-31": "24.36610", "2019-09-30": "23.83660", "2019-06-30": "23.49000", "2019-03-31": "25.85540", "2018-12-31": "23.81610", "2018-09-30": "27.18270", "2018-06-30": "26.10280", "2018-03-31": "23.08460", "2017-12-31": "15.09840", "2017-09-30": "24.79920", "2017-06-30": "24.18070", "2017-03-31": "25.34530", "2016-12-31": "26.36930", "2016-09-30": "8.11030", "2016-06-30": "-18.51680", "2016-03-31": "21.11060", "2015-12-31": "13.99270", "2015-09-30": "21.22340", "2015-06-30": "21.99480", "2015-03-31": "18.98670", "2014-12-31": "25.27570", "2014-09-30": "24.45640", "2014-06-30": "22.76930", "2014-03-31": "17.18590", "2013-12-31": "27.05160", "2013-09-30": "23.27030", "2013-06-30": "29.46600", "2013-03-31": "28.65260", "2012-12-31": "23.87910", "2012-09-30": "-6.90190", "2012-06-30": "26.23610", "2012-03-31": "27.37770", "2011-12-31": "-16.51610", "2011-09-30": "21.85590", "2011-06-30": "10.01630", "2011-03-31": "2.91440", "2010-12-31": "19.05830", "2010-09-30": "23.94410", "2010-06-30": "24.86630", "2010-03-31": "20.99560", "2009-12-31": "16.47060", "2009-09-30": "17.18250", "2009-06-30": "16.94280", "2009-03-31": "20.02460", "2008-12-31": "19.14600", "2008-09-30": "18.78240", "2008-06-30": "27.82750", "2008-03-31": "29.49560", "2007-12-31": "28.84060", "2007-09-30": "29.88890", "2007-06-30": "29.01330", "2007-03-31": "26.98770", "2006-12-31": "28.60740", "2006-09-30": "29.43600", "2006-06-30": "32.98590", "2006-03-31": "30.55150", "2005-12-31": "32.89470", "2005-09-30": "24.62110", "2005-06-30": "31.33870", "2005-03-31": "31.86190"}, "EBIT Margin": {"2020-09-30": "24.92210", "2020-06-30": "27.50980", "2020-03-31": "28.44850", "2019-12-31": "24.36610", "2019-09-30": "23.83660", "2019-06-30": "23.49000", "2019-03-31": "25.85540", "2018-12-31": "23.81610", "2018-09-30": "27.18270", "2018-06-30": "26.10280", "2018-03-31": "23.08460", "2017-12-31": "15.09840", "2017-09-30": "24.79920", "2017-06-30": "24.18070", "2017-03-31": "25.34530", "2016-12-31": "26.36930", "2016-09-30": "8.11030", "2016-06-30": "-18.51680", "2016-03-31": "21.11060", "2015-12-31": "13.99270", "2015-09-30": "21.22340", "2015-06-30": "21.99480", "2015-03-31": "18.98670", "2014-12-31": "25.27570", "2014-09-30": "24.45640", "2014-06-30": "22.76930", "2014-03-31": "17.18590", "2013-12-31": "27.05160", "2013-09-30": "23.27030", "2013-06-30": "29.46600", "2013-03-31": "28.65260", "2012-12-31": "23.87910", "2012-09-30": "-6.90190", "2012-06-30": "26.23610", "2012-03-31": "27.37770", "2011-12-31": "-16.51610", "2011-09-30": "21.85590", "2011-06-30": "10.01630", "2011-03-31": "2.91440", "2010-12-31": "19.05830", "2010-09-30": "23.94410", "2010-06-30": "24.86630", "2010-03-31": "20.99560", "2009-12-31": "16.47060", "2009-09-30": "17.18250", "2009-06-30": "16.94280", "2009-03-31": "20.02460", "2008-12-31": "19.14600", "2008-09-30": "18.78240", "2008-06-30": "27.82750", "2008-03-31": "29.49560", "2007-12-31": "28.84060", "2007-09-30": "29.88890", "2007-06-30": "29.01330", "2007-03-31": "26.98770", "2006-12-31": "28.60740", "2006-09-30": "29.43600", "2006-06-30": "32.98590", "2006-03-31": "30.55150", "2005-12-31": "32.89470", "2005-09-30": "24.62110", "2005-06-30": "31.33870", "2005-03-31": "31.86190"}, "EBITDA Margin": {"2020-09-30": "", "2020-06-30": "", "2020-03-31": "", "2019-12-31": "", "2019-09-30": "", "2019-06-30": "", "2019-03-31": "", "2018-12-31": "", "2018-09-30": "", "2018-06-30": "", "2018-03-31": "", "2017-12-31": "", "2017-09-30": "", "2017-06-30": "", "2017-03-31": "", "2016-12-31": "", "2016-09-30": "", "2016-06-30": "", "2016-03-31": "", "2015-12-31": "", "2015-09-30": "", "2015-06-30": "", "2015-03-31": "", "2014-12-31": "", "2014-09-30": "", "2014-06-30": "", "2014-03-31": "", "2013-12-31": "", "2013-09-30": "", "2013-06-30": "", "2013-03-31": "", "2012-12-31": "", "2012-09-30": "", "2012-06-30": "", "2012-03-31": "", "2011-12-31": "", "2011-09-30": "", "2011-06-30": "", "2011-03-31": "", "2010-12-31": "", "2010-09-30": "", "2010-06-30": "", "2010-03-31": "", "2009-12-31": "", "2009-09-30": "", "2009-06-30": "", "2009-03-31": "", "2008-12-31": "", "2008-09-30": "", "2008-06-30": "", "2008-03-31": "", "2007-12-31": "", "2007-09-30": "", "2007-06-30": "", "2007-03-31": "", "2006-12-31": "", "2006-09-30": "", "2006-06-30": "", "2006-03-31": "", "2005-12-31": "", "2005-09-30": "", "2005-06-30": "", "2005-03-31": ""}, "Pre-Tax Profit Margin": {"2020-09-30": "-20.54910", "2020-06-30": "17.05900", "2020-03-31": "17.25550", "2019-12-31": "28.10600", "2019-09-30": "14.25010", "2019-06-30": "62.24200", "2019-03-31": "14.85230", "2018-12-31": "12.05140", "2018-09-30": "14.30530", "2018-06-30": "14.15740", "2018-03-31": "11.87450", "2017-12-31": "9.62470", "2017-09-30": "14.02400", "2017-06-30": "12.23300", "2017-03-31": "12.99350", "2016-12-31": "55.18450", "2016-09-30": "-3.41300", "2016-06-30": "-33.11590", "2016-03-31": "5.59780", "2015-12-31": "-0.98520", "2015-09-30": "62.57430", "2015-06-30": "9.90830", "2015-03-31": "6.84140", "2014-12-31": "3.88580", "2014-09-30": "9.03700", "2014-06-30": "6.71360", "2014-03-31": "3.86180", "2013-12-31": "11.18460", "2013-09-30": "8.34370", "2013-06-30": "-0.24680", "2013-03-31": "9.21970", "2012-12-31": "14.95140", "2012-09-30": "-24.76460", "2012-06-30": "7.62860", "2012-03-31": "9.81730", "2011-12-31": "-62.74830", "2011-09-30": "1.31330", "2011-06-30": "-6.65860", "2011-03-31": "-15.23030", "2010-12-31": "4.57000", "2010-09-30": "3.26830", "2010-06-30": "5.79090", "2010-03-31": "6.73290", "2009-12-31": "1.95840", "2009-09-30": "8.00140", "2009-06-30": "8.60600", "2009-03-31": "9.92230", "2008-12-31": "12.10810", "2008-09-30": "7.29870", "2008-06-30": "10.38800", "2008-03-31": "9.31270", "2007-12-31": "6.19920", "2007-09-30": "9.07300", "2007-06-30": "9.09990", "2007-03-31": "6.13710", "2006-12-31": "8.28930", "2006-09-30": "9.34650", "2006-06-30": "12.09530", "2006-03-31": "9.99170", "2005-12-31": "12.85020", "2005-09-30": "8.61420", "2005-06-30": "13.44670", "2005-03-31": "14.29140"}, "Net Profit Margin": {"2020-09-30": "-20.66990", "2020-06-30": "16.15070", "2020-03-31": "16.42630", "2019-12-31": "27.47920", "2019-09-30": "13.25590", "2019-06-30": "60.79110", "2019-03-31": "13.94720", "2018-12-31": "12.54170", "2018-09-30": "13.52370", "2018-06-30": "13.16380", "2018-03-31": "10.95540", "2017-12-31": "5.84620", "2017-09-30": "13.10620", "2017-06-30": "5.04510", "2017-03-31": "12.76030", "2016-12-31": "27.13340", "2016-09-30": "16.71110", "2016-06-30": "-34.92980", "2016-03-31": "2.26880", "2015-12-31": "38.94020", "2015-09-30": "57.21490", "2015-06-30": "7.17760", "2015-03-31": "6.08750", "2014-12-31": "0.91990", "2014-09-30": "12.52620", "2014-06-30": "1.27090", "2014-03-31": "0.17110", "2013-12-31": "64.07200", "2013-09-30": "-5.65500", "2013-06-30": "-9.63470", "2013-03-31": "7.06230", "2012-12-31": "10.48040", "2012-09-30": "-21.23880", "2012-06-30": "5.59120", "2012-03-31": "4.74300", "2011-12-31": "-95.77170", "2011-09-30": "2.00540", "2011-06-30": "-20.77580", "2011-03-31": "-15.86670", "2010-12-31": "13.50090", "2010-09-30": "3.85540", "2010-06-30": "3.34350", "2010-03-31": "3.95270", "2009-12-31": "3.40080", "2009-09-30": "5.22930", "2009-06-30": "6.05430", "2009-03-31": "6.69730", "2008-12-31": "8.92210", "2008-09-30": "4.30220", "2008-06-30": "6.75920", "2008-03-31": "6.21560", "2007-12-31": "3.38000", "2007-09-30": "7.04940", "2007-06-30": "3.77400", "2007-03-31": "1.56830", "2006-12-31": "4.17100", "2006-09-30": "15.76590", "2006-06-30": "6.43390", "2006-03-31": "7.34590", "2005-12-31": "9.23760", "2005-09-30": "7.63940", "2005-06-30": "7.05510", "2005-03-31": "7.08450"}, "Asset Turnover": {"2020-09-30": "0.03760", "2020-06-30": "0.03610", "2020-03-31": "0.03600", "2019-12-31": "0.04090", "2019-09-30": "0.04140", "2019-06-30": "0.04600", "2019-03-31": "0.03940", "2018-12-31": "0.03790", "2018-09-30": "0.03760", "2018-06-30": "0.04060", "2018-03-31": "0.04320", "2017-12-31": "0.04580", "2017-09-30": "0.04410", "2017-06-30": "0.04240", "2017-03-31": "0.03740", "2016-12-31": "0.03760", "2016-09-30": "0.03910", "2016-06-30": "0.03800", "2016-03-31": "0.03660", "2015-12-31": "0.03670", "2015-09-30": "0.03850", "2015-06-30": "0.04360", "2015-03-31": "0.04260", "2014-12-31": "0.04010", "2014-09-30": "0.04160", "2014-06-30": "0.03770", "2014-03-31": "0.04070", "2013-12-31": "0.03550", "2013-09-30": "0.03510", "2013-06-30": "0.03690", "2013-03-31": "0.03430", "2012-12-31": "0.03250", "2012-09-30": "0.03600", "2012-06-30": "0.03440", "2012-03-31": "0.03480", "2011-12-31": "0.02370", "2011-09-30": "0.03200", "2011-06-30": "0.03540", "2011-03-31": "0.03560", "2010-12-31": "0.02220", "2010-09-30": "0.03340", "2010-06-30": "0.03830", "2010-03-31": "0.04400", "2009-12-31": "0.04400", "2009-09-30": "0.06170", "2009-06-30": "0.06510", "2009-03-31": "0.05770", "2008-12-31": "0.05330", "2008-09-30": "0.06160", "2008-06-30": "0.04000", "2008-03-31": "0.03660", "2007-12-31": "0.03350", "2007-09-30": "0.03600", "2007-06-30": "0.03580", "2007-03-31": "0.03520", "2006-12-31": "0.03700", "2006-09-30": "0.03890", "2006-06-30": "0.03680", "2006-03-31": "0.03990", "2005-12-31": "0.03370", "2005-09-30": "0.04770", "2005-06-30": "0.04100", "2005-03-31": "0.04230"}, "Inventory Turnover Ratio": {"2020-09-30": "", "2020-06-30": "", "2020-03-31": "", "2019-12-31": "", "2019-09-30": "", "2019-06-30": "", "2019-03-31": "", "2018-12-31": "", "2018-09-30": "", "2018-06-30": "", "2018-03-31": "", "2017-12-31": "", "2017-09-30": "", "2017-06-30": "", "2017-03-31": "", "2016-12-31": "", "2016-09-30": "", "2016-06-30": "", "2016-03-31": "", "2015-12-31": "", "2015-09-30": "", "2015-06-30": "", "2015-03-31": "", "2014-12-31": "", "2014-09-30": "", "2014-06-30": "", "2014-03-31": "", "2013-12-31": "", "2013-09-30": "", "2013-06-30": "", "2013-03-31": "", "2012-12-31": "", "2012-09-30": "", "2012-06-30": "", "2012-03-31": "", "2011-12-31": "", "2011-09-30": "", "2011-06-30": "", "2011-03-31": "", "2010-12-31": "", "2010-09-30": "", "2010-06-30": "", "2010-03-31": "", "2009-12-31": "", "2009-09-30": "", "2009-06-30": "", "2009-03-31": "", "2008-12-31": "", "2008-09-30": "", "2008-06-30": "", "2008-03-31": "", "2007-12-31": "", "2007-09-30": "", "2007-06-30": "", "2007-03-31": "", "2006-12-31": "", "2006-09-30": "", "2006-06-30": "", "2006-03-31": "", "2005-12-31": "", "2005-09-30": "", "2005-06-30": "", "2005-03-31": ""}, "Receiveable Turnover": {"2020-09-30": "", "2020-06-30": "", "2020-03-31": "", "2019-12-31": "", "2019-09-30": "", "2019-06-30": "", "2019-03-31": "", "2018-12-31": "", "2018-09-30": "", "2018-06-30": "", "2018-03-31": "", "2017-12-31": "", "2017-09-30": "", "2017-06-30": "", "2017-03-31": "", "2016-12-31": "", "2016-09-30": "", "2016-06-30": "", "2016-03-31": "", "2015-12-31": "", "2015-09-30": "", "2015-06-30": "", "2015-03-31": "", "2014-12-31": "", "2014-09-30": "", "2014-06-30": "", "2014-03-31": "", "2013-12-31": "", "2013-09-30": "", "2013-06-30": "", "2013-03-31": "", "2012-12-31": "", "2012-09-30": "", "2012-06-30": "", "2012-03-31": "", "2011-12-31": "", "2011-09-30": "", "2011-06-30": "", "2011-03-31": "", "2010-12-31": "", "2010-09-30": "", "2010-06-30": "", "2010-03-31": "", "2009-12-31": "", "2009-09-30": "", "2009-06-30": "", "2009-03-31": "", "2008-12-31": "", "2008-09-30": "", "2008-06-30": "", "2008-03-31": "", "2007-12-31": "", "2007-09-30": "", "2007-06-30": "", "2007-03-31": "", "2006-12-31": "", "2006-09-30": "", "2006-06-30": "", "2006-03-31": "", "2005-12-31": "", "2005-09-30": "", "2005-06-30": "", "2005-03-31": ""}, "Days Sales In Receivables": {"2020-09-30": "", "2020-06-30": "", "2020-03-31": "", "2019-12-31": "", "2019-09-30": "", "2019-06-30": "", "2019-03-31": "", "2018-12-31": "", "2018-09-30": "", "2018-06-30": "", "2018-03-31": "", "2017-12-31": "", "2017-09-30": "", "2017-06-30": "", "2017-03-31": "", "2016-12-31": "", "2016-09-30": "", "2016-06-30": "", "2016-03-31": "", "2015-12-31": "", "2015-09-30": "", "2015-06-30": "", "2015-03-31": "", "2014-12-31": "", "2014-09-30": "", "2014-06-30": "", "2014-03-31": "", "2013-12-31": "", "2013-09-30": "", "2013-06-30": "", "2013-03-31": "", "2012-12-31": "", "2012-09-30": "", "2012-06-30": "", "2012-03-31": "", "2011-12-31": "", "2011-09-30": "", "2011-06-30": "", "2011-03-31": "", "2010-12-31": "", "2010-09-30": "", "2010-06-30": "", "2010-03-31": "", "2009-12-31": "", "2009-09-30": "", "2009-06-30": "", "2009-03-31": "", "2008-12-31": "", "2008-09-30": "", "2008-06-30": "", "2008-03-31": "", "2007-12-31": "", "2007-09-30": "", "2007-06-30": "", "2007-03-31": "", "2006-12-31": "", "2006-09-30": "", "2006-06-30": "", "2006-03-31": "", "2005-12-31": "", "2005-09-30": "", "2005-06-30": "", "2005-03-31": ""}, "ROE - Return On Equity": {"2020-09-30": "-1.89990", "2020-06-30": "1.51610", "2020-03-31": "1.53440", "2019-12-31": "2.61030", "2019-09-30": "1.37070", "2019-06-30": "6.37320", "2019-03-31": "1.34760", "2018-12-31": "1.13430", "2018-09-30": "1.26240", "2018-06-30": "1.39780", "2018-03-31": "1.26720", "2017-12-31": "0.75050", "2017-09-30": "1.57860", "2017-06-30": "1.32840", "2017-03-31": "1.59090", "2016-12-31": "5.54200", "2016-09-30": "-0.37100", "2016-06-30": "-3.71200", "2016-03-31": "0.58460", "2015-12-31": "-0.10090", "2015-09-30": "6.82770", "2015-06-30": "1.27710", "2015-03-31": "0.82570", "2014-12-31": "0.44440", "2014-09-30": "1.14540", "2014-06-30": "0.77020", "2014-03-31": "0.46240", "2013-12-31": "1.15630", "2013-09-30": "0.92610", "2013-06-30": "-0.01970", "2013-03-31": "0.96640", "2012-12-31": "1.61170", "2012-09-30": "-3.51510", "2012-06-30": "1.00800", "2012-03-31": "1.05650", "2011-12-31": "-5.72120", "2011-09-30": "0.15010", "2011-06-30": "-0.30900", "2011-03-31": "-1.60160", "2010-12-31": "0.26360", "2010-09-30": "0.43100", "2010-06-30": "0.68480", "2010-03-31": "0.88490", "2009-12-31": "0.35370", "2009-09-30": "1.33390", "2009-06-30": "1.54190", "2009-03-31": "1.65100", "2008-12-31": "1.86410", "2008-09-30": "1.47920", "2008-06-30": "1.54580", "2008-03-31": "1.20990", "2007-12-31": "1.00530", "2007-09-30": "1.00240", "2007-06-30": "0.96840", "2007-03-31": "0.65490", "2006-12-31": "0.95230", "2006-09-30": "1.05130", "2006-06-30": "1.34190", "2006-03-31": "1.26040", "2005-12-31": "1.41350", "2005-09-30": "1.14340", "2005-06-30": "1.70210", "2005-03-31": "1.72470"}, "Return On Tangible Equity": {"2020-09-30": "-1.92610", "2020-06-30": "1.53910", "2020-03-31": "1.55880", "2019-12-31": "2.65250", "2019-09-30": "1.39490", "2019-06-30": "6.49090", "2019-03-31": "1.37510", "2018-12-31": "1.16550", "2018-09-30": "1.30050", "2018-06-30": "1.44630", "2018-03-31": "1.31570", "2017-12-31": "0.78200", "2017-09-30": "1.65350", "2017-06-30": "1.39650", "2017-03-31": "1.48810", "2016-12-31": "5.19790", "2016-09-30": "-0.34090", "2016-06-30": "-3.42200", "2016-03-31": "0.54320", "2015-12-31": "-0.09420", "2015-09-30": "6.39730", "2015-06-30": "1.17270", "2015-03-31": "0.74830", "2014-12-31": "0.39770", "2014-09-30": "1.01740", "2014-06-30": "0.68600", "2014-03-31": "0.39930", "2013-12-31": "1.00360", "2013-09-30": "0.80120", "2013-06-30": "-0.01710", "2013-03-31": "0.79410", "2012-12-31": "1.30620", "2012-09-30": "-2.75510", "2012-06-30": "0.76140", "2012-03-31": "1.13580", "2011-12-31": "-5.06950", "2011-09-30": "0.16220", "2011-06-30": "-0.33360", "2011-03-31": "-1.74780", "2010-12-31": "0.28840", "2010-09-30": "0.48590", "2010-06-30": "0.74950", "2010-03-31": "0.96750", "2009-12-31": "0.38850", "2009-09-30": "1.42870", "2009-06-30": "1.65910", "2009-03-31": "1.79380", "2008-12-31": "2.03680", "2008-09-30": "1.65330", "2008-06-30": "1.77290", "2008-03-31": "1.38420", "2007-12-31": "1.15820", "2007-09-30": "1.16510", "2007-06-30": "1.13630", "2007-03-31": "0.77770", "2006-12-31": "1.09390", "2006-09-30": "1.20670", "2006-06-30": "1.58360", "2006-03-31": "1.47730", "2005-12-31": "1.67500", "2005-09-30": "1.29360", "2005-06-30": "1.95240", "2005-03-31": "1.97040"}, "ROA - Return On Assets": {"2020-09-30": "-0.76070", "2020-06-30": "0.62630", "2020-03-31": "0.63020", "2019-12-31": "1.16430", "2019-09-30": "0.60300", "2019-06-30": "2.88060", "2019-03-31": "0.59110", "2018-12-31": "0.50480", "2018-09-30": "0.55670", "2018-06-30": "0.58370", "2018-03-31": "0.52220", "2017-12-31": "0.30650", "2017-09-30": "0.62740", "2017-06-30": "0.52720", "2017-03-31": "0.60810", "2016-12-31": "2.08460", "2016-09-30": "-0.13290", "2016-06-30": "-1.25770", "2016-03-31": "0.20560", "2015-12-31": "-0.03660", "2015-09-30": "2.40600", "2015-06-30": "0.43060", "2015-03-31": "0.29090", "2014-12-31": "0.16030", "2014-09-30": "0.37300", "2014-06-30": "0.24930", "2014-03-31": "0.15700", "2013-12-31": "0.39760", "2013-09-30": "0.29220", "2013-06-30": "-0.00630", "2013-03-31": "0.31650", "2012-12-31": "0.48640", "2012-09-30": "-0.89540", "2012-06-30": "0.26170", "2012-03-31": "0.33400", "2011-12-31": "-1.46540", "2011-09-30": "0.04950", "2011-06-30": "-0.10810", "2011-03-31": "-0.52680", "2010-12-31": "0.09070", "2010-09-30": "0.12560", "2010-06-30": "0.21950", "2010-03-31": "0.28910", "2009-12-31": "0.11720", "2009-09-30": "0.46910", "2009-06-30": "0.55260", "2009-03-31": "0.56650", "2008-12-31": "0.64790", "2008-09-30": "0.44500", "2008-06-30": "0.41700", "2008-03-31": "0.33560", "2007-12-31": "0.28200", "2007-09-30": "0.28620", "2007-06-30": "0.28420", "2007-03-31": "0.19440", "2006-12-31": "0.26540", "2006-09-30": "0.31860", "2006-06-30": "0.38100", "2006-03-31": "0.34300", "2005-12-31": "0.38660", "2005-09-30": "0.35020", "2005-06-30": "0.46540", "2005-03-31": "0.49890"}, "ROI - Return On Investment": {"2020-09-30": "-0.81810", "2020-06-30": "0.68470", "2020-03-31": "0.68280", "2019-12-31": "1.26400", "2019-09-30": "0.65330", "2019-06-30": "3.12730", "2019-03-31": "0.63180", "2018-12-31": "0.53480", "2018-09-30": "0.59450", "2018-06-30": "0.62370", "2018-03-31": "0.56080", "2017-12-31": "0.33270", "2017-09-30": "0.67590", "2017-06-30": "0.56550", "2017-03-31": "0.64870", "2016-12-31": "2.25280", "2016-09-30": "-0.14310", "2016-06-30": "-1.34390", "2016-03-31": "0.21740", "2015-12-31": "-0.03870", "2015-09-30": "2.54730", "2015-06-30": "0.46160", "2015-03-31": "0.31130", "2014-12-31": "0.17100", "2014-09-30": "0.39820", "2014-06-30": "0.26430", "2014-03-31": "0.16620", "2013-12-31": "0.42140", "2013-09-30": "0.30750", "2013-06-30": "-0.00660", "2013-03-31": "0.33340", "2012-12-31": "0.51430", "2012-09-30": "-0.94200", "2012-06-30": "0.27420", "2012-03-31": "0.35050", "2011-12-31": "-1.55870", "2011-09-30": "0.05260", "2011-06-30": "-0.11450", "2011-03-31": "-0.55520", "2010-12-31": "0.09560", "2010-09-30": "0.13200", "2010-06-30": "0.23110", "2010-03-31": "0.30540", "2009-12-31": "0.12480", "2009-09-30": "0.49950", "2009-06-30": "0.59350", "2009-03-31": "0.60350", "2008-12-31": "0.68650", "2008-09-30": "0.49460", "2008-06-30": "0.46220", "2008-03-31": "0.37040", "2007-12-31": "0.31220", "2007-09-30": "0.31710", "2007-06-30": "0.31320", "2007-03-31": "0.21450", "2006-12-31": "0.29550", "2006-09-30": "0.35400", "2006-06-30": "0.42100", "2006-03-31": "0.37810", "2005-12-31": "0.42640", "2005-09-30": "0.39020", "2005-06-30": "0.51920", "2005-03-31": "0.55670"}, "Book Value Per Share": {"2020-09-30": "14.70580", "2020-06-30": "14.76980", "2020-03-31": "14.84530", "2019-12-31": "15.34100", "2019-09-30": "15.13440", "2019-06-30": "15.35610", "2019-03-31": "14.79520", "2018-12-31": "14.75890", "2018-09-30": "14.78880", "2018-06-30": "14.60860", "2018-03-31": "14.50830", "2017-12-31": "14.49580", "2017-09-30": "14.20350", "2017-06-30": "14.26360", "2017-03-31": "16.11700", "2016-12-31": "16.18970", "2016-09-30": "15.83690", "2016-06-30": "15.84710", "2016-03-31": "16.73210", "2015-12-31": "17.10070", "2015-09-30": "16.71260", "2015-06-30": "16.05450", "2015-03-31": "16.18150", "2014-12-31": "16.30890", "2014-09-30": "15.93290", "2014-06-30": "15.96680", "2014-03-31": "16.81640", "2013-12-31": "17.13200", "2013-09-30": "16.41170", "2013-06-30": "16.61470", "2013-03-31": "17.96380", "2012-12-31": "17.74490", "2012-09-30": "17.32620", "2012-06-30": "18.77440", "2012-03-31": "16.66890", "2011-12-31": "16.74600", "2011-09-30": "18.16470", "2011-06-30": "18.82510", "2011-03-31": "18.95060", "2010-12-31": "19.76840", "2010-09-30": "18.34370", "2010-06-30": "18.74860", "2010-03-31": "18.84600", "2009-12-31": "19.20770", "2009-09-30": "19.50530", "2009-06-30": "19.75990", "2009-03-31": "19.80180", "2008-12-31": "20.90020", "2008-09-30": "18.09710", "2008-06-30": "17.02890", "2008-03-31": "17.10980", "2007-12-31": "17.36780", "2007-09-30": "17.58940", "2007-06-30": "17.76670", "2007-03-31": "17.82040", "2006-12-31": "15.71880", "2006-09-30": "16.68150", "2006-06-30": "15.47330", "2006-03-31": "14.49280", "2005-12-31": "14.58950", "2005-09-30": "14.72560", "2005-06-30": "13.90190", "2005-03-31": "14.05010"}, "Operating Cash Flow Per Share": {"2020-09-30": 0.2046, "2020-06-30": 0.6621, "2020-03-31": "0.55570", "2019-12-31": 0.6448, "2019-09-30": 0.4142, "2019-06-30": 0.4927, "2019-03-31": "0.49590", "2018-12-31": 0.5722, "2018-09-30": 0.3691, "2018-06-30": 0.533, "2018-03-31": "0.25900", "2017-12-31": 0.6139, "2017-09-30": 0.5221, "2017-06-30": 0.5752, "2017-03-31": "0.60960", "2016-12-31": 0.6782, "2016-09-30": 0.4792, "2016-06-30": 0.8161, "2016-03-31": "0.50310", "2015-12-31": 0.5272, "2015-09-30": 0.2571, "2015-06-30": 0.856, "2015-03-31": "0.44850", "2014-12-31": 0.5479, "2014-09-30": 0.4711, "2014-06-30": 0.5866, "2014-03-31": "0.59110", "2013-12-31": 0.6838, "2013-09-30": 0.492, "2013-06-30": 0.1087, "2013-03-31": "0.58090", "2012-12-31": 0.6633, "2012-09-30": 0.3867, "2012-06-30": 0.9493, "2012-03-31": "0.61240", "2011-12-31": 0.7223, "2011-09-30": 0.2004, "2011-06-30": 0.7753, "2011-03-31": "0.49480", "2010-12-31": 0.9889, "2010-09-30": 0.2873, "2010-06-30": 0.7196, "2010-03-31": "0.61390", "2009-12-31": 1.0721, "2009-09-30": 0.1357, "2009-06-30": 0.9469, "2009-03-31": "1.29910", "2008-12-31": 1.0836, "2008-09-30": 0.8689, "2008-06-30": 0.846, "2008-03-31": "0.90680", "2007-12-31": 0.9122, "2007-09-30": 0.6415, "2007-06-30": 0.5982, "2007-03-31": "0.76050", "2006-12-31": 0.6407, "2006-09-30": 0.5917, "2006-06-30": 0.6752, "2006-03-31": "0.70790", "2005-12-31": 0.4846, "2005-09-30": 0.4028, "2005-06-30": 0.9189, "2005-03-31": "0.65400"}, "Free Cash Flow Per Share": {"2020-09-30": -0.6859, "2020-06-30": -0.1622, "2020-03-31": "-0.27320", "2019-12-31": -0.1197, "2019-09-30": -0.395, "2019-06-30": 0.4107, "2019-03-31": "-0.41340", "2018-12-31": 0.0459, "2018-09-30": 0.0237, "2018-06-30": 0.0416, "2018-03-31": "0.08560", "2017-12-31": 0.5422, "2017-09-30": 0.7093, "2017-06-30": 0.091, "2017-03-31": "0.78000", "2016-12-31": 0.7974, "2016-09-30": 2.6281, "2016-06-30": 0.4959, "2016-03-31": "0.08210", "2015-12-31": 1.4788, "2015-09-30": -0.0476, "2015-06-30": 0.2712, "2015-03-31": "-0.02940", "2014-12-31": -0.0061, "2014-09-30": 0.5933, "2014-06-30": -0.1109, "2014-03-31": "0.10470", "2013-12-31": 1.6533, "2013-09-30": -0.1223, "2013-06-30": -0.3265, "2013-03-31": "0.03620", "2012-12-31": -0.183, "2012-09-30": 2.1114, "2012-06-30": 1.4169, "2012-03-31": "0.97260", "2011-12-31": 0.5158, "2011-09-30": -0.5326, "2011-06-30": 0.1628, "2011-03-31": "-0.15880", "2010-12-31": -0.0021, "2010-09-30": -1.7876, "2010-06-30": -0.1045, "2010-03-31": "-0.09190", "2009-12-31": 0.4668, "2009-09-30": -0.608, "2009-06-30": -0.0088, "2009-03-31": "0.47830", "2008-12-31": -0.1518, "2008-09-30": -0.4988, "2008-06-30": -1.1768, "2008-03-31": "0.39530", "2007-12-31": 0.0192, "2007-09-30": -0.3712, "2007-06-30": -0.5167, "2007-03-31": "-3.22880", "2006-12-31": -0.6903, "2006-09-30": -0.0421, "2006-06-30": -2.7465, "2006-03-31": "0.46580", "2005-12-31": -5.1238, "2005-09-30": -1.6173, "2005-06-30": -1.3487, "2005-03-31": "-1.57630"}}, "revenue": {"Corporate Office Properties Trust Annual Revenue (Millions of US $)": {"2020": "$609", "2019": "$641", "2018": "$578", "2017": "$613", "2016": "$574", "2015": "$625", "2014": "$586", "2013": "$523", "2012": "$508", "2011": "$493", "2010": "$492", "2009": "$738", "2008": "$585", "2007": "$404", "2006": "$352", "2005": "$316"}, "Corporate Office Properties Trust Quarterly Revenue (Millions of US $)": {"2020-12-31": "$164", "2020-09-30": "$155", "2020-06-30": "$145", "2020-03-31": "$146", "2019-12-31": "$158", "2019-09-30": "$159", "2019-06-30": "$175", "2019-03-31": "$149", "2018-12-31": "$138", "2018-09-30": "$137", "2018-06-30": "$147", "2018-03-31": "$155", "2017-12-31": "$165", "2017-09-30": "$157", "2017-06-30": "$151", "2017-03-31": "$140", "2016-12-31": "$142", "2016-09-30": "$142", "2016-06-30": "$146", "2016-03-31": "$144", "2015-12-31": "$143", "2015-09-30": "$151", "2015-06-30": "$170", "2015-03-31": "$161", "2014-12-31": "$147", "2014-09-30": "$153", "2014-06-30": "$140", "2014-03-31": "$147", "2013-12-31": "$129", "2013-09-30": "$132", "2013-06-30": "$137", "2013-03-31": "$126", "2012-12-31": "$119", "2012-09-30": "$130", "2012-06-30": "$128", "2012-03-31": "$132", "2011-12-31": "$92", "2011-09-30": "$127", "2011-06-30": "$137", "2011-03-31": "$137", "2010-12-31": "$85", "2010-09-30": "$125", "2010-06-30": "$133", "2010-03-31": "$150", "2009-12-31": "$149", "2009-09-30": "$199", "2009-06-30": "$208", "2009-03-31": "$181", "2008-12-31": "$166", "2008-09-30": "$191", "2008-06-30": "$120", "2008-03-31": "$108", "2007-12-31": "$98", "2007-09-30": "$105", "2007-06-30": "$102", "2007-03-31": "$99", "2006-12-31": "$89", "2006-09-30": "$92", "2006-06-30": "$85", "2006-03-31": "$86", "2005-12-31": "$72", "2005-09-30": "$91", "2005-06-30": "$77", "2005-03-31": "$76"}}, "gross-profit": {"Corporate Office Properties Trust Annual Gross Profit (Millions of US $)": {"2020": "$338", "2019": "$333", "2018": "$319", "2017": "$322", "2016": "$331", "2015": "$328", "2014": "$306", "2013": "$297", "2012": "$278", "2011": "$257", "2010": "$243", "2009": "$255", "2008": "$260", "2007": "$242", "2006": "$201", "2005": "$168"}, "Corporate Office Properties Trust Quarterly Gross Profit (Millions of US $)": {"2020-12-31": "$88", "2020-09-30": "$84", "2020-06-30": "$83", "2020-03-31": "$83", "2019-12-31": "$82", "2019-09-30": "$82", "2019-06-30": "$86", "2019-03-31": "$83", "2018-12-31": "$80", "2018-09-30": "$80", "2018-06-30": "$80", "2018-03-31": "$78", "2017-12-31": "$81", "2017-09-30": "$82", "2017-06-30": "$80", "2017-03-31": "$79", "2016-12-31": "$81", "2016-09-30": "$82", "2016-06-30": "$86", "2016-03-31": "$82", "2015-12-31": "$87", "2015-09-30": "$86", "2015-06-30": "$83", "2015-03-31": "$73", "2014-12-31": "$79", "2014-09-30": "$76", "2014-06-30": "$73", "2014-03-31": "$78", "2013-12-31": "$75", "2013-09-30": "$74", "2013-06-30": "$76", "2013-03-31": "$72", "2012-12-31": "$62", "2012-09-30": "$74", "2012-06-30": "$72", "2012-03-31": "$70", "2011-12-31": "$51", "2011-09-30": "$67", "2011-06-30": "$70", "2011-03-31": "$70", "2010-12-31": "$42", "2010-09-30": "$68", "2010-06-30": "$68", "2010-03-31": "$65", "2009-12-31": "$49", "2009-09-30": "$67", "2009-06-30": "$70", "2009-03-31": "$69", "2008-12-31": "$65", "2008-09-30": "$68", "2008-06-30": "$64", "2008-03-31": "$63", "2007-12-31": "$59", "2007-09-30": "$63", "2007-06-30": "$62", "2007-03-31": "$58", "2006-12-31": "$50", "2006-09-30": "$53", "2006-06-30": "$50", "2006-03-31": "$49", "2005-12-31": "$41", "2005-09-30": "$43", "2005-06-30": "$42", "2005-03-31": "$42"}}, "operating-income": {"Corporate Office Properties Trust Annual Operating Income (Millions of US $)": {"2020": "$161", "2019": "$156", "2018": "$145", "2017": "$136", "2016": "$52", "2015": "$120", "2014": "$132", "2013": "$142", "2012": "$89", "2011": "$30", "2010": "$111", "2009": "$130", "2008": "$133", "2007": "$116", "2006": "$107", "2005": "$94"}, "Corporate Office Properties Trust Quarterly Operating Income (Millions of US $)": {"2020-12-31": "$41", "2020-09-30": "$39", "2020-06-30": "$40", "2020-03-31": "$41", "2019-12-31": "$38", "2019-09-30": "$38", "2019-06-30": "$41", "2019-03-31": "$39", "2018-12-31": "$33", "2018-09-30": "$37", "2018-06-30": "$38", "2018-03-31": "$36", "2017-12-31": "$25", "2017-09-30": "$39", "2017-06-30": "$37", "2017-03-31": "$35", "2016-12-31": "$37", "2016-09-30": "$12", "2016-06-30": "$-27", "2016-03-31": "$30", "2015-12-31": "$20", "2015-09-30": "$32", "2015-06-30": "$37", "2015-03-31": "$31", "2014-12-31": "$37", "2014-09-30": "$37", "2014-06-30": "$32", "2014-03-31": "$25", "2013-12-31": "$35", "2013-09-30": "$31", "2013-06-30": "$40", "2013-03-31": "$36", "2012-12-31": "$28", "2012-09-30": "$-9", "2012-06-30": "$33", "2012-03-31": "$36", "2011-12-31": "$-15", "2011-09-30": "$28", "2011-06-30": "$14", "2011-03-31": "$4", "2010-12-31": "$16", "2010-09-30": "$30", "2010-06-30": "$33", "2010-03-31": "$31", "2009-12-31": "$25", "2009-09-30": "$34", "2009-06-30": "$35", "2009-03-31": "$36", "2008-12-31": "$32", "2008-09-30": "$36", "2008-06-30": "$33", "2008-03-31": "$32", "2007-12-31": "$28", "2007-09-30": "$31", "2007-06-30": "$30", "2007-03-31": "$27", "2006-12-31": "$26", "2006-09-30": "$27", "2006-06-30": "$28", "2006-03-31": "$26", "2005-12-31": "$24", "2005-09-30": "$22", "2005-06-30": "$24", "2005-03-31": "$24"}}, "ebitda": {"Corporate Office Properties Trust Annual EBITDA (Millions of US $)": {"2019": "$299", "2018": "$287", "2017": "$277", "2016": "$193", "2015": "$268", "2014": "$276", "2013": "$268", "2012": "$223", "2011": "$179", "2010": "$248", "2009": "$250", "2008": "$244", "2007": "$229", "2006": "$188", "2005": "$160"}, "Corporate Office Properties Trust Quarterly EBITDA (Millions of US $)": {"2020-09-30": "$75", "2020-06-30": "$75", "2020-03-31": "$75", "2019-12-31": "$73", "2019-09-30": "$74", "2019-06-30": "$77", "2019-03-31": "$75", "2018-12-31": "$71", "2018-09-30": "$73", "2018-06-30": "$73", "2018-03-31": "$71", "2017-12-31": "$60", "2017-09-30": "$75", "2017-06-30": "$71", "2017-03-31": "$70", "2016-12-31": "$72", "2016-09-30": "$46", "2016-06-30": "$8", "2016-03-31": "$67", "2015-12-31": "$58", "2015-09-30": "$73", "2015-06-30": "$73", "2015-03-31": "$64", "2014-12-31": "$70", "2014-09-30": "$70", "2014-06-30": "$65", "2014-03-31": "$71", "2013-12-31": "$68", "2013-09-30": "$62", "2013-06-30": "$72", "2013-03-31": "$67", "2012-12-31": "$60", "2012-09-30": "$25", "2012-06-30": "$68", "2012-03-31": "$70", "2011-12-31": "$21", "2011-09-30": "$67", "2011-06-30": "$50", "2011-03-31": "$41", "2010-12-31": "$55", "2010-09-30": "$66", "2010-06-30": "$66", "2010-03-31": "$61", "2009-12-31": "$56", "2009-09-30": "$63", "2009-06-30": "$66", "2009-03-31": "$65", "2008-12-31": "$61", "2008-09-30": "$63", "2008-06-30": "$60", "2008-03-31": "$58", "2007-12-31": "$60", "2007-09-30": "$58", "2007-06-30": "$57", "2007-03-31": "$54", "2006-12-31": "$46", "2006-09-30": "$49", "2006-06-30": "$47", "2006-03-31": "$45", "2005-12-31": "$40", "2005-09-30": "$41", "2005-06-30": "$40", "2005-03-31": "$39"}}, "net-income": {"Corporate Office Properties Trust Annual Net Income (Millions of US $)": {"2020": "$97", "2019": "$192", "2018": "$72", "2017": "$56", "2016": "$15", "2015": "$164", "2014": "$23", "2013": "$71", "2012": "$-2", "2011": "$-136", "2010": "$27", "2009": "$40", "2008": "$38", "2007": "$16", "2006": "$30", "2005": "$24"}, "Corporate Office Properties Trust Quarterly Net Income (Millions of US $)": {"2020-12-31": "$82", "2020-09-30": "$-32", "2020-06-30": "$23", "2020-03-31": "$24", "2019-12-31": "$43", "2019-09-30": "$21", "2019-06-30": "$106", "2019-03-31": "$21", "2018-12-31": "$17", "2018-09-30": "$19", "2018-06-30": "$19", "2018-03-31": "$17", "2017-12-31": "$10", "2017-09-30": "$21", "2017-06-30": "$8", "2017-03-31": "$18", "2016-12-31": "$39", "2016-09-30": "$24", "2016-06-30": "$-51", "2016-03-31": "$3", "2015-12-31": "$56", "2015-09-30": "$86", "2015-06-30": "$12", "2015-03-31": "$10", "2014-12-31": "$1", "2014-09-30": "$19", "2014-06-30": "$2", "2014-03-31": "$0", "2013-12-31": "$83", "2013-09-30": "$-7", "2013-06-30": "$-13", "2013-03-31": "$9", "2012-12-31": "$12", "2012-09-30": "$-28", "2012-06-30": "$7", "2012-03-31": "$6", "2011-12-31": "$-88", "2011-09-30": "$3", "2011-06-30": "$-28", "2011-03-31": "$-22", "2010-12-31": "$11", "2010-09-30": "$5", "2010-06-30": "$4", "2010-03-31": "$6", "2009-12-31": "$5", "2009-09-30": "$10", "2009-06-30": "$13", "2009-03-31": "$12", "2008-12-31": "$15", "2008-09-30": "$8", "2008-06-30": "$8", "2008-03-31": "$7", "2007-12-31": "$3", "2007-09-30": "$7", "2007-06-30": "$4", "2007-03-31": "$2", "2006-12-31": "$4", "2006-09-30": "$14", "2006-06-30": "$5", "2006-03-31": "$6", "2005-12-31": "$7", "2005-09-30": "$7", "2005-06-30": "$5", "2005-03-31": "$5"}}, "eps-earnings-per-share-diluted": {"Corporate Office Properties Trust Annual EPS": {"2020": "$0.87", "2019": "$1.71", "2018": "$0.69", "2017": "$0.56", "2016": "$0.15", "2015": "$1.74", "2014": "$0.25", "2013": "$0.83", "2012": "$-0.03", "2011": "$-1.97", "2010": "$0.43", "2009": "$0.70", "2008": "$0.76", "2007": "$0.33", "2006": "$0.69", "2005": "$0.63"}, "Corporate Office Properties Trust Quarterly EPS": {"2020-12-31": "$0.73", "2020-09-30": "$-0.29", "2020-06-30": "$0.21", "2020-03-31": "$0.21", "2019-12-31": "$0.38", "2019-09-30": "$0.19", "2019-06-30": "$0.95", "2019-03-31": "$0.19", "2018-12-31": "$0.15", "2018-09-30": "$0.18", "2018-06-30": "$0.19", "2018-03-31": "$0.17", "2017-12-31": "$0.09", "2017-09-30": "$0.21", "2017-06-30": "$0.08", "2017-03-31": "$0.18", "2016-12-31": "$0.41", "2016-09-30": "$0.25", "2016-06-30": "$-0.54", "2016-03-31": "$0.03", "2015-12-31": "$0.60", "2015-09-30": "$0.91", "2015-06-30": "$0.13", "2015-03-31": "$0.10", "2014-12-31": "$0.01", "2014-09-30": "$0.22", "2014-06-30": "$0.02", "2014-03-31": "$0.00", "2013-12-31": "$0.97", "2013-09-30": "$-0.09", "2013-06-30": "$-0.16", "2013-03-31": "$0.11", "2012-12-31": "$0.17", "2012-09-30": "$-0.39", "2012-06-30": "$0.10", "2012-03-31": "$0.09", "2011-12-31": "$-1.25", "2011-09-30": "$0.03", "2011-06-30": "$-0.42", "2011-03-31": "$-0.33", "2010-12-31": "$0.18", "2010-09-30": "$0.08", "2010-06-30": "$0.07", "2010-03-31": "$0.10", "2009-12-31": "$0.07", "2009-09-30": "$0.18", "2009-06-30": "$0.22", "2009-03-31": "$0.23", "2008-12-31": "$0.28", "2008-09-30": "$0.17", "2008-06-30": "$0.17", "2008-03-31": "$0.14", "2007-12-31": "$0.07", "2007-09-30": "$0.15", "2007-06-30": "$0.08", "2007-03-31": "$0.03", "2006-12-31": "$0.08", "2006-09-30": "$0.33", "2006-06-30": "$0.13", "2006-03-31": "$0.15", "2005-12-31": "$0.17", "2005-09-30": "$0.18", "2005-06-30": "$0.14", "2005-03-31": "$0.14"}}, "shares-outstanding": {"Corporate Office Properties Trust Annual Shares Outstanding (Millions of Shares)": {"2020": "112", "2019": "112", "2018": "104", "2017": "99", "2016": "95", "2015": "98", "2014": "88", "2013": "85", "2012": "73", "2011": "69", "2010": "60", "2009": "56", "2008": "49", "2007": "48", "2006": "43", "2005": "39"}, "Corporate Office Properties Trust Quarterly Shares Outstanding (Millions of Shares)": {"2020-12-31": "112", "2020-09-30": "112", "2020-06-30": "112", "2020-03-31": "112", "2019-12-31": "112", "2019-09-30": "112", "2019-06-30": "113", "2019-03-31": "110", "2018-12-31": "104", "2018-09-30": "105", "2018-06-30": "102", "2018-03-31": "101", "2017-12-31": "99", "2017-09-30": "99", "2017-06-30": "99", "2017-03-31": "99", "2016-12-31": "95", "2016-09-30": "95", "2016-06-30": "94", "2016-03-31": "94", "2015-12-31": "98", "2015-09-30": "95", "2015-06-30": "94", "2015-03-31": "93", "2014-12-31": "88", "2014-09-30": "87", "2014-06-30": "87", "2014-03-31": "87", "2013-12-31": "85", "2013-09-30": "91", "2013-06-30": "89", "2013-03-31": "81", "2012-12-31": "73", "2012-09-30": "72", "2012-06-30": "72", "2012-03-31": "72", "2011-12-31": "69", "2011-09-30": "71", "2011-06-30": "73", "2011-03-31": "67", "2010-12-31": "60", "2010-09-30": "59", "2010-06-30": "59", "2010-03-31": "58", "2009-12-31": "56", "2009-09-30": "58", "2009-06-30": "57", "2009-03-31": "52", "2008-12-31": "49", "2008-09-30": "48", "2008-06-30": "48", "2008-03-31": "48", "2007-12-31": "48", "2007-09-30": "48", "2007-06-30": "48", "2007-03-31": "47", "2006-12-31": "43", "2006-09-30": "44", "2006-06-30": "43", "2006-03-31": "42", "2005-12-31": "39", "2005-09-30": "39", "2005-06-30": "38", "2005-03-31": "38"}}, "total-assets": {"Corporate Office Properties Trust Annual Total Assets (Millions of US $)": {"2019": "$3,854", "2018": "$3,656", "2017": "$3,595", "2016": "$3,781", "2015": "$3,909", "2014": "$3,664", "2013": "$3,630", "2012": "$3,654", "2011": "$3,864", "2010": "$3,845", "2009": "$3,380", "2008": "$3,114", "2007": "$2,932", "2006": "$2,420", "2005": "$2,130"}, "Corporate Office Properties Trust Quarterly Total Assets (Millions of US $)": {"2020-09-30": "$4,120", "2020-06-30": "$4,011", "2020-03-31": "$4,054", "2019-12-31": "$3,854", "2019-09-30": "$3,855", "2019-06-30": "$3,803", "2019-03-31": "$3,776", "2018-12-31": "$3,656", "2018-09-30": "$3,650", "2018-06-30": "$3,612", "2018-03-31": "$3,596", "2017-12-31": "$3,595", "2017-09-30": "$3,560", "2017-06-30": "$3,575", "2017-03-31": "$3,739", "2016-12-31": "$3,781", "2016-09-30": "$3,634", "2016-06-30": "$3,842", "2016-03-31": "$3,938", "2015-12-31": "$3,909", "2015-09-30": "$3,918", "2015-06-30": "$3,911", "2015-03-31": "$3,777", "2014-12-31": "$3,664", "2014-09-30": "$3,680", "2014-06-30": "$3,710", "2014-03-31": "$3,606", "2013-12-31": "$3,630", "2013-09-30": "$3,756", "2013-06-30": "$3,700", "2013-03-31": "$3,685", "2012-12-31": "$3,654", "2012-09-30": "$3,598", "2012-06-30": "$3,715", "2012-03-31": "$3,797", "2011-12-31": "$3,864", "2011-09-30": "$3,965", "2011-06-30": "$3,868", "2011-03-31": "$3,866", "2010-12-31": "$3,845", "2010-09-30": "$3,737", "2010-06-30": "$3,467", "2010-03-31": "$3,398", "2009-12-31": "$3,380", "2009-09-30": "$3,231", "2009-06-30": "$3,199", "2009-03-31": "$3,137", "2008-12-31": "$3,114", "2008-09-30": "$3,100", "2008-06-30": "$3,010", "2008-03-31": "$2,937", "2007-12-31": "$2,932", "2007-09-30": "$2,916", "2007-06-30": "$2,855", "2007-03-31": "$2,815", "2006-12-31": "$2,420", "2006-09-30": "$2,356", "2006-06-30": "$2,309", "2006-03-31": "$2,143", "2005-12-31": "$2,130", "2005-09-30": "$1,902", "2005-06-30": "$1,890", "2005-03-31": "$1,799"}}, "cash-on-hand": {"Corporate Office Properties Trust Annual Cash on Hand (Millions of US $)": {"2019": "$15", "2018": "$8", "2017": "$12", "2016": "$218", "2015": "$68", "2014": "$15", "2013": "$66", "2012": "$32", "2011": "$42", "2010": "$33", "2009": "$25", "2008": "$21", "2007": "$40", "2006": "$61", "2005": "$32"}, "Corporate Office Properties Trust Quarterly Cash on Hand (Millions of US $)": {"2020-09-30": "$11", "2020-06-30": "$22", "2020-03-31": "$159", "2019-12-31": "$15", "2019-09-30": "$34", "2019-06-30": "$46", "2019-03-31": "$8", "2018-12-31": "$8", "2018-09-30": "$9", "2018-06-30": "$8", "2018-03-31": "$9", "2017-12-31": "$12", "2017-09-30": "$17", "2017-06-30": "$17", "2017-03-31": "$233", "2016-12-31": "$218", "2016-09-30": "$55", "2016-06-30": "$22", "2016-03-31": "$70", "2015-12-31": "$68", "2015-09-30": "$13", "2015-06-30": "$47", "2015-03-31": "$16", "2014-12-31": "$15", "2014-09-30": "$54", "2014-06-30": "$88", "2014-03-31": "$29", "2013-12-31": "$66", "2013-09-30": "$42", "2013-06-30": "$29", "2013-03-31": "$41", "2012-12-31": "$32", "2012-09-30": "$26", "2012-06-30": "$27", "2012-03-31": "$30", "2011-12-31": "$42", "2011-09-30": "$51", "2011-06-30": "$35", "2011-03-31": "$37", "2010-12-31": "$33", "2010-09-30": "$33", "2010-06-30": "$31", "2010-03-31": "$29", "2009-12-31": "$25", "2009-09-30": "$27", "2009-06-30": "$30", "2009-03-31": "$28", "2008-12-31": "$21", "2008-09-30": "$37", "2008-06-30": "$36", "2008-03-31": "$54", "2007-12-31": "$40", "2007-09-30": "$39", "2007-06-30": "$36", "2007-03-31": "$41", "2006-12-31": "$61", "2006-09-30": "$63", "2006-06-30": "$27", "2006-03-31": "$44", "2005-12-31": "$32", "2005-09-30": "$32", "2005-06-30": "$37", "2005-03-31": "$20"}}, "long-term-debt": {"Corporate Office Properties Trust Annual Long Term Debt (Millions of US $)": {"2019": "$1,831", "2018": "$1,824", "2017": "$1,844", "2016": "$1,904", "2015": "$2,078", "2014": "$1,914", "2013": "$1,928", "2012": "$2,019", "2011": "$2,426", "2010": "$2,324", "2009": "$2,054", "2008": "$1,857", "2007": "$1,826", "2006": "$1,499", "2005": "$1,348"}, "Corporate Office Properties Trust Quarterly Long Term Debt (Millions of US $)": {"2020-09-30": "$2,182", "2020-06-30": "$2,012", "2020-03-31": "$2,077", "2019-12-31": "$1,831", "2019-09-30": "$1,862", "2019-06-30": "$1,784", "2019-03-31": "$1,876", "2018-12-31": "$1,824", "2018-09-30": "$1,809", "2018-06-30": "$1,872", "2018-03-31": "$1,867", "2017-12-31": "$1,844", "2017-09-30": "$1,890", "2017-06-30": "$1,914", "2017-03-31": "$1,904", "2016-12-31": "$1,904", "2016-09-30": "$1,874", "2016-06-30": "$2,094", "2016-03-31": "$2,140", "2015-12-31": "$2,078", "2015-09-30": "$2,121", "2015-06-30": "$2,130", "2015-03-31": "$2,000", "2014-12-31": "$1,914", "2014-09-30": "$2,050", "2014-06-30": "$2,099", "2014-03-31": "$1,932", "2013-12-31": "$1,928", "2013-09-30": "$2,135", "2013-06-30": "$2,093", "2013-03-31": "$1,957", "2012-12-31": "$2,019", "2012-09-30": "$2,169", "2012-06-30": "$2,192", "2012-03-31": "$2,418", "2011-12-31": "$2,426", "2011-09-30": "$2,420", "2011-06-30": "$2,299", "2011-03-31": "$2,397", "2010-12-31": "$2,324", "2010-09-30": "$2,468", "2010-06-30": "$2,182", "2010-03-31": "$2,107", "2009-12-31": "$2,054", "2009-09-30": "$1,898", "2009-06-30": "$1,832", "2009-03-31": "$1,869", "2008-12-31": "$1,857", "2008-09-30": "$1,856", "2008-06-30": "$1,904", "2008-03-31": "$1,846", "2007-12-31": "$1,826", "2007-09-30": "$1,800", "2007-06-30": "$1,752", "2007-03-31": "$1,715", "2006-12-31": "$1,499", "2006-09-30": "$1,407", "2006-06-30": "$1,434", "2006-03-31": "$1,361", "2005-12-31": "$1,348", "2005-09-30": "$1,124", "2005-06-30": "$1,178", "2005-03-31": "$1,092"}}, "total-liabilities": {"Corporate Office Properties Trust Annual Total Liabilities (Millions of US $)": {"2019": "$2,135", "2018": "$2,029", "2017": "$2,127", "2016": "$2,186", "2015": "$2,293", "2014": "$2,143", "2013": "$2,133", "2012": "$2,217", "2011": "$2,658", "2010": "$2,521", "2009": "$2,259", "2008": "$2,032", "2007": "$2,109", "2006": "$1,745", "2005": "$1,547"}, "Corporate Office Properties Trust Quarterly Total Liabilities (Millions of US $)": {"2020-09-30": "$2,471", "2020-06-30": "$2,354", "2020-03-31": "$2,389", "2019-12-31": "$2,135", "2019-09-30": "$2,159", "2019-06-30": "$2,084", "2019-03-31": "$2,120", "2018-12-31": "$2,029", "2018-09-30": "$2,041", "2018-06-30": "$2,104", "2018-03-31": "$2,114", "2017-12-31": "$2,127", "2017-09-30": "$2,145", "2017-06-30": "$2,156", "2017-03-31": "$2,137", "2016-12-31": "$2,186", "2016-09-30": "$2,133", "2016-06-30": "$2,341", "2016-03-31": "$2,354", "2015-12-31": "$2,293", "2015-09-30": "$2,339", "2015-06-30": "$2,393", "2015-03-31": "$2,247", "2014-12-31": "$2,143", "2014-09-30": "$2,283", "2014-06-30": "$2,310", "2014-03-31": "$2,133", "2013-12-31": "$2,133", "2013-09-30": "$2,322", "2013-06-30": "$2,273", "2013-03-31": "$2,145", "2012-12-31": "$2,217", "2012-09-30": "$2,347", "2012-06-30": "$2,362", "2012-03-31": "$2,597", "2011-12-31": "$2,658", "2011-09-30": "$2,658", "2011-06-30": "$2,515", "2011-03-31": "$2,594", "2010-12-31": "$2,521", "2010-09-30": "$2,648", "2010-06-30": "$2,356", "2010-03-31": "$2,288", "2009-12-31": "$2,259", "2009-09-30": "$2,094", "2009-06-30": "$2,052", "2009-03-31": "$2,061", "2008-12-31": "$2,032", "2008-09-30": "$2,167", "2008-06-30": "$2,198", "2008-03-31": "$2,122", "2007-12-31": "$2,109", "2007-09-30": "$2,083", "2007-06-30": "$2,017", "2007-03-31": "$1,979", "2006-12-31": "$1,745", "2006-09-30": "$1,642", "2006-06-30": "$1,653", "2006-03-31": "$1,560", "2005-12-31": "$1,547", "2005-09-30": "$1,319", "2005-06-30": "$1,373", "2005-03-31": "$1,278"}}, "total-share-holder-equity": {"Corporate Office Properties Trust Annual Share Holder Equity (Millions of US $)": {"2019": "$1,719", "2018": "$1,627", "2017": "$1,468", "2016": "$1,595", "2015": "$1,617", "2014": "$1,521", "2013": "$1,497", "2012": "$1,436", "2011": "$1,206", "2010": "$1,323", "2009": "$1,121", "2008": "$1,082", "2007": "$823", "2006": "$674", "2005": "$583"}, "Corporate Office Properties Trust Quarterly Share Holder Equity (Millions of US $)": {"2020-09-30": "$1,650", "2020-06-30": "$1,657", "2020-03-31": "$1,665", "2019-12-31": "$1,719", "2019-09-30": "$1,696", "2019-06-30": "$1,719", "2019-03-31": "$1,656", "2018-12-31": "$1,627", "2018-09-30": "$1,610", "2018-06-30": "$1,508", "2018-03-31": "$1,482", "2017-12-31": "$1,468", "2017-09-30": "$1,415", "2017-06-30": "$1,419", "2017-03-31": "$1,602", "2016-12-31": "$1,595", "2016-09-30": "$1,501", "2016-06-30": "$1,501", "2016-03-31": "$1,584", "2015-12-31": "$1,617", "2015-09-30": "$1,580", "2015-06-30": "$1,518", "2015-03-31": "$1,530", "2014-12-31": "$1,521", "2014-09-30": "$1,398", "2014-06-30": "$1,400", "2014-03-31": "$1,473", "2013-12-31": "$1,497", "2013-09-30": "$1,434", "2013-06-30": "$1,426", "2013-03-31": "$1,541", "2012-12-31": "$1,436", "2012-09-30": "$1,250", "2012-06-30": "$1,353", "2012-03-31": "$1,201", "2011-12-31": "$1,206", "2011-09-30": "$1,308", "2011-06-30": "$1,353", "2011-03-31": "$1,272", "2010-12-31": "$1,323", "2010-09-30": "$1,090", "2010-06-30": "$1,112", "2010-03-31": "$1,111", "2009-12-31": "$1,121", "2009-09-30": "$1,136", "2009-06-30": "$1,146", "2009-03-31": "$1,077", "2008-12-31": "$1,082", "2008-09-30": "$933", "2008-06-30": "$812", "2008-03-31": "$815", "2007-12-31": "$823", "2007-09-30": "$833", "2007-06-30": "$838", "2007-03-31": "$835", "2006-12-31": "$674", "2006-09-30": "$714", "2006-06-30": "$656", "2006-03-31": "$583", "2005-12-31": "$583", "2005-09-30": "$583", "2005-06-30": "$517", "2005-03-31": "$520"}}, "profit-margins": {"current": "15.96%"}, "gross margin": {"2020-12-31": "55.41%", "2020-09-30": "54.97%", "2020-06-30": "54.28%", "2020-03-31": "52.19%", "2019-12-31": "51.95%", "2019-09-30": "53.30%", "2019-06-30": "54.92%", "2019-03-31": "56.57%", "2018-12-31": "55.11%", "2018-09-30": "52.81%", "2018-06-30": "51.44%", "2018-03-31": "51.11%", "2017-12-31": "52.53%", "2017-09-30": "54.58%", "2017-06-30": "56.00%", "2017-03-31": "57.54%", "2016-12-31": "57.67%", "2016-09-30": "58.61%", "2016-06-30": "58.39%", "2016-03-31": "55.59%", "2015-12-31": "52.64%", "2015-09-30": "51.03%", "2015-06-30": "49.29%", "2015-03-31": "50.08%", "2014-12-31": "52.13%", "2014-09-30": "53.08%", "2014-06-30": "54.74%", "2014-03-31": "55.60%", "2013-12-31": "56.68%", "2013-09-30": "55.25%", "2013-06-30": "55.47%", "2013-03-31": "55.67%", "2012-12-31": "54.62%", "2012-09-30": "55.39%", "2012-06-30": "54.28%", "2012-03-31": "52.87%", "2011-12-31": "52.33%", "2011-09-30": "51.23%", "2011-06-30": "51.65%", "2011-03-31": "51.67%", "2010-12-31": "49.29%", "2010-09-30": "44.88%", "2010-06-30": "39.46%", "2010-03-31": "35.55%", "2009-12-31": "34.60%", "2009-09-30": "35.94%", "2009-06-30": "36.46%", "2009-03-31": "40.43%", "2008-12-31": "44.44%", "2008-09-30": "49.13%", "2008-06-30": "57.77%", "2008-03-31": "59.81%", "2007-12-31": "59.90%", "2007-09-30": "58.99%", "2007-06-30": "58.38%", "2007-03-31": "57.81%", "2006-12-31": "57.39%", "2006-09-30": "57.61%", "2006-06-30": "54.79%", "2006-03-31": "53.68%", "2005-12-31": "53.16%"}, "operating margin": {"2020-12-31": "26.39%", "2020-09-30": "26.16%", "2020-06-30": "25.82%", "2020-03-31": "24.76%", "2019-12-31": "24.34%", "2019-09-30": "24.32%", "2019-06-30": "25.04%", "2019-03-31": "25.74%", "2018-12-31": "24.96%", "2018-09-30": "22.52%", "2018-06-30": "22.12%", "2018-03-31": "21.82%", "2017-12-31": "22.19%", "2017-09-30": "25.08%", "2017-06-30": "21.04%", "2017-03-31": "10.00%", "2016-12-31": "9.06%", "2016-09-30": "6.09%", "2016-06-30": "9.42%", "2016-03-31": "19.57%", "2015-12-31": "19.20%", "2015-09-30": "21.78%", "2015-06-30": "22.50%", "2015-03-31": "22.80%", "2014-12-31": "22.32%", "2014-09-30": "22.67%", "2014-06-30": "22.45%", "2014-03-31": "24.04%", "2013-12-31": "27.10%", "2013-09-30": "26.26%", "2013-06-30": "18.55%", "2013-03-31": "17.50%", "2012-12-31": "17.29%", "2012-09-30": "9.34%", "2012-06-30": "17.12%", "2012-03-31": "12.91%", "2011-12-31": "6.29%", "2011-09-30": "12.76%", "2011-06-30": "13.22%", "2011-03-31": "17.29%", "2010-12-31": "22.31%", "2010-09-30": "21.36%", "2010-06-30": "19.49%", "2010-03-31": "17.71%", "2009-12-31": "17.64%", "2009-09-30": "18.17%", "2009-06-30": "18.63%", "2009-03-31": "20.82%", "2008-12-31": "22.74%", "2008-09-30": "24.95%", "2008-06-30": "28.77%", "2008-03-31": "29.30%", "2007-12-31": "28.71%", "2007-09-30": "28.86%", "2007-06-30": "28.80%", "2007-03-31": "29.59%", "2006-12-31": "30.40%", "2006-09-30": "31.34%", "2006-06-30": "29.94%", "2006-03-31": "29.45%", "2005-12-31": "29.75%"}, "ebitda margin": {"2020-09-30": "49.34%", "2020-06-30": "48.85%", "2020-03-31": "46.87%", "2019-12-31": "46.65%", "2019-09-30": "47.83%", "2019-06-30": "49.42%", "2019-03-31": "51.14%", "2018-12-31": "49.91%", "2018-09-30": "45.86%", "2018-06-30": "44.71%", "2018-03-31": "44.11%", "2017-12-31": "45.02%", "2017-09-30": "48.81%", "2017-06-30": "45.04%", "2017-03-31": "34.39%", "2016-12-31": "33.62%", "2016-09-30": "31.13%", "2016-06-30": "35.27%", "2016-03-31": "44.57%", "2015-12-31": "42.88%", "2015-09-30": "44.52%", "2015-06-30": "43.90%", "2015-03-31": "44.76%", "2014-12-31": "47.02%", "2014-09-30": "48.15%", "2014-06-30": "48.54%", "2014-03-31": "50.09%", "2013-12-31": "51.34%", "2013-09-30": "50.78%", "2013-06-30": "43.75%", "2013-03-31": "43.74%", "2012-12-31": "43.81%", "2012-09-30": "38.17%", "2012-06-30": "47.18%", "2012-03-31": "42.62%", "2011-12-31": "36.31%", "2011-09-30": "43.83%", "2011-06-30": "43.80%", "2011-03-31": "47.50%", "2010-12-31": "50.30%", "2010-09-30": "44.70%", "2010-06-30": "38.99%", "2010-03-31": "34.84%", "2009-12-31": "33.92%", "2009-09-30": "33.82%", "2009-06-30": "34.18%", "2009-03-31": "37.84%", "2008-12-31": "41.37%", "2008-09-30": "46.62%", "2008-06-30": "54.76%", "2008-03-31": "56.42%", "2007-12-31": "56.68%", "2007-09-30": "54.43%", "2007-06-30": "53.93%", "2007-03-31": "53.70%", "2006-12-31": "53.13%", "2006-09-30": "54.03%", "2006-06-30": "51.80%", "2006-03-31": "50.92%", "2005-12-31": "50.63%"}, "pre tax profit margin": {"2020-12-31": "16.56%", "2020-09-30": "10.26%", "2020-06-30": "19.24%", "2020-03-31": "31.50%", "2019-12-31": "30.89%", "2019-09-30": "27.54%", "2019-06-30": "28.05%", "2019-03-31": "14.01%", "2018-12-31": "13.17%", "2018-09-30": "12.42%", "2018-06-30": "12.34%", "2018-03-31": "11.94%", "2017-12-31": "12.23%", "2017-09-30": "23.22%", "2017-06-30": "19.13%", "2017-03-31": "7.54%", "2016-12-31": "5.75%", "2016-09-30": "-8.00%", "2016-06-30": "9.08%", "2016-03-31": "19.41%", "2015-12-31": "19.36%", "2015-09-30": "20.35%", "2015-06-30": "7.61%", "2015-03-31": "6.66%", "2014-12-31": "5.96%", "2014-09-30": "7.56%", "2014-06-30": "7.30%", "2014-03-31": "5.69%", "2013-12-31": "7.06%", "2013-09-30": "7.98%", "2013-06-30": "-0.39%", "2013-03-31": "1.59%", "2012-12-31": "1.77%", "2012-09-30": "-13.90%", "2012-06-30": "-6.89%", "2012-03-31": "-10.66%", "2011-12-31": "-17.44%", "2011-09-30": "-4.94%", "2011-06-30": "-4.55%", "2011-03-31": "-1.04%", "2010-12-31": "5.27%", "2010-09-30": "4.49%", "2010-06-30": "5.86%", "2010-03-31": "6.66%", "2009-12-31": "7.46%", "2009-09-30": "9.55%", "2009-06-30": "9.38%", "2009-03-31": "9.88%", "2008-12-31": "9.74%", "2008-09-30": "8.32%", "2008-06-30": "9.05%", "2008-03-31": "8.47%", "2007-12-31": "7.67%", "2007-09-30": "8.10%", "2007-06-30": "8.12%", "2007-03-31": "8.77%", "2006-12-31": "9.94%", "2006-09-30": "11.04%", "2006-06-30": "10.78%", "2006-03-31": "11.04%", "2005-12-31": "12.03%"}, "net profit margin": {"2020-12-31": "15.90%", "2020-09-30": "9.60%", "2020-06-30": "18.26%", "2020-03-31": "30.41%", "2019-12-31": "29.80%", "2019-09-30": "26.57%", "2019-06-30": "27.21%", "2019-03-31": "13.31%", "2018-12-31": "12.48%", "2018-09-30": "10.76%", "2018-06-30": "10.74%", "2018-03-31": "8.92%", "2017-12-31": "9.30%", "2017-09-30": "14.58%", "2017-06-30": "15.48%", "2017-03-31": "5.26%", "2016-12-31": "2.61%", "2016-09-30": "5.57%", "2016-06-30": "16.10%", "2016-03-31": "25.82%", "2015-12-31": "26.24%", "2015-09-30": "17.33%", "2015-06-30": "6.66%", "2015-03-31": "5.32%", "2014-12-31": "3.75%", "2014-09-30": "18.28%", "2014-06-30": "14.23%", "2014-03-31": "11.56%", "2013-12-31": "13.74%", "2013-09-30": "0.19%", "2013-06-30": "-3.91%", "2013-03-31": "0.00%", "2012-12-31": "-0.59%", "2012-09-30": "-21.37%", "2012-06-30": "-15.03%", "2012-03-31": "-21.93%", "2011-12-31": "-27.38%", "2011-09-30": "-7.41%", "2011-06-30": "-7.02%", "2011-03-31": "-0.42%", "2010-12-31": "5.27%", "2010-09-30": "3.59%", "2010-06-30": "3.96%", "2010-03-31": "4.82%", "2009-12-31": "5.43%", "2009-09-30": "6.63%", "2009-06-30": "6.43%", "2009-03-31": "6.53%", "2008-12-31": "6.50%", "2008-09-30": "5.03%", "2008-06-30": "5.80%", "2008-03-31": "5.08%", "2007-12-31": "3.96%", "2007-09-30": "4.30%", "2007-06-30": "6.28%", "2007-03-31": "6.85%", "2006-12-31": "8.24%", "2006-09-30": "9.55%", "2006-06-30": "7.49%", "2006-03-31": "7.67%", "2005-12-31": "7.59%"}, "pe ratio": {"current": "12.72", "2021-02-05": "207.38", "2020-12-31": "200.62", "2020-09-30": "46.02", "2020-06-30": "25.03", "2020-03-31": "12.37", "2019-12-31": "16.42", "2019-09-30": "18.92", "2019-06-30": "16.71", "2019-03-31": "35.20", "2018-12-31": "27.62", "2018-09-30": "42.29", "2018-06-30": "38.89", "2018-03-31": "41.07", "2017-12-31": "45.13", "2017-09-30": "41.53", "2017-06-30": "41.54", "2017-03-31": "258.44", "2016-12-31": "0.00", "2016-09-30": "72.52", "2016-06-30": "24.97", "2016-03-31": "13.09", "2015-12-31": "10.34", "2015-09-30": "14.80", "2015-06-30": "40.89", "2015-03-31": "66.33", "2014-12-31": "88.82", "2014-09-30": "16.90", "2014-06-30": "24.52", "2014-03-31": "29.33", "2013-12-31": "22.26", "2013-09-30": "858.28", "2013-06-30": "0.00", "2013-03-31": "0.00", "2012-12-31": "0.00", "2012-09-30": "0.00", "2012-06-30": "0.00", "2012-03-31": "0.00", "2011-12-31": "0.00", "2011-09-30": "0.00", "2011-06-30": "0.00", "2011-03-31": "0.00", "2010-12-31": "52.31", "2010-09-30": "71.93", "2010-06-30": "55.27", "2010-03-31": "43.11", "2009-12-31": "31.84", "2009-09-30": "23.22", "2009-06-30": "18.09", "2009-03-31": "15.77", "2008-12-31": "20.99", "2008-09-30": "36.55", "2008-06-30": "32.87", "2008-03-31": "38.24", "2007-12-31": "46.68", "2007-09-30": "68.22", "2007-06-30": "43.58", "2007-03-31": "43.96", "2006-12-31": "39.85"}, "price sales": {"2021-02-05": "4.96", "2020-12-31": "4.80", "2020-09-30": "4.35", "2020-06-30": "4.56", "2020-03-31": "3.76", "2019-12-31": "4.89", "2019-09-30": "4.99", "2019-06-30": "4.46", "2019-03-31": "4.67", "2018-12-31": "3.44", "2018-09-30": "4.55", "2018-06-30": "4.19", "2018-03-31": "3.65", "2017-12-31": "4.16", "2017-09-30": "4.75", "2017-06-30": "5.10", "2017-03-31": "4.76", "2016-12-31": "4.37", "2016-09-30": "3.96", "2016-06-30": "4.03", "2016-03-31": "3.40", "2015-12-31": "2.71", "2015-09-30": "2.51", "2015-06-30": "2.71", "2015-03-31": "3.45", "2014-12-31": "3.32", "2014-09-30": "3.05", "2014-06-30": "3.41", "2014-03-31": "3.27", "2013-12-31": "2.95", "2013-09-30": "2.79", "2013-06-30": "2.88", "2013-03-31": "2.87", "2012-12-31": "2.55", "2012-09-30": "2.52", "2012-06-30": "2.45", "2012-03-31": "2.36", "2011-12-31": "2.07", "2011-09-30": "2.05", "2011-06-30": "2.74", "2011-03-31": "3.00", "2010-12-31": "2.69", "2010-09-30": "2.48", "2010-06-30": "2.18", "2010-03-31": "2.03", "2009-12-31": "1.72", "2009-09-30": "1.62", "2009-06-30": "1.22", "2009-03-31": "1.11", "2008-12-31": "1.49", "2008-09-30": "2.16", "2008-06-30": "2.18", "2008-03-31": "2.21", "2007-12-31": "2.09", "2007-09-30": "2.73", "2007-06-30": "2.70", "2007-03-31": "3.05", "2006-12-31": "3.36"}, "price book": {"current": "1.83", "2021-02-05": "1.83", "2020-09-30": "1.60", "2020-06-30": "1.68", "2020-03-31": "1.44", "2019-12-31": "1.83", "2019-09-30": "1.86", "2019-06-30": "1.61", "2019-03-31": "1.71", "2018-12-31": "1.31", "2018-09-30": "1.83", "2018-06-30": "1.78", "2018-03-31": "1.59", "2017-12-31": "1.77", "2017-09-30": "2.02", "2017-06-30": "2.13", "2017-03-31": "1.76", "2016-12-31": "1.64", "2016-09-30": "1.51", "2016-06-30": "1.56", "2016-03-31": "1.30", "2015-12-31": "1.05", "2015-09-30": "1.02", "2015-06-30": "1.17", "2015-03-31": "1.43", "2014-12-31": "1.36", "2014-09-30": "1.25", "2014-06-30": "1.34", "2014-03-31": "1.20", "2013-12-31": "1.04", "2013-09-30": "1.05", "2013-06-30": "1.13", "2013-03-31": "1.08", "2012-12-31": "1.01", "2012-09-30": "0.98", "2012-06-30": "0.88", "2012-03-31": "0.97", "2011-12-31": "0.87", "2011-09-30": "0.81", "2011-06-30": "1.09", "2011-03-31": "1.24", "2010-12-31": "1.14", "2010-09-30": "1.29", "2010-06-30": "1.27", "2010-03-31": "1.33", "2009-12-31": "1.18", "2009-09-30": "1.15", "2009-06-30": "0.90", "2009-03-31": "0.75", "2008-12-31": "0.86", "2008-09-30": "1.29", "2008-06-30": "1.16", "2008-03-31": "1.12", "2007-12-31": "1.02", "2007-09-30": "1.32", "2007-06-30": "1.28", "2007-03-31": "1.41", "2006-12-31": "1.75", "2006-09-30": "1.45", "2006-06-30": "1.46", "2006-03-31": "1.69"}, "price fcf": {"2021-02-05": "", "2020-09-30": "$-1.24", "2020-06-30": "$-0.95", "2020-03-31": "$-0.38", "2019-12-31": "$-0.52", "2019-09-30": "$-0.35", "2019-06-30": "$0.07", "2019-03-31": "$-0.30", "2018-12-31": "$0.20", "2018-09-30": "$0.69", "2018-06-30": "$1.38", "2018-03-31": "$1.43", "2017-12-31": "$2.12", "2017-09-30": "$2.38", "2017-06-30": "$4.30", "2017-03-31": "$4.70", "2016-12-31": "$4.00", "2016-09-30": "$4.68", "2016-06-30": "$2.01", "2016-03-31": "$1.78", "2015-12-31": "$1.67", "2015-09-30": "$0.19", "2015-06-30": "$0.83", "2015-03-31": "$0.45", "2014-12-31": "$0.58", "2014-09-30": "$2.24", "2014-06-30": "$1.52", "2014-03-31": "$1.31", "2013-12-31": "$1.24", "2013-09-30": "$-0.60", "2013-06-30": "$1.64", "2013-03-31": "$3.38", "2012-12-31": "$4.32", "2012-09-30": "$5.02", "2012-06-30": "$2.37", "2012-03-31": "$1.12", "2011-12-31": "$-0.01", "2011-09-30": "$-0.53", "2011-06-30": "$-1.79", "2011-03-31": "$-2.05", "2010-12-31": "$-1.99", "2010-09-30": "$-1.52", "2010-06-30": "$-0.34", "2010-03-31": "$-0.24", "2009-12-31": "$0.33", "2009-09-30": "$-0.29", "2009-06-30": "$-0.18", "2009-03-31": "$-1.35", "2008-12-31": "$-1.43", "2008-09-30": "$-1.26", "2008-06-30": "$-1.13", "2008-03-31": "$-0.47", "2007-12-31": "$-4.10", "2007-09-30": "$-4.81", "2007-06-30": "$-4.48", "2007-03-31": "$-6.71", "2006-12-31": "$-3.01"}, "net worth": {"value": "$3.02B"}, "current ratio": {"2020-12-31": "1.55", "2020-09-30": "1.35", "2020-06-30": "1.29", "2020-03-31": "2.73", "2019-12-31": "1.28", "2019-09-30": "1.64", "2019-06-30": "1.72", "2019-03-31": "1.73", "2018-12-31": "1.95", "2018-09-30": "1.92", "2018-06-30": "1.98", "2018-03-31": "1.88", "2017-12-31": "1.74", "2017-09-30": "1.53", "2017-06-30": "2.15", "2017-03-31": "4.88", "2016-12-31": "3.63", "2016-09-30": "1.96", "2016-06-30": "2.12", "2016-03-31": "3.12", "2015-12-31": "2.73", "2015-09-30": "1.86", "2015-06-30": "1.35", "2015-03-31": "1.45", "2014-12-31": "1.58", "2014-09-30": "1.78", "2014-06-30": "2.55", "2014-03-31": "2.11", "2013-12-31": "2.39", "2013-09-30": "2.23", "2013-06-30": "1.69", "2013-03-31": "1.55", "2012-12-31": "1.74", "2012-09-30": "1.43", "2012-06-30": "1.46", "2012-03-31": "1.40", "2011-12-31": "1.62", "2011-09-30": "1.38", "2011-06-30": "1.15", "2011-03-31": "1.35", "2010-12-31": "1.31", "2010-09-30": "1.45", "2010-06-30": "1.41", "2010-03-31": "1.35", "2009-12-31": "0.98", "2009-09-30": "0.98", "2009-06-30": "0.78", "2009-03-31": "0.96", "2008-12-31": "1.05", "2008-09-30": "1.20", "2008-06-30": "1.44", "2008-03-31": "1.97", "2007-12-31": "1.57", "2007-09-30": "1.38", "2007-06-30": "1.66", "2007-03-31": "1.80", "2006-12-31": "1.89", "2006-09-30": "2.31", "2006-06-30": "1.71", "2006-03-31": "2.22", "2005-12-31": "1.93", "2005-09-30": "1.94", "2005-06-30": "1.49", "2005-03-31": "1.41"}, "quick ratio": {"2020-12-31": "0.00", "2020-09-30": "0.00", "2020-06-30": "0.00", "2020-03-31": "0.00", "2019-12-31": "0.00", "2019-09-30": "0.00", "2019-06-30": "0.00", "2019-03-31": "0.00", "2018-12-31": "0.00", "2018-09-30": "0.00", "2018-06-30": "0.00", "2018-03-31": "0.00", "2017-12-31": "0.00", "2017-09-30": "0.00", "2017-06-30": "0.00", "2017-03-31": "0.00", "2016-12-31": "0.00", "2016-09-30": "0.00", "2016-06-30": "0.00", "2016-03-31": "0.00", "2015-12-31": "0.00", "2015-09-30": "0.00", "2015-06-30": "0.00", "2015-03-31": "0.00", "2014-12-31": "0.00", "2014-09-30": "0.00", "2014-06-30": "0.00", "2014-03-31": "0.00", "2013-12-31": "0.00", "2013-09-30": "0.00", "2013-06-30": "0.00", "2013-03-31": "0.00", "2012-12-31": "0.00", "2012-09-30": "0.00", "2012-06-30": "0.00", "2012-03-31": "0.00", "2011-12-31": "0.00", "2011-09-30": "0.00", "2011-06-30": "0.00", "2011-03-31": "0.00", "2010-12-31": "0.00", "2010-09-30": "0.00", "2010-06-30": "0.00", "2010-03-31": "0.00", "2009-12-31": "0.00", "2009-09-30": "0.00", "2009-06-30": "0.00", "2009-03-31": "0.00", "2008-12-31": "0.00", "2008-09-30": "0.00", "2008-06-30": "0.00", "2008-03-31": "0.00", "2007-12-31": "0.00", "2007-09-30": "0.00", "2007-06-30": "0.00", "2007-03-31": "0.00", "2006-12-31": "0.00", "2006-09-30": "0.00", "2006-06-30": "0.00", "2006-03-31": "0.00", "2005-12-31": "0.00", "2005-09-30": "0.00", "2005-06-30": "0.00", "2005-03-31": "0.00"}, "debt equity ratio": {"current": "1.32", "2020-12-31": "1.41", "2020-09-30": "1.50", "2020-06-30": "1.42", "2020-03-31": "1.44", "2019-12-31": "1.24", "2019-09-30": "1.27", "2019-06-30": "1.21", "2019-03-31": "1.28", "2018-12-31": "1.25", "2018-09-30": "1.27", "2018-06-30": "1.40", "2018-03-31": "1.43", "2017-12-31": "1.45", "2017-09-30": "1.52", "2017-06-30": "1.52", "2017-03-31": "1.33", "2016-12-31": "1.37", "2016-09-30": "1.42", "2016-06-30": "1.56", "2016-03-31": "1.49", "2015-12-31": "1.42", "2015-09-30": "1.48", "2015-06-30": "1.58", "2015-03-31": "1.47", "2014-12-31": "1.41", "2014-09-30": "1.63", "2014-06-30": "1.65", "2014-03-31": "1.45", "2013-12-31": "1.42", "2013-09-30": "1.62", "2013-06-30": "1.59", "2013-03-31": "1.39", "2012-12-31": "1.54", "2012-09-30": "1.88", "2012-06-30": "1.75", "2012-03-31": "2.16", "2011-12-31": "2.20", "2011-09-30": "2.03", "2011-06-30": "1.86", "2011-03-31": "2.04", "2010-12-31": "1.91", "2010-09-30": "2.43", "2010-06-30": "2.12", "2010-03-31": "2.06", "2009-12-31": "2.02", "2009-09-30": "1.84", "2009-06-30": "1.79", "2009-03-31": "1.91", "2008-12-31": "1.88", "2008-09-30": "2.32", "2008-06-30": "2.71", "2008-03-31": "2.61", "2007-12-31": "2.56", "2007-09-30": "2.50", "2007-06-30": "2.41", "2007-03-31": "2.37", "2006-12-31": "2.59", "2006-09-30": "2.30", "2006-06-30": "2.52", "2006-03-31": "2.67", "2005-12-31": "2.66", "2005-09-30": "2.27", "2005-06-30": "2.66", "2005-03-31": "2.46"}, "return on equity": {"2020-12-31": "5.82%", "2020-09-30": "3.47%", "2020-06-30": "6.59%", "2020-03-31": "11.41%", "2019-12-31": "11.25%", "2019-09-30": "9.85%", "2019-06-30": "9.86%", "2019-03-31": "4.75%", "2018-12-31": "4.63%", "2018-09-30": "4.28%", "2018-06-30": "4.56%", "2018-03-31": "3.87%", "2017-12-31": "3.86%", "2017-09-30": "5.70%", "2017-06-30": "5.82%", "2017-03-31": "1.94%", "2016-12-31": "0.97%", "2016-09-30": "2.06%", "2016-06-30": "5.99%", "2016-03-31": "9.97%", "2015-12-31": "10.50%", "2015-09-30": "7.09%", "2015-06-30": "2.82%", "2015-03-31": "2.19%", "2014-12-31": "1.52%", "2014-09-30": "7.21%", "2014-06-30": "5.38%", "2014-03-31": "4.32%", "2013-12-31": "4.88%", "2013-09-30": "0.07%", "2013-06-30": "-1.42%", "2013-03-31": "0.00%", "2012-12-31": "-0.23%", "2012-09-30": "-8.22%", "2012-06-30": "-5.68%", "2012-03-31": "-8.45%", "2011-12-31": "-10.51%", "2011-09-30": "-2.74%", "2011-06-30": "-2.70%", "2011-03-31": "-0.17%", "2010-12-31": "2.24%", "2010-09-30": "1.80%", "2010-06-30": "2.23%", "2010-03-31": "3.01%", "2009-12-31": "3.57%", "2009-09-30": "4.50%", "2009-06-30": "4.53%", "2009-03-31": "4.41%", "2008-12-31": "4.17%", "2008-09-30": "3.07%", "2008-06-30": "3.05%", "2008-03-31": "2.54%", "2007-12-31": "1.92%", "2007-09-30": "2.14%", "2007-06-30": "3.14%", "2007-03-31": "3.47%", "2006-12-31": "4.42%", "2006-09-30": "5.05%", "2006-06-30": "4.16%", "2006-03-31": "4.41%", "2005-12-31": "4.36%"}, "return on assets": {"2020-12-31": "2.39%", "2020-09-30": "1.45%", "2020-06-30": "2.81%", "2020-03-31": "4.99%", "2019-12-31": "5.00%", "2019-09-30": "4.37%", "2019-06-30": "4.38%", "2019-03-31": "2.07%", "2018-12-31": "1.98%", "2018-09-30": "1.80%", "2018-06-30": "1.87%", "2018-03-31": "1.56%", "2017-12-31": "1.58%", "2017-09-30": "2.35%", "2017-06-30": "2.42%", "2017-03-31": "0.80%", "2016-12-31": "0.39%", "2016-09-30": "0.84%", "2016-06-30": "2.41%", "2016-03-31": "4.01%", "2015-12-31": "4.23%", "2015-09-30": "2.86%", "2015-06-30": "1.12%", "2015-03-31": "0.86%", "2014-12-31": "0.60%", "2014-09-30": "2.84%", "2014-06-30": "2.12%", "2014-03-31": "1.72%", "2013-12-31": "1.95%", "2013-09-30": "0.03%", "2013-06-30": "-0.55%", "2013-03-31": "0.00%", "2012-12-31": "-0.08%", "2012-09-30": "-2.75%", "2012-06-30": "-1.88%", "2012-03-31": "-2.76%", "2011-12-31": "-3.47%", "2011-09-30": "-0.93%", "2011-06-30": "-0.89%", "2011-03-31": "-0.05%", "2010-12-31": "0.72%", "2010-09-30": "0.57%", "2010-06-30": "0.74%", "2010-03-31": "1.03%", "2009-12-31": "1.24%", "2009-09-30": "1.58%", "2009-06-30": "1.53%", "2009-03-31": "1.39%", "2008-12-31": "1.25%", "2008-09-30": "0.87%", "2008-06-30": "0.85%", "2008-03-31": "0.72%", "2007-12-31": "0.56%", "2007-09-30": "0.62%", "2007-06-30": "0.92%", "2007-03-31": "1.01%", "2006-12-31": "1.26%", "2006-09-30": "1.43%", "2006-06-30": "1.18%", "2006-03-31": "1.24%", "2005-12-31": "1.24%"}, "return on investments": {"2020-12-31": "4.29%", "2020-09-30": "4.27%", "2020-06-30": "4.33%", "2020-03-31": "4.40%", "2019-12-31": "4.41%", "2019-09-30": "4.30%", "2019-06-30": "4.32%", "2019-03-31": "4.27%", "2018-12-31": "4.24%", "2018-09-30": "4.04%", "2018-06-30": "4.14%", "2018-03-31": "4.12%", "2017-12-31": "4.04%", "2017-09-30": "4.34%", "2017-06-30": "3.53%", "2017-03-31": "1.63%", "2016-12-31": "1.47%", "2016-09-30": "0.97%", "2016-06-30": "1.50%", "2016-03-31": "3.22%", "2015-12-31": "3.29%", "2015-09-30": "3.83%", "2015-06-30": "4.04%", "2015-03-31": "3.94%", "2014-12-31": "3.80%", "2014-09-30": "3.75%", "2014-06-30": "3.54%", "2014-03-31": "3.76%", "2013-12-31": "4.05%", "2013-09-30": "3.85%", "2013-06-30": "2.74%", "2013-03-31": "2.53%", "2012-12-31": "2.51%", "2012-09-30": "1.27%", "2012-06-30": "2.26%", "2012-03-31": "1.72%", "2011-12-31": "0.84%", "2011-09-30": "1.69%", "2011-06-30": "1.76%", "2011-03-31": "2.34%", "2010-12-31": "3.21%", "2010-09-30": "3.59%", "2010-06-30": "3.87%", "2010-03-31": "4.03%", "2009-12-31": "4.29%", "2009-09-30": "4.61%", "2009-06-30": "4.77%", "2009-03-31": "4.81%", "2008-12-31": "4.79%", "2008-09-30": "4.77%", "2008-06-30": "4.65%", "2008-03-31": "4.60%", "2007-12-31": "4.45%", "2007-09-30": "4.58%", "2007-06-30": "4.66%", "2007-03-31": "4.84%", "2006-12-31": "5.14%", "2006-09-30": "5.19%", "2006-06-30": "5.21%", "2006-03-31": "5.28%", "2005-12-31": "5.41%"}, "return on tangible equity": {"2020-09-30": "3.52%", "2020-06-30": "6.70%", "2020-03-31": "11.61%", "2019-12-31": "11.46%", "2019-09-30": "10.06%", "2019-06-30": "10.10%", "2019-03-31": "4.88%", "2018-12-31": "4.77%", "2018-09-30": "4.44%", "2018-06-30": "4.75%", "2018-03-31": "4.05%", "2017-12-31": "4.04%", "2017-09-30": "5.99%", "2017-06-30": "6.13%", "2017-03-31": "2.04%", "2016-12-31": "1.03%", "2016-09-30": "2.19%", "2016-06-30": "6.38%", "2016-03-31": "10.61%", "2015-12-31": "11.13%", "2015-09-30": "7.45%", "2015-06-30": "2.93%", "2015-03-31": "2.27%", "2014-12-31": "1.57%", "2014-09-30": "7.49%", "2014-06-30": "5.60%", "2014-03-31": "4.51%", "2013-12-31": "5.11%", "2013-09-30": "0.07%", "2013-06-30": "-1.49%", "2013-03-31": "0.00%", "2012-12-31": "-0.24%", "2012-09-30": "-8.80%", "2012-06-30": "-6.10%", "2012-03-31": "-9.11%", "2011-12-31": "-11.38%", "2011-09-30": "-2.98%", "2011-06-30": "-2.96%", "2011-03-31": "-0.18%", "2010-12-31": "2.47%", "2010-09-30": "1.99%", "2010-06-30": "2.43%", "2010-03-31": "3.27%", "2009-12-31": "3.87%", "2009-09-30": "4.87%", "2009-06-30": "4.95%", "2009-03-31": "4.88%", "2008-12-31": "4.68%", "2008-09-30": "3.50%", "2008-06-30": "3.51%", "2008-03-31": "2.94%", "2007-12-31": "2.25%", "2007-09-30": "2.50%", "2007-06-30": "3.66%", "2007-03-31": "4.05%", "2006-12-31": "5.13%", "2006-09-30": "5.90%", "2006-06-30": "4.85%", "2006-03-31": "5.11%", "2005-12-31": "5.02%"}, "dividend yield history": {"last payout": "$1.10", "last yield": "4.08%"}}