{"ticker": "CSGP", "price": {"title": "CoStar Historical Annual Stock Price Data", "value": 908.18, "historical": {"2021": {"Average Stock Price": "899.3721", "Year Open": "895.2600", "Year High": "925.0000", "Year Low": "853.7200", "Year Close": "908.1800", "Annual % Change": "-1.74%"}, "2020": {"Average Stock Price": "744.1064", "Year Open": "620.6600", "Year High": "939.5000", "Year Low": "523.3700", "Year Close": "924.2800", "Annual % Change": "54.48%"}, "2019": {"Average Stock Price": "528.0644", "Year Open": "334.7200", "Year High": "634.2600", "Year Low": "327.2800", "Year Close": "598.3000", "Annual % Change": "77.36%"}, "2018": {"Average Stock Price": "380.8649", "Year Open": "296.7900", "Year High": "446.7200", "Year Low": "296.7900", "Year Close": "337.3400", "Annual % Change": "13.60%"}, "2017": {"Average Stock Price": "254.4333", "Year Open": "186.1500", "Year High": "310.1900", "Year Low": "186.1500", "Year Close": "296.9500", "Annual % Change": "57.54%"}, "2016": {"Average Stock Price": "196.2470", "Year Open": "197.5400", "Year High": "224.1000", "Year Low": "148.9000", "Year Close": "188.4900", "Annual % Change": "-8.81%"}, "2015": {"Average Stock Price": "195.8706", "Year Open": "180.1300", "Year High": "218.4300", "Year Low": "164.5300", "Year Close": "206.6900", "Annual % Change": "12.56%"}, "2014": {"Average Stock Price": "165.0316", "Year Open": "181.8800", "Year High": "214.0000", "Year Low": "137.6000", "Year Close": "183.6300", "Annual % Change": "-0.51%"}, "2013": {"Average Stock Price": "135.7499", "Year Open": "93.0800", "Year High": "186.6200", "Year Low": "89.2800", "Year Close": "184.5800", "Annual % Change": "106.53%"}, "2012": {"Average Stock Price": "75.0244", "Year Open": "65.8800", "Year High": "89.5400", "Year Low": "56.6700", "Year Close": "89.3700", "Annual % Change": "33.93%"}, "2011": {"Average Stock Price": "58.8184", "Year Open": "58.2900", "Year High": "72.8400", "Year Low": "46.7000", "Year Close": "66.7300", "Annual % Change": "15.93%"}, "2010": {"Average Stock Price": "44.8180", "Year Open": "42.2500", "Year High": "57.7500", "Year Low": "37.6600", "Year Close": "57.5600", "Annual % Change": "37.80%"}, "2009": {"Average Stock Price": "36.1759", "Year Open": "33.5100", "Year High": "44.4300", "Year Low": "24.2300", "Year Close": "41.7700", "Annual % Change": "26.81%"}, "2008": {"Average Stock Price": "43.0189", "Year Open": "45.3100", "Year High": "56.7000", "Year Low": "27.0000", "Year Close": "32.9400", "Annual % Change": "-30.29%"}, "2007": {"Average Stock Price": "51.3737", "Year Open": "52.1500", "Year High": "61.6500", "Year Low": "43.4400", "Year Close": "47.2500", "Annual % Change": "-11.78%"}, "2006": {"Average Stock Price": "49.4142", "Year Open": "44.0600", "Year High": "61.2200", "Year Low": "38.5200", "Year Close": "53.5600", "Annual % Change": "24.07%"}, "2005": {"Average Stock Price": "43.3198", "Year Open": "46.2100", "Year High": "49.8100", "Year Low": "33.7200", "Year Close": "43.1700", "Annual % Change": "-6.52%"}, "2004": {"Average Stock Price": "41.6788", "Year Open": "42.1500", "Year High": "49.1900", "Year Low": "35.8300", "Year Close": "46.1800", "Annual % Change": "10.74%"}, "2003": {"Average Stock Price": "28.2534", "Year Open": "17.7700", "Year High": "42.8500", "Year Low": "17.7700", "Year Close": "41.7000", "Annual % Change": "126.02%"}, "2002": {"Average Stock Price": "20.5090", "Year Open": "23.0500", "Year High": "25.7000", "Year Low": "15.9000", "Year Close": "18.4500", "Annual % Change": "-23.16%"}, "2001": {"Average Stock Price": "22.1102", "Year Open": "21.6300", "Year High": "30.5300", "Year Low": "15.0600", "Year Close": "24.0100", "Annual % Change": "1.61%"}, "2000": {"Average Stock Price": "30.3671", "Year Open": "31.3800", "Year High": "52.1300", "Year Low": "19.7500", "Year Close": "23.6300", "Annual % Change": "-34.14%"}, "1999": {"Average Stock Price": "28.8898", "Year Open": "12.6300", "Year High": "48.0000", "Year Low": "12.6300", "Year Close": "35.8800", "Annual % Change": "184.09%"}}}, "market cap": {"value": "$35.8B"}, "income statement": {"Revenue": {"2019-12-31": "1399.71900", "2018-12-31": "1191.83200", "2017-12-31": "965.23000", "2016-12-31": "837.63000", "2015-12-31": "711.76400", "2014-12-31": "575.93600", "2013-12-31": "440.94300", "2012-12-31": "349.93600", "2011-12-31": "251.73800", "2010-12-31": "226.26000", "2009-12-31": "209.65900", "2008-12-31": "212.42800", "2007-12-31": "192.80500", "2006-12-31": "158.88900", "2005-12-31": "134.33800"}, "Cost Of Goods Sold": {"2019-12-31": "289.23900", "2018-12-31": "269.93300", "2017-12-31": "220.40300", "2016-12-31": "173.81400", "2015-12-31": "188.88500", "2014-12-31": "156.97900", "2013-12-31": "129.18500", "2012-12-31": "114.86600", "2011-12-31": "88.16700", "2010-12-31": "83.59900", "2009-12-31": "73.71400", "2008-12-31": "73.40800", "2007-12-31": "76.70400", "2006-12-31": "56.13600", "2005-12-31": "44.28600"}, "Gross Profit": {"2019-12-31": "1110.48000", "2018-12-31": "921.89900", "2017-12-31": "744.82700", "2016-12-31": "663.81600", "2015-12-31": "522.87900", "2014-12-31": "418.95700", "2013-12-31": "311.75800", "2012-12-31": "235.07000", "2011-12-31": "163.57100", "2010-12-31": "142.66100", "2009-12-31": "135.94500", "2008-12-31": "139.02000", "2007-12-31": "116.10100", "2006-12-31": "102.75300", "2005-12-31": "90.05200"}, "Research And Development Expenses": {"2019-12-31": "125.60200", "2018-12-31": "100.93700", "2017-12-31": "88.85000", "2016-12-31": "76.40000", "2015-12-31": "65.76000", "2014-12-31": "55.42600", "2013-12-31": "46.75700", "2012-12-31": "32.75600", "2011-12-31": "20.03700", "2010-12-31": "17.35000", "2009-12-31": "13.94200", "2008-12-31": "12.75900", "2007-12-31": "12.45300", "2006-12-31": "12.00800", "2005-12-31": "10.12300"}, "SG&A Expenses": {"2019-12-31": "587.33600", "2018-12-31": "516.51700", "2017-12-31": "464.49000", "2016-12-31": "419.78000", "2015-12-31": "417.73300", "2014-12-31": "254.22100", "2013-12-31": "195.66400", "2012-12-31": "161.26700", "2011-12-31": "119.52600", "2010-12-31": "100.23100", "2009-12-31": "86.75600", "2008-12-31": "81.59300", "2007-12-31": "88.34600", "2006-12-31": "72.48100", "2005-12-31": "65.90100"}, "Other Operating Income Or Expenses": {"2019-12-31": "-33.99500", "2018-12-31": "-30.88100", "2017-12-31": "-17.67100", "2016-12-31": "-22.73100", "2015-12-31": "-27.93100", "2014-12-31": "-28.43200", "2013-12-31": "", "2012-12-31": "", "2011-12-31": "", "2010-12-31": "", "2009-12-31": "", "2008-12-31": "", "2007-12-31": "7.61300", "2006-12-31": "", "2005-12-31": ""}, "Operating Expenses": {"2019-12-31": "1036.17200", "2018-12-31": "918.26790", "2017-12-31": "791.41410", "2016-12-31": "692.72500", "2015-12-31": "700.30900", "2014-12-31": "495.05800", "2013-12-31": "386.78900", "2012-12-31": "322.49600", "2011-12-31": "229.96700", "2010-12-31": "203.48500", "2009-12-31": "177.82400", "2008-12-31": "172.64000", "2007-12-31": "174.95300", "2006-12-31": "144.80800", "2005-12-31": "126.99600"}, "Operating Income": {"2019-12-31": "363.54700", "2018-12-31": "273.56410", "2017-12-31": "173.81590", "2016-12-31": "144.90500", "2015-12-31": "11.45500", "2014-12-31": "80.87800", "2013-12-31": "54.15400", "2012-12-31": "27.44000", "2011-12-31": "21.77100", "2010-12-31": "22.77500", "2009-12-31": "31.83500", "2008-12-31": "39.78800", "2007-12-31": "17.85200", "2006-12-31": "14.08100", "2005-12-31": "7.34200"}, "Total Non-Operating Income/Expense": {"2019-12-31": "27.40200", "2018-12-31": "10.45100", "2017-12-31": "-8.75800", "2016-12-31": "-8.24300", "2015-12-31": "-8.87400", "2014-12-31": "-9.96500", "2013-12-31": "-6.61700", "2012-12-31": "-4.30600", "2011-12-31": "0.79800", "2010-12-31": "0.73500", "2009-12-31": "1.25300", "2008-12-31": "4.91400", "2007-12-31": "8.04500", "2006-12-31": "6.84500", "2005-12-31": "3.45500"}, "Pre-Tax Income": {"2019-12-31": "390.94900", "2018-12-31": "284.01500", "2017-12-31": "165.05800", "2016-12-31": "136.66200", "2015-12-31": "2.58100", "2014-12-31": "70.91300", "2013-12-31": "47.53700", "2012-12-31": "23.13400", "2011-12-31": "22.56900", "2010-12-31": "23.51000", "2009-12-31": "33.08800", "2008-12-31": "44.70200", "2007-12-31": "25.89700", "2006-12-31": "20.92600", "2005-12-31": "10.79700"}, "Income Taxes": {"2019-12-31": "75.98600", "2018-12-31": "45.68100", "2017-12-31": "42.36300", "2016-12-31": "51.59100", "2015-12-31": "6.04600", "2014-12-31": "26.04400", "2013-12-31": "17.80300", "2012-12-31": "13.21900", "2011-12-31": "7.91300", "2010-12-31": "10.22100", "2009-12-31": "14.39500", "2008-12-31": "20.07900", "2007-12-31": "9.94600", "2006-12-31": "8.51600", "2005-12-31": "4.34000"}, "Income After Taxes": {"2019-12-31": "314.96300", "2018-12-31": "238.33400", "2017-12-31": "122.69500", "2016-12-31": "85.07100", "2015-12-31": "-3.46500", "2014-12-31": "44.86900", "2013-12-31": "29.73400", "2012-12-31": "9.91500", "2011-12-31": "14.65600", "2010-12-31": "13.28900", "2009-12-31": "18.69300", "2008-12-31": "24.62300", "2007-12-31": "15.95100", "2006-12-31": "12.41000", "2005-12-31": "6.45700"}, "Other Income": {"2019-12-31": "", "2018-12-31": "", "2017-12-31": "", "2016-12-31": "", "2015-12-31": "", "2014-12-31": "", "2013-12-31": "", "2012-12-31": "", "2011-12-31": "", "2010-12-31": "", "2009-12-31": "", "2008-12-31": "", "2007-12-31": "", "2006-12-31": "", "2005-12-31": ""}, "Income From Continuous Operations": {"2019-12-31": "314.96300", "2018-12-31": "238.33400", "2017-12-31": "122.69500", "2016-12-31": "85.07100", "2015-12-31": "-3.46500", "2014-12-31": "44.86900", "2013-12-31": "29.73400", "2012-12-31": "9.91500", "2011-12-31": "14.65600", "2010-12-31": "13.28900", "2009-12-31": "18.69300", "2008-12-31": "24.62300", "2007-12-31": "15.95100", "2006-12-31": "12.41000", "2005-12-31": "6.45700"}, "Income From Discontinued Operations": {"2019-12-31": "", "2018-12-31": "", "2017-12-31": "", "2016-12-31": "", "2015-12-31": "", "2014-12-31": "", "2013-12-31": "", "2012-12-31": "", "2011-12-31": "", "2010-12-31": "", "2009-12-31": "", "2008-12-31": "", "2007-12-31": "", "2006-12-31": "", "2005-12-31": ""}, "Net Income": {"2019-12-31": "314.96300", "2018-12-31": "238.33400", "2017-12-31": "122.69500", "2016-12-31": "85.07100", "2015-12-31": "-3.46500", "2014-12-31": "44.86900", "2013-12-31": "29.73400", "2012-12-31": "9.91500", "2011-12-31": "14.65600", "2010-12-31": "13.28900", "2009-12-31": "18.69300", "2008-12-31": "24.62300", "2007-12-31": "15.95100", "2006-12-31": "12.41000", "2005-12-31": "6.45700"}, "EBITDA": {"2019-12-31": "499.00900", "2018-12-31": "400.49610", "2017-12-31": "239.76190", "2016-12-31": "218.29700", "2015-12-31": "93.29800", "2014-12-31": "154.56200", "2013-12-31": "97.22600", "2012-12-31": "62.18100", "2011-12-31": "34.62300", "2010-12-31": "36.42400", "2009-12-31": "46.51100", "2008-12-31": "56.58900", "2007-12-31": "33.99900", "2006-12-31": "25.89100", "2005-12-31": "19.05600"}, "EBIT": {"2019-12-31": "363.54700", "2018-12-31": "273.56410", "2017-12-31": "173.81590", "2016-12-31": "144.90500", "2015-12-31": "11.45500", "2014-12-31": "80.87800", "2013-12-31": "54.15400", "2012-12-31": "27.44000", "2011-12-31": "21.77100", "2010-12-31": "22.77500", "2009-12-31": "31.83500", "2008-12-31": "39.78800", "2007-12-31": "17.85200", "2006-12-31": "14.08100", "2005-12-31": "7.34200"}, "Basic Shares Outstanding": {"2019-12-31": "36.31000", "2018-12-31": "36.05800", "2017-12-31": "33.20000", "2016-12-31": "32.16700", "2015-12-31": "31.95000", "2014-12-31": "30.21500", "2013-12-31": "27.67000", "2012-12-31": "26.53300", "2011-12-31": "23.13100", "2010-12-31": "20.33000", "2009-12-31": "19.78000", "2008-12-31": "19.37200", "2007-12-31": "19.04400", "2006-12-31": "18.75100", "2005-12-31": "18.45300"}, "Shares Outstanding": {"2019-12-31": "36.63000", "2018-12-31": "36.44800", "2017-12-31": "33.55900", "2016-12-31": "32.43600", "2015-12-31": "31.95000", "2014-12-31": "30.64100", "2013-12-31": "28.21200", "2012-12-31": "26.94900", "2011-12-31": "23.52700", "2010-12-31": "20.70700", "2009-12-31": "19.92500", "2008-12-31": "19.55000", "2007-12-31": "19.40400", "2006-12-31": "19.16500", "2005-12-31": "19.00700"}, "Basic EPS": {"2019-12-31": "8.67000", "2018-12-31": "6.61000", "2017-12-31": "3.70000", "2016-12-31": "2.64000", "2015-12-31": "-0.11000", "2014-12-31": "1.48000", "2013-12-31": "1.07000", "2012-12-31": "0.37000", "2011-12-31": "0.63000", "2010-12-31": "0.65000", "2009-12-31": "0.95000", "2008-12-31": "1.27000", "2007-12-31": "0.84000", "2006-12-31": "0.66000", "2005-12-31": "0.35000"}, "EPS - Earnings Per Share": {"2019-12-31": "8.60000", "2018-12-31": "6.54000", "2017-12-31": "3.66000", "2016-12-31": "2.62000", "2015-12-31": "-0.11000", "2014-12-31": "1.46000", "2013-12-31": "1.05000", "2012-12-31": "0.37000", "2011-12-31": "0.62000", "2010-12-31": "0.64000", "2009-12-31": "0.94000", "2008-12-31": "1.26000", "2007-12-31": "0.82000", "2006-12-31": "0.65000", "2005-12-31": "0.34000"}}, "income statement, quarterly": {"Revenue": {"2020-09-30": "425.62000", "2020-06-30": "397.15900", "2020-03-31": "391.84700", "2019-12-31": "374.72600", "2019-09-30": "352.80800", "2019-06-30": "343.76000", "2019-03-31": "328.42500", "2018-12-31": "315.57100", "2018-09-30": "305.52500", "2018-06-30": "297.01800", "2018-03-31": "273.71800", "2017-12-31": "253.99100", "2017-09-30": "247.53300", "2017-06-30": "237.15300", "2017-03-31": "226.55300", "2016-12-31": "218.31100", "2016-09-30": "212.71100", "2016-06-30": "206.86900", "2016-03-31": "199.73900", "2015-12-31": "193.00900", "2015-09-30": "189.07800", "2015-06-30": "170.65700", "2015-03-31": "159.02000", "2014-12-31": "156.09600", "2014-09-30": "153.05600", "2014-06-30": "147.70800", "2014-03-31": "119.07600", "2013-12-31": "115.61000", "2013-09-30": "112.30100", "2013-06-30": "108.99900", "2013-03-31": "104.03300", "2012-12-31": "100.08300", "2012-09-30": "96.00100", "2012-06-30": "85.22300", "2012-03-31": "68.62900", "2011-12-31": "66.16400", "2011-09-30": "63.82900", "2011-06-30": "62.12700", "2011-03-31": "59.61800", "2010-12-31": "58.18500", "2010-09-30": "57.14400", "2010-06-30": "55.83800", "2010-03-31": "55.09300", "2009-12-31": "54.63500", "2009-09-30": "53.59000", "2009-06-30": "50.06400", "2009-03-31": "51.37000", "2008-12-31": "52.92900", "2008-09-30": "53.75700", "2008-06-30": "53.47800", "2008-03-31": "52.26400", "2007-12-31": "50.84000", "2007-09-30": "49.34000", "2007-06-30": "47.79400", "2007-03-31": "44.83100", "2006-12-31": "42.09800", "2006-09-30": "40.57100", "2006-06-30": "38.94600", "2006-03-31": "37.27400", "2005-12-31": "35.80400", "2005-09-30": "34.32000", "2005-06-30": "32.87100", "2005-03-31": "31.34300"}, "Cost Of Goods Sold": {"2020-09-30": "77.86500", "2020-06-30": "74.04000", "2020-03-31": "78.90900", "2019-12-31": "74.99600", "2019-09-30": "71.17200", "2019-06-30": "71.91800", "2019-03-31": "71.15300", "2018-12-31": "68.24800", "2018-09-30": "72.07200", "2018-06-30": "67.13600", "2018-03-31": "62.47700", "2017-12-31": "58.30100", "2017-09-30": "55.48300", "2017-06-30": "55.27300", "2017-03-31": "51.34600", "2016-12-31": "46.01300", "2016-09-30": "42.22200", "2016-06-30": "42.67900", "2016-03-31": "42.90000", "2015-12-31": "45.12700", "2015-09-30": "53.72800", "2015-06-30": "44.63400", "2015-03-31": "45.39600", "2014-12-31": "42.92300", "2014-09-30": "40.93200", "2014-06-30": "39.48100", "2014-03-31": "33.64300", "2013-12-31": "31.75400", "2013-09-30": "31.72400", "2013-06-30": "32.10100", "2013-03-31": "33.60600", "2012-12-31": "31.47800", "2012-09-30": "30.88200", "2012-06-30": "28.17200", "2012-03-31": "24.33400", "2011-12-31": "22.01400", "2011-09-30": "21.17500", "2011-06-30": "22.41200", "2011-03-31": "22.56600", "2010-12-31": "21.27700", "2010-09-30": "20.76200", "2010-06-30": "20.36000", "2010-03-31": "21.20000", "2009-12-31": "20.92700", "2009-09-30": "19.14900", "2009-06-30": "16.74400", "2009-03-31": "16.89400", "2008-12-31": "17.73300", "2008-09-30": "17.61300", "2008-06-30": "18.34100", "2008-03-31": "19.72100", "2007-12-31": "20.00900", "2007-09-30": "19.55100", "2007-06-30": "19.31800", "2007-03-31": "17.82600", "2006-12-31": "16.59900", "2006-09-30": "14.00500", "2006-06-30": "12.60600", "2006-03-31": "12.92600", "2005-12-31": "11.95900", "2005-09-30": "11.00100", "2005-06-30": "10.83600", "2005-03-31": "10.49000"}, "Gross Profit": {"2020-09-30": "347.75500", "2020-06-30": "323.11900", "2020-03-31": "312.93800", "2019-12-31": "299.73000", "2019-09-30": "281.63600", "2019-06-30": "271.84200", "2019-03-31": "257.27200", "2018-12-31": "247.32300", "2018-09-30": "233.45300", "2018-06-30": "229.88200", "2018-03-31": "211.24100", "2017-12-31": "195.68990", "2017-09-30": "192.05000", "2017-06-30": "181.88000", "2017-03-31": "175.20700", "2016-12-31": "172.29800", "2016-09-30": "170.48900", "2016-06-30": "164.19000", "2016-03-31": "156.83900", "2015-12-31": "147.88200", "2015-09-30": "135.35000", "2015-06-30": "126.02300", "2015-03-31": "113.62400", "2014-12-31": "113.17300", "2014-09-30": "112.12400", "2014-06-30": "108.22700", "2014-03-31": "85.43300", "2013-12-31": "83.85600", "2013-09-30": "80.57700", "2013-06-30": "76.89800", "2013-03-31": "70.42700", "2012-12-31": "68.60500", "2012-09-30": "65.11900", "2012-06-30": "57.05100", "2012-03-31": "44.29500", "2011-12-31": "44.15000", "2011-09-30": "42.65400", "2011-06-30": "39.71500", "2011-03-31": "37.05200", "2010-12-31": "36.90800", "2010-09-30": "36.38200", "2010-06-30": "35.47800", "2010-03-31": "33.89300", "2009-12-31": "33.70800", "2009-09-30": "34.44100", "2009-06-30": "33.32000", "2009-03-31": "34.47600", "2008-12-31": "35.19600", "2008-09-30": "36.14400", "2008-06-30": "35.13700", "2008-03-31": "32.54300", "2007-12-31": "30.83100", "2007-09-30": "29.78900", "2007-06-30": "28.47600", "2007-03-31": "27.00500", "2006-12-31": "25.49900", "2006-09-30": "26.56600", "2006-06-30": "26.34000", "2006-03-31": "24.34800", "2005-12-31": "23.84500", "2005-09-30": "23.31900", "2005-06-30": "22.03500", "2005-03-31": "20.85300"}, "Research And Development Expenses": {"2020-09-30": "40.73200", "2020-06-30": "39.00100", "2020-03-31": "41.61000", "2019-12-31": "36.58000", "2019-09-30": "32.63900", "2019-06-30": "28.45500", "2019-03-31": "27.92800", "2018-12-31": "25.58000", "2018-09-30": "26.17300", "2018-06-30": "26.27100", "2018-03-31": "22.91300", "2017-12-31": "21.79600", "2017-09-30": "21.53600", "2017-06-30": "23.14400", "2017-03-31": "22.37400", "2016-12-31": "19.86100", "2016-09-30": "19.35700", "2016-06-30": "19.54700", "2016-03-31": "17.63500", "2015-12-31": "16.72000", "2015-09-30": "17.04800", "2015-06-30": "16.84400", "2015-03-31": "15.14800", "2014-12-31": "13.70500", "2014-09-30": "14.22700", "2014-06-30": "15.14300", "2014-03-31": "12.35100", "2013-12-31": "11.60500", "2013-09-30": "11.56200", "2013-06-30": "11.48800", "2013-03-31": "12.10200", "2012-12-31": "10.04200", "2012-09-30": "9.72200", "2012-06-30": "7.97700", "2012-03-31": "5.01500", "2011-12-31": "4.61700", "2011-09-30": "5.01700", "2011-06-30": "5.13500", "2011-03-31": "5.26800", "2010-12-31": "4.78100", "2010-09-30": "4.24900", "2010-06-30": "4.12300", "2010-03-31": "4.19700", "2009-12-31": "4.24500", "2009-09-30": "3.45400", "2009-06-30": "3.06500", "2009-03-31": "3.17800", "2008-12-31": "3.08200", "2008-09-30": "3.12200", "2008-06-30": "3.14100", "2008-03-31": "3.41400", "2007-12-31": "3.08700", "2007-09-30": "3.02600", "2007-06-30": "3.27000", "2007-03-31": "3.07000", "2006-12-31": "3.19100", "2006-09-30": "2.83500", "2006-06-30": "3.08400", "2006-03-31": "2.89800", "2005-12-31": "2.66600", "2005-09-30": "2.58000", "2005-06-30": "2.54500", "2005-03-31": "2.33200"}, "SG&A Expenses": {"2020-09-30": "211.95600", "2020-06-30": "187.86400", "2020-03-31": "183.98000", "2019-12-31": "150.64200", "2019-09-30": "147.11200", "2019-06-30": "161.41200", "2019-03-31": "128.17000", "2018-12-31": "108.15300", "2018-09-30": "128.26300", "2018-06-30": "151.02100", "2018-03-31": "129.08000", "2017-12-31": "119.10700", "2017-09-30": "108.70300", "2017-06-30": "126.28300", "2017-03-31": "110.39700", "2016-12-31": "100.41900", "2016-09-30": "105.98600", "2016-06-30": "110.69500", "2016-03-31": "102.68000", "2015-12-31": "88.96900", "2015-09-30": "111.58000", "2015-06-30": "122.34300", "2015-03-31": "94.84100", "2014-12-31": "68.38400", "2014-09-30": "66.05600", "2014-06-30": "67.13900", "2014-03-31": "52.64200", "2013-12-31": "47.06800", "2013-09-30": "45.56500", "2013-06-30": "46.23300", "2013-03-31": "56.79800", "2012-12-31": "44.08900", "2012-09-30": "41.62700", "2012-06-30": "45.50700", "2012-03-31": "30.04400", "2011-12-31": "31.15800", "2011-09-30": "34.09800", "2011-06-30": "30.12500", "2011-03-31": "24.14500", "2010-12-31": "24.53700", "2010-09-30": "25.45800", "2010-06-30": "26.33200", "2010-03-31": "23.90400", "2009-12-31": "22.62900", "2009-09-30": "23.19400", "2009-06-30": "21.32200", "2009-03-31": "19.61100", "2008-12-31": "18.18900", "2008-09-30": "20.50600", "2008-06-30": "22.22000", "2008-03-31": "20.67800", "2007-12-31": "21.76800", "2007-09-30": "21.59800", "2007-06-30": "23.75100", "2007-03-31": "21.22900", "2006-12-31": "17.42600", "2006-09-30": "16.81900", "2006-06-30": "19.74200", "2006-03-31": "18.49400", "2005-12-31": "15.93100", "2005-09-30": "16.41800", "2005-06-30": "17.16300", "2005-03-31": "16.38900"}, "Other Operating Income Or Expenses": {"2020-09-30": "-18.25800", "2020-06-30": "-14.93500", "2020-03-31": "-11.48400", "2019-12-31": "-11.52200", "2019-09-30": "-7.61600", "2019-06-30": "-7.17500", "2019-03-31": "-7.68200", "2018-12-31": "-7.93300", "2018-09-30": "-8.32900", "2018-06-30": "-8.81600", "2018-03-31": "-5.80300", "2017-12-31": "-4.02900", "2017-09-30": "-4.29800", "2017-06-30": "-4.57000", "2017-03-31": "-4.77400", "2016-12-31": "-5.12900", "2016-09-30": "-5.55000", "2016-06-30": "-5.82900", "2016-03-31": "-6.22300", "2015-12-31": "", "2015-09-30": "", "2015-06-30": "", "2015-03-31": "", "2014-12-31": "", "2014-09-30": "", "2014-06-30": "", "2014-03-31": "", "2013-12-31": "", "2013-09-30": "", "2013-06-30": "", "2013-03-31": "", "2012-12-31": "", "2012-09-30": "", "2012-06-30": "", "2012-03-31": "", "2011-12-31": "", "2011-09-30": "", "2011-06-30": "", "2011-03-31": "", "2010-12-31": "", "2010-09-30": "", "2010-06-30": "", "2010-03-31": "", "2009-12-31": "", "2009-09-30": "", "2009-06-30": "", "2009-03-31": "", "2008-12-31": "", "2008-09-30": "", "2008-06-30": "", "2008-03-31": "", "2007-12-31": "", "2007-09-30": "", "2007-06-30": "", "2007-03-31": "", "2006-12-31": "", "2006-09-30": "", "2006-06-30": "", "2006-03-31": "", "2005-12-31": "", "2005-09-30": "", "2005-06-30": "", "2005-03-31": ""}, "Operating Expenses": {"2020-09-30": "348.81100", "2020-06-30": "315.84000", "2020-03-31": "315.98300", "2019-12-31": "273.74000", "2019-09-30": "258.53900", "2019-06-30": "268.96000", "2019-03-31": "234.93300", "2018-12-31": "209.91400", "2018-09-30": "234.83700", "2018-06-30": "253.24400", "2018-03-31": "220.27300", "2017-12-31": "203.23300", "2017-09-30": "190.02000", "2017-06-30": "209.27000", "2017-03-31": "188.89100", "2016-12-31": "171.42200", "2016-09-30": "173.11500", "2016-06-30": "178.75000", "2016-03-31": "169.43800", "2015-12-31": "157.48690", "2015-09-30": "189.50900", "2015-06-30": "190.78600", "2015-03-31": "162.52700", "2014-12-31": "132.74800", "2014-09-30": "129.57600", "2014-06-30": "130.79900", "2014-03-31": "101.93500", "2013-12-31": "93.91100", "2013-09-30": "92.53100", "2013-06-30": "93.71600", "2013-03-31": "106.63100", "2012-12-31": "90.17800", "2012-09-30": "87.05500", "2012-06-30": "85.23600", "2012-03-31": "60.02700", "2011-12-31": "58.40200", "2011-09-30": "60.82500", "2011-06-30": "58.21800", "2011-03-31": "52.52200", "2010-12-31": "51.13800", "2010-09-30": "51.00900", "2010-06-30": "51.34700", "2010-03-31": "49.99100", "2009-12-31": "48.68300", "2009-09-30": "46.63900", "2009-06-30": "41.87300", "2009-03-31": "40.62900", "2008-12-31": "40.16100", "2008-09-30": "42.47700", "2008-06-30": "44.96800", "2008-03-31": "45.03400", "2007-12-31": "38.50700", "2007-09-30": "45.50300", "2007-06-30": "47.54800", "2007-03-31": "43.39500", "2006-12-31": "38.09900", "2006-09-30": "34.73500", "2006-06-30": "36.54800", "2006-03-31": "35.42600", "2005-12-31": "31.66500", "2005-09-30": "33.34800", "2005-06-30": "31.65400", "2005-03-31": "30.32900"}, "Operating Income": {"2020-09-30": "76.80900", "2020-06-30": "81.31900", "2020-03-31": "75.86400", "2019-12-31": "100.98600", "2019-09-30": "94.26900", "2019-06-30": "74.80000", "2019-03-31": "93.49200", "2018-12-31": "105.65700", "2018-09-30": "70.68800", "2018-06-30": "43.77400", "2018-03-31": "53.44500", "2017-12-31": "50.75790", "2017-09-30": "57.51300", "2017-06-30": "27.88300", "2017-03-31": "37.66200", "2016-12-31": "46.88900", "2016-09-30": "39.59600", "2016-06-30": "28.11900", "2016-03-31": "30.30100", "2015-12-31": "35.52210", "2015-09-30": "-0.43100", "2015-06-30": "-20.12900", "2015-03-31": "-3.50700", "2014-12-31": "23.34800", "2014-09-30": "23.48000", "2014-06-30": "16.90900", "2014-03-31": "17.14100", "2013-12-31": "21.69900", "2013-09-30": "19.77000", "2013-06-30": "15.28300", "2013-03-31": "-2.59800", "2012-12-31": "9.90500", "2012-09-30": "8.94600", "2012-06-30": "-0.01300", "2012-03-31": "8.60200", "2011-12-31": "7.76200", "2011-09-30": "3.00400", "2011-06-30": "3.90900", "2011-03-31": "7.09600", "2010-12-31": "7.04700", "2010-09-30": "6.13500", "2010-06-30": "4.49100", "2010-03-31": "5.10200", "2009-12-31": "5.95200", "2009-09-30": "6.95100", "2009-06-30": "8.19100", "2009-03-31": "10.74100", "2008-12-31": "12.76800", "2008-09-30": "11.28000", "2008-06-30": "8.51000", "2008-03-31": "7.23000", "2007-12-31": "12.33300", "2007-09-30": "3.83700", "2007-06-30": "0.24600", "2007-03-31": "1.43600", "2006-12-31": "3.99900", "2006-09-30": "5.83600", "2006-06-30": "2.39800", "2006-03-31": "1.84800", "2005-12-31": "4.13900", "2005-09-30": "0.97200", "2005-06-30": "1.21700", "2005-03-31": "1.01400"}, "Total Non-Operating Income/Expense": {"2020-09-30": "-7.87500", "2020-06-30": "-4.07000", "2020-03-31": "2.49200", "2019-12-31": "13.31900", "2019-09-30": "4.65400", "2019-06-30": "5.21600", "2019-03-31": "4.21300", "2018-12-31": "3.91200", "2018-09-30": "2.31800", "2018-06-30": "1.92400", "2018-03-31": "2.29700", "2017-12-31": "-2.06700", "2017-09-30": "-2.34600", "2017-06-30": "-2.08800", "2017-03-31": "-2.25700", "2016-12-31": "-1.36800", "2016-09-30": "-2.15400", "2016-06-30": "-2.29600", "2016-03-31": "-2.42500", "2015-12-31": "-2.28700", "2015-09-30": "-2.32100", "2015-06-30": "-2.21700", "2015-03-31": "-2.04900", "2014-12-31": "-2.14400", "2014-09-30": "-2.65200", "2014-06-30": "-3.69100", "2014-03-31": "-1.47800", "2013-12-31": "-1.60700", "2013-09-30": "-1.68400", "2013-06-30": "-1.67500", "2013-03-31": "-1.65100", "2012-12-31": "-1.72400", "2012-09-30": "-1.76300", "2012-06-30": "-1.06900", "2012-03-31": "0.25000", "2011-12-31": "0.22400", "2011-09-30": "0.19400", "2011-06-30": "0.17800", "2011-03-31": "0.20200", "2010-12-31": "0.14500", "2010-09-30": "0.15600", "2010-06-30": "0.19600", "2010-03-31": "0.23800", "2009-12-31": "0.22600", "2009-09-30": "0.26300", "2009-06-30": "0.32200", "2009-03-31": "0.44200", "2008-12-31": "0.78200", "2008-09-30": "0.95100", "2008-06-30": "1.24300", "2008-03-31": "1.93800", "2007-12-31": "2.22000", "2007-09-30": "2.07200", "2007-06-30": "1.89100", "2007-03-31": "1.86200", "2006-12-31": "1.95700", "2006-09-30": "1.85200", "2006-06-30": "1.61000", "2006-03-31": "1.42600", "2005-12-31": "1.20000", "2005-09-30": "0.93200", "2005-06-30": "0.71900", "2005-03-31": "0.60400"}, "Pre-Tax Income": {"2020-09-30": "68.93400", "2020-06-30": "77.24900", "2020-03-31": "78.35600", "2019-12-31": "114.30500", "2019-09-30": "98.92300", "2019-06-30": "80.01600", "2019-03-31": "97.70500", "2018-12-31": "109.56900", "2018-09-30": "73.00600", "2018-06-30": "45.69800", "2018-03-31": "55.74200", "2017-12-31": "48.69100", "2017-09-30": "55.16700", "2017-06-30": "25.79500", "2017-03-31": "35.40500", "2016-12-31": "45.52100", "2016-09-30": "37.44200", "2016-06-30": "25.82300", "2016-03-31": "27.87600", "2015-12-31": "33.23500", "2015-09-30": "-2.75200", "2015-06-30": "-22.34600", "2015-03-31": "-5.55600", "2014-12-31": "21.20400", "2014-09-30": "20.82800", "2014-06-30": "13.21800", "2014-03-31": "15.66300", "2013-12-31": "20.09200", "2013-09-30": "18.08600", "2013-06-30": "13.60800", "2013-03-31": "-4.24900", "2012-12-31": "8.18100", "2012-09-30": "7.18300", "2012-06-30": "-1.08200", "2012-03-31": "8.85200", "2011-12-31": "7.98600", "2011-09-30": "3.19800", "2011-06-30": "4.08700", "2011-03-31": "7.29800", "2010-12-31": "7.19200", "2010-09-30": "6.29100", "2010-06-30": "4.68700", "2010-03-31": "5.34000", "2009-12-31": "6.17800", "2009-09-30": "7.21400", "2009-06-30": "8.51300", "2009-03-31": "11.18300", "2008-12-31": "13.55000", "2008-09-30": "12.23100", "2008-06-30": "9.75300", "2008-03-31": "9.16800", "2007-12-31": "14.55300", "2007-09-30": "5.90900", "2007-06-30": "2.13700", "2007-03-31": "3.29800", "2006-12-31": "5.95600", "2006-09-30": "7.68800", "2006-06-30": "4.00800", "2006-03-31": "3.27400", "2005-12-31": "5.33900", "2005-09-30": "1.90400", "2005-06-30": "1.93600", "2005-03-31": "1.61800"}, "Income Taxes": {"2020-09-30": "10.74800", "2020-06-30": "16.88900", "2020-03-31": "5.56300", "2019-12-31": "26.37800", "2019-09-30": "20.30400", "2019-06-30": "16.76800", "2019-03-31": "12.53600", "2018-12-31": "26.06000", "2018-09-30": "14.24700", "2018-06-30": "1.86300", "2018-03-31": "3.51100", "2017-12-31": "4.48700", "2017-09-30": "20.99000", "2017-06-30": "3.61100", "2017-03-31": "13.27500", "2016-12-31": "15.94800", "2016-09-30": "14.24100", "2016-06-30": "10.24700", "2016-03-31": "11.15500", "2015-12-31": "10.24500", "2015-09-30": "2.61000", "2015-06-30": "-7.38000", "2015-03-31": "0.57100", "2014-12-31": "7.28100", "2014-09-30": "7.87100", "2014-06-30": "4.96900", "2014-03-31": "5.92300", "2013-12-31": "7.29300", "2013-09-30": "7.03400", "2013-06-30": "5.31500", "2013-03-31": "-1.83900", "2012-12-31": "3.46700", "2012-09-30": "0.40400", "2012-06-30": "5.62800", "2012-03-31": "3.72000", "2011-12-31": "2.81000", "2011-09-30": "0.88700", "2011-06-30": "1.45000", "2011-03-31": "2.76600", "2010-12-31": "3.42500", "2010-09-30": "2.90900", "2010-06-30": "1.43600", "2010-03-31": "2.45100", "2009-12-31": "2.53200", "2009-09-30": "2.88900", "2009-06-30": "3.89700", "2009-03-31": "5.07700", "2008-12-31": "6.04900", "2008-09-30": "5.58600", "2008-06-30": "4.31800", "2008-03-31": "4.12600", "2007-12-31": "4.84100", "2007-09-30": "2.65900", "2007-06-30": "0.96200", "2007-03-31": "1.48400", "2006-12-31": "2.40800", "2006-09-30": "2.99000", "2006-06-30": "1.70400", "2006-03-31": "1.41400", "2005-12-31": "2.13600", "2005-09-30": "0.76700", "2005-06-30": "0.79300", "2005-03-31": "0.64400"}, "Income After Taxes": {"2020-09-30": "58.18600", "2020-06-30": "60.36000", "2020-03-31": "72.79300", "2019-12-31": "87.92700", "2019-09-30": "78.61900", "2019-06-30": "63.24800", "2019-03-31": "85.16900", "2018-12-31": "83.50900", "2018-09-30": "58.75900", "2018-06-30": "43.83500", "2018-03-31": "52.23100", "2017-12-31": "44.20400", "2017-09-30": "34.17700", "2017-06-30": "22.18400", "2017-03-31": "22.13000", "2016-12-31": "29.57300", "2016-09-30": "23.20100", "2016-06-30": "15.57600", "2016-03-31": "16.72100", "2015-12-31": "22.99000", "2015-09-30": "-5.36200", "2015-06-30": "-14.96600", "2015-03-31": "-6.12700", "2014-12-31": "13.92300", "2014-09-30": "12.95700", "2014-06-30": "8.24900", "2014-03-31": "9.74000", "2013-12-31": "12.79900", "2013-09-30": "11.05200", "2013-06-30": "8.29300", "2013-03-31": "-2.41000", "2012-12-31": "4.71400", "2012-09-30": "6.77900", "2012-06-30": "-6.71000", "2012-03-31": "5.13200", "2011-12-31": "5.17600", "2011-09-30": "2.31100", "2011-06-30": "2.63700", "2011-03-31": "4.53200", "2010-12-31": "3.76700", "2010-09-30": "3.38200", "2010-06-30": "3.25100", "2010-03-31": "2.88900", "2009-12-31": "3.64600", "2009-09-30": "4.32500", "2009-06-30": "4.61600", "2009-03-31": "6.10600", "2008-12-31": "7.50100", "2008-09-30": "6.64500", "2008-06-30": "5.43500", "2008-03-31": "5.04200", "2007-12-31": "9.71200", "2007-09-30": "3.25000", "2007-06-30": "1.17500", "2007-03-31": "1.81400", "2006-12-31": "3.54800", "2006-09-30": "4.69800", "2006-06-30": "2.30400", "2006-03-31": "1.86000", "2005-12-31": "3.20300", "2005-09-30": "1.13700", "2005-06-30": "1.14300", "2005-03-31": "0.97400"}, "Other Income": {"2020-09-30": "", "2020-06-30": "", "2020-03-31": "", "2019-12-31": "", "2019-09-30": "", "2019-06-30": "", "2019-03-31": "", "2018-12-31": "", "2018-09-30": "", "2018-06-30": "", "2018-03-31": "", "2017-12-31": "", "2017-09-30": "", "2017-06-30": "", "2017-03-31": "", "2016-12-31": "", "2016-09-30": "", "2016-06-30": "", "2016-03-31": "", "2015-12-31": "", "2015-09-30": "", "2015-06-30": "", "2015-03-31": "", "2014-12-31": "", "2014-09-30": "", "2014-06-30": "", "2014-03-31": "", "2013-12-31": "", "2013-09-30": "", "2013-06-30": "", "2013-03-31": "", "2012-12-31": "", "2012-09-30": "", "2012-06-30": "", "2012-03-31": "", "2011-12-31": "", "2011-09-30": "", "2011-06-30": "", "2011-03-31": "", "2010-12-31": "", "2010-09-30": "", "2010-06-30": "", "2010-03-31": "", "2009-12-31": "", "2009-09-30": "", "2009-06-30": "", "2009-03-31": "", "2008-12-31": "", "2008-09-30": "", "2008-06-30": "", "2008-03-31": "", "2007-12-31": "", "2007-09-30": "", "2007-06-30": "", "2007-03-31": "", "2006-12-31": "", "2006-09-30": "", "2006-06-30": "", "2006-03-31": "", "2005-12-31": "", "2005-09-30": "", "2005-06-30": "", "2005-03-31": ""}, "Income From Continuous Operations": {"2020-09-30": "58.18600", "2020-06-30": "60.36000", "2020-03-31": "72.79300", "2019-12-31": "87.92700", "2019-09-30": "78.61900", "2019-06-30": "63.24800", "2019-03-31": "85.16900", "2018-12-31": "83.50900", "2018-09-30": "58.75900", "2018-06-30": "43.83500", "2018-03-31": "52.23100", "2017-12-31": "44.20400", "2017-09-30": "34.17700", "2017-06-30": "22.18400", "2017-03-31": "22.13000", "2016-12-31": "29.57300", "2016-09-30": "23.20100", "2016-06-30": "15.57600", "2016-03-31": "16.72100", "2015-12-31": "22.99000", "2015-09-30": "-5.36200", "2015-06-30": "-14.96600", "2015-03-31": "-6.12700", "2014-12-31": "13.92300", "2014-09-30": "12.95700", "2014-06-30": "8.24900", "2014-03-31": "9.74000", "2013-12-31": "12.79900", "2013-09-30": "11.05200", "2013-06-30": "8.29300", "2013-03-31": "-2.41000", "2012-12-31": "4.71400", "2012-09-30": "6.77900", "2012-06-30": "-6.71000", "2012-03-31": "5.13200", "2011-12-31": "5.17600", "2011-09-30": "2.31100", "2011-06-30": "2.63700", "2011-03-31": "4.53200", "2010-12-31": "3.76700", "2010-09-30": "3.38200", "2010-06-30": "3.25100", "2010-03-31": "2.88900", "2009-12-31": "3.64600", "2009-09-30": "4.32500", "2009-06-30": "4.61600", "2009-03-31": "6.10600", "2008-12-31": "7.50100", "2008-09-30": "6.64500", "2008-06-30": "5.43500", "2008-03-31": "5.04200", "2007-12-31": "9.71200", "2007-09-30": "3.25000", "2007-06-30": "1.17500", "2007-03-31": "1.81400", "2006-12-31": "3.54800", "2006-09-30": "4.69800", "2006-06-30": "2.30400", "2006-03-31": "1.86000", "2005-12-31": "3.20300", "2005-09-30": "1.13700", "2005-06-30": "1.14300", "2005-03-31": "0.97400"}, "Income From Discontinued Operations": {"2020-09-30": "", "2020-06-30": "", "2020-03-31": "", "2019-12-31": "", "2019-09-30": "", "2019-06-30": "", "2019-03-31": "", "2018-12-31": "", "2018-09-30": "", "2018-06-30": "", "2018-03-31": "", "2017-12-31": "", "2017-09-30": "", "2017-06-30": "", "2017-03-31": "", "2016-12-31": "", "2016-09-30": "", "2016-06-30": "", "2016-03-31": "", "2015-12-31": "", "2015-09-30": "", "2015-06-30": "", "2015-03-31": "", "2014-12-31": "", "2014-09-30": "", "2014-06-30": "", "2014-03-31": "", "2013-12-31": "", "2013-09-30": "", "2013-06-30": "", "2013-03-31": "", "2012-12-31": "", "2012-09-30": "", "2012-06-30": "", "2012-03-31": "", "2011-12-31": "", "2011-09-30": "", "2011-06-30": "", "2011-03-31": "", "2010-12-31": "", "2010-09-30": "", "2010-06-30": "", "2010-03-31": "", "2009-12-31": "", "2009-09-30": "", "2009-06-30": "", "2009-03-31": "", "2008-12-31": "", "2008-09-30": "", "2008-06-30": "", "2008-03-31": "", "2007-12-31": "", "2007-09-30": "", "2007-06-30": "", "2007-03-31": "", "2006-12-31": "", "2006-09-30": "", "2006-06-30": "", "2006-03-31": "", "2005-12-31": "", "2005-09-30": "", "2005-06-30": "", "2005-03-31": ""}, "Net Income": {"2020-09-30": "58.18600", "2020-06-30": "60.36000", "2020-03-31": "72.79300", "2019-12-31": "87.92700", "2019-09-30": "78.61900", "2019-06-30": "63.24800", "2019-03-31": "85.16900", "2018-12-31": "83.50900", "2018-09-30": "58.75900", "2018-06-30": "43.83500", "2018-03-31": "52.23100", "2017-12-31": "44.20400", "2017-09-30": "34.17700", "2017-06-30": "22.18400", "2017-03-31": "22.13000", "2016-12-31": "29.57300", "2016-09-30": "23.20100", "2016-06-30": "15.57600", "2016-03-31": "16.72100", "2015-12-31": "22.99000", "2015-09-30": "-5.36200", "2015-06-30": "-14.96600", "2015-03-31": "-6.12700", "2014-12-31": "13.92300", "2014-09-30": "12.95700", "2014-06-30": "8.24900", "2014-03-31": "9.74000", "2013-12-31": "12.79900", "2013-09-30": "11.05200", "2013-06-30": "8.29300", "2013-03-31": "-2.41000", "2012-12-31": "4.71400", "2012-09-30": "6.77900", "2012-06-30": "-6.71000", "2012-03-31": "5.13200", "2011-12-31": "5.17600", "2011-09-30": "2.31100", "2011-06-30": "2.63700", "2011-03-31": "4.53200", "2010-12-31": "3.76700", "2010-09-30": "3.38200", "2010-06-30": "3.25100", "2010-03-31": "2.88900", "2009-12-31": "3.64600", "2009-09-30": "4.32500", "2009-06-30": "4.61600", "2009-03-31": "6.10600", "2008-12-31": "7.50100", "2008-09-30": "6.64500", "2008-06-30": "5.43500", "2008-03-31": "5.04200", "2007-12-31": "9.71200", "2007-09-30": "3.25000", "2007-06-30": "1.17500", "2007-03-31": "1.81400", "2006-12-31": "3.54800", "2006-09-30": "4.69800", "2006-06-30": "2.30400", "2006-03-31": "1.86000", "2005-12-31": "3.20300", "2005-09-30": "1.13700", "2005-06-30": "1.14300", "2005-03-31": "0.97400"}, "EBITDA": {"2020-09-30": "124.41400", "2020-06-30": "124.42900", "2020-03-31": "115.15900", "2019-12-31": "139.36700", "2019-09-30": "126.94900", "2019-06-30": "106.91600", "2019-03-31": "125.77700", "2018-12-31": "137.69000", "2018-09-30": "103.30900", "2018-06-30": "76.84400", "2018-03-31": "82.65300", "2017-12-31": "66.26990", "2017-09-30": "73.30200", "2017-06-30": "44.45800", "2017-03-31": "55.73200", "2016-12-31": "64.83300", "2016-09-30": "58.47300", "2016-06-30": "46.35800", "2016-03-31": "48.63300", "2015-12-31": "55.87200", "2015-09-30": "22.91900", "2015-06-30": "-0.62600", "2015-03-31": "15.13300", "2014-12-31": "43.84000", "2014-09-30": "44.59600", "2014-06-30": "38.42400", "2014-03-31": "27.70200", "2013-12-31": "32.26100", "2013-09-30": "30.55200", "2013-06-30": "26.09800", "2013-03-31": "8.31500", "2012-12-31": "21.21200", "2012-09-30": "20.40400", "2012-06-30": "8.64300", "2012-03-31": "11.92200", "2011-12-31": "10.97100", "2011-09-30": "6.00700", "2011-06-30": "7.11700", "2011-03-31": "10.52800", "2010-12-31": "10.43500", "2010-09-30": "9.44200", "2010-06-30": "7.79700", "2010-03-31": "8.75000", "2009-12-31": "9.88600", "2009-09-30": "10.55900", "2009-06-30": "11.64900", "2009-03-31": "14.41700", "2008-12-31": "16.70000", "2008-09-30": "15.53300", "2008-06-30": "12.84400", "2008-03-31": "11.51200", "2007-12-31": "16.77300", "2007-09-30": "7.95300", "2007-06-30": "4.22700", "2007-03-31": "5.04600", "2006-12-31": "7.18200", "2006-09-30": "8.78900", "2006-06-30": "5.25900", "2006-03-31": "4.66100", "2005-12-31": "6.96300", "2005-09-30": "3.73100", "2005-06-30": "4.17300", "2005-03-31": "4.18900"}, "EBIT": {"2020-09-30": "76.80900", "2020-06-30": "81.31900", "2020-03-31": "75.86400", "2019-12-31": "100.98600", "2019-09-30": "94.26900", "2019-06-30": "74.80000", "2019-03-31": "93.49200", "2018-12-31": "105.65710", "2018-09-30": "70.68800", "2018-06-30": "43.77400", "2018-03-31": "53.44500", "2017-12-31": "50.75790", "2017-09-30": "57.51300", "2017-06-30": "27.88300", "2017-03-31": "37.66200", "2016-12-31": "46.88900", "2016-09-30": "39.59600", "2016-06-30": "28.11900", "2016-03-31": "30.30100", "2015-12-31": "35.52200", "2015-09-30": "-0.43100", "2015-06-30": "-20.12900", "2015-03-31": "-3.50700", "2014-12-31": "23.34800", "2014-09-30": "23.48000", "2014-06-30": "16.90900", "2014-03-31": "17.14100", "2013-12-31": "21.69900", "2013-09-30": "19.77000", "2013-06-30": "15.28300", "2013-03-31": "-2.59800", "2012-12-31": "9.90500", "2012-09-30": "8.94600", "2012-06-30": "-0.01300", "2012-03-31": "8.60200", "2011-12-31": "7.76200", "2011-09-30": "3.00400", "2011-06-30": "3.90900", "2011-03-31": "7.09600", "2010-12-31": "7.04700", "2010-09-30": "6.13500", "2010-06-30": "4.49100", "2010-03-31": "5.10200", "2009-12-31": "5.95200", "2009-09-30": "6.95100", "2009-06-30": "8.19100", "2009-03-31": "10.74100", "2008-12-31": "12.76800", "2008-09-30": "11.28000", "2008-06-30": "8.51000", "2008-03-31": "7.23000", "2007-12-31": "12.33300", "2007-09-30": "3.83700", "2007-06-30": "0.24600", "2007-03-31": "1.43600", "2006-12-31": "3.99900", "2006-09-30": "5.83600", "2006-06-30": "2.39800", "2006-03-31": "1.84800", "2005-12-31": "4.13900", "2005-09-30": "0.97200", "2005-06-30": "1.21700", "2005-03-31": "1.01400"}, "Basic Shares Outstanding": {"2020-09-30": "39.15900", "2020-06-30": "37.52400", "2020-03-31": "36.47100", "2019-12-31": "36.31000", "2019-09-30": "36.33300", "2019-06-30": "36.31000", "2019-03-31": "36.23700", "2018-12-31": "36.05800", "2018-09-30": "36.12900", "2018-06-30": "36.07300", "2018-03-31": "35.89300", "2017-12-31": "33.20000", "2017-09-30": "32.44400", "2017-06-30": "32.40600", "2017-03-31": "32.27600", "2016-12-31": "32.16700", "2016-09-30": "32.18600", "2016-06-30": "32.18600", "2016-03-31": "32.08500", "2015-12-31": "31.95000", "2015-09-30": "31.98000", "2015-06-30": "31.99100", "2015-03-31": "31.83100", "2014-12-31": "30.21500", "2014-09-30": "31.74200", "2014-06-30": "29.06100", "2014-03-31": "28.27300", "2013-12-31": "27.67000", "2013-09-30": "27.75800", "2013-06-30": "27.63600", "2013-03-31": "27.42800", "2012-12-31": "26.53300", "2012-09-30": "27.24300", "2012-06-30": "26.46500", "2012-03-31": "25.12800", "2011-12-31": "23.13100", "2011-09-30": "24.97300", "2011-06-30": "22.01100", "2011-03-31": "20.53100", "2010-12-31": "20.33000", "2010-09-30": "20.32800", "2010-06-30": "20.27800", "2010-03-31": "20.24900", "2009-12-31": "19.78000", "2009-09-30": "19.86800", "2009-06-30": "19.47900", "2009-03-31": "19.46800", "2008-12-31": "19.37200", "2008-09-30": "19.39300", "2008-06-30": "19.31100", "2008-03-31": "19.21700", "2007-12-31": "19.04400", "2007-09-30": "19.04500", "2007-06-30": "18.95200", "2007-03-31": "18.89600", "2006-12-31": "18.75100", "2006-09-30": "18.78700", "2006-06-30": "18.82200", "2006-03-31": "18.69200", "2005-12-31": "18.45300", "2005-09-30": "18.48500", "2005-06-30": "18.36600", "2005-03-31": "18.31800"}, "Shares Outstanding": {"2020-09-30": "39.40100", "2020-06-30": "37.73400", "2020-03-31": "36.77600", "2019-12-31": "36.63000", "2019-09-30": "36.65200", "2019-06-30": "36.62700", "2019-03-31": "36.56700", "2018-12-31": "36.44800", "2018-09-30": "36.51800", "2018-06-30": "36.45000", "2018-03-31": "36.35000", "2017-12-31": "33.55900", "2017-09-30": "32.81400", "2017-06-30": "32.73900", "2017-03-31": "32.56300", "2016-12-31": "32.43600", "2016-09-30": "32.44000", "2016-06-30": "32.44800", "2016-03-31": "32.38200", "2015-12-31": "31.95000", "2015-09-30": "31.98000", "2015-06-30": "31.99100", "2015-03-31": "31.83100", "2014-12-31": "30.64100", "2014-09-30": "32.07500", "2014-06-30": "29.48600", "2014-03-31": "28.84000", "2013-12-31": "28.21200", "2013-09-30": "28.34900", "2013-06-30": "28.16800", "2013-03-31": "27.42800", "2012-12-31": "26.94900", "2012-09-30": "27.67300", "2012-06-30": "26.46500", "2012-03-31": "25.52800", "2011-12-31": "23.52700", "2011-09-30": "25.31700", "2011-06-30": "22.42600", "2011-03-31": "20.96500", "2010-12-31": "20.70700", "2010-09-30": "20.68800", "2010-06-30": "20.62400", "2010-03-31": "20.60200", "2009-12-31": "19.92500", "2009-09-30": "20.08400", "2009-06-30": "19.63800", "2009-03-31": "19.56200", "2008-12-31": "19.55000", "2008-09-30": "19.60400", "2008-06-30": "19.50800", "2008-03-31": "19.36900", "2007-12-31": "19.40400", "2007-09-30": "19.47500", "2007-06-30": "19.34800", "2007-03-31": "19.20700", "2006-12-31": "19.16500", "2006-09-30": "19.13000", "2006-06-30": "19.26100", "2006-03-31": "19.26900", "2005-12-31": "19.00700", "2005-09-30": "19.09200", "2005-06-30": "18.86800", "2005-03-31": "18.86100"}, "Basic EPS": {"2020-09-30": "1.49000", "2020-06-30": "1.61000", "2020-03-31": "2.00000", "2019-12-31": "2.42000", "2019-09-30": "2.16000", "2019-06-30": "1.74000", "2019-03-31": "2.35000", "2018-12-31": "2.30000", "2018-09-30": "1.63000", "2018-06-30": "1.22000", "2018-03-31": "1.46000", "2017-12-31": "1.28000", "2017-09-30": "1.05000", "2017-06-30": "0.68000", "2017-03-31": "0.69000", "2016-12-31": "0.92000", "2016-09-30": "0.72000", "2016-06-30": "0.48000", "2016-03-31": "0.52000", "2015-12-31": "0.72000", "2015-09-30": "-0.17000", "2015-06-30": "-0.47000", "2015-03-31": "-0.19000", "2014-12-31": "0.45000", "2014-09-30": "0.41000", "2014-06-30": "0.28000", "2014-03-31": "0.34000", "2013-12-31": "0.46000", "2013-09-30": "0.40000", "2013-06-30": "0.30000", "2013-03-31": "-0.09000", "2012-12-31": "0.17000", "2012-09-30": "0.25000", "2012-06-30": "-0.25000", "2012-03-31": "0.20000", "2011-12-31": "0.20000", "2011-09-30": "0.09000", "2011-06-30": "0.12000", "2011-03-31": "0.22000", "2010-12-31": "0.18000", "2010-09-30": "0.17000", "2010-06-30": "0.16000", "2010-03-31": "0.14000", "2009-12-31": "0.18000", "2009-09-30": "0.22000", "2009-06-30": "0.24000", "2009-03-31": "0.31000", "2008-12-31": "0.39000", "2008-09-30": "0.34000", "2008-06-30": "0.28000", "2008-03-31": "0.26000", "2007-12-31": "0.51000", "2007-09-30": "0.17000", "2007-06-30": "0.06000", "2007-03-31": "0.10000", "2006-12-31": "0.19000", "2006-09-30": "0.25000", "2006-06-30": "0.12000", "2006-03-31": "0.10000", "2005-12-31": "0.18000", "2005-09-30": "0.06000", "2005-06-30": "0.06000", "2005-03-31": "0.05000"}, "EPS - Earnings Per Share": {"2020-09-30": "1.48000", "2020-06-30": "1.60000", "2020-03-31": "1.98000", "2019-12-31": "2.39000", "2019-09-30": "2.15000", "2019-06-30": "1.73000", "2019-03-31": "2.33000", "2018-12-31": "2.29000", "2018-09-30": "1.61000", "2018-06-30": "1.20000", "2018-03-31": "1.44000", "2017-12-31": "1.26000", "2017-09-30": "1.04000", "2017-06-30": "0.68000", "2017-03-31": "0.68000", "2016-12-31": "0.90000", "2016-09-30": "0.72000", "2016-06-30": "0.48000", "2016-03-31": "0.52000", "2015-12-31": "0.72000", "2015-09-30": "-0.17000", "2015-06-30": "-0.47000", "2015-03-31": "-0.19000", "2014-12-31": "0.44000", "2014-09-30": "0.40000", "2014-06-30": "0.28000", "2014-03-31": "0.34000", "2013-12-31": "0.46000", "2013-09-30": "0.39000", "2013-06-30": "0.29000", "2013-03-31": "-0.09000", "2012-12-31": "0.18000", "2012-09-30": "0.24000", "2012-06-30": "-0.25000", "2012-03-31": "0.20000", "2011-12-31": "0.19000", "2011-09-30": "0.09000", "2011-06-30": "0.12000", "2011-03-31": "0.22000", "2010-12-31": "0.18000", "2010-09-30": "0.16000", "2010-06-30": "0.16000", "2010-03-31": "0.14000", "2009-12-31": "0.17000", "2009-09-30": "0.22000", "2009-06-30": "0.24000", "2009-03-31": "0.31000", "2008-12-31": "0.38000", "2008-09-30": "0.34000", "2008-06-30": "0.28000", "2008-03-31": "0.26000", "2007-12-31": "0.50000", "2007-09-30": "0.17000", "2007-06-30": "0.06000", "2007-03-31": "0.09000", "2006-12-31": "0.18000", "2006-09-30": "0.25000", "2006-06-30": "0.12000", "2006-03-31": "0.10000", "2005-12-31": "0.17000", "2005-09-30": "0.06000", "2005-06-30": "0.06000", "2005-03-31": "0.05000"}}, "balance sheet": {"Cash On Hand": {"2019-12-31": "1070.73100", "2018-12-31": "1100.41600", "2017-12-31": "1211.46300", "2016-12-31": "567.22300", "2015-12-31": "421.81800", "2014-12-31": "527.01200", "2013-12-31": "255.95300", "2012-12-31": "156.06400", "2011-12-31": "548.79500", "2010-12-31": "210.12700", "2009-12-31": "225.97400", "2008-12-31": "195.25000", "2007-12-31": "187.42600", "2006-12-31": "158.14800", "2005-12-31": "134.18500"}, "Receivables": {"2019-12-31": "92.24000", "2018-12-31": "89.19200", "2017-12-31": "60.90000", "2016-12-31": "48.66600", "2015-12-31": "40.70600", "2014-12-31": "39.72100", "2013-12-31": "20.76100", "2012-12-31": "21.74900", "2011-12-31": "17.43900", "2010-12-31": "18.03400", "2009-12-31": "12.85500", "2008-12-31": "12.29400", "2007-12-31": "10.87500", "2006-12-31": "9.20200", "2005-12-31": "5.67300"}, "Inventory": {"2019-12-31": "", "2018-12-31": "", "2017-12-31": "", "2016-12-31": "", "2015-12-31": "", "2014-12-31": "", "2013-12-31": "", "2012-12-31": "", "2011-12-31": "", "2010-12-31": "", "2009-12-31": "", "2008-12-31": "", "2007-12-31": "", "2006-12-31": "", "2005-12-31": ""}, "Pre-Paid Expenses": {"2019-12-31": "36.19400", "2018-12-31": "23.69000", "2017-12-31": "15.57200", "2016-12-31": "11.60200", "2015-12-31": "10.20900", "2014-12-31": "9.73600", "2013-12-31": "6.59700", "2012-12-31": "9.56000", "2011-12-31": "5.72200", "2010-12-31": "5.80900", "2009-12-31": "5.12800", "2008-12-31": "2.90300", "2007-12-31": "4.66100", "2006-12-31": "3.49700", "2005-12-31": "2.20500"}, "Other Current Assets": {"2019-12-31": "", "2018-12-31": "", "2017-12-31": "", "2016-12-31": "", "2015-12-31": "", "2014-12-31": "", "2013-12-31": "2.64900", "2012-12-31": "2.93400", "2011-12-31": "", "2010-12-31": "", "2009-12-31": "", "2008-12-31": "", "2007-12-31": "", "2006-12-31": "", "2005-12-31": ""}, "Total Current Assets": {"2019-12-31": "1199.16500", "2018-12-31": "1213.29800", "2017-12-31": "1287.93500", "2016-12-31": "627.49100", "2015-12-31": "472.73300", "2014-12-31": "596.47600", "2013-12-31": "308.46600", "2012-12-31": "199.56300", "2011-12-31": "583.18300", "2010-12-31": "239.17300", "2009-12-31": "247.40700", "2008-12-31": "212.48300", "2007-12-31": "205.67800", "2006-12-31": "178.75100", "2005-12-31": "146.53800"}, "Property, Plant, And Equipment": {"2019-12-31": "107.52900", "2018-12-31": "83.30300", "2017-12-31": "84.49600", "2016-12-31": "87.56800", "2015-12-31": "88.31100", "2014-12-31": "73.75300", "2013-12-31": "57.71900", "2012-12-31": "46.30800", "2011-12-31": "37.57100", "2010-12-31": "69.92100", "2009-12-31": "19.16200", "2008-12-31": "16.87600", "2007-12-31": "24.04500", "2006-12-31": "18.40700", "2005-12-31": "15.14400"}, "Long-Term Investments": {"2019-12-31": "10.07000", "2018-12-31": "10.07000", "2017-12-31": "10.07000", "2016-12-31": "9.95200", "2015-12-31": "15.50700", "2014-12-31": "17.15100", "2013-12-31": "21.99000", "2012-12-31": "21.66200", "2011-12-31": "24.58400", "2010-12-31": "29.18900", "2009-12-31": "29.72400", "2008-12-31": "29.34000", "2007-12-31": "", "2006-12-31": "", "2005-12-31": ""}, "Goodwill And Intangible Assets": {"2019-12-31": "2303.21600", "2018-12-31": "1900.44600", "2017-12-31": "1466.34900", "2016-12-31": "1450.83100", "2015-12-31": "1491.26300", "2014-12-31": "1380.42700", "2013-12-31": "863.05900", "2012-12-31": "888.71000", "2011-12-31": "112.31400", "2010-12-31": "98.37600", "2009-12-31": "103.71100", "2008-12-31": "70.74900", "2007-12-31": "87.56500", "2006-12-31": "69.66900", "2005-12-31": "66.41000"}, "Other Long-Term Assets": {"2019-12-31": "24.14000", "2018-12-31": "22.34000", "2017-12-31": "19.16000", "2016-12-31": "1.94800", "2015-12-31": "2.65000", "2014-12-31": "2.67600", "2013-12-31": "5.74800", "2012-12-31": "8.89600", "2011-12-31": "3.15900", "2010-12-31": "2.98900", "2009-12-31": "2.59700", "2008-12-31": "1.54400", "2007-12-31": "2.32200", "2006-12-31": "1.63700", "2005-12-31": "1.27700"}, "Total Long-Term Assets": {"2019-12-31": "2654.82100", "2018-12-31": "2099.65900", "2017-12-31": "1585.50600", "2016-12-31": "1557.57200", "2015-12-31": "1606.83800", "2014-12-31": "1474.00700", "2013-12-31": "948.51590", "2012-12-31": "965.57600", "2011-12-31": "187.85200", "2010-12-31": "200.47500", "2009-12-31": "157.17200", "2008-12-31": "121.90100", "2007-12-31": "116.16500", "2006-12-31": "96.68600", "2005-12-31": "101.52100"}, "Total Assets": {"2019-12-31": "3853.98600", "2018-12-31": "3312.95700", "2017-12-31": "2873.44100", "2016-12-31": "2185.06300", "2015-12-31": "2079.57100", "2014-12-31": "2070.48300", "2013-12-31": "1256.98200", "2012-12-31": "1165.13900", "2011-12-31": "771.03500", "2010-12-31": "439.64800", "2009-12-31": "404.57900", "2008-12-31": "334.38400", "2007-12-31": "321.84300", "2006-12-31": "275.43700", "2005-12-31": "248.05900"}, "Total Current Liabilities": {"2019-12-31": "207.05600", "2018-12-31": "154.15900", "2017-12-31": "146.66600", "2016-12-31": "154.94600", "2015-12-31": "135.28100", "2014-12-31": "115.95500", "2013-12-31": "111.55300", "2012-12-31": "101.63800", "2011-12-31": "61.78200", "2010-12-31": "50.89400", "2009-12-31": "43.74700", "2008-12-31": "29.13600", "2007-12-31": "38.23700", "2006-12-31": "24.14500", "2005-12-31": "22.03700"}, "Long Term Debt": {"2019-12-31": "", "2018-12-31": "", "2017-12-31": "", "2016-12-31": "306.47300", "2015-12-31": "338.36600", "2014-12-31": "355.13600", "2013-12-31": "129.06200", "2012-12-31": "153.12500", "2011-12-31": "", "2010-12-31": "", "2009-12-31": "", "2008-12-31": "", "2007-12-31": "", "2006-12-31": "", "2005-12-31": ""}, "Other Non-Current Liabilities": {"2019-12-31": "154.24100", "2018-12-31": "21.38600", "2017-12-31": "13.35400", "2016-12-31": "0.74100", "2015-12-31": "6.69200", "2014-12-31": "4.70300", "2013-12-31": "4.80900", "2012-12-31": "3.84800", "2011-12-31": "2.15100", "2010-12-31": "1.77000", "2009-12-31": "1.82600", "2008-12-31": "1.69500", "2007-12-31": "", "2006-12-31": "", "2005-12-31": ""}, "Total Long Term Liabilities": {"2019-12-31": "241.33700", "2018-12-31": "136.85600", "2017-12-31": "75.52500", "2016-12-31": "375.90400", "2015-12-31": "400.51000", "2014-12-31": "440.98200", "2013-12-31": "217.56700", "2012-12-31": "237.15800", "2011-12-31": "50.07600", "2010-12-31": "7.25200", "2009-12-31": "1.82600", "2008-12-31": "1.82700", "2007-12-31": "1.80100", "2006-12-31": "1.18200", "2005-12-31": "1.22600"}, "Total Liabilities": {"2019-12-31": "448.39300", "2018-12-31": "291.01500", "2017-12-31": "222.19100", "2016-12-31": "530.85000", "2015-12-31": "535.79100", "2014-12-31": "556.93700", "2013-12-31": "329.12000", "2012-12-31": "338.79600", "2011-12-31": "111.85800", "2010-12-31": "58.14600", "2009-12-31": "45.57300", "2008-12-31": "30.96300", "2007-12-31": "40.03800", "2006-12-31": "25.32700", "2005-12-31": "23.26300"}, "Common Stock Net": {"2019-12-31": "0.36600", "2018-12-31": "0.36400", "2017-12-31": "0.36100", "2016-12-31": "0.32600", "2015-12-31": "0.32500", "2014-12-31": "0.32300", "2013-12-31": "0.28800", "2012-12-31": "0.28300", "2011-12-31": "0.25400", "2010-12-31": "0.20800", "2009-12-31": "0.20600", "2008-12-31": "0.19700", "2007-12-31": "0.19500", "2006-12-31": "0.19100", "2005-12-31": "0.18700"}, "Retained Earnings (Accumulated Deficit)": {"2019-12-31": "940.47400", "2018-12-31": "613.45400", "2017-12-31": "320.65600", "2016-12-31": "195.79900", "2015-12-31": "110.72800", "2014-12-31": "114.19300", "2013-12-31": "69.32400", "2012-12-31": "39.59000", "2011-12-31": "29.67500", "2010-12-31": "15.01900", "2009-12-31": "1.73000", "2008-12-31": "-16.96300", "2007-12-31": "-41.58600", "2006-12-31": "-57.53700", "2005-12-31": "-69.94700"}, "Comprehensive Income": {"2019-12-31": "-8.58500", "2018-12-31": "-11.68800", "2017-12-31": "-9.02000", "2016-12-31": "-13.03900", "2015-12-31": "-7.59400", "2014-12-31": "-6.38400", "2013-12-31": "-5.53000", "2012-12-31": "-6.51800", "2011-12-31": "-8.56800", "2010-12-31": "-8.70600", "2009-12-31": "-7.56500", "2008-12-31": "-13.79600", "2007-12-31": "5.62600", "2006-12-31": "4.52000", "2005-12-31": "1.34800"}, "Other Share Holders Equity": {"2019-12-31": "", "2018-12-31": "", "2017-12-31": "", "2016-12-31": "", "2015-12-31": "", "2014-12-31": "", "2013-12-31": "", "2012-12-31": "", "2011-12-31": "", "2010-12-31": "", "2009-12-31": "", "2008-12-31": "", "2007-12-31": "", "2006-12-31": "", "2005-12-31": ""}, "Share Holder Equity": {"2019-12-31": "3405.59300", "2018-12-31": "3021.94200", "2017-12-31": "2651.25000", "2016-12-31": "1654.21300", "2015-12-31": "1543.78000", "2014-12-31": "1513.54600", "2013-12-31": "927.86200", "2012-12-31": "826.34300", "2011-12-31": "659.17700", "2010-12-31": "381.50200", "2009-12-31": "359.00600", "2008-12-31": "303.42100", "2007-12-31": "281.80500", "2006-12-31": "250.11000", "2005-12-31": "224.79600"}, "Total Liabilities And Share Holders Equity": {"2019-12-31": "3853.98600", "2018-12-31": "3312.95700", "2017-12-31": "2873.44100", "2016-12-31": "2185.06300", "2015-12-31": "2079.57100", "2014-12-31": "2070.48300", "2013-12-31": "1256.98200", "2012-12-31": "1165.13900", "2011-12-31": "771.03500", "2010-12-31": "439.64800", "2009-12-31": "404.57900", "2008-12-31": "334.38400", "2007-12-31": "321.84300", "2006-12-31": "275.43700", "2005-12-31": "248.05900"}}, "balance sheet, quarterly": {"Cash On Hand": {"2020-09-30": "3867.80500", "2020-06-30": "3548.40500", "2020-03-31": "1927.92300", "2019-12-31": "1070.73100", "2019-09-30": "1389.61900", "2019-06-30": "1297.81200", "2019-03-31": "1232.81700", "2018-12-31": "1100.41600", "2018-09-30": "1071.78600", "2018-06-30": "966.27800", "2018-03-31": "931.42900", "2017-12-31": "1211.46300", "2017-09-30": "622.99500", "2017-06-30": "564.63800", "2017-03-31": "572.47200", "2016-12-31": "567.22300", "2016-09-30": "523.27000", "2016-06-30": "465.28100", "2016-03-31": "462.81200", "2015-12-31": "421.81800", "2015-09-30": "375.50900", "2015-06-30": "351.78100", "2015-03-31": "541.77100", "2014-12-31": "527.01200", "2014-09-30": "486.19500", "2014-06-30": "444.85700", "2014-03-31": "223.44300", "2013-12-31": "255.95300", "2013-09-30": "222.93800", "2013-06-30": "190.10100", "2013-03-31": "167.39400", "2012-12-31": "156.06400", "2012-09-30": "130.27900", "2012-06-30": "104.15800", "2012-03-31": "551.38100", "2011-12-31": "548.79500", "2011-09-30": "554.31000", "2011-06-30": "551.22200", "2011-03-31": "295.90900", "2010-12-31": "210.12700", "2010-09-30": "202.62300", "2010-06-30": "200.57700", "2010-03-31": "188.90600", "2009-12-31": "225.97400", "2009-09-30": "223.99100", "2009-06-30": "213.64300", "2009-03-31": "204.13200", "2008-12-31": "195.25000", "2008-09-30": "182.95500", "2008-06-30": "167.38400", "2008-03-31": "161.56100", "2007-12-31": "187.42600", "2007-09-30": "164.24300", "2007-06-30": "154.47500", "2007-03-31": "150.34800", "2006-12-31": "158.14800", "2006-09-30": "154.89600", "2006-06-30": "150.22900", "2006-03-31": "142.25400", "2005-12-31": "134.18500", "2005-09-30": "124.76100", "2005-06-30": "113.40200", "2005-03-31": "112.89100"}, "Receivables": {"2020-09-30": "105.01400", "2020-06-30": "113.66700", "2020-03-31": "112.24800", "2019-12-31": "92.24000", "2019-09-30": "91.32500", "2019-06-30": "95.58300", "2019-03-31": "92.84100", "2018-12-31": "89.19200", "2018-09-30": "82.27900", "2018-06-30": "69.98400", "2018-03-31": "68.91400", "2017-12-31": "60.90000", "2017-09-30": "60.87100", "2017-06-30": "51.51200", "2017-03-31": "49.68600", "2016-12-31": "48.66600", "2016-09-30": "48.51000", "2016-06-30": "46.04400", "2016-03-31": "47.46900", "2015-12-31": "40.70600", "2015-09-30": "52.09300", "2015-06-30": "55.40900", "2015-03-31": "46.72600", "2014-12-31": "39.72100", "2014-09-30": "39.05100", "2014-06-30": "39.66100", "2014-03-31": "32.28600", "2013-12-31": "20.76100", "2013-09-30": "24.75600", "2013-06-30": "26.60400", "2013-03-31": "26.21600", "2012-12-31": "21.74900", "2012-09-30": "27.95700", "2012-06-30": "25.25000", "2012-03-31": "16.35200", "2011-12-31": "17.43900", "2011-09-30": "19.76100", "2011-06-30": "14.18800", "2011-03-31": "21.18000", "2010-12-31": "18.03400", "2010-09-30": "13.67300", "2010-06-30": "10.55400", "2010-03-31": "12.74600", "2009-12-31": "12.85500", "2009-09-30": "13.81100", "2009-06-30": "12.10600", "2009-03-31": "14.23600", "2008-12-31": "12.29400", "2008-09-30": "12.11300", "2008-06-30": "12.57000", "2008-03-31": "11.70800", "2007-12-31": "10.87500", "2007-09-30": "10.71900", "2007-06-30": "8.96900", "2007-03-31": "10.10300", "2006-12-31": "9.20200", "2006-09-30": "7.87200", "2006-06-30": "6.40500", "2006-03-31": "7.37500", "2005-12-31": "5.67300", "2005-09-30": "5.51900", "2005-06-30": "5.47600", "2005-03-31": "4.99100"}, "Inventory": {"2020-09-30": "", "2020-06-30": "", "2020-03-31": "", "2019-12-31": "", "2019-09-30": "", "2019-06-30": "", "2019-03-31": "", "2018-12-31": "", "2018-09-30": "", "2018-06-30": "", "2018-03-31": "", "2017-12-31": "", "2017-09-30": "", "2017-06-30": "", "2017-03-31": "", "2016-12-31": "", "2016-09-30": "", "2016-06-30": "", "2016-03-31": "", "2015-12-31": "", "2015-09-30": "", "2015-06-30": "", "2015-03-31": "", "2014-12-31": "", "2014-09-30": "", "2014-06-30": "", "2014-03-31": "", "2013-12-31": "", "2013-09-30": "", "2013-06-30": "", "2013-03-31": "", "2012-12-31": "", "2012-09-30": "", "2012-06-30": "", "2012-03-31": "", "2011-12-31": "", "2011-09-30": "", "2011-06-30": "", "2011-03-31": "", "2010-12-31": "", "2010-09-30": "", "2010-06-30": "", "2010-03-31": "", "2009-12-31": "", "2009-09-30": "", "2009-06-30": "", "2009-03-31": "", "2008-12-31": "", "2008-09-30": "", "2008-06-30": "", "2008-03-31": "", "2007-12-31": "", "2007-09-30": "", "2007-06-30": "", "2007-03-31": "", "2006-12-31": "", "2006-09-30": "", "2006-06-30": "", "2006-03-31": "", "2005-12-31": "", "2005-09-30": "", "2005-06-30": "", "2005-03-31": ""}, "Pre-Paid Expenses": {"2020-09-30": "34.41400", "2020-06-30": "28.57600", "2020-03-31": "30.21900", "2019-12-31": "36.19400", "2019-09-30": "23.77800", "2019-06-30": "20.36700", "2019-03-31": "20.71300", "2018-12-31": "23.69000", "2018-09-30": "25.20300", "2018-06-30": "39.72300", "2018-03-31": "31.66100", "2017-12-31": "15.57200", "2017-09-30": "16.21500", "2017-06-30": "19.83700", "2017-03-31": "12.00500", "2016-12-31": "11.60200", "2016-09-30": "11.66300", "2016-06-30": "12.89400", "2016-03-31": "9.65600", "2015-12-31": "10.20900", "2015-09-30": "10.35000", "2015-06-30": "11.35100", "2015-03-31": "10.28300", "2014-12-31": "9.73600", "2014-09-30": "9.75400", "2014-06-30": "10.69800", "2014-03-31": "8.11300", "2013-12-31": "6.59700", "2013-09-30": "10.02100", "2013-06-30": "8.45200", "2013-03-31": "9.76900", "2012-12-31": "9.56000", "2012-09-30": "7.99900", "2012-06-30": "7.73600", "2012-03-31": "6.00900", "2011-12-31": "5.72200", "2011-09-30": "6.40400", "2011-06-30": "5.69300", "2011-03-31": "4.17900", "2010-12-31": "5.80900", "2010-09-30": "5.71800", "2010-06-30": "4.41400", "2010-03-31": "7.64900", "2009-12-31": "5.12800", "2009-09-30": "4.05100", "2009-06-30": "3.15200", "2009-03-31": "3.01300", "2008-12-31": "2.90300", "2008-09-30": "4.15200", "2008-06-30": "2.71700", "2008-03-31": "3.37100", "2007-12-31": "4.66100", "2007-09-30": "4.25600", "2007-06-30": "3.41300", "2007-03-31": "4.02800", "2006-12-31": "3.49700", "2006-09-30": "3.26900", "2006-06-30": "1.97500", "2006-03-31": "3.37600", "2005-12-31": "2.20500", "2005-09-30": "3.00000", "2005-06-30": "2.34600", "2005-03-31": "3.03100"}, "Other Current Assets": {"2020-09-30": "", "2020-06-30": "", "2020-03-31": "", "2019-12-31": "", "2019-09-30": "", "2019-06-30": "", "2019-03-31": "", "2018-12-31": "", "2018-09-30": "", "2018-06-30": "", "2018-03-31": "", "2017-12-31": "", "2017-09-30": "", "2017-06-30": "", "2017-03-31": "", "2016-12-31": "", "2016-09-30": "", "2016-06-30": "", "2016-03-31": "", "2015-12-31": "", "2015-09-30": "3.27600", "2015-06-30": "3.29800", "2015-03-31": "3.32000", "2014-12-31": "", "2014-09-30": "3.35800", "2014-06-30": "3.36200", "2014-03-31": "2.54700", "2013-12-31": "2.64900", "2013-09-30": "2.74000", "2013-06-30": "2.82000", "2013-03-31": "2.88500", "2012-12-31": "2.93400", "2012-09-30": "2.95300", "2012-06-30": "2.97800", "2012-03-31": "", "2011-12-31": "", "2011-09-30": "", "2011-06-30": "", "2011-03-31": "", "2010-12-31": "", "2010-09-30": "", "2010-06-30": "", "2010-03-31": "", "2009-12-31": "", "2009-09-30": "", "2009-06-30": "", "2009-03-31": "", "2008-12-31": "", "2008-09-30": "", "2008-06-30": "", "2008-03-31": "", "2007-12-31": "", "2007-09-30": "", "2007-06-30": "", "2007-03-31": "", "2006-12-31": "", "2006-09-30": "", "2006-06-30": "", "2006-03-31": "", "2005-12-31": "", "2005-09-30": "", "2005-06-30": "", "2005-03-31": ""}, "Total Current Assets": {"2020-09-30": "4007.23300", "2020-06-30": "3690.64800", "2020-03-31": "2070.39000", "2019-12-31": "1199.16500", "2019-09-30": "1504.72200", "2019-06-30": "1413.76200", "2019-03-31": "1346.37100", "2018-12-31": "1213.29800", "2018-09-30": "1179.26800", "2018-06-30": "1075.98500", "2018-03-31": "1032.00400", "2017-12-31": "1287.93500", "2017-09-30": "700.08100", "2017-06-30": "635.98700", "2017-03-31": "634.16300", "2016-12-31": "627.49100", "2016-09-30": "583.44300", "2016-06-30": "524.21900", "2016-03-31": "519.93700", "2015-12-31": "472.73300", "2015-09-30": "476.47400", "2015-06-30": "450.34800", "2015-03-31": "627.70400", "2014-12-31": "596.47600", "2014-09-30": "562.75200", "2014-06-30": "531.01400", "2014-03-31": "303.75100", "2013-12-31": "308.46600", "2013-09-30": "277.57000", "2013-06-30": "244.69800", "2013-03-31": "225.46500", "2012-12-31": "199.56300", "2012-09-30": "184.33300", "2012-06-30": "159.60900", "2012-03-31": "584.90800", "2011-12-31": "583.18300", "2011-09-30": "589.38100", "2011-06-30": "578.62200", "2011-03-31": "326.76200", "2010-12-31": "239.17300", "2010-09-30": "226.47700", "2010-06-30": "219.39700", "2010-03-31": "212.58000", "2009-12-31": "247.40700", "2009-09-30": "244.61000", "2009-06-30": "231.44700", "2009-03-31": "223.54500", "2008-12-31": "212.48300", "2008-09-30": "200.28700", "2008-06-30": "187.22200", "2008-03-31": "178.73700", "2007-12-31": "205.67800", "2007-09-30": "187.12200", "2007-06-30": "174.76100", "2007-03-31": "172.38300", "2006-12-31": "178.75100", "2006-09-30": "170.51300", "2006-06-30": "163.08400", "2006-03-31": "157.48000", "2005-12-31": "146.53800", "2005-09-30": "137.45700", "2005-06-30": "125.40100", "2005-03-31": "125.09000"}, "Property, Plant, And Equipment": {"2020-09-30": "127.28000", "2020-06-30": "104.31600", "2020-03-31": "106.40900", "2019-12-31": "107.52900", "2019-09-30": "107.98900", "2019-06-30": "84.51800", "2019-03-31": "85.97800", "2018-12-31": "83.30300", "2018-09-30": "81.93700", "2018-06-30": "84.64800", "2018-03-31": "83.40100", "2017-12-31": "84.49600", "2017-09-30": "84.32600", "2017-06-30": "85.77900", "2017-03-31": "85.50400", "2016-12-31": "87.56800", "2016-09-30": "85.36600", "2016-06-30": "86.50800", "2016-03-31": "85.96200", "2015-12-31": "88.31100", "2015-09-30": "87.62700", "2015-06-30": "85.44200", "2015-03-31": "79.12300", "2014-12-31": "73.75300", "2014-09-30": "70.67500", "2014-06-30": "64.64000", "2014-03-31": "57.33800", "2013-12-31": "57.71900", "2013-09-30": "55.70300", "2013-06-30": "49.69300", "2013-03-31": "48.65300", "2012-12-31": "46.30800", "2012-09-30": "42.96200", "2012-06-30": "43.22500", "2012-03-31": "38.58400", "2011-12-31": "37.57100", "2011-09-30": "36.78000", "2011-06-30": "37.14600", "2011-03-31": "36.88600", "2010-12-31": "69.92100", "2010-09-30": "64.97300", "2010-06-30": "61.08300", "2010-03-31": "60.68400", "2009-12-31": "19.16200", "2009-09-30": "16.57900", "2009-06-30": "15.27400", "2009-03-31": "15.80100", "2008-12-31": "16.87600", "2008-09-30": "19.29600", "2008-06-30": "21.28600", "2008-03-31": "22.71400", "2007-12-31": "24.04500", "2007-09-30": "21.30200", "2007-06-30": "19.96800", "2007-03-31": "19.61600", "2006-12-31": "18.40700", "2006-09-30": "16.85100", "2006-06-30": "14.44700", "2006-03-31": "14.17900", "2005-12-31": "15.14400", "2005-09-30": "16.14600", "2005-06-30": "16.12400", "2005-03-31": "14.41200"}, "Long-Term Investments": {"2020-09-30": "", "2020-06-30": "", "2020-03-31": "", "2019-12-31": "10.07000", "2019-09-30": "10.07000", "2019-06-30": "10.07000", "2019-03-31": "10.07000", "2018-12-31": "10.07000", "2018-09-30": "10.07000", "2018-06-30": "10.07000", "2018-03-31": "10.07000", "2017-12-31": "10.07000", "2017-09-30": "9.95200", "2017-06-30": "9.95200", "2017-03-31": "9.95200", "2016-12-31": "9.95200", "2016-09-30": "9.91100", "2016-06-30": "9.90600", "2016-03-31": "9.94400", "2015-12-31": "15.50700", "2015-09-30": "15.50700", "2015-06-30": "16.04900", "2015-03-31": "16.66900", "2014-12-31": "17.15100", "2014-09-30": "21.08100", "2014-06-30": "21.63900", "2014-03-31": "22.16800", "2013-12-31": "21.99000", "2013-09-30": "21.67500", "2013-06-30": "21.67500", "2013-03-31": "21.67500", "2012-12-31": "21.66200", "2012-09-30": "21.56100", "2012-06-30": "24.97600", "2012-03-31": "24.53400", "2011-12-31": "24.58400", "2011-09-30": "28.41400", "2011-06-30": "29.01400", "2011-03-31": "29.11400", "2010-12-31": "29.18900", "2010-09-30": "29.34900", "2010-06-30": "29.44900", "2010-03-31": "29.54900", "2009-12-31": "29.72400", "2009-09-30": "29.93900", "2009-06-30": "30.11000", "2009-03-31": "29.34000", "2008-12-31": "29.34000", "2008-09-30": "30.20300", "2008-06-30": "30.87800", "2008-03-31": "31.53200", "2007-12-31": "", "2007-09-30": "", "2007-06-30": "", "2007-03-31": "", "2006-12-31": "", "2006-09-30": "", "2006-06-30": "", "2006-03-31": "", "2005-12-31": "", "2005-09-30": "", "2005-06-30": "", "2005-03-31": ""}, "Goodwill And Intangible Assets": {"2020-09-30": "2429.68700", "2020-06-30": "2446.66700", "2020-03-31": "2274.67600", "2019-12-31": "2303.21600", "2019-09-30": "1875.98200", "2019-06-30": "1890.03000", "2019-03-31": "1887.81500", "2018-12-31": "1900.44600", "2018-09-30": "1834.93400", "2018-06-30": "1849.12800", "2018-03-31": "1865.10900", "2017-12-31": "1466.34900", "2017-09-30": "1474.36800", "2017-06-30": "1478.36800", "2017-03-31": "1454.95600", "2016-12-31": "1450.83100", "2016-09-30": "1463.46600", "2016-06-30": "1475.44100", "2016-03-31": "1478.87600", "2015-12-31": "1491.26300", "2015-09-30": "1500.75800", "2015-06-30": "1510.62000", "2015-03-31": "1364.40600", "2014-12-31": "1380.42700", "2014-09-30": "1397.09400", "2014-06-30": "1415.38700", "2014-03-31": "855.99190", "2013-12-31": "863.05900", "2013-09-30": "868.83900", "2013-06-30": "873.70610", "2013-03-31": "880.24100", "2012-12-31": "888.71000", "2012-09-30": "896.28500", "2012-06-30": "903.20400", "2012-03-31": "112.16100", "2011-12-31": "112.31400", "2011-09-30": "96.23600", "2011-06-30": "97.92300", "2011-03-31": "98.38600", "2010-12-31": "98.37600", "2010-09-30": "100.09900", "2010-06-30": "99.48900", "2010-03-31": "100.58200", "2009-12-31": "103.71100", "2009-09-30": "92.82500", "2009-06-30": "72.29200", "2009-03-31": "68.55700", "2008-12-31": "70.74900", "2008-09-30": "80.78200", "2008-06-30": "86.81400", "2008-03-31": "85.71100", "2007-12-31": "87.56500", "2007-09-30": "90.48500", "2007-06-30": "91.83900", "2007-03-31": "92.44700", "2006-12-31": "69.66900", "2006-09-30": "66.63800", "2006-06-30": "66.56900", "2006-03-31": "66.01400", "2005-12-31": "66.41000", "2005-09-30": "68.40100", "2005-06-30": "70.01500", "2005-03-31": "72.22300"}, "Other Long-Term Assets": {"2020-09-30": "29.90800", "2020-06-30": "28.67400", "2020-03-31": "24.54900", "2019-12-31": "24.14000", "2019-09-30": "21.06300", "2019-06-30": "21.67000", "2019-03-31": "22.18200", "2018-12-31": "22.34000", "2018-09-30": "22.27200", "2018-06-30": "22.53800", "2018-03-31": "24.73600", "2017-12-31": "19.16000", "2017-09-30": "5.39200", "2017-06-30": "2.09900", "2017-03-31": "2.10100", "2016-12-31": "1.94800", "2016-09-30": "2.24800", "2016-06-30": "2.57900", "2016-03-31": "2.40400", "2015-12-31": "2.65000", "2015-09-30": "10.37000", "2015-06-30": "11.48800", "2015-03-31": "11.79900", "2014-12-31": "2.67600", "2014-09-30": "12.73900", "2014-06-30": "13.71400", "2014-03-31": "5.54700", "2013-12-31": "5.74800", "2013-09-30": "6.58700", "2013-06-30": "7.24600", "2013-03-31": "7.82400", "2012-12-31": "8.89600", "2012-09-30": "9.51800", "2012-06-30": "10.27300", "2012-03-31": "3.45600", "2011-12-31": "3.15900", "2011-09-30": "2.48700", "2011-06-30": "2.64900", "2011-03-31": "2.67900", "2010-12-31": "2.98900", "2010-09-30": "3.01700", "2010-06-30": "2.17300", "2010-03-31": "2.11900", "2009-12-31": "2.59700", "2009-09-30": "1.82800", "2009-06-30": "1.59800", "2009-03-31": "1.47000", "2008-12-31": "1.54400", "2008-09-30": "1.64200", "2008-06-30": "1.59700", "2008-03-31": "1.48500", "2007-12-31": "2.32200", "2007-09-30": "2.33600", "2007-06-30": "1.72300", "2007-03-31": "1.28700", "2006-12-31": "1.63700", "2006-09-30": "1.55700", "2006-06-30": "1.10700", "2006-03-31": "1.08100", "2005-12-31": "1.27700", "2005-09-30": "3.60400", "2005-06-30": "2.38500", "2005-03-31": "2.45800"}, "Total Long-Term Assets": {"2020-09-30": "2790.09200", "2020-06-30": "2788.38200", "2020-03-31": "2614.20700", "2019-12-31": "2654.82100", "2019-09-30": "2210.66900", "2019-06-30": "2206.83600", "2019-03-31": "2201.91300", "2018-12-31": "2099.65900", "2018-09-30": "2027.95400", "2018-06-30": "2046.58900", "2018-03-31": "2063.09600", "2017-12-31": "1585.50600", "2017-09-30": "1580.51500", "2017-06-30": "1584.03200", "2017-03-31": "1560.99200", "2016-12-31": "1557.57200", "2016-09-30": "1569.14400", "2016-06-30": "1583.01500", "2016-03-31": "1586.07600", "2015-12-31": "1606.83800", "2015-09-30": "1614.26200", "2015-06-30": "1623.59900", "2015-03-31": "1471.99700", "2014-12-31": "1474.00700", "2014-09-30": "1501.58900", "2014-06-30": "1515.38000", "2014-03-31": "941.04490", "2013-12-31": "948.51590", "2013-09-30": "952.80400", "2013-06-30": "952.32000", "2013-03-31": "958.39290", "2012-12-31": "965.57600", "2012-09-30": "970.32600", "2012-06-30": "981.67800", "2012-03-31": "188.84300", "2011-12-31": "187.85200", "2011-09-30": "175.37200", "2011-06-30": "179.23400", "2011-03-31": "179.71700", "2010-12-31": "200.47500", "2010-09-30": "201.42200", "2010-06-30": "196.07800", "2010-03-31": "195.28400", "2009-12-31": "157.17200", "2009-09-30": "147.72500", "2009-06-30": "122.46100", "2009-03-31": "118.43700", "2008-12-31": "121.90100", "2008-09-30": "134.62900", "2008-06-30": "142.28100", "2008-03-31": "144.77700", "2007-12-31": "116.16500", "2007-09-30": "114.61700", "2007-06-30": "117.19800", "2007-03-31": "118.46900", "2006-12-31": "96.68600", "2006-09-30": "97.87000", "2006-06-30": "97.55600", "2006-03-31": "98.45700", "2005-12-31": "101.52100", "2005-09-30": "107.36800", "2005-06-30": "108.24600", "2005-03-31": "110.03500"}, "Total Assets": {"2020-09-30": "6797.32500", "2020-06-30": "6479.03000", "2020-03-31": "4684.59700", "2019-12-31": "3853.98600", "2019-09-30": "3715.39100", "2019-06-30": "3620.59800", "2019-03-31": "3548.28400", "2018-12-31": "3312.95700", "2018-09-30": "3207.22200", "2018-06-30": "3122.57400", "2018-03-31": "3095.10000", "2017-12-31": "2873.44100", "2017-09-30": "2280.59600", "2017-06-30": "2220.01900", "2017-03-31": "2195.15500", "2016-12-31": "2185.06300", "2016-09-30": "2152.58700", "2016-06-30": "2107.23400", "2016-03-31": "2106.01300", "2015-12-31": "2079.57100", "2015-09-30": "2090.73600", "2015-06-30": "2073.94700", "2015-03-31": "2099.70100", "2014-12-31": "2070.48300", "2014-09-30": "2064.34100", "2014-06-30": "2046.39400", "2014-03-31": "1244.79600", "2013-12-31": "1256.98200", "2013-09-30": "1230.37400", "2013-06-30": "1197.01800", "2013-03-31": "1183.85800", "2012-12-31": "1165.13900", "2012-09-30": "1154.65900", "2012-06-30": "1141.28700", "2012-03-31": "773.75100", "2011-12-31": "771.03500", "2011-09-30": "764.75300", "2011-06-30": "757.85600", "2011-03-31": "506.47900", "2010-12-31": "439.64800", "2010-09-30": "427.89900", "2010-06-30": "415.47500", "2010-03-31": "407.86400", "2009-12-31": "404.57900", "2009-09-30": "392.33500", "2009-06-30": "353.90800", "2009-03-31": "341.98200", "2008-12-31": "334.38400", "2008-09-30": "334.91600", "2008-06-30": "329.50300", "2008-03-31": "323.51400", "2007-12-31": "321.84300", "2007-09-30": "301.73900", "2007-06-30": "291.95900", "2007-03-31": "290.85200", "2006-12-31": "275.43700", "2006-09-30": "268.38300", "2006-06-30": "260.64000", "2006-03-31": "255.93700", "2005-12-31": "248.05900", "2005-09-30": "244.82500", "2005-06-30": "233.64700", "2005-03-31": "235.12500"}, "Total Current Liabilities": {"2020-09-30": "245.11100", "2020-06-30": "263.36500", "2020-03-31": "236.67900", "2019-12-31": "207.05600", "2019-09-30": "198.03600", "2019-06-30": "197.26000", "2019-03-31": "198.22700", "2018-12-31": "154.15900", "2018-09-30": "153.47000", "2018-06-30": "145.92000", "2018-03-31": "165.64300", "2017-12-31": "146.66600", "2017-09-30": "176.58700", "2017-06-30": "150.90100", "2017-03-31": "144.09100", "2016-12-31": "154.94600", "2016-09-30": "153.45900", "2016-06-30": "132.83000", "2016-03-31": "143.34200", "2015-12-31": "135.28100", "2015-09-30": "162.91800", "2015-06-30": "141.31800", "2015-03-31": "135.85800", "2014-12-31": "115.95500", "2014-09-30": "120.20100", "2014-06-30": "117.28600", "2014-03-31": "107.27600", "2013-12-31": "111.55300", "2013-09-30": "107.40300", "2013-06-30": "102.73500", "2013-03-31": "97.71900", "2012-12-31": "101.63800", "2012-09-30": "93.02800", "2012-06-30": "85.26100", "2012-03-31": "57.74300", "2011-12-31": "61.78200", "2011-09-30": "64.60600", "2011-06-30": "60.21600", "2011-03-31": "64.84300", "2010-12-31": "50.89400", "2010-09-30": "49.73900", "2010-06-30": "45.90800", "2010-03-31": "43.66000", "2009-12-31": "43.74700", "2009-09-30": "39.38100", "2009-06-30": "27.45300", "2009-03-31": "28.96900", "2008-12-31": "29.13600", "2008-09-30": "33.91300", "2008-06-30": "33.92200", "2008-03-31": "35.55700", "2007-12-31": "38.23700", "2007-09-30": "33.87000", "2007-06-30": "30.80100", "2007-03-31": "33.43300", "2006-12-31": "24.14500", "2006-09-30": "25.16800", "2006-06-30": "24.00800", "2006-03-31": "24.96700", "2005-12-31": "22.03700", "2005-09-30": "22.49200", "2005-06-30": "17.47700", "2005-03-31": "19.71500"}, "Long Term Debt": {"2020-09-30": "986.41300", "2020-06-30": "745.00000", "2020-03-31": "745.00000", "2019-12-31": "", "2019-09-30": "", "2019-06-30": "", "2019-03-31": "", "2018-12-31": "", "2018-09-30": "", "2018-06-30": "", "2018-03-31": "", "2017-12-31": "", "2017-09-30": "268.58600", "2017-06-30": "282.88100", "2017-03-31": "297.15000", "2016-12-31": "306.47300", "2016-09-30": "315.69400", "2016-06-30": "324.91000", "2016-03-31": "334.14600", "2015-12-31": "338.36600", "2015-09-30": "350.00000", "2015-06-30": "355.00000", "2015-03-31": "360.00000", "2014-12-31": "355.13600", "2014-09-30": "370.00000", "2014-06-30": "375.00000", "2014-03-31": "122.50000", "2013-12-31": "129.06200", "2013-09-30": "135.62500", "2013-06-30": "142.18700", "2013-03-31": "148.75000", "2012-12-31": "153.12500", "2012-09-30": "157.50000", "2012-06-30": "161.87500", "2012-03-31": "", "2011-12-31": "", "2011-09-30": "", "2011-06-30": "", "2011-03-31": "", "2010-12-31": "", "2010-09-30": "", "2010-06-30": "", "2010-03-31": "", "2009-12-31": "", "2009-09-30": "", "2009-06-30": "", "2009-03-31": "", "2008-12-31": "", "2008-09-30": "", "2008-06-30": "", "2008-03-31": "", "2007-12-31": "", "2007-09-30": "", "2007-06-30": "", "2007-03-31": "", "2006-12-31": "", "2006-09-30": "", "2006-06-30": "", "2006-03-31": "", "2005-12-31": "", "2005-09-30": "", "2005-06-30": "", "2005-03-31": ""}, "Other Non-Current Liabilities": {"2020-09-30": "150.72100", "2020-06-30": "152.41000", "2020-03-31": "151.30800", "2019-12-31": "154.24100", "2019-09-30": "135.06900", "2019-06-30": "141.81500", "2019-03-31": "144.76100", "2018-12-31": "21.38600", "2018-09-30": "15.12800", "2018-06-30": "16.04600", "2018-03-31": "15.47600", "2017-12-31": "13.35400", "2017-09-30": "3.98200", "2017-06-30": "0.75300", "2017-03-31": "0.74700", "2016-12-31": "0.74100", "2016-09-30": "7.01200", "2016-06-30": "6.80500", "2016-03-31": "6.73700", "2015-12-31": "6.69200", "2015-09-30": "4.80100", "2015-06-30": "4.77500", "2015-03-31": "4.73600", "2014-12-31": "4.70300", "2014-09-30": "4.88100", "2014-06-30": "4.85000", "2014-03-31": "4.82900", "2013-12-31": "4.80900", "2013-09-30": "2.91500", "2013-06-30": "2.86500", "2013-03-31": "2.84400", "2012-12-31": "3.84800", "2012-09-30": "3.80300", "2012-06-30": "3.78100", "2012-03-31": "2.16100", "2011-12-31": "2.15100", "2011-09-30": "1.79200", "2011-06-30": "1.80800", "2011-03-31": "1.79700", "2010-12-31": "1.77000", "2010-09-30": "1.88200", "2010-06-30": "1.86300", "2010-03-31": "1.84500", "2009-12-31": "1.82600", "2009-09-30": "1.70700", "2009-06-30": "1.70300", "2009-03-31": "1.74500", "2008-12-31": "1.69500", "2008-09-30": "", "2008-06-30": "", "2008-03-31": "", "2007-12-31": "", "2007-09-30": "", "2007-06-30": "", "2007-03-31": "", "2006-12-31": "", "2006-09-30": "", "2006-06-30": "", "2006-03-31": "", "2005-12-31": "", "2005-09-30": "", "2005-06-30": "", "2005-03-31": ""}, "Total Long Term Liabilities": {"2020-09-30": "1234.15600", "2020-06-30": "991.34400", "2020-03-31": "985.10700", "2019-12-31": "241.33700", "2019-09-30": "218.18900", "2019-06-30": "219.26700", "2019-03-31": "221.44300", "2018-12-31": "136.85600", "2018-09-30": "125.43800", "2018-06-30": "126.03600", "2018-03-31": "128.49300", "2017-12-31": "75.52500", "2017-09-30": "341.58200", "2017-06-30": "352.38300", "2017-03-31": "367.30200", "2016-12-31": "375.90400", "2016-09-30": "380.43000", "2016-06-30": "388.46300", "2016-03-31": "397.19500", "2015-12-31": "400.51000", "2015-09-30": "417.86000", "2015-06-30": "426.47600", "2015-03-31": "448.88500", "2014-12-31": "440.98200", "2014-09-30": "451.76700", "2014-06-30": "457.86700", "2014-03-31": "207.72700", "2013-12-31": "217.56700", "2013-09-30": "223.65200", "2013-06-30": "227.68700", "2013-03-31": "235.48800", "2012-12-31": "237.15800", "2012-09-30": "245.78000", "2012-06-30": "253.43400", "2012-03-31": "49.30300", "2011-12-31": "50.07600", "2011-09-30": "50.45700", "2011-06-30": "51.77600", "2011-03-31": "52.23800", "2010-12-31": "7.25200", "2010-09-30": "1.88200", "2010-06-30": "1.86300", "2010-03-31": "1.84500", "2009-12-31": "1.82600", "2009-09-30": "1.70700", "2009-06-30": "1.76600", "2009-03-31": "1.84800", "2008-12-31": "1.82700", "2008-09-30": "0.33800", "2008-06-30": "0.40500", "2008-03-31": "1.08900", "2007-12-31": "1.80100", "2007-09-30": "0.94200", "2007-06-30": "1.80300", "2007-03-31": "2.49700", "2006-12-31": "1.18200", "2006-09-30": "0.87000", "2006-06-30": "1.03400", "2006-03-31": "1.09000", "2005-12-31": "1.22600", "2005-09-30": "1.86900", "2005-06-30": "2.07400", "2005-03-31": "2.33000"}, "Total Liabilities": {"2020-09-30": "1479.26700", "2020-06-30": "1254.70900", "2020-03-31": "1221.78600", "2019-12-31": "448.39300", "2019-09-30": "416.22500", "2019-06-30": "416.52700", "2019-03-31": "419.67000", "2018-12-31": "291.01500", "2018-09-30": "278.90800", "2018-06-30": "271.95600", "2018-03-31": "294.13600", "2017-12-31": "222.19100", "2017-09-30": "518.16900", "2017-06-30": "503.28400", "2017-03-31": "511.39300", "2016-12-31": "530.85000", "2016-09-30": "533.88900", "2016-06-30": "521.29300", "2016-03-31": "540.53700", "2015-12-31": "535.79100", "2015-09-30": "580.77800", "2015-06-30": "567.79400", "2015-03-31": "584.74300", "2014-12-31": "556.93700", "2014-09-30": "571.96800", "2014-06-30": "575.15300", "2014-03-31": "315.00300", "2013-12-31": "329.12000", "2013-09-30": "331.05500", "2013-06-30": "330.42200", "2013-03-31": "333.20700", "2012-12-31": "338.79600", "2012-09-30": "338.80800", "2012-06-30": "338.69500", "2012-03-31": "107.04600", "2011-12-31": "111.85800", "2011-09-30": "115.06300", "2011-06-30": "111.99200", "2011-03-31": "117.08100", "2010-12-31": "58.14600", "2010-09-30": "51.62100", "2010-06-30": "47.77100", "2010-03-31": "45.50500", "2009-12-31": "45.57300", "2009-09-30": "41.08800", "2009-06-30": "29.21900", "2009-03-31": "30.81700", "2008-12-31": "30.96300", "2008-09-30": "34.25100", "2008-06-30": "34.32700", "2008-03-31": "36.64600", "2007-12-31": "40.03800", "2007-09-30": "34.81200", "2007-06-30": "32.60400", "2007-03-31": "35.93000", "2006-12-31": "25.32700", "2006-09-30": "26.03800", "2006-06-30": "25.04200", "2006-03-31": "26.05700", "2005-12-31": "23.26300", "2005-09-30": "24.36100", "2005-06-30": "19.55100", "2005-03-31": "22.04500"}, "Common Stock Net": {"2020-09-30": "", "2020-06-30": "", "2020-03-31": "", "2019-12-31": "", "2019-09-30": "", "2019-06-30": "", "2019-03-31": "", "2018-12-31": "0.36400", "2018-09-30": "", "2018-06-30": "", "2018-03-31": "", "2017-12-31": "0.36100", "2017-09-30": "", "2017-06-30": "", "2017-03-31": "", "2016-12-31": "0.32600", "2016-09-30": "", "2016-06-30": "", "2016-03-31": "", "2015-12-31": "0.32500", "2015-09-30": "", "2015-06-30": "", "2015-03-31": "", "2014-12-31": "0.32300", "2014-09-30": "", "2014-06-30": "", "2014-03-31": "", "2013-12-31": "0.28800", "2013-09-30": "", "2013-06-30": "", "2013-03-31": "", "2012-12-31": "0.28300", "2012-09-30": "", "2012-06-30": "", "2012-03-31": "", "2011-12-31": "0.25400", "2011-09-30": "", "2011-06-30": "", "2011-03-31": "", "2010-12-31": "0.20800", "2010-09-30": "", "2010-06-30": "", "2010-03-31": "", "2009-12-31": "0.20600", "2009-09-30": "", "2009-06-30": "", "2009-03-31": "", "2008-12-31": "0.19700", "2008-09-30": "", "2008-06-30": "", "2008-03-31": "", "2007-12-31": "0.19500", "2007-09-30": "", "2007-06-30": "", "2007-03-31": "", "2006-12-31": "0.19100", "2006-09-30": "", "2006-06-30": "", "2006-03-31": "", "2005-12-31": "0.18700", "2005-09-30": "", "2005-06-30": "", "2005-03-31": ""}, "Retained Earnings (Accumulated Deficit)": {"2020-09-30": "", "2020-06-30": "", "2020-03-31": "", "2019-12-31": "", "2019-09-30": "", "2019-06-30": "", "2019-03-31": "", "2018-12-31": "613.45400", "2018-09-30": "", "2018-06-30": "", "2018-03-31": "", "2017-12-31": "320.65600", "2017-09-30": "", "2017-06-30": "", "2017-03-31": "", "2016-12-31": "195.79900", "2016-09-30": "", "2016-06-30": "", "2016-03-31": "", "2015-12-31": "110.72800", "2015-09-30": "", "2015-06-30": "", "2015-03-31": "", "2014-12-31": "114.19300", "2014-09-30": "", "2014-06-30": "", "2014-03-31": "", "2013-12-31": "69.32400", "2013-09-30": "", "2013-06-30": "", "2013-03-31": "", "2012-12-31": "39.59000", "2012-09-30": "", "2012-06-30": "", "2012-03-31": "", "2011-12-31": "29.67500", "2011-09-30": "", "2011-06-30": "", "2011-03-31": "", "2010-12-31": "15.01900", "2010-09-30": "", "2010-06-30": "", "2010-03-31": "", "2009-12-31": "1.73000", "2009-09-30": "", "2009-06-30": "", "2009-03-31": "", "2008-12-31": "-16.96300", "2008-09-30": "", "2008-06-30": "", "2008-03-31": "", "2007-12-31": "-41.58600", "2007-09-30": "", "2007-06-30": "", "2007-03-31": "", "2006-12-31": "-57.53700", "2006-09-30": "", "2006-06-30": "", "2006-03-31": "", "2005-12-31": "-69.94700", "2005-09-30": "", "2005-06-30": "", "2005-03-31": ""}, "Comprehensive Income": {"2020-09-30": "", "2020-06-30": "", "2020-03-31": "", "2019-12-31": "", "2019-09-30": "", "2019-06-30": "", "2019-03-31": "", "2018-12-31": "-11.68800", "2018-09-30": "", "2018-06-30": "", "2018-03-31": "", "2017-12-31": "-9.02000", "2017-09-30": "", "2017-06-30": "", "2017-03-31": "", "2016-12-31": "-13.03900", "2016-09-30": "", "2016-06-30": "", "2016-03-31": "", "2015-12-31": "-7.59400", "2015-09-30": "", "2015-06-30": "", "2015-03-31": "", "2014-12-31": "-6.38400", "2014-09-30": "", "2014-06-30": "", "2014-03-31": "", "2013-12-31": "-5.53000", "2013-09-30": "", "2013-06-30": "", "2013-03-31": "", "2012-12-31": "-6.51800", "2012-09-30": "", "2012-06-30": "", "2012-03-31": "", "2011-12-31": "-8.56800", "2011-09-30": "", "2011-06-30": "", "2011-03-31": "", "2010-12-31": "-8.70600", "2010-09-30": "", "2010-06-30": "", "2010-03-31": "", "2009-12-31": "-7.56500", "2009-09-30": "", "2009-06-30": "", "2009-03-31": "", "2008-12-31": "-13.79600", "2008-09-30": "", "2008-06-30": "", "2008-03-31": "", "2007-12-31": "5.62600", "2007-09-30": "", "2007-06-30": "", "2007-03-31": "", "2006-12-31": "4.52000", "2006-09-30": "", "2006-06-30": "", "2006-03-31": "", "2005-12-31": "1.34800", "2005-09-30": "", "2005-06-30": "", "2005-03-31": ""}, "Other Share Holders Equity": {"2020-09-30": "", "2020-06-30": "", "2020-03-31": "", "2019-12-31": "", "2019-09-30": "", "2019-06-30": "", "2019-03-31": "", "2018-12-31": "", "2018-09-30": "", "2018-06-30": "", "2018-03-31": "", "2017-12-31": "", "2017-09-30": "", "2017-06-30": "", "2017-03-31": "", "2016-12-31": "", "2016-09-30": "", "2016-06-30": "", "2016-03-31": "", "2015-12-31": "", "2015-09-30": "", "2015-06-30": "", "2015-03-31": "", "2014-12-31": "", "2014-09-30": "", "2014-06-30": "", "2014-03-31": "", "2013-12-31": "", "2013-09-30": "", "2013-06-30": "", "2013-03-31": "", "2012-12-31": "", "2012-09-30": "", "2012-06-30": "", "2012-03-31": "", "2011-12-31": "", "2011-09-30": "", "2011-06-30": "", "2011-03-31": "", "2010-12-31": "", "2010-09-30": "", "2010-06-30": "", "2010-03-31": "", "2009-12-31": "", "2009-09-30": "", "2009-06-30": "", "2009-03-31": "", "2008-12-31": "", "2008-09-30": "", "2008-06-30": "", "2008-03-31": "", "2007-12-31": "", "2007-09-30": "", "2007-06-30": "", "2007-03-31": "", "2006-12-31": "", "2006-09-30": "", "2006-06-30": "", "2006-03-31": "", "2005-12-31": "", "2005-09-30": "", "2005-06-30": "", "2005-03-31": ""}, "Share Holder Equity": {"2020-09-30": "5318.05800", "2020-06-30": "5224.32100", "2020-03-31": "3462.81100", "2019-12-31": "3405.59300", "2019-09-30": "3299.16600", "2019-06-30": "3204.07100", "2019-03-31": "3128.61400", "2018-12-31": "3021.94200", "2018-09-30": "2928.31400", "2018-06-30": "2850.61800", "2018-03-31": "2800.96400", "2017-12-31": "2651.25000", "2017-09-30": "1762.42700", "2017-06-30": "1716.73500", "2017-03-31": "1683.76200", "2016-12-31": "1654.21300", "2016-09-30": "1618.69800", "2016-06-30": "1585.94100", "2016-03-31": "1565.47600", "2015-12-31": "1543.78000", "2015-09-30": "1509.95800", "2015-06-30": "1506.15300", "2015-03-31": "1514.95800", "2014-12-31": "1513.54600", "2014-09-30": "1492.37300", "2014-06-30": "1471.24100", "2014-03-31": "929.79300", "2013-12-31": "927.86200", "2013-09-30": "899.31900", "2013-06-30": "866.59600", "2013-03-31": "850.65100", "2012-12-31": "826.34300", "2012-09-30": "815.85100", "2012-06-30": "802.59200", "2012-03-31": "666.70500", "2011-12-31": "659.17700", "2011-09-30": "649.69000", "2011-06-30": "645.86400", "2011-03-31": "389.39800", "2010-12-31": "381.50200", "2010-09-30": "376.27800", "2010-06-30": "367.70400", "2010-03-31": "362.35900", "2009-12-31": "359.00600", "2009-09-30": "351.24700", "2009-06-30": "324.68900", "2009-03-31": "311.16500", "2008-12-31": "303.42100", "2008-09-30": "300.66500", "2008-06-30": "295.17600", "2008-03-31": "286.86800", "2007-12-31": "281.80500", "2007-09-30": "266.92700", "2007-06-30": "259.35500", "2007-03-31": "254.92200", "2006-12-31": "250.11000", "2006-09-30": "242.34500", "2006-06-30": "235.59800", "2006-03-31": "229.88000", "2005-12-31": "224.79600", "2005-09-30": "220.46400", "2005-06-30": "214.09600", "2005-03-31": "213.08000"}, "Total Liabilities And Share Holders Equity": {"2020-09-30": "6797.32500", "2020-06-30": "6479.03000", "2020-03-31": "4684.59700", "2019-12-31": "3853.98600", "2019-09-30": "3715.39100", "2019-06-30": "3620.59800", "2019-03-31": "3548.28400", "2018-12-31": "3312.95700", "2018-09-30": "3207.22200", "2018-06-30": "3122.57400", "2018-03-31": "3095.10000", "2017-12-31": "2873.44100", "2017-09-30": "2280.59600", "2017-06-30": "2220.01900", "2017-03-31": "2195.15500", "2016-12-31": "2185.06300", "2016-09-30": "2152.58700", "2016-06-30": "2107.23400", "2016-03-31": "2106.01300", "2015-12-31": "2079.57100", "2015-09-30": "2090.73600", "2015-06-30": "2073.94700", "2015-03-31": "2099.70100", "2014-12-31": "2070.48300", "2014-09-30": "2064.34100", "2014-06-30": "2046.39400", "2014-03-31": "1244.79600", "2013-12-31": "1256.98200", "2013-09-30": "1230.37400", "2013-06-30": "1197.01800", "2013-03-31": "1183.85800", "2012-12-31": "1165.13900", "2012-09-30": "1154.65900", "2012-06-30": "1141.28700", "2012-03-31": "773.75100", "2011-12-31": "771.03500", "2011-09-30": "764.75300", "2011-06-30": "757.85600", "2011-03-31": "506.47900", "2010-12-31": "439.64800", "2010-09-30": "427.89900", "2010-06-30": "415.47500", "2010-03-31": "407.86400", "2009-12-31": "404.57900", "2009-09-30": "392.33500", "2009-06-30": "353.90800", "2009-03-31": "341.98200", "2008-12-31": "334.38400", "2008-09-30": "334.91600", "2008-06-30": "329.50300", "2008-03-31": "323.51400", "2007-12-31": "321.84300", "2007-09-30": "301.73900", "2007-06-30": "291.95900", "2007-03-31": "290.85200", "2006-12-31": "275.43700", "2006-09-30": "268.38300", "2006-06-30": "260.64000", "2006-03-31": "255.93700", "2005-12-31": "248.05900", "2005-09-30": "244.82500", "2005-06-30": "233.64700", "2005-03-31": "235.12500"}}, "cash flow statement": {"Net Income/Loss": {"2019-12-31": "314.96300", "2018-12-31": "238.33400", "2017-12-31": "122.69500", "2016-12-31": "85.07100", "2015-12-31": "-3.46500", "2014-12-31": "44.86900", "2013-12-31": "29.73400", "2012-12-31": "9.91500", "2011-12-31": "14.65600", "2010-12-31": "13.28900", "2009-12-31": "18.69300", "2008-12-31": "24.62300", "2007-12-31": "15.95100", "2006-12-31": "12.41000", "2005-12-31": "6.45700"}, "Total Depreciation And Amortization - Cash Flow": {"2019-12-31": "135.46200", "2018-12-31": "126.93200", "2017-12-31": "65.94600", "2016-12-31": "73.39200", "2015-12-31": "81.84300", "2014-12-31": "73.68400", "2013-12-31": "43.07200", "2012-12-31": "34.74100", "2011-12-31": "12.85200", "2010-12-31": "13.64900", "2009-12-31": "14.67600", "2008-12-31": "16.80100", "2007-12-31": "16.14700", "2006-12-31": "11.81000", "2005-12-31": "11.71400"}, "Other Non-Cash Items": {"2019-12-31": "94.30600", "2018-12-31": "51.49500", "2017-12-31": "45.73400", "2016-12-31": "59.39600", "2015-12-31": "39.20600", "2014-12-31": "6.12000", "2013-12-31": "11.64500", "2012-12-31": "27.30500", "2011-12-31": "-10.59600", "2010-12-31": "11.22200", "2009-12-31": "8.40400", "2008-12-31": "5.81300", "2007-12-31": "17.59000", "2006-12-31": "13.62600", "2005-12-31": "1.35800"}, "Total Non-Cash Items": {"2019-12-31": "229.76800", "2018-12-31": "178.42700", "2017-12-31": "111.68000", "2016-12-31": "132.78800", "2015-12-31": "121.04900", "2014-12-31": "79.80400", "2013-12-31": "54.71700", "2012-12-31": "62.04600", "2011-12-31": "2.25600", "2010-12-31": "24.87100", "2009-12-31": "23.08000", "2008-12-31": "22.61400", "2007-12-31": "33.73700", "2006-12-31": "25.43600", "2005-12-31": "13.07200"}, "Change In Accounts Receivable": {"2019-12-31": "-5.01400", "2018-12-31": "-27.81900", "2017-12-31": "-17.52400", "2016-12-31": "-16.04400", "2015-12-31": "-3.99900", "2014-12-31": "-12.35300", "2013-12-31": "-6.60700", "2012-12-31": "1.29500", "2011-12-31": "-4.57300", "2010-12-31": "-1.77600", "2009-12-31": "-1.61000", "2008-12-31": "-6.19600", "2007-12-31": "-2.94400", "2006-12-31": "-5.08000", "2005-12-31": "-2.65200"}, "Change In Inventories": {"2019-12-31": "", "2018-12-31": "", "2017-12-31": "", "2016-12-31": "", "2015-12-31": "", "2014-12-31": "", "2013-12-31": "", "2012-12-31": "", "2011-12-31": "", "2010-12-31": "", "2009-12-31": "", "2008-12-31": "", "2007-12-31": "", "2006-12-31": "", "2005-12-31": ""}, "Change In Accounts Payable": {"2019-12-31": "", "2018-12-31": "", "2017-12-31": "", "2016-12-31": "", "2015-12-31": "", "2014-12-31": "", "2013-12-31": "", "2012-12-31": "", "2011-12-31": "", "2010-12-31": "", "2009-12-31": "", "2008-12-31": "", "2007-12-31": "", "2006-12-31": "", "2005-12-31": ""}, "Change In Assets/Liabilities": {"2019-12-31": "-99.11100", "2018-12-31": "-47.05700", "2017-12-31": "2.37100", "2016-12-31": "-2.46900", "2015-12-31": "4.87000", "2014-12-31": "0.96900", "2013-12-31": "5.04100", "2012-12-31": "3.64300", "2011-12-31": "5.22600", "2010-12-31": "1.13300", "2009-12-31": "-3.24900", "2008-12-31": "2.91100", "2007-12-31": "-1.99300", "2006-12-31": "-0.86700", "2005-12-31": "0.11400"}, "Total Change In Assets/Liabilities": {"2019-12-31": "-86.95100", "2018-12-31": "-81.30300", "2017-12-31": "0.32800", "2016-12-31": "-17.21700", "2015-12-31": "22.18900", "2014-12-31": "19.23600", "2013-12-31": "23.84700", "2012-12-31": "14.16500", "2011-12-31": "10.87300", "2010-12-31": "1.10900", "2009-12-31": "-3.32800", "2008-12-31": "-6.32900", "2007-12-31": "2.04400", "2006-12-31": "-5.25900", "2005-12-31": "3.39000"}, "Cash Flow From Operating Activities": {"2019-12-31": "457.78000", "2018-12-31": "335.45800", "2017-12-31": "234.70300", "2016-12-31": "200.64200", "2015-12-31": "139.77300", "2014-12-31": "143.90900", "2013-12-31": "108.29800", "2012-12-31": "86.12600", "2011-12-31": "27.78500", "2010-12-31": "39.26900", "2009-12-31": "38.44500", "2008-12-31": "40.90800", "2007-12-31": "51.73200", "2006-12-31": "32.58700", "2005-12-31": "22.91900"}, "Net Change In Property, Plant, And Equipment": {"2019-12-31": "-46.19700", "2018-12-31": "-29.63200", "2017-12-31": "-24.49900", "2016-12-31": "-18.76600", "2015-12-31": "-35.06100", "2014-12-31": "-27.44400", "2013-12-31": "-19.04200", "2012-12-31": "-14.83400", "2011-12-31": "-15.01300", "2010-12-31": "-57.35800", "2009-12-31": "-9.42000", "2008-12-31": "-3.65600", "2007-12-31": "-14.27100", "2006-12-31": "-12.95900", "2005-12-31": "-8.39300"}, "Net Change In Intangible Assets": {"2019-12-31": "", "2018-12-31": "", "2017-12-31": "", "2016-12-31": "", "2015-12-31": "", "2014-12-31": "", "2013-12-31": "", "2012-12-31": "", "2011-12-31": "", "2010-12-31": "", "2009-12-31": "", "2008-12-31": "", "2007-12-31": "", "2006-12-31": "", "2005-12-31": ""}, "Net Acquisitions/Divestitures": {"2019-12-31": "-437.55600", "2018-12-31": "-418.36900", "2017-12-31": "-47.76800", "2016-12-31": "-10.44300", "2015-12-31": "-182.34100", "2014-12-31": "-584.21800", "2013-12-31": "", "2012-12-31": "-640.92900", "2011-12-31": "-15.08500", "2010-12-31": "", "2009-12-31": "-3.20700", "2008-12-31": "-3.02400", "2007-12-31": "-16.73700", "2006-12-31": "-1.88700", "2005-12-31": "-4.30100"}, "Net Change In Short-term Investments": {"2019-12-31": "", "2018-12-31": "", "2017-12-31": "", "2016-12-31": "5.95000", "2015-12-31": "1.90000", "2014-12-31": "5.67500", "2013-12-31": "0.07600", "2012-12-31": "15.36500", "2011-12-31": "4.91100", "2010-12-31": "16.85400", "2009-12-31": "17.15900", "2008-12-31": "", "2007-12-31": "", "2006-12-31": "-13.48300", "2005-12-31": "-26.03800"}, "Net Change In Long-Term Investments": {"2019-12-31": "", "2018-12-31": "", "2017-12-31": "", "2016-12-31": "", "2015-12-31": "", "2014-12-31": "", "2013-12-31": "", "2012-12-31": "", "2011-12-31": "", "2010-12-31": "", "2009-12-31": "", "2008-12-31": "59.11000", "2007-12-31": "-9.32300", "2006-12-31": "", "2005-12-31": ""}, "Net Change In Investments - Total": {"2019-12-31": "", "2018-12-31": "", "2017-12-31": "", "2016-12-31": "5.95000", "2015-12-31": "1.90000", "2014-12-31": "5.67500", "2013-12-31": "0.07600", "2012-12-31": "15.36500", "2011-12-31": "4.91100", "2010-12-31": "16.85400", "2009-12-31": "17.15900", "2008-12-31": "59.11000", "2007-12-31": "-9.32300", "2006-12-31": "-13.48300", "2005-12-31": "-26.03800"}, "Investing Activities - Other": {"2019-12-31": "", "2018-12-31": "", "2017-12-31": "", "2016-12-31": "", "2015-12-31": "", "2014-12-31": "", "2013-12-31": "", "2012-12-31": "", "2011-12-31": "83.55300", "2010-12-31": "", "2009-12-31": "", "2008-12-31": "", "2007-12-31": "", "2006-12-31": "", "2005-12-31": ""}, "Cash Flow From Investing Activities": {"2019-12-31": "-483.75300", "2018-12-31": "-448.00100", "2017-12-31": "-72.26700", "2016-12-31": "-23.25900", "2015-12-31": "-215.50200", "2014-12-31": "-605.98700", "2013-12-31": "-18.96600", "2012-12-31": "-640.39800", "2011-12-31": "58.36600", "2010-12-31": "-40.50400", "2009-12-31": "4.53200", "2008-12-31": "52.43000", "2007-12-31": "-40.33100", "2006-12-31": "-28.32900", "2005-12-31": "-38.73200"}, "Net Long-Term Debt": {"2019-12-31": "", "2018-12-31": "", "2017-12-31": "-345.00000", "2016-12-31": "-20.00000", "2015-12-31": "-20.00000", "2014-12-31": "231.87500", "2013-12-31": "-17.50000", "2012-12-31": "170.62500", "2011-12-31": "", "2010-12-31": "", "2009-12-31": "", "2008-12-31": "", "2007-12-31": "", "2006-12-31": "", "2005-12-31": ""}, "Net Current Debt": {"2019-12-31": "", "2018-12-31": "", "2017-12-31": "", "2016-12-31": "", "2015-12-31": "", "2014-12-31": "", "2013-12-31": "", "2012-12-31": "", "2011-12-31": "", "2010-12-31": "", "2009-12-31": "", "2008-12-31": "", "2007-12-31": "", "2006-12-31": "", "2005-12-31": ""}, "Debt Issuance/Retirement Net - Total": {"2019-12-31": "", "2018-12-31": "", "2017-12-31": "-345.00000", "2016-12-31": "-20.00000", "2015-12-31": "-20.00000", "2014-12-31": "231.87500", "2013-12-31": "-17.50000", "2012-12-31": "170.62500", "2011-12-31": "", "2010-12-31": "", "2009-12-31": "", "2008-12-31": "", "2007-12-31": "", "2006-12-31": "", "2005-12-31": ""}, "Net Common Equity Issued/Repurchased": {"2019-12-31": "-2.49700", "2018-12-31": "2.74400", "2017-12-31": "828.89700", "2016-12-31": "-10.56300", "2015-12-31": "-9.03200", "2014-12-31": "484.54500", "2013-12-31": "9.66400", "2012-12-31": "5.66400", "2011-12-31": "252.23900", "2010-12-31": "1.14000", "2009-12-31": "1.76900", "2008-12-31": "6.15800", "2007-12-31": "-0.37500", "2006-12-31": "5.58200", "2005-12-31": "7.41200"}, "Net Total Equity Issued/Repurchased": {"2019-12-31": "-2.49700", "2018-12-31": "2.74400", "2017-12-31": "828.89700", "2016-12-31": "-10.56300", "2015-12-31": "-9.03200", "2014-12-31": "484.54500", "2013-12-31": "9.66400", "2012-12-31": "5.66400", "2011-12-31": "252.23900", "2010-12-31": "1.14000", "2009-12-31": "1.76900", "2008-12-31": "6.15800", "2007-12-31": "-0.37500", "2006-12-31": "5.58200", "2005-12-31": "7.41200"}, "Total Common And Preferred Stock Dividends Paid": {"2019-12-31": "", "2018-12-31": "", "2017-12-31": "", "2016-12-31": "", "2015-12-31": "", "2014-12-31": "", "2013-12-31": "", "2012-12-31": "", "2011-12-31": "", "2010-12-31": "", "2009-12-31": "", "2008-12-31": "", "2007-12-31": "", "2006-12-31": "", "2005-12-31": ""}, "Financial Activities - Other": {"2019-12-31": "-1.65700", "2018-12-31": "", "2017-12-31": "-3.46700", "2016-12-31": "", "2015-12-31": "", "2014-12-31": "17.09300", "2013-12-31": "18.24100", "2012-12-31": "-11.34800", "2011-12-31": "0.44100", "2010-12-31": "0.90200", "2009-12-31": "0.40300", "2008-12-31": "5.31700", "2007-12-31": "8.53600", "2006-12-31": "", "2005-12-31": ""}, "Cash Flow From Financial Activities": {"2019-12-31": "-4.15400", "2018-12-31": "2.74400", "2017-12-31": "480.43000", "2016-12-31": "-30.56300", "2015-12-31": "-29.03200", "2014-12-31": "733.51300", "2013-12-31": "10.40500", "2012-12-31": "164.94100", "2011-12-31": "252.68000", "2010-12-31": "2.04200", "2009-12-31": "2.17200", "2008-12-31": "11.47500", "2007-12-31": "8.16100", "2006-12-31": "5.58200", "2005-12-31": "7.41200"}, "Net Cash Flow": {"2019-12-31": "-29.68500", "2018-12-31": "-111.04700", "2017-12-31": "644.24000", "2016-12-31": "145.40500", "2015-12-31": "-105.19400", "2014-12-31": "271.05900", "2013-12-31": "99.92600", "2012-12-31": "-389.25300", "2011-12-31": "338.87500", "2010-12-31": "0.61900", "2009-12-31": "45.80400", "2008-12-31": "102.19700", "2007-12-31": "19.62600", "2006-12-31": "10.09400", "2005-12-31": "-8.74200"}, "Stock-Based Compensation": {"2019-12-31": "52.25500", "2018-12-31": "41.21400", "2017-12-31": "39.03000", "2016-12-31": "36.34900", "2015-12-31": "34.53700", "2014-12-31": "28.26700", "2013-12-31": "41.54900", "2012-12-31": "12.28200", "2011-12-31": "8.10300", "2010-12-31": "8.30600", "2009-12-31": "6.46000", "2008-12-31": "4.94000", "2007-12-31": "5.44000", "2006-12-31": "4.15500", "2005-12-31": "0.37900"}, "Common Stock Dividends Paid": {"2019-12-31": "", "2018-12-31": "", "2017-12-31": "", "2016-12-31": "", "2015-12-31": "", "2014-12-31": "", "2013-12-31": "", "2012-12-31": "", "2011-12-31": "", "2010-12-31": "", "2009-12-31": "", "2008-12-31": "", "2007-12-31": "", "2006-12-31": "", "2005-12-31": ""}}, "cash flow statement, quarterly": {"Net Income/Loss": {"2020-09-30": 58.186, "2020-06-30": 60.36, "2020-03-31": "72.79300", "2019-12-31": 87.927, "2019-09-30": 78.619, "2019-06-30": 63.248, "2019-03-31": "85.16900", "2018-12-31": 83.509, "2018-09-30": 58.759, "2018-06-30": 43.835, "2018-03-31": "52.23100", "2017-12-31": 44.204, "2017-09-30": 34.177, "2017-06-30": 22.184, "2017-03-31": "22.13000", "2016-12-31": 29.573, "2016-09-30": 23.201, "2016-06-30": 15.576, "2016-03-31": "16.72100", "2015-12-31": 22.99, "2015-09-30": -5.362, "2015-06-30": -14.966, "2015-03-31": "-6.12700", "2014-12-31": 13.923, "2014-09-30": 12.957, "2014-06-30": 8.249, "2014-03-31": "9.74000", "2013-12-31": 12.799, "2013-09-30": 11.052, "2013-06-30": 8.293, "2013-03-31": "-2.41000", "2012-12-31": 4.714, "2012-09-30": 6.779, "2012-06-30": -6.71, "2012-03-31": "5.13200", "2011-12-31": 5.176, "2011-09-30": 2.311, "2011-06-30": 2.637, "2011-03-31": "4.53200", "2010-12-31": 3.767, "2010-09-30": 3.382, "2010-06-30": 3.251, "2010-03-31": "2.88900", "2009-12-31": 3.646, "2009-09-30": 4.325, "2009-06-30": 4.616, "2009-03-31": "6.10600", "2008-12-31": 7.501, "2008-09-30": 6.645, "2008-06-30": 5.435, "2008-03-31": "5.04200", "2007-12-31": 9.712, "2007-09-30": 3.25, "2007-06-30": 1.175, "2007-03-31": "1.81400", "2006-12-31": 3.548, "2006-09-30": 4.698, "2006-06-30": 2.304, "2006-03-31": "1.86000", "2005-12-31": 3.203, "2005-09-30": 1.137, "2005-06-30": 1.143, "2005-03-31": "0.97400"}, "Total Depreciation And Amortization - Cash Flow": {"2020-09-30": 47.605, "2020-06-30": 43.11, "2020-03-31": "39.29500", "2019-12-31": 38.381, "2019-09-30": 32.68, "2019-06-30": 32.116, "2019-03-31": "32.28500", "2018-12-31": 32.033, "2018-09-30": 32.621, "2018-06-30": 33.07, "2018-03-31": "29.20800", "2017-12-31": 15.512, "2017-09-30": 15.789, "2017-06-30": 16.575, "2017-03-31": "18.07000", "2016-12-31": 17.944, "2016-09-30": 18.877, "2016-06-30": 18.239, "2016-03-31": "18.33200", "2015-12-31": 20.35, "2015-09-30": 23.35, "2015-06-30": 19.503, "2015-03-31": "18.64000", "2014-12-31": 20.492, "2014-09-30": 21.116, "2014-06-30": 21.515, "2014-03-31": "10.56100", "2013-12-31": 10.562, "2013-09-30": 10.782, "2013-06-30": 10.815, "2013-03-31": "10.91300", "2012-12-31": 11.307, "2012-09-30": 11.458, "2012-06-30": 8.656, "2012-03-31": "3.32000", "2011-12-31": 3.209, "2011-09-30": 3.003, "2011-06-30": 3.208, "2011-03-31": "3.43200", "2010-12-31": 3.388, "2010-09-30": 3.307, "2010-06-30": 3.306, "2010-03-31": "3.64800", "2009-12-31": 3.934, "2009-09-30": 3.608, "2009-06-30": 3.458, "2009-03-31": "3.67600", "2008-12-31": 3.932, "2008-09-30": 4.253, "2008-06-30": 4.334, "2008-03-31": "4.28200", "2007-12-31": 4.44, "2007-09-30": 4.116, "2007-06-30": 3.981, "2007-03-31": "3.61000", "2006-12-31": 3.183, "2006-09-30": 2.953, "2006-06-30": 2.861, "2006-03-31": "2.81300", "2005-12-31": 2.824, "2005-09-30": 2.759, "2005-06-30": 2.956, "2005-03-31": "3.17500"}, "Other Non-Cash Items": {"2020-09-30": 32.329, "2020-06-30": 24.472, "2020-03-31": "30.99000", "2019-12-31": 18.207, "2019-09-30": 27.812, "2019-06-30": 25.174, "2019-03-31": "23.11300", "2018-12-31": 8.739, "2018-09-30": 13.968, "2018-06-30": 15.094, "2018-03-31": "13.69400", "2017-12-31": 6.452, "2017-09-30": 14.039, "2017-06-30": 11.995, "2017-03-31": "13.24800", "2016-12-31": 20.399, "2016-09-30": 12.745, "2016-06-30": 13.997, "2016-03-31": "12.25500", "2015-12-31": 27.441, "2015-09-30": 12.916, "2015-06-30": -13.344, "2015-03-31": "12.19300", "2014-12-31": 9.02, "2014-09-30": 4.138, "2014-06-30": 1.383, "2014-03-31": "-8.42100", "2013-12-31": -0.591, "2013-09-30": 2.58, "2013-06-30": 6.971, "2013-03-31": "2.68500", "2012-12-31": 5.335, "2012-09-30": 7.537, "2012-06-30": 12.174, "2012-03-31": "2.25900", "2011-12-31": -0.326, "2011-09-30": 0.305, "2011-06-30": -13.046, "2011-03-31": "2.47100", "2010-12-31": 6.874, "2010-09-30": 1.995, "2010-06-30": 0.295, "2010-03-31": "2.05800", "2009-12-31": 0.802, "2009-09-30": 1.524, "2009-06-30": 2.955, "2009-03-31": "3.12300", "2008-12-31": -0.539, "2008-09-30": 4.665, "2008-06-30": -1.697, "2008-03-31": "3.38400", "2007-12-31": 6.544, "2007-09-30": 4.609, "2007-06-30": 2.907, "2007-03-31": "3.53000", "2006-12-31": 3.828, "2006-09-30": 7.199, "2006-06-30": 1.306, "2006-03-31": "1.29300", "2005-12-31": -1.522, "2005-09-30": 2.548, "2005-06-30": 0.172, "2005-03-31": "0.16000"}, "Total Non-Cash Items": {"2020-09-30": 79.934, "2020-06-30": 67.582, "2020-03-31": "70.28500", "2019-12-31": 56.588, "2019-09-30": 60.492, "2019-06-30": 57.29, "2019-03-31": "55.39800", "2018-12-31": 40.772, "2018-09-30": 46.589, "2018-06-30": 48.164, "2018-03-31": "42.90200", "2017-12-31": 21.964, "2017-09-30": 29.828, "2017-06-30": 28.57, "2017-03-31": "31.31800", "2016-12-31": 38.343, "2016-09-30": 31.622, "2016-06-30": 32.236, "2016-03-31": "30.58700", "2015-12-31": 47.791, "2015-09-30": 36.266, "2015-06-30": 6.159, "2015-03-31": "30.83300", "2014-12-31": 29.512, "2014-09-30": 25.254, "2014-06-30": 22.898, "2014-03-31": "2.14000", "2013-12-31": 9.971, "2013-09-30": 13.362, "2013-06-30": 17.786, "2013-03-31": "13.59800", "2012-12-31": 16.642, "2012-09-30": 18.995, "2012-06-30": 20.83, "2012-03-31": "5.57900", "2011-12-31": 2.883, "2011-09-30": 3.308, "2011-06-30": -9.838, "2011-03-31": "5.90300", "2010-12-31": 10.262, "2010-09-30": 5.302, "2010-06-30": 3.601, "2010-03-31": "5.70600", "2009-12-31": 4.736, "2009-09-30": 5.132, "2009-06-30": 6.413, "2009-03-31": "6.79900", "2008-12-31": 3.393, "2008-09-30": 8.918, "2008-06-30": 2.637, "2008-03-31": "7.66600", "2007-12-31": 10.984, "2007-09-30": 8.725, "2007-06-30": 6.888, "2007-03-31": "7.14000", "2006-12-31": 7.011, "2006-09-30": 10.152, "2006-06-30": 4.167, "2006-03-31": "4.10600", "2005-12-31": 1.302, "2005-09-30": 5.307, "2005-06-30": 3.128, "2005-03-31": "3.33500"}, "Change In Accounts Receivable": {"2020-09-30": 3.233, "2020-06-30": -10.751, "2020-03-31": "-26.61300", "2019-12-31": 3.783, "2019-09-30": 2.101, "2019-06-30": -5.063, "2019-03-31": "-5.83500", "2018-12-31": -8.781, "2018-09-30": -13.949, "2018-06-30": -2.578, "2018-03-31": "-2.51100", "2017-12-31": -1.715, "2017-09-30": -10.632, "2017-06-30": -2.417, "2017-03-31": "-2.76000", "2016-12-31": -2.236, "2016-09-30": -2.94, "2016-06-30": -1.573, "2016-03-31": "-9.29500", "2015-12-31": 9.28, "2015-09-30": 1.371, "2015-06-30": -6.01, "2015-03-31": "-8.64000", "2014-12-31": -0.778, "2014-09-30": -1.217, "2014-06-30": 2.141, "2014-03-31": "-12.49900", "2013-12-31": 1.698, "2013-09-30": 1.18, "2013-06-30": -1.105, "2013-03-31": "-8.38000", "2012-12-31": 4.907, "2012-09-30": -2.283, "2012-06-30": -1.242, "2012-03-31": "-0.08700", "2011-12-31": 2.291, "2011-09-30": -5.78, "2011-06-30": 2.565, "2011-03-31": "-3.64900", "2010-12-31": 0.353, "2010-09-30": -3.266, "2010-06-30": 1.77, "2010-03-31": "-0.63300", "2009-12-31": 0.666, "2009-09-30": 0.093, "2009-06-30": 1.115, "2009-03-31": "-3.48400", "2008-12-31": -1.978, "2008-09-30": -0.616, "2008-06-30": -1.825, "2008-03-31": "-1.77700", "2007-12-31": -2.944, "2007-09-30": 0, "2007-06-30": 0, "2007-03-31": "", "2006-12-31": -5.08, "2006-09-30": 0, "2006-06-30": 0, "2006-03-31": "", "2005-12-31": -2.652, "2005-09-30": 0, "2005-06-30": 0, "2005-03-31": ""}, "Change In Inventories": {"2020-09-30": 0, "2020-06-30": 0, "2020-03-31": "", "2019-12-31": 0, "2019-09-30": 0, "2019-06-30": 0, "2019-03-31": "", "2018-12-31": 0, "2018-09-30": 0, "2018-06-30": 0, "2018-03-31": "", "2017-12-31": 0, "2017-09-30": 0, "2017-06-30": 0, "2017-03-31": "", "2016-12-31": 0, "2016-09-30": 0, "2016-06-30": 0, "2016-03-31": "", "2015-12-31": 0, "2015-09-30": 0, "2015-06-30": 0, "2015-03-31": "", "2014-12-31": 0, "2014-09-30": 0, "2014-06-30": 0, "2014-03-31": "", "2013-12-31": 0, "2013-09-30": 0, "2013-06-30": 0, "2013-03-31": "", "2012-12-31": 0, "2012-09-30": 0, "2012-06-30": 0, "2012-03-31": "", "2011-12-31": 0, "2011-09-30": 0, "2011-06-30": 0, "2011-03-31": "", "2010-12-31": 0, "2010-09-30": 0, "2010-06-30": 0, "2010-03-31": "", "2009-12-31": 0, "2009-09-30": 0, "2009-06-30": 0, "2009-03-31": "", "2008-12-31": 0, "2008-09-30": 0, "2008-06-30": 0, "2008-03-31": "", "2007-12-31": 0, "2007-09-30": 0, "2007-06-30": 0, "2007-03-31": "", "2006-12-31": 0, "2006-09-30": 0, "2006-06-30": 0, "2006-03-31": "", "2005-12-31": 0, "2005-09-30": 0, "2005-06-30": 0, "2005-03-31": ""}, "Change In Accounts Payable": {"2020-09-30": 0, "2020-06-30": 0, "2020-03-31": "", "2019-12-31": 0, "2019-09-30": 0, "2019-06-30": 0, "2019-03-31": "", "2018-12-31": 0, "2018-09-30": 0, "2018-06-30": 0, "2018-03-31": "", "2017-12-31": 0, "2017-09-30": 0, "2017-06-30": 0, "2017-03-31": "", "2016-12-31": 0, "2016-09-30": 0, "2016-06-30": 0, "2016-03-31": "", "2015-12-31": 0, "2015-09-30": 0, "2015-06-30": 0, "2015-03-31": "", "2014-12-31": 0, "2014-09-30": 0, "2014-06-30": 0, "2014-03-31": "", "2013-12-31": 0, "2013-09-30": 0, "2013-06-30": 0, "2013-03-31": "", "2012-12-31": 0, "2012-09-30": 0, "2012-06-30": 0, "2012-03-31": "", "2011-12-31": 0, "2011-09-30": 0, "2011-06-30": 0, "2011-03-31": "", "2010-12-31": 0, "2010-09-30": 0, "2010-06-30": 0, "2010-03-31": "", "2009-12-31": 0, "2009-09-30": 0, "2009-06-30": 0, "2009-03-31": "", "2008-12-31": 0, "2008-09-30": 0, "2008-06-30": 0, "2008-03-31": "", "2007-12-31": 0, "2007-09-30": 0, "2007-06-30": 0, "2007-03-31": "", "2006-12-31": 0, "2006-09-30": 0, "2006-06-30": 0, "2006-03-31": "", "2005-12-31": 0, "2005-09-30": 0, "2005-06-30": 0, "2005-03-31": ""}, "Change In Assets/Liabilities": {"2020-09-30": -22.031, "2020-06-30": -32.942, "2020-03-31": "-2.18900", "2019-12-31": -42.261, "2019-09-30": -23.096, "2019-06-30": -24.137, "2019-03-31": "-9.61700", "2018-12-31": -7.742, "2018-09-30": 6.792, "2018-06-30": -22.182, "2018-03-31": "-23.92500", "2017-12-31": 3.35, "2017-09-30": 3.288, "2017-06-30": -6.548, "2017-03-31": "2.28100", "2016-12-31": -1.93, "2016-09-30": 1.975, "2016-06-30": -4.445, "2016-03-31": "1.93100", "2015-12-31": -1.237, "2015-09-30": 6.212, "2015-06-30": -0.977, "2015-03-31": "0.87200", "2014-12-31": -0.692, "2014-09-30": 2.074, "2014-06-30": -0.468, "2014-03-31": "0.05500", "2013-12-31": 3.002, "2013-09-30": -0.878, "2013-06-30": -1.396, "2013-03-31": "4.31300", "2012-12-31": -1.7, "2012-09-30": 3.769, "2012-06-30": 0.734, "2012-03-31": "0.84000", "2011-12-31": 3.754, "2011-09-30": 0.489, "2011-06-30": -2.856, "2011-03-31": "3.83900", "2010-12-31": 0.665, "2010-09-30": -0.929, "2010-06-30": 1.313, "2010-03-31": "0.08400", "2009-12-31": -1.451, "2009-09-30": -0.778, "2009-06-30": -1.351, "2009-03-31": "0.33100", "2008-12-31": 1.73, "2008-09-30": -2.317, "2008-06-30": 1.028, "2008-03-31": "2.47000", "2007-12-31": -0.959, "2007-09-30": -0.801, "2007-06-30": -2.422, "2007-03-31": "2.18900", "2006-12-31": 1.997, "2006-09-30": -3.475, "2006-06-30": 0.887, "2006-03-31": "-0.27600", "2005-12-31": 0.97, "2005-09-30": 3.812, "2005-06-30": -2.05, "2005-03-31": "-2.61800"}, "Total Change In Assets/Liabilities": {"2020-09-30": -31.416, "2020-06-30": -10.76, "2020-03-31": "-11.61400", "2019-12-31": -36.752, "2019-09-30": -22.661, "2019-06-30": -35.465, "2019-03-31": "7.92700", "2018-12-31": -9.507, "2018-09-30": -3.981, "2018-06-30": -45.667, "2018-03-31": "-22.14800", "2017-12-31": 5.228, "2017-09-30": 3.939, "2017-06-30": -19.948, "2017-03-31": "11.10900", "2016-12-31": -15.734, "2016-09-30": 6.943, "2016-06-30": -9.474, "2016-03-31": "1.04800", "2015-12-31": -0.724, "2015-09-30": 11.856, "2015-06-30": 5.594, "2015-03-31": "5.46300", "2014-12-31": 4.438, "2014-09-30": 14.491, "2014-06-30": 18.742, "2014-03-31": "-18.43500", "2013-12-31": 12.7, "2013-09-30": 6.847, "2013-06-30": 4.78, "2013-03-31": "-0.48000", "2012-12-31": 8.212, "2012-09-30": 0.206, "2012-06-30": 10.077, "2012-03-31": "-4.33000", "2011-12-31": 0.019, "2011-09-30": -1.196, "2011-06-30": 14.799, "2011-03-31": "-2.74900", "2010-12-31": -1.855, "2010-09-30": -2.288, "2010-06-30": 7.207, "2010-03-31": "-1.95500", "2009-12-31": -1.751, "2009-09-30": 3.48, "2009-06-30": -1.473, "2009-03-31": "-3.58400", "2008-12-31": -0.367, "2008-09-30": -1.018, "2008-06-30": -0.318, "2008-03-31": "-4.62600", "2007-12-31": 3.078, "2007-09-30": -0.801, "2007-06-30": -2.422, "2007-03-31": "2.18900", "2006-12-31": -2.395, "2006-09-30": -6.228, "2006-06-30": 2.532, "2006-03-31": "0.83200", "2005-12-31": 4.246, "2005-09-30": 2.375, "2005-06-30": -1.257, "2005-03-31": "-1.97400"}, "Cash Flow From Operating Activities": {"2020-09-30": 106.692, "2020-06-30": 117.182, "2020-03-31": "131.46400", "2019-12-31": 107.763, "2019-09-30": 116.45, "2019-06-30": 85.073, "2019-03-31": "148.49400", "2018-12-31": 114.774, "2018-09-30": 101.367, "2018-06-30": 46.332, "2018-03-31": "72.98500", "2017-12-31": 71.396, "2017-09-30": 67.944, "2017-06-30": 30.806, "2017-03-31": "64.55700", "2016-12-31": 52.182, "2016-09-30": 61.766, "2016-06-30": 38.338, "2016-03-31": "48.35600", "2015-12-31": 70.057, "2015-09-30": 42.76, "2015-06-30": -3.213, "2015-03-31": "30.16900", "2014-12-31": 47.873, "2014-09-30": 52.702, "2014-06-30": 49.889, "2014-03-31": "-6.55500", "2013-12-31": 35.47, "2013-09-30": 31.261, "2013-06-30": 30.859, "2013-03-31": "10.70800", "2012-12-31": 29.568, "2012-09-30": 25.98, "2012-06-30": 24.197, "2012-03-31": "6.38100", "2011-12-31": 8.078, "2011-09-30": 4.423, "2011-06-30": 7.598, "2011-03-31": "7.68600", "2010-12-31": 12.174, "2010-09-30": 6.396, "2010-06-30": 14.059, "2010-03-31": "6.64000", "2009-12-31": 6.631, "2009-09-30": 12.937, "2009-06-30": 9.556, "2009-03-31": "9.32100", "2008-12-31": 10.527, "2008-09-30": 14.545, "2008-06-30": 7.754, "2008-03-31": "8.08200", "2007-12-31": 23.774, "2007-09-30": 11.174, "2007-06-30": 5.641, "2007-03-31": "11.14300", "2006-12-31": 8.164, "2006-09-30": 8.622, "2006-06-30": 9.003, "2006-03-31": "6.79800", "2005-12-31": 8.751, "2005-09-30": 8.819, "2005-06-30": 3.014, "2005-03-31": "2.33500"}, "Net Change In Property, Plant, And Equipment": {"2020-09-30": -29.355, "2020-06-30": -5.649, "2020-03-31": "-7.13300", "2019-12-31": -2.035, "2019-09-30": -29.775, "2019-06-30": -4.958, "2019-03-31": "-9.42900", "2018-12-31": -7.831, "2018-09-30": -5.95, "2018-06-30": -7.234, "2018-03-31": "-8.61700", "2017-12-31": -4.745, "2017-09-30": -7.08, "2017-06-30": -6.528, "2017-03-31": "-6.14600", "2016-12-31": -7.074, "2016-09-30": -4.298, "2016-06-30": -3.6, "2016-03-31": "-3.79400", "2015-12-31": -7.108, "2015-09-30": -10.023, "2015-06-30": -6.186, "2015-03-31": "-11.74400", "2014-12-31": -6.579, "2014-09-30": -9.428, "2014-06-30": -7.288, "2014-03-31": "-4.14900", "2013-12-31": -3.711, "2013-09-30": -6.419, "2013-06-30": -4.269, "2013-03-31": "-4.64300", "2012-12-31": -5.832, "2012-09-30": -2.885, "2012-06-30": -3.105, "2012-03-31": "-3.01200", "2011-12-31": -2.841, "2011-09-30": -2.285, "2011-06-30": -4.115, "2011-03-31": "-5.77200", "2010-12-31": -4.246, "2010-09-30": -6.546, "2010-06-30": -2.62, "2010-03-31": "-43.94600", "2009-12-31": -3.585, "2009-09-30": -2.753, "2009-06-30": -2.045, "2009-03-31": "-1.03700", "2008-12-31": -0.424, "2008-09-30": -0.81, "2008-06-30": -1.233, "2008-03-31": "-1.18900", "2007-12-31": -5.852, "2007-09-30": -3.492, "2007-06-30": -2.346, "2007-03-31": "-2.58100", "2006-12-31": -4, "2006-09-30": -5.01, "2006-06-30": -2.724, "2006-03-31": "-1.22500", "2005-12-31": -0.996, "2005-09-30": -1.739, "2005-06-30": -3.216, "2005-03-31": "-2.44200"}, "Net Change In Intangible Assets": {"2020-09-30": 0, "2020-06-30": 0, "2020-03-31": "", "2019-12-31": 0, "2019-09-30": 0, "2019-06-30": 0, "2019-03-31": "", "2018-12-31": 0, "2018-09-30": 0, "2018-06-30": 0, "2018-03-31": "", "2017-12-31": 0, "2017-09-30": 0, "2017-06-30": 0, "2017-03-31": "", "2016-12-31": 0, "2016-09-30": 0, "2016-06-30": 0, "2016-03-31": "", "2015-12-31": 0, "2015-09-30": 0, "2015-06-30": 0, "2015-03-31": "", "2014-12-31": 0, "2014-09-30": 0, "2014-06-30": 0, "2014-03-31": "", "2013-12-31": 0, "2013-09-30": 0, "2013-06-30": 0, "2013-03-31": "", "2012-12-31": 0, "2012-09-30": 0, "2012-06-30": 0, "2012-03-31": "", "2011-12-31": 0, "2011-09-30": 0, "2011-06-30": 0, "2011-03-31": "", "2010-12-31": 0, "2010-09-30": 0, "2010-06-30": 0, "2010-03-31": "", "2009-12-31": 0, "2009-09-30": 0, "2009-06-30": 0, "2009-03-31": "", "2008-12-31": 0, "2008-09-30": 0, "2008-06-30": 0, "2008-03-31": "", "2007-12-31": 0, "2007-09-30": 0, "2007-06-30": 0, "2007-03-31": "", "2006-12-31": 0, "2006-09-30": 0, "2006-06-30": 0, "2006-03-31": "", "2005-12-31": 0, "2005-09-30": 0, "2005-06-30": 0, "2005-03-31": ""}, "Net Acquisitions/Divestitures": {"2020-09-30": -7.5, "2020-06-30": -184.07, "2020-03-31": "-0.43200", "2019-12-31": -423.835, "2019-09-30": 0, "2019-06-30": -13.721, "2019-03-31": "", "2018-12-31": -78.295, "2018-09-30": 0, "2018-06-30": 0, "2018-03-31": "-340.07400", "2017-12-31": -0.001, "2017-09-30": -2.699, "2017-06-30": -31.395, "2017-03-31": "-13.67300", "2016-12-31": 0, "2016-09-30": 0.352, "2016-06-30": -10.305, "2016-03-31": "-0.49000", "2015-12-31": -4.865, "2015-09-30": -4.809, "2015-06-30": -172.667, "2015-03-31": "", "2014-12-31": 0, "2014-09-30": 0, "2014-06-30": -584.218, "2014-03-31": "", "2013-12-31": 0, "2013-09-30": 0, "2013-06-30": 0, "2013-03-31": "", "2012-12-31": 0, "2012-09-30": 0, "2012-06-30": -640.929, "2012-03-31": "", "2011-12-31": -15.085, "2011-09-30": 0, "2011-06-30": 0, "2011-03-31": "", "2010-12-31": 0, "2010-09-30": 0, "2010-06-30": 0, "2010-03-31": "", "2009-12-31": -2.815, "2009-09-30": -0.392, "2009-06-30": 0, "2009-03-31": "", "2008-12-31": 0, "2008-09-30": 0, "2008-06-30": -3.024, "2008-03-31": "", "2007-12-31": 0, "2007-09-30": 0, "2007-06-30": 0, "2007-03-31": "-16.73700", "2006-12-31": -1.887, "2006-09-30": 0, "2006-06-30": 0, "2006-03-31": "", "2005-12-31": 0.111, "2005-09-30": 0, "2005-06-30": -0.25, "2005-03-31": "-4.16200"}, "Net Change In Short-term Investments": {"2020-09-30": 0, "2020-06-30": 0, "2020-03-31": "", "2019-12-31": 0, "2019-09-30": 0, "2019-06-30": 0, "2019-03-31": "", "2018-12-31": 0, "2018-09-30": 0, "2018-06-30": 0, "2018-03-31": "", "2017-12-31": 0, "2017-09-30": 0, "2017-06-30": 0, "2017-03-31": "", "2016-12-31": 1.25, "2016-09-30": 0, "2016-06-30": 0, "2016-03-31": "4.70000", "2015-12-31": 0, "2015-09-30": 0.55, "2015-06-30": 0.7, "2015-03-31": "0.65000", "2014-12-31": 4.525, "2014-09-30": 0.6, "2014-06-30": 0.55, "2014-03-31": "0.00000", "2013-12-31": -0.011, "2013-09-30": 0.009, "2013-06-30": -0.005, "2013-03-31": "0.08300", "2012-12-31": 0.745, "2012-09-30": 14.62, "2012-06-30": -1.245, "2012-03-31": "1.24500", "2011-12-31": 4.096, "2011-09-30": 0.815, "2011-06-30": -0.033, "2011-03-31": "0.03300", "2010-12-31": 3.632, "2010-09-30": 13.222, "2010-06-30": 0, "2010-03-31": "", "2009-12-31": 3.108, "2009-09-30": 7.316, "2009-06-30": 4.106, "2009-03-31": "2.62900", "2008-12-31": -51.924, "2008-09-30": 20.271, "2008-06-30": 1.971, "2008-03-31": "29.68200", "2007-12-31": 0.954, "2007-09-30": -2.802, "2007-06-30": -10.995, "2007-03-31": "12.84300", "2006-12-31": 2.379, "2006-09-30": -8.782, "2006-06-30": -15.891, "2006-03-31": "8.81100", "2005-12-31": -9.352, "2005-09-30": -14.533, "2005-06-30": 4.031, "2005-03-31": "-6.18400"}, "Net Change In Long-Term Investments": {"2020-09-30": 0, "2020-06-30": 0, "2020-03-31": "10.25900", "2019-12-31": 0, "2019-09-30": 0, "2019-06-30": 0, "2019-03-31": "", "2018-12-31": 0, "2018-09-30": 0, "2018-06-30": 0, "2018-03-31": "", "2017-12-31": 0, "2017-09-30": 0, "2017-06-30": 0, "2017-03-31": "", "2016-12-31": 0, "2016-09-30": 0, "2016-06-30": 0, "2016-03-31": "", "2015-12-31": 0, "2015-09-30": 0, "2015-06-30": 0, "2015-03-31": "", "2014-12-31": 0, "2014-09-30": 0, "2014-06-30": 0, "2014-03-31": "", "2013-12-31": 0, "2013-09-30": 0, "2013-06-30": 0, "2013-03-31": "", "2012-12-31": 0, "2012-09-30": 0, "2012-06-30": 0, "2012-03-31": "", "2011-12-31": 0, "2011-09-30": -0.233, "2011-06-30": 0.233, "2011-03-31": "", "2010-12-31": 0, "2010-09-30": -8.141, "2010-06-30": 6.465, "2010-03-31": "1.67600", "2009-12-31": 0, "2009-09-30": 0, "2009-06-30": 0, "2009-03-31": "", "2008-12-31": 59.11, "2008-09-30": 0, "2008-06-30": 0, "2008-03-31": "", "2007-12-31": -9.323, "2007-09-30": 0, "2007-06-30": 0, "2007-03-31": "", "2006-12-31": 0, "2006-09-30": 0, "2006-06-30": 0, "2006-03-31": "", "2005-12-31": 0, "2005-09-30": 0, "2005-06-30": 0, "2005-03-31": ""}, "Net Change In Investments - Total": {"2020-09-30": 0, "2020-06-30": 0, "2020-03-31": "10.25900", "2019-12-31": 0, "2019-09-30": 0, "2019-06-30": 0, "2019-03-31": "", "2018-12-31": 0, "2018-09-30": 0, "2018-06-30": 0, "2018-03-31": "", "2017-12-31": 0, "2017-09-30": 0, "2017-06-30": 0, "2017-03-31": "", "2016-12-31": 1.25, "2016-09-30": 0, "2016-06-30": 0, "2016-03-31": "4.70000", "2015-12-31": 0, "2015-09-30": 0.55, "2015-06-30": 0.7, "2015-03-31": "0.65000", "2014-12-31": 4.525, "2014-09-30": 0.6, "2014-06-30": 0.55, "2014-03-31": "", "2013-12-31": -0.011, "2013-09-30": 0.009, "2013-06-30": -0.005, "2013-03-31": "0.08300", "2012-12-31": 0.745, "2012-09-30": 14.62, "2012-06-30": -1.245, "2012-03-31": "1.24500", "2011-12-31": 4.096, "2011-09-30": 0.582, "2011-06-30": 0.2, "2011-03-31": "0.03300", "2010-12-31": 3.632, "2010-09-30": 5.081, "2010-06-30": 6.465, "2010-03-31": "1.67600", "2009-12-31": 3.108, "2009-09-30": 7.316, "2009-06-30": 4.106, "2009-03-31": "2.62900", "2008-12-31": 7.186, "2008-09-30": 20.271, "2008-06-30": 1.971, "2008-03-31": "29.68200", "2007-12-31": -8.369, "2007-09-30": -2.802, "2007-06-30": -10.995, "2007-03-31": "12.84300", "2006-12-31": 2.379, "2006-09-30": -8.782, "2006-06-30": -15.891, "2006-03-31": "8.81100", "2005-12-31": -9.352, "2005-09-30": -14.533, "2005-06-30": 4.031, "2005-03-31": "-6.18400"}, "Investing Activities - Other": {"2020-09-30": 0, "2020-06-30": 0, "2020-03-31": "", "2019-12-31": 0, "2019-09-30": 0, "2019-06-30": 0, "2019-03-31": "", "2018-12-31": 0, "2018-09-30": 0, "2018-06-30": 0, "2018-03-31": "", "2017-12-31": 0, "2017-09-30": 0, "2017-06-30": 0, "2017-03-31": "", "2016-12-31": 0, "2016-09-30": 0, "2016-06-30": 0, "2016-03-31": "", "2015-12-31": 0, "2015-09-30": 0, "2015-06-30": 0, "2015-03-31": "", "2014-12-31": 0, "2014-09-30": 0, "2014-06-30": 0, "2014-03-31": "", "2013-12-31": 0, "2013-09-30": 0, "2013-06-30": 0, "2013-03-31": "", "2012-12-31": 0, "2012-09-30": -10.468, "2012-06-30": 10.468, "2012-03-31": "", "2011-12-31": 0, "2011-09-30": 0, "2011-06-30": 0, "2011-03-31": "83.55300", "2010-12-31": 0, "2010-09-30": 0, "2010-06-30": 0, "2010-03-31": "", "2009-12-31": 0, "2009-09-30": 0, "2009-06-30": 0, "2009-03-31": "", "2008-12-31": 0, "2008-09-30": 0, "2008-06-30": 0, "2008-03-31": "", "2007-12-31": 0, "2007-09-30": 0, "2007-06-30": 0, "2007-03-31": "", "2006-12-31": 0, "2006-09-30": 0, "2006-06-30": 0, "2006-03-31": "", "2005-12-31": 0, "2005-09-30": 0, "2005-06-30": 0, "2005-03-31": ""}, "Cash Flow From Investing Activities": {"2020-09-30": -36.855, "2020-06-30": -189.719, "2020-03-31": "2.69400", "2019-12-31": -425.87, "2019-09-30": -29.775, "2019-06-30": -18.679, "2019-03-31": "-9.42900", "2018-12-31": -86.126, "2018-09-30": -5.95, "2018-06-30": -7.234, "2018-03-31": "-348.69100", "2017-12-31": -4.746, "2017-09-30": -9.779, "2017-06-30": -37.923, "2017-03-31": "-19.81900", "2016-12-31": -5.824, "2016-09-30": -3.946, "2016-06-30": -13.905, "2016-03-31": "0.41600", "2015-12-31": -11.973, "2015-09-30": -14.282, "2015-06-30": -178.153, "2015-03-31": "-11.09400", "2014-12-31": -2.054, "2014-09-30": -8.828, "2014-06-30": -590.956, "2014-03-31": "-4.14900", "2013-12-31": -3.722, "2013-09-30": -6.41, "2013-06-30": -4.274, "2013-03-31": "-4.56000", "2012-12-31": -5.087, "2012-09-30": 1.267, "2012-06-30": -634.811, "2012-03-31": "-1.76700", "2011-12-31": -13.83, "2011-09-30": -1.703, "2011-06-30": -3.915, "2011-03-31": "77.81400", "2010-12-31": -0.614, "2010-09-30": -1.465, "2010-06-30": 3.845, "2010-03-31": "-42.27000", "2009-12-31": -3.292, "2009-09-30": 4.171, "2009-06-30": 2.061, "2009-03-31": "1.59200", "2008-12-31": 6.762, "2008-09-30": 19.461, "2008-06-30": -2.286, "2008-03-31": "28.49300", "2007-12-31": -14.221, "2007-09-30": -6.294, "2007-06-30": -13.341, "2007-03-31": "-6.47500", "2006-12-31": -3.508, "2006-09-30": -13.792, "2006-06-30": -18.615, "2006-03-31": "7.58600", "2005-12-31": -10.237, "2005-09-30": -16.272, "2005-06-30": 0.565, "2005-03-31": "-12.78800"}, "Net Long-Term Debt": {"2020-09-30": 254.21, "2020-06-30": 0, "2020-03-31": "745.00000", "2019-12-31": 0, "2019-09-30": 0, "2019-06-30": 0, "2019-03-31": "", "2018-12-31": 0, "2018-09-30": 0, "2018-06-30": 0, "2018-03-31": "", "2017-12-31": -310, "2017-09-30": 0, "2017-06-30": 0, "2017-03-31": "-35.00000", "2016-12-31": 0, "2016-09-30": 0, "2016-06-30": -15, "2016-03-31": "-5.00000", "2015-12-31": -5, "2015-09-30": -5, "2015-06-30": -5, "2015-03-31": "-5.00000", "2014-12-31": -5, "2014-09-30": -5, "2014-06-30": 246.25, "2014-03-31": "-4.37500", "2013-12-31": -4.375, "2013-09-30": -4.375, "2013-06-30": -4.375, "2013-03-31": "-4.37500", "2012-12-31": 0, "2012-09-30": -2.188, "2012-06-30": 172.813, "2012-03-31": "", "2011-12-31": 0, "2011-09-30": 0, "2011-06-30": 0, "2011-03-31": "", "2010-12-31": 0, "2010-09-30": 0, "2010-06-30": 0, "2010-03-31": "", "2009-12-31": 0, "2009-09-30": 0, "2009-06-30": 0, "2009-03-31": "", "2008-12-31": 0, "2008-09-30": 0, "2008-06-30": 0, "2008-03-31": "", "2007-12-31": 0, "2007-09-30": 0, "2007-06-30": 0, "2007-03-31": "", "2006-12-31": 0, "2006-09-30": 0, "2006-06-30": 0, "2006-03-31": "", "2005-12-31": 0, "2005-09-30": 0, "2005-06-30": 0, "2005-03-31": ""}, "Net Current Debt": {"2020-09-30": 0, "2020-06-30": 0, "2020-03-31": "", "2019-12-31": 0, "2019-09-30": 0, "2019-06-30": 0, "2019-03-31": "", "2018-12-31": 0, "2018-09-30": 0, "2018-06-30": 0, "2018-03-31": "", "2017-12-31": 0, "2017-09-30": 0, "2017-06-30": 0, "2017-03-31": "", "2016-12-31": 0, "2016-09-30": 0, "2016-06-30": 0, "2016-03-31": "", "2015-12-31": 0, "2015-09-30": 0, "2015-06-30": 0, "2015-03-31": "", "2014-12-31": 0, "2014-09-30": 0, "2014-06-30": 0, "2014-03-31": "", "2013-12-31": 0, "2013-09-30": 0, "2013-06-30": 0, "2013-03-31": "", "2012-12-31": 0, "2012-09-30": 0, "2012-06-30": 0, "2012-03-31": "", "2011-12-31": 0, "2011-09-30": 0, "2011-06-30": 0, "2011-03-31": "", "2010-12-31": 0, "2010-09-30": 0, "2010-06-30": 0, "2010-03-31": "", "2009-12-31": 0, "2009-09-30": 0, "2009-06-30": 0, "2009-03-31": "", "2008-12-31": 0, "2008-09-30": 0, "2008-06-30": 0, "2008-03-31": "", "2007-12-31": 0, "2007-09-30": 0, "2007-06-30": 0, "2007-03-31": "", "2006-12-31": 0, "2006-09-30": 0, "2006-06-30": 0, "2006-03-31": "", "2005-12-31": 0, "2005-09-30": 0, "2005-06-30": 0, "2005-03-31": ""}, "Debt Issuance/Retirement Net - Total": {"2020-09-30": 254.21, "2020-06-30": 0, "2020-03-31": "745.00000", "2019-12-31": 0, "2019-09-30": 0, "2019-06-30": 0, "2019-03-31": "", "2018-12-31": 0, "2018-09-30": 0, "2018-06-30": 0, "2018-03-31": "", "2017-12-31": -310, "2017-09-30": 0, "2017-06-30": 0, "2017-03-31": "-35.00000", "2016-12-31": 0, "2016-09-30": 0, "2016-06-30": -15, "2016-03-31": "-5.00000", "2015-12-31": -5, "2015-09-30": -5, "2015-06-30": -5, "2015-03-31": "-5.00000", "2014-12-31": -5, "2014-09-30": -5, "2014-06-30": 246.25, "2014-03-31": "-4.37500", "2013-12-31": -4.375, "2013-09-30": -4.375, "2013-06-30": -4.375, "2013-03-31": "-4.37500", "2012-12-31": 0, "2012-09-30": -2.188, "2012-06-30": 172.813, "2012-03-31": "", "2011-12-31": 0, "2011-09-30": 0, "2011-06-30": 0, "2011-03-31": "", "2010-12-31": 0, "2010-09-30": 0, "2010-06-30": 0, "2010-03-31": "", "2009-12-31": 0, "2009-09-30": 0, "2009-06-30": 0, "2009-03-31": "", "2008-12-31": 0, "2008-09-30": 0, "2008-06-30": 0, "2008-03-31": "", "2007-12-31": 0, "2007-09-30": 0, "2007-06-30": 0, "2007-03-31": "", "2006-12-31": 0, "2006-09-30": 0, "2006-06-30": 0, "2006-03-31": "", "2005-12-31": 0, "2005-09-30": 0, "2005-06-30": 0, "2005-03-31": ""}, "Net Common Equity Issued/Repurchased": {"2020-09-30": 11.258, "2020-06-30": 2.709, "2020-03-31": "-19.84900", "2019-12-31": -0.427, "2019-09-30": 5.46, "2019-06-30": -0.912, "2019-03-31": "-6.61800", "2018-12-31": 0.642, "2018-09-30": 10.282, "2018-06-30": -3.404, "2018-03-31": "-4.77600", "2017-12-31": 834.148, "2017-09-30": 0.522, "2017-06-30": -1.226, "2017-03-31": "-4.54700", "2016-12-31": -0.781, "2016-09-30": 0.348, "2016-06-30": -6.475, "2016-03-31": "-3.65500", "2015-12-31": 1.434, "2015-09-30": 0.203, "2015-06-30": -9.521, "2015-03-31": "-1.14800", "2014-12-31": 0.026, "2014-09-30": 1.367, "2014-06-30": 522.706, "2014-03-31": "-39.55400", "2013-12-31": 1.381, "2013-09-30": 6.578, "2013-06-30": -1.958, "2013-03-31": "3.66300", "2012-12-31": 1.814, "2012-09-30": 1.058, "2012-06-30": 3.946, "2012-03-31": "-1.15400", "2011-12-31": 1.305, "2011-09-30": 0.247, "2011-06-30": 251.007, "2011-03-31": "-0.32000", "2010-12-31": -0.682, "2010-09-30": 1.64, "2010-06-30": 0.238, "2010-03-31": "-0.05600", "2009-12-31": 1.263, "2009-09-30": 0.575, "2009-06-30": 0.065, "2009-03-31": "-0.13400", "2008-12-31": -0.069, "2008-09-30": 3.456, "2008-06-30": 2.359, "2008-03-31": "0.41200", "2007-12-31": -3.321, "2007-09-30": 1.734, "2007-06-30": 0.85, "2007-03-31": "0.36200", "2006-12-31": 0.608, "2006-09-30": 0.633, "2006-06-30": 1.712, "2006-03-31": "2.62900", "2005-12-31": 1.568, "2005-09-30": 4.665, "2005-06-30": 0.975, "2005-03-31": "0.20400"}, "Net Total Equity Issued/Repurchased": {"2020-09-30": 11.258, "2020-06-30": 2.709, "2020-03-31": "-19.84900", "2019-12-31": -0.427, "2019-09-30": 5.46, "2019-06-30": -0.912, "2019-03-31": "-6.61800", "2018-12-31": 0.642, "2018-09-30": 10.282, "2018-06-30": -3.404, "2018-03-31": "-4.77600", "2017-12-31": 834.148, "2017-09-30": 0.522, "2017-06-30": -1.226, "2017-03-31": "-4.54700", "2016-12-31": -0.781, "2016-09-30": 0.348, "2016-06-30": -6.475, "2016-03-31": "-3.65500", "2015-12-31": 1.434, "2015-09-30": 0.203, "2015-06-30": -9.521, "2015-03-31": "-1.14800", "2014-12-31": 0.026, "2014-09-30": 1.367, "2014-06-30": 522.706, "2014-03-31": "-39.55400", "2013-12-31": 1.381, "2013-09-30": 6.578, "2013-06-30": -1.958, "2013-03-31": "3.66300", "2012-12-31": 1.814, "2012-09-30": 1.058, "2012-06-30": 3.946, "2012-03-31": "-1.15400", "2011-12-31": 1.305, "2011-09-30": 0.247, "2011-06-30": 251.007, "2011-03-31": "-0.32000", "2010-12-31": -0.682, "2010-09-30": 1.64, "2010-06-30": 0.238, "2010-03-31": "-0.05600", "2009-12-31": 1.263, "2009-09-30": 0.575, "2009-06-30": 0.065, "2009-03-31": "-0.13400", "2008-12-31": -0.069, "2008-09-30": 3.456, "2008-06-30": 2.359, "2008-03-31": "0.41200", "2007-12-31": -3.321, "2007-09-30": 1.734, "2007-06-30": 0.85, "2007-03-31": "0.36200", "2006-12-31": 0.608, "2006-09-30": 0.633, "2006-06-30": 1.712, "2006-03-31": "2.62900", "2005-12-31": 1.568, "2005-09-30": 4.665, "2005-06-30": 0.975, "2005-03-31": "0.20400"}, "Total Common And Preferred Stock Dividends Paid": {"2020-09-30": 0, "2020-06-30": 0, "2020-03-31": "", "2019-12-31": 0, "2019-09-30": 0, "2019-06-30": 0, "2019-03-31": "", "2018-12-31": 0, "2018-09-30": 0, "2018-06-30": 0, "2018-03-31": "", "2017-12-31": 0, "2017-09-30": 0, "2017-06-30": 0, "2017-03-31": "", "2016-12-31": 0, "2016-09-30": 0, "2016-06-30": 0, "2016-03-31": "", "2015-12-31": 0, "2015-09-30": 0, "2015-06-30": 0, "2015-03-31": "", "2014-12-31": 0, "2014-09-30": 0, "2014-06-30": 0, "2014-03-31": "", "2013-12-31": 0, "2013-09-30": 0, "2013-06-30": 0, "2013-03-31": "", "2012-12-31": 0, "2012-09-30": 0, "2012-06-30": 0, "2012-03-31": "", "2011-12-31": 0, "2011-09-30": 0, "2011-06-30": 0, "2011-03-31": "", "2010-12-31": 0, "2010-09-30": 0, "2010-06-30": 0, "2010-03-31": "", "2009-12-31": 0, "2009-09-30": 0, "2009-06-30": 0, "2009-03-31": "", "2008-12-31": 0, "2008-09-30": 0, "2008-06-30": 0, "2008-03-31": "", "2007-12-31": 0, "2007-09-30": 0, "2007-06-30": 0, "2007-03-31": "", "2006-12-31": 0, "2006-09-30": 0, "2006-06-30": 0, "2006-03-31": "", "2005-12-31": 0, "2005-09-30": 0, "2005-06-30": 0, "2005-03-31": ""}, "Financial Activities - Other": {"2020-09-30": -15.924, "2020-06-30": 1688.498, "2020-03-31": "", "2019-12-31": -1.534, "2019-09-30": 0, "2019-06-30": -0.123, "2019-03-31": "", "2018-12-31": 0, "2018-09-30": 0, "2018-06-30": 0, "2018-03-31": "", "2017-12-31": -2.824, "2017-09-30": -0.643, "2017-06-30": 0, "2017-03-31": "", "2016-12-31": 0, "2016-09-30": 0, "2016-06-30": 0, "2016-03-31": "", "2015-12-31": -7.97, "2015-09-30": 0.418, "2015-06-30": 5.457, "2015-03-31": "2.09500", "2014-12-31": 0.239, "2014-09-30": 1.348, "2014-06-30": -6.579, "2014-03-31": "22.08500", "2013-12-31": 4.18, "2013-09-30": 5.655, "2013-06-30": 2.445, "2013-03-31": "5.96100", "2012-12-31": 0.255, "2012-09-30": -0.057, "2012-06-30": -11.886, "2012-03-31": "0.34000", "2011-12-31": -0.992, "2011-09-30": 0.186, "2011-06-30": 0.652, "2011-03-31": "0.59500", "2010-12-31": 0.184, "2010-09-30": 0.378, "2010-06-30": 0.011, "2010-03-31": "0.32900", "2009-12-31": 0.403, "2009-09-30": 0, "2009-06-30": 0, "2009-03-31": "", "2008-12-31": 5.317, "2008-09-30": 0, "2008-06-30": 0, "2008-03-31": "", "2007-12-31": 8.536, "2007-09-30": 0, "2007-06-30": 0, "2007-03-31": "", "2006-12-31": 0, "2006-09-30": 0, "2006-06-30": 0, "2006-03-31": "", "2005-12-31": 0, "2005-09-30": 0, "2005-06-30": 0, "2005-03-31": ""}, "Cash Flow From Financial Activities": {"2020-09-30": 249.544, "2020-06-30": 1691.207, "2020-03-31": "725.15100", "2019-12-31": -1.961, "2019-09-30": 5.46, "2019-06-30": -1.035, "2019-03-31": "-6.61800", "2018-12-31": 0.642, "2018-09-30": 10.282, "2018-06-30": -3.404, "2018-03-31": "-4.77600", "2017-12-31": 521.324, "2017-09-30": -0.121, "2017-06-30": -1.226, "2017-03-31": "-39.54700", "2016-12-31": -0.781, "2016-09-30": 0.348, "2016-06-30": -21.475, "2016-03-31": "-8.65500", "2015-12-31": -11.536, "2015-09-30": -4.379, "2015-06-30": -9.064, "2015-03-31": "-4.05300", "2014-12-31": -4.735, "2014-09-30": -2.285, "2014-06-30": 762.377, "2014-03-31": "-21.84400", "2013-12-31": 1.186, "2013-09-30": 7.858, "2013-06-30": -3.888, "2013-03-31": "5.24900", "2012-12-31": 2.069, "2012-09-30": -1.187, "2012-06-30": 164.873, "2012-03-31": "-0.81400", "2011-12-31": 0.313, "2011-09-30": 0.433, "2011-06-30": 251.659, "2011-03-31": "0.27500", "2010-12-31": -0.498, "2010-09-30": 2.018, "2010-06-30": 0.249, "2010-03-31": "0.27300", "2009-12-31": 1.666, "2009-09-30": 0.575, "2009-06-30": 0.065, "2009-03-31": "-0.13400", "2008-12-31": 5.248, "2008-09-30": 3.456, "2008-06-30": 2.359, "2008-03-31": "0.41200", "2007-12-31": 5.215, "2007-09-30": 1.734, "2007-06-30": 0.85, "2007-03-31": "0.36200", "2006-12-31": 0.608, "2006-09-30": 0.633, "2006-06-30": 1.712, "2006-03-31": "2.62900", "2005-12-31": 1.568, "2005-09-30": 4.665, "2005-06-30": 0.975, "2005-03-31": "0.20400"}, "Net Cash Flow": {"2020-09-30": 319.4, "2020-06-30": 1620.482, "2020-03-31": "857.19200", "2019-12-31": -318.888, "2019-09-30": 91.807, "2019-06-30": 64.995, "2019-03-31": "132.40100", "2018-12-31": 28.63, "2018-09-30": 105.508, "2018-06-30": 34.849, "2018-03-31": "-280.03400", "2017-12-31": 588.468, "2017-09-30": 58.357, "2017-06-30": -7.834, "2017-03-31": "5.24900", "2016-12-31": 45.124, "2016-09-30": 57.948, "2016-06-30": 2.431, "2016-03-31": "39.90200", "2015-12-31": 46.309, "2015-09-30": 23.728, "2015-06-30": -189.99, "2015-03-31": "14.75900", "2014-12-31": 40.817, "2014-09-30": 41.338, "2014-06-30": 221.414, "2014-03-31": "-32.51000", "2013-12-31": 33.015, "2013-09-30": 32.837, "2013-06-30": 22.707, "2013-03-31": "11.36700", "2012-12-31": 26.565, "2012-09-30": 26.124, "2012-06-30": -445.758, "2012-03-31": "3.81600", "2011-12-31": -5.46, "2011-09-30": 3.123, "2011-06-30": 255.365, "2011-03-31": "85.84700", "2010-12-31": 11.047, "2010-09-30": 7.068, "2010-06-30": 18.084, "2010-03-31": "-35.58000", "2009-12-31": 5.048, "2009-09-30": 17.377, "2009-06-30": 12.737, "2009-03-31": "10.64200", "2008-12-31": 20.832, "2008-09-30": 36.65, "2008-06-30": 7.794, "2008-03-31": "36.92100", "2007-12-31": 14.523, "2007-09-30": 6.828, "2007-06-30": -6.684, "2007-03-31": "4.95900", "2006-12-31": 5.39, "2006-09-30": -4.481, "2006-06-30": -7.843, "2006-03-31": "17.02800", "2005-12-31": 0.058, "2005-09-30": -3.01, "2005-06-30": 4.502, "2005-03-31": "-10.29200"}, "Stock-Based Compensation": {"2020-09-30": 16.73, "2020-06-30": 8.873, "2020-03-31": "15.18000", "2019-12-31": 13.271, "2019-09-30": 13.139, "2019-06-30": 13.816, "2019-03-31": "12.02900", "2018-12-31": 10.621, "2018-09-30": 8.953, "2018-06-30": 11.228, "2018-03-31": "10.41200", "2017-12-31": 9.827, "2017-09-30": 9.743, "2017-06-30": 10.103, "2017-03-31": "9.35700", "2016-12-31": 9.368, "2016-09-30": 9.311, "2016-06-30": 9.339, "2016-03-31": "8.33100", "2015-12-31": 9.368, "2015-09-30": 9.312, "2015-06-30": 8.415, "2015-03-31": "7.44200", "2014-12-31": 7.361, "2014-09-30": 6.647, "2014-06-30": 6.38, "2014-03-31": "7.87900", "2013-12-31": 9.279, "2013-09-30": 7.788, "2013-06-30": 7.156, "2013-03-31": "17.32600", "2012-12-31": 3.615, "2012-09-30": 3.739, "2012-06-30": 2.741, "2012-03-31": "2.18700", "2011-12-31": 1.993, "2011-09-30": 1.845, "2011-06-30": 2.201, "2011-03-31": "2.06400", "2010-12-31": 2.579, "2010-09-30": 1.781, "2010-06-30": 1.939, "2010-03-31": "2.00700", "2009-12-31": 1.293, "2009-09-30": 2.041, "2009-06-30": 1.539, "2009-03-31": "1.58700", "2008-12-31": 1.049, "2008-09-30": 1.462, "2008-06-30": 1.186, "2008-03-31": "1.24300", "2007-12-31": 1.005, "2007-09-30": 1.373, "2007-06-30": 1.533, "2007-03-31": "1.52900", "2006-12-31": 1.154, "2006-09-30": 1.008, "2006-06-30": 0.995, "2006-03-31": "0.99800", "2005-12-31": 0.212, "2005-09-30": 0.068, "2005-06-30": 0.085, "2005-03-31": "0.01400"}, "Common Stock Dividends Paid": {"2020-09-30": 0, "2020-06-30": 0, "2020-03-31": "", "2019-12-31": 0, "2019-09-30": 0, "2019-06-30": 0, "2019-03-31": "", "2018-12-31": 0, "2018-09-30": 0, "2018-06-30": 0, "2018-03-31": "", "2017-12-31": 0, "2017-09-30": 0, "2017-06-30": 0, "2017-03-31": "", "2016-12-31": 0, "2016-09-30": 0, "2016-06-30": 0, "2016-03-31": "", "2015-12-31": 0, "2015-09-30": 0, "2015-06-30": 0, "2015-03-31": "", "2014-12-31": 0, "2014-09-30": 0, "2014-06-30": 0, "2014-03-31": "", "2013-12-31": 0, "2013-09-30": 0, "2013-06-30": 0, "2013-03-31": "", "2012-12-31": 0, "2012-09-30": 0, "2012-06-30": 0, "2012-03-31": "", "2011-12-31": 0, "2011-09-30": 0, "2011-06-30": 0, "2011-03-31": "", "2010-12-31": 0, "2010-09-30": 0, "2010-06-30": 0, "2010-03-31": "", "2009-12-31": 0, "2009-09-30": 0, "2009-06-30": 0, "2009-03-31": "", "2008-12-31": 0, "2008-09-30": 0, "2008-06-30": 0, "2008-03-31": "", "2007-12-31": 0, "2007-09-30": 0, "2007-06-30": 0, "2007-03-31": "", "2006-12-31": 0, "2006-09-30": 0, "2006-06-30": 0, "2006-03-31": "", "2005-12-31": 0, "2005-09-30": 0, "2005-06-30": 0, "2005-03-31": ""}}, "financial ratios": {"Current Ratio": {"2019-12-31": "5.79150", "2018-12-31": "7.87040", "2017-12-31": "8.78140", "2016-12-31": "4.04970", "2015-12-31": "3.49450", "2014-12-31": "5.14400", "2013-12-31": "2.76520", "2012-12-31": "1.96350", "2011-12-31": "9.43940", "2010-12-31": "4.69940", "2009-12-31": "5.65540", "2008-12-31": "7.29280", "2007-12-31": "5.37900", "2006-12-31": "7.40320", "2005-12-31": "6.64960"}, "Long-term Debt / Capital": {"2019-12-31": "", "2018-12-31": "", "2017-12-31": "", "2016-12-31": "0.15630", "2015-12-31": "0.17980", "2014-12-31": "0.19000", "2013-12-31": "0.12210", "2012-12-31": "0.15630", "2011-12-31": "", "2010-12-31": "", "2009-12-31": "", "2008-12-31": "", "2007-12-31": "", "2006-12-31": "", "2005-12-31": ""}, "Debt/Equity Ratio": {"2019-12-31": "", "2018-12-31": "", "2017-12-31": "", "2016-12-31": "0.20450", "2015-12-31": "0.23000", "2014-12-31": "0.24560", "2013-12-31": "0.16500", "2012-12-31": "0.20650", "2011-12-31": "", "2010-12-31": "", "2009-12-31": "", "2008-12-31": "", "2007-12-31": "", "2006-12-31": "", "2005-12-31": ""}, "Gross Margin": {"2019-12-31": "79.33590", "2018-12-31": "77.35140", "2017-12-31": "77.16580", "2016-12-31": "79.24930", "2015-12-31": "73.46240", "2014-12-31": "72.74370", "2013-12-31": "70.70260", "2012-12-31": "67.17510", "2011-12-31": "64.97670", "2010-12-31": "63.05180", "2009-12-31": "64.84100", "2008-12-31": "65.44340", "2007-12-31": "60.21680", "2006-12-31": "64.66970", "2005-12-31": "67.03390"}, "Operating Margin": {"2019-12-31": "25.97290", "2018-12-31": "22.95320", "2017-12-31": "18.00770", "2016-12-31": "17.29940", "2015-12-31": "1.60940", "2014-12-31": "14.04290", "2013-12-31": "12.28140", "2012-12-31": "7.84140", "2011-12-31": "8.64830", "2010-12-31": "10.06590", "2009-12-31": "15.18420", "2008-12-31": "18.73010", "2007-12-31": "9.25910", "2006-12-31": "8.86220", "2005-12-31": "5.46530"}, "EBIT Margin": {"2019-12-31": "25.97290", "2018-12-31": "22.95320", "2017-12-31": "18.00770", "2016-12-31": "17.29940", "2015-12-31": "1.60940", "2014-12-31": "14.04290", "2013-12-31": "12.28140", "2012-12-31": "7.84140", "2011-12-31": "8.64830", "2010-12-31": "10.06590", "2009-12-31": "15.18420", "2008-12-31": "18.73010", "2007-12-31": "9.25910", "2006-12-31": "8.86220", "2005-12-31": "5.46530"}, "EBITDA Margin": {"2019-12-31": "35.65070", "2018-12-31": "33.60340", "2017-12-31": "24.83990", "2016-12-31": "26.06130", "2015-12-31": "13.10800", "2014-12-31": "26.83670", "2013-12-31": "22.04960", "2012-12-31": "17.76930", "2011-12-31": "13.75360", "2010-12-31": "16.09830", "2009-12-31": "22.18410", "2008-12-31": "26.63910", "2007-12-31": "17.63390", "2006-12-31": "16.29500", "2005-12-31": "14.18510"}, "Pre-Tax Profit Margin": {"2019-12-31": "27.93050", "2018-12-31": "23.83010", "2017-12-31": "17.10040", "2016-12-31": "16.31530", "2015-12-31": "0.36260", "2014-12-31": "12.31270", "2013-12-31": "10.78080", "2012-12-31": "6.61090", "2011-12-31": "8.96530", "2010-12-31": "10.39070", "2009-12-31": "15.78180", "2008-12-31": "21.04340", "2007-12-31": "13.43170", "2006-12-31": "13.17020", "2005-12-31": "8.03720"}, "Net Profit Margin": {"2019-12-31": "22.50190", "2018-12-31": "19.99730", "2017-12-31": "12.71150", "2016-12-31": "10.15620", "2015-12-31": "-0.48680", "2014-12-31": "7.79060", "2013-12-31": "6.74330", "2012-12-31": "2.83340", "2011-12-31": "5.82190", "2010-12-31": "5.87330", "2009-12-31": "8.91590", "2008-12-31": "11.59120", "2007-12-31": "8.27310", "2006-12-31": "7.81050", "2005-12-31": "4.80650"}, "Asset Turnover": {"2019-12-31": "0.36320", "2018-12-31": "0.35970", "2017-12-31": "0.33590", "2016-12-31": "0.38330", "2015-12-31": "0.34230", "2014-12-31": "0.27820", "2013-12-31": "0.35080", "2012-12-31": "0.30030", "2011-12-31": "0.32650", "2010-12-31": "0.51460", "2009-12-31": "0.51820", "2008-12-31": "0.63530", "2007-12-31": "0.59910", "2006-12-31": "0.57690", "2005-12-31": "0.54160"}, "Inventory Turnover Ratio": {"2019-12-31": "", "2018-12-31": "", "2017-12-31": "", "2016-12-31": "", "2015-12-31": "", "2014-12-31": "", "2013-12-31": "", "2012-12-31": "", "2011-12-31": "", "2010-12-31": "", "2009-12-31": "", "2008-12-31": "", "2007-12-31": "", "2006-12-31": "", "2005-12-31": ""}, "Receiveable Turnover": {"2019-12-31": "15.17480", "2018-12-31": "13.36250", "2017-12-31": "15.84940", "2016-12-31": "17.21180", "2015-12-31": "17.48550", "2014-12-31": "14.49950", "2013-12-31": "21.23900", "2012-12-31": "16.08980", "2011-12-31": "14.43540", "2010-12-31": "12.54630", "2009-12-31": "16.30950", "2008-12-31": "17.27900", "2007-12-31": "17.72920", "2006-12-31": "17.26680", "2005-12-31": "23.68020"}, "Days Sales In Receivables": {"2019-12-31": "24.05310", "2018-12-31": "27.31520", "2017-12-31": "23.02920", "2016-12-31": "21.20640", "2015-12-31": "20.87450", "2014-12-31": "25.17320", "2013-12-31": "17.18540", "2012-12-31": "22.68530", "2011-12-31": "25.28520", "2010-12-31": "29.09220", "2009-12-31": "22.37960", "2008-12-31": "21.12390", "2007-12-31": "20.58750", "2006-12-31": "21.13890", "2005-12-31": "15.41370"}, "ROE - Return On Equity": {"2019-12-31": "9.24840", "2018-12-31": "7.88680", "2017-12-31": "4.62780", "2016-12-31": "5.14270", "2015-12-31": "-0.22440", "2014-12-31": "2.96450", "2013-12-31": "3.20460", "2012-12-31": "1.19990", "2011-12-31": "2.22340", "2010-12-31": "3.48330", "2009-12-31": "5.20690", "2008-12-31": "8.11510", "2007-12-31": "5.66030", "2006-12-31": "4.96180", "2005-12-31": "2.87240"}, "Return On Tangible Equity": {"2019-12-31": "28.57130", "2018-12-31": "21.25140", "2017-12-31": "10.35490", "2016-12-31": "41.82820", "2015-12-31": "-6.59790", "2014-12-31": "33.70600", "2013-12-31": "45.88360", "2012-12-31": "-15.89780", "2011-12-31": "2.68000", "2010-12-31": "4.69370", "2009-12-31": "7.32210", "2008-12-31": "10.58270", "2007-12-31": "8.21200", "2006-12-31": "6.87760", "2005-12-31": "4.07670"}, "ROA - Return On Assets": {"2019-12-31": "8.17240", "2018-12-31": "7.19400", "2017-12-31": "4.27000", "2016-12-31": "3.89330", "2015-12-31": "-0.16660", "2014-12-31": "2.16710", "2013-12-31": "2.36550", "2012-12-31": "0.85100", "2011-12-31": "1.90080", "2010-12-31": "3.02260", "2009-12-31": "4.62040", "2008-12-31": "7.36370", "2007-12-31": "4.95610", "2006-12-31": "4.50560", "2005-12-31": "2.60300"}, "ROI - Return On Investment": {"2019-12-31": "9.24840", "2018-12-31": "7.88680", "2017-12-31": "4.62780", "2016-12-31": "4.33880", "2015-12-31": "-0.18410", "2014-12-31": "2.40110", "2013-12-31": "2.81330", "2012-12-31": "1.01230", "2011-12-31": "2.22340", "2010-12-31": "3.48330", "2009-12-31": "5.20690", "2008-12-31": "8.11510", "2007-12-31": "5.66030", "2006-12-31": "4.96180", "2005-12-31": "2.87240"}, "Book Value Per Share": {"2019-12-31": "92.87640", "2018-12-31": "82.91560", "2017-12-31": "73.42760", "2016-12-31": "50.73340", "2015-12-31": "47.48780", "2014-12-31": "46.83290", "2013-12-31": "32.16380", "2012-12-31": "29.15000", "2011-12-31": "25.92530", "2010-12-31": "18.36530", "2009-12-31": "17.41310", "2008-12-31": "15.37630", "2007-12-31": "14.47080", "2006-12-31": "13.10780", "2005-12-31": "12.03790"}, "Operating Cash Flow Per Share": {"2019-12-31": 3.2937, "2018-12-31": 2.21, "2017-12-31": 0.8079, "2016-12-31": 1.8111, "2015-12-31": -0.3219, "2014-12-31": 0.8579, "2013-12-31": 0.6428, "2012-12-31": 2.0149, "2011-12-31": -0.7154, "2010-12-31": -0.0331, "2009-12-31": -0.163, "2008-12-31": -0.5735, "2007-12-31": 0.9657, "2006-12-31": 0.4945, "2005-12-31": 1.2058}, "Free Cash Flow Per Share": {"2019-12-31": 2.8455, "2018-12-31": 2.127, "2017-12-31": 0.6565, "2016-12-31": 2.3298, "2015-12-31": -0.5236, "2014-12-31": 0.6372, "2013-12-31": 0.5184, "2012-12-31": 2.1025, "2011-12-31": 1.4165, "2010-12-31": -2.3303, "2009-12-31": -0.4488, "2008-12-31": -0.0251, "2007-12-31": 0.9064, "2006-12-31": 0.26, "2005-12-31": 0.7642}}, "financial ratios, quarterly": {"Current Ratio": {"2020-09-30": "16.34870", "2020-06-30": "14.01340", "2020-03-31": "8.74770", "2019-12-31": "5.79150", "2019-09-30": "7.59820", "2019-06-30": "7.16700", "2019-03-31": "6.79210", "2018-12-31": "7.87040", "2018-09-30": "7.68400", "2018-06-30": "7.37380", "2018-03-31": "6.23030", "2017-12-31": "8.78140", "2017-09-30": "3.96450", "2017-06-30": "4.21460", "2017-03-31": "4.40110", "2016-12-31": "4.04970", "2016-09-30": "3.80190", "2016-06-30": "3.94650", "2016-03-31": "3.62720", "2015-12-31": "3.49450", "2015-09-30": "2.92460", "2015-06-30": "3.18680", "2015-03-31": "4.62030", "2014-12-31": "5.14400", "2014-09-30": "4.68180", "2014-06-30": "4.52750", "2014-03-31": "2.83150", "2013-12-31": "2.76520", "2013-09-30": "2.58440", "2013-06-30": "2.38180", "2013-03-31": "2.30730", "2012-12-31": "1.96350", "2012-09-30": "1.98150", "2012-06-30": "1.87200", "2012-03-31": "10.12950", "2011-12-31": "9.43940", "2011-09-30": "9.12270", "2011-06-30": "9.60910", "2011-03-31": "5.03930", "2010-12-31": "4.69940", "2010-09-30": "4.55330", "2010-06-30": "4.77910", "2010-03-31": "4.86900", "2009-12-31": "5.65540", "2009-09-30": "6.21140", "2009-06-30": "8.43070", "2009-03-31": "7.71670", "2008-12-31": "7.29280", "2008-09-30": "5.90590", "2008-06-30": "5.51920", "2008-03-31": "5.02680", "2007-12-31": "5.37900", "2007-09-30": "5.52470", "2007-06-30": "5.67390", "2007-03-31": "5.15610", "2006-12-31": "7.40320", "2006-09-30": "6.77500", "2006-06-30": "6.79290", "2006-03-31": "6.30750", "2005-12-31": "6.64960", "2005-09-30": "6.11140", "2005-06-30": "7.17520", "2005-03-31": "6.34490"}, "Long-term Debt / Capital": {"2020-09-30": "0.15650", "2020-06-30": "0.12480", "2020-03-31": "0.17710", "2019-12-31": "", "2019-09-30": "", "2019-06-30": "", "2019-03-31": "", "2018-12-31": "", "2018-09-30": "", "2018-06-30": "", "2018-03-31": "", "2017-12-31": "", "2017-09-30": "0.13220", "2017-06-30": "0.14150", "2017-03-31": "0.15000", "2016-12-31": "0.15630", "2016-09-30": "0.16320", "2016-06-30": "0.17000", "2016-03-31": "0.17590", "2015-12-31": "0.17980", "2015-09-30": "0.18820", "2015-06-30": "0.19070", "2015-03-31": "0.19200", "2014-12-31": "0.19000", "2014-09-30": "0.19870", "2014-06-30": "0.20310", "2014-03-31": "0.11640", "2013-12-31": "0.12210", "2013-09-30": "0.13100", "2013-06-30": "0.14090", "2013-03-31": "0.14880", "2012-12-31": "0.15630", "2012-09-30": "0.16180", "2012-06-30": "0.16780", "2012-03-31": "", "2011-12-31": "", "2011-09-30": "", "2011-06-30": "", "2011-03-31": "", "2010-12-31": "", "2010-09-30": "", "2010-06-30": "", "2010-03-31": "", "2009-12-31": "", "2009-09-30": "", "2009-06-30": "", "2009-03-31": "", "2008-12-31": "", "2008-09-30": "", "2008-06-30": "", "2008-03-31": "", "2007-12-31": "", "2007-09-30": "", "2007-06-30": "", "2007-03-31": "", "2006-12-31": "", "2006-09-30": "", "2006-06-30": "", "2006-03-31": "", "2005-12-31": "", "2005-09-30": "", "2005-06-30": "", "2005-03-31": ""}, "Debt/Equity Ratio": {"2020-09-30": "0.18550", "2020-06-30": "0.14260", "2020-03-31": "0.21510", "2019-12-31": "", "2019-09-30": "", "2019-06-30": "", "2019-03-31": "", "2018-12-31": "", "2018-09-30": "", "2018-06-30": "", "2018-03-31": "", "2017-12-31": "", "2017-09-30": "0.17330", "2017-06-30": "0.17760", "2017-03-31": "0.18060", "2016-12-31": "0.20450", "2016-09-30": "0.20850", "2016-06-30": "0.21230", "2016-03-31": "0.22420", "2015-12-31": "0.23000", "2015-09-30": "0.24500", "2015-06-30": "0.24900", "2015-03-31": "0.25080", "2014-12-31": "0.24560", "2014-09-30": "0.26130", "2014-06-30": "0.26850", "2014-03-31": "0.16000", "2013-12-31": "0.16500", "2013-09-30": "0.17510", "2013-06-30": "0.18680", "2013-03-31": "0.19540", "2012-12-31": "0.20650", "2012-09-30": "0.20910", "2012-06-30": "0.21530", "2012-03-31": "", "2011-12-31": "", "2011-09-30": "", "2011-06-30": "", "2011-03-31": "", "2010-12-31": "", "2010-09-30": "", "2010-06-30": "", "2010-03-31": "", "2009-12-31": "", "2009-09-30": "", "2009-06-30": "", "2009-03-31": "", "2008-12-31": "", "2008-09-30": "", "2008-06-30": "", "2008-03-31": "", "2007-12-31": "", "2007-09-30": "", "2007-06-30": "", "2007-03-31": "", "2006-12-31": "", "2006-09-30": "", "2006-06-30": "", "2006-03-31": "", "2005-12-31": "", "2005-09-30": "", "2005-06-30": "", "2005-03-31": ""}, "Gross Margin": {"2020-09-30": "81.70550", "2020-06-30": "81.35760", "2020-03-31": "79.86230", "2019-12-31": "79.98640", "2019-09-30": "79.82700", "2019-06-30": "79.07900", "2019-03-31": "78.33510", "2018-12-31": "78.37320", "2018-09-30": "76.41050", "2018-06-30": "77.39670", "2018-03-31": "77.17470", "2017-12-31": "77.04610", "2017-09-30": "77.58560", "2017-06-30": "76.69310", "2017-03-31": "77.33600", "2016-12-31": "78.92320", "2016-09-30": "80.15050", "2016-06-30": "79.36910", "2016-03-31": "78.52200", "2015-12-31": "76.61920", "2015-09-30": "71.58420", "2015-06-30": "73.84580", "2015-03-31": "71.45260", "2014-12-31": "72.50220", "2014-09-30": "73.25690", "2014-06-30": "73.27090", "2014-03-31": "71.74660", "2013-12-31": "72.53350", "2013-09-30": "71.75090", "2013-06-30": "70.54930", "2013-03-31": "67.69680", "2012-12-31": "68.54810", "2012-09-30": "67.83160", "2012-06-30": "66.94320", "2012-03-31": "64.54270", "2011-12-31": "66.72810", "2011-09-30": "66.82540", "2011-06-30": "63.92550", "2011-03-31": "62.14900", "2010-12-31": "63.43210", "2010-09-30": "63.66720", "2010-06-30": "63.53740", "2010-03-31": "61.51960", "2009-12-31": "61.69670", "2009-09-30": "64.26760", "2009-06-30": "66.55480", "2009-03-31": "67.11310", "2008-12-31": "66.49660", "2008-09-30": "67.23590", "2008-06-30": "65.70370", "2008-03-31": "62.26660", "2007-12-31": "60.64320", "2007-09-30": "60.37500", "2007-06-30": "59.58070", "2007-03-31": "60.23730", "2006-12-31": "60.57060", "2006-09-30": "65.48030", "2006-06-30": "67.63210", "2006-03-31": "65.32170", "2005-12-31": "66.59870", "2005-09-30": "67.94580", "2005-06-30": "67.03480", "2005-03-31": "66.53160"}, "Operating Margin": {"2020-09-30": "18.04640", "2020-06-30": "20.47520", "2020-03-31": "19.36060", "2019-12-31": "26.94930", "2019-09-30": "26.71960", "2019-06-30": "21.75940", "2019-03-31": "28.46680", "2018-12-31": "33.48120", "2018-09-30": "23.13660", "2018-06-30": "14.73780", "2018-03-31": "19.52560", "2017-12-31": "19.98420", "2017-09-30": "23.23450", "2017-06-30": "11.75740", "2017-03-31": "16.62390", "2016-12-31": "21.47810", "2016-09-30": "18.61490", "2016-06-30": "13.59270", "2016-03-31": "15.17030", "2015-12-31": "18.40440", "2015-09-30": "-0.22790", "2015-06-30": "-11.79500", "2015-03-31": "-2.20540", "2014-12-31": "14.95750", "2014-09-30": "15.34080", "2014-06-30": "11.44760", "2014-03-31": "14.39500", "2013-12-31": "18.76920", "2013-09-30": "17.60450", "2013-06-30": "14.02120", "2013-03-31": "-2.49730", "2012-12-31": "9.89680", "2012-09-30": "9.31870", "2012-06-30": "-0.01530", "2012-03-31": "12.53410", "2011-12-31": "11.73150", "2011-09-30": "4.70630", "2011-06-30": "6.29190", "2011-03-31": "11.90250", "2010-12-31": "12.11140", "2010-09-30": "10.73600", "2010-06-30": "8.04290", "2010-03-31": "9.26070", "2009-12-31": "10.89410", "2009-09-30": "12.97070", "2009-06-30": "16.36110", "2009-03-31": "20.90910", "2008-12-31": "24.12290", "2008-09-30": "20.98330", "2008-06-30": "15.91310", "2008-03-31": "13.83360", "2007-12-31": "24.25840", "2007-09-30": "7.77670", "2007-06-30": "0.51470", "2007-03-31": "3.20310", "2006-12-31": "9.49930", "2006-09-30": "14.38470", "2006-06-30": "6.15720", "2006-03-31": "4.95790", "2005-12-31": "11.56020", "2005-09-30": "2.83220", "2005-06-30": "3.70230", "2005-03-31": "3.23520"}, "EBIT Margin": {"2020-09-30": "18.04640", "2020-06-30": "20.47520", "2020-03-31": "19.36060", "2019-12-31": "26.94930", "2019-09-30": "26.71960", "2019-06-30": "21.75940", "2019-03-31": "28.46680", "2018-12-31": "33.48120", "2018-09-30": "23.13660", "2018-06-30": "14.73780", "2018-03-31": "19.52560", "2017-12-31": "19.98420", "2017-09-30": "23.23450", "2017-06-30": "11.75740", "2017-03-31": "16.62390", "2016-12-31": "21.47810", "2016-09-30": "18.61490", "2016-06-30": "13.59270", "2016-03-31": "15.17030", "2015-12-31": "18.40430", "2015-09-30": "-0.22790", "2015-06-30": "-11.79500", "2015-03-31": "-2.20540", "2014-12-31": "14.95750", "2014-09-30": "15.34080", "2014-06-30": "11.44760", "2014-03-31": "14.39500", "2013-12-31": "18.76910", "2013-09-30": "17.60450", "2013-06-30": "14.02120", "2013-03-31": "-2.49730", "2012-12-31": "9.89680", "2012-09-30": "9.31870", "2012-06-30": "-0.01530", "2012-03-31": "12.53410", "2011-12-31": "11.73150", "2011-09-30": "4.70630", "2011-06-30": "6.29190", "2011-03-31": "11.90250", "2010-12-31": "12.11140", "2010-09-30": "10.73600", "2010-06-30": "8.04290", "2010-03-31": "9.26070", "2009-12-31": "10.89410", "2009-09-30": "12.97070", "2009-06-30": "16.36110", "2009-03-31": "20.90910", "2008-12-31": "24.12290", "2008-09-30": "20.98330", "2008-06-30": "15.91310", "2008-03-31": "13.83360", "2007-12-31": "24.25840", "2007-09-30": "7.77670", "2007-06-30": "0.51470", "2007-03-31": "3.20310", "2006-12-31": "9.49930", "2006-09-30": "14.38470", "2006-06-30": "6.15720", "2006-03-31": "4.95790", "2005-12-31": "11.56010", "2005-09-30": "2.83220", "2005-06-30": "3.70230", "2005-03-31": "3.23520"}, "EBITDA Margin": {"2020-09-30": "", "2020-06-30": "", "2020-03-31": "", "2019-12-31": "", "2019-09-30": "", "2019-06-30": "", "2019-03-31": "", "2018-12-31": "", "2018-09-30": "", "2018-06-30": "", "2018-03-31": "", "2017-12-31": "", "2017-09-30": "", "2017-06-30": "", "2017-03-31": "", "2016-12-31": "", "2016-09-30": "", "2016-06-30": "", "2016-03-31": "", "2015-12-31": "", "2015-09-30": "", "2015-06-30": "", "2015-03-31": "", "2014-12-31": "", "2014-09-30": "", "2014-06-30": "", "2014-03-31": "", "2013-12-31": "", "2013-09-30": "", "2013-06-30": "", "2013-03-31": "", "2012-12-31": "", "2012-09-30": "", "2012-06-30": "", "2012-03-31": "", "2011-12-31": "", "2011-09-30": "", "2011-06-30": "", "2011-03-31": "", "2010-12-31": "", "2010-09-30": "", "2010-06-30": "", "2010-03-31": "", "2009-12-31": "", "2009-09-30": "", "2009-06-30": "", "2009-03-31": "", "2008-12-31": "", "2008-09-30": "", "2008-06-30": "", "2008-03-31": "", "2007-12-31": "", "2007-09-30": "", "2007-06-30": "", "2007-03-31": "", "2006-12-31": "", "2006-09-30": "", "2006-06-30": "", "2006-03-31": "", "2005-12-31": "", "2005-09-30": "", "2005-06-30": "", "2005-03-31": ""}, "Pre-Tax Profit Margin": {"2020-09-30": "16.19610", "2020-06-30": "19.45040", "2020-03-31": "19.99660", "2019-12-31": "30.50360", "2019-09-30": "28.03880", "2019-06-30": "23.27670", "2019-03-31": "29.74960", "2018-12-31": "34.72090", "2018-09-30": "23.89530", "2018-06-30": "15.38560", "2018-03-31": "20.36480", "2017-12-31": "19.17040", "2017-09-30": "22.28670", "2017-06-30": "10.87690", "2017-03-31": "15.62770", "2016-12-31": "20.85150", "2016-09-30": "17.60230", "2016-06-30": "12.48280", "2016-03-31": "13.95620", "2015-12-31": "17.21940", "2015-09-30": "-1.45550", "2015-06-30": "-13.09410", "2015-03-31": "-3.49390", "2014-12-31": "13.58400", "2014-09-30": "13.60810", "2014-06-30": "8.94870", "2014-03-31": "13.15380", "2013-12-31": "17.37910", "2013-09-30": "16.10490", "2013-06-30": "12.48450", "2013-03-31": "-4.08430", "2012-12-31": "8.17420", "2012-09-30": "7.48220", "2012-06-30": "-1.26960", "2012-03-31": "12.89830", "2011-12-31": "12.07000", "2011-09-30": "5.01030", "2011-06-30": "6.57850", "2011-03-31": "12.24130", "2010-12-31": "12.36060", "2010-09-30": "11.00900", "2010-06-30": "8.39390", "2010-03-31": "9.69270", "2009-12-31": "11.30780", "2009-09-30": "13.46150", "2009-06-30": "17.00420", "2009-03-31": "21.76950", "2008-12-31": "25.60030", "2008-09-30": "22.75240", "2008-06-30": "18.23740", "2008-03-31": "17.54170", "2007-12-31": "28.62510", "2007-09-30": "11.97610", "2007-06-30": "4.47130", "2007-03-31": "7.35650", "2006-12-31": "14.14790", "2006-09-30": "18.94950", "2006-06-30": "10.29120", "2006-03-31": "8.78360", "2005-12-31": "14.91170", "2005-09-30": "5.54780", "2005-06-30": "5.88970", "2005-03-31": "5.16220"}, "Net Profit Margin": {"2020-09-30": "13.67090", "2020-06-30": "15.19790", "2020-03-31": "18.57690", "2019-12-31": "23.46440", "2019-09-30": "22.28380", "2019-06-30": "18.39890", "2019-03-31": "25.93260", "2018-12-31": "26.46280", "2018-09-30": "19.23210", "2018-06-30": "14.75840", "2018-03-31": "19.08210", "2017-12-31": "17.40380", "2017-09-30": "13.80710", "2017-06-30": "9.35430", "2017-03-31": "9.76810", "2016-12-31": "13.54630", "2016-09-30": "10.90730", "2016-06-30": "7.52940", "2016-03-31": "8.37140", "2015-12-31": "11.91140", "2015-09-30": "-2.83590", "2015-06-30": "-8.76960", "2015-03-31": "-3.85300", "2014-12-31": "8.91950", "2014-09-30": "8.46550", "2014-06-30": "5.58470", "2014-03-31": "8.17960", "2013-12-31": "11.07080", "2013-09-30": "9.84140", "2013-06-30": "7.60830", "2013-03-31": "-2.31660", "2012-12-31": "4.71010", "2012-09-30": "7.06140", "2012-06-30": "-7.87350", "2012-03-31": "7.47790", "2011-12-31": "7.82300", "2011-09-30": "3.62060", "2011-06-30": "4.24450", "2011-03-31": "7.60170", "2010-12-31": "6.47420", "2010-09-30": "5.91840", "2010-06-30": "5.82220", "2010-03-31": "5.24390", "2009-12-31": "6.67340", "2009-09-30": "8.07050", "2009-06-30": "9.22020", "2009-03-31": "11.88630", "2008-12-31": "14.17180", "2008-09-30": "12.36120", "2008-06-30": "10.16310", "2008-03-31": "9.64720", "2007-12-31": "19.10310", "2007-09-30": "6.58690", "2007-06-30": "2.45850", "2007-03-31": "4.04630", "2006-12-31": "8.42800", "2006-09-30": "11.57970", "2006-06-30": "5.91590", "2006-03-31": "4.99010", "2005-12-31": "8.94590", "2005-09-30": "3.31290", "2005-06-30": "3.47720", "2005-03-31": "3.10760"}, "Asset Turnover": {"2020-09-30": "0.06260", "2020-06-30": "0.06130", "2020-03-31": "0.08360", "2019-12-31": "0.09720", "2019-09-30": "0.09500", "2019-06-30": "0.09490", "2019-03-31": "0.09260", "2018-12-31": "0.09530", "2018-09-30": "0.09530", "2018-06-30": "0.09510", "2018-03-31": "0.08840", "2017-12-31": "0.08840", "2017-09-30": "0.10850", "2017-06-30": "0.10680", "2017-03-31": "0.10320", "2016-12-31": "0.09990", "2016-09-30": "0.09880", "2016-06-30": "0.09820", "2016-03-31": "0.09480", "2015-12-31": "0.09280", "2015-09-30": "0.09040", "2015-06-30": "0.08230", "2015-03-31": "0.07570", "2014-12-31": "0.07540", "2014-09-30": "0.07410", "2014-06-30": "0.07220", "2014-03-31": "0.09570", "2013-12-31": "0.09200", "2013-09-30": "0.09130", "2013-06-30": "0.09110", "2013-03-31": "0.08790", "2012-12-31": "0.08590", "2012-09-30": "0.08310", "2012-06-30": "0.07470", "2012-03-31": "0.08870", "2011-12-31": "0.08580", "2011-09-30": "0.08350", "2011-06-30": "0.08200", "2011-03-31": "0.11770", "2010-12-31": "0.13230", "2010-09-30": "0.13350", "2010-06-30": "0.13440", "2010-03-31": "0.13510", "2009-12-31": "0.13500", "2009-09-30": "0.13660", "2009-06-30": "0.14150", "2009-03-31": "0.15020", "2008-12-31": "0.15830", "2008-09-30": "0.16050", "2008-06-30": "0.16230", "2008-03-31": "0.16160", "2007-12-31": "0.15800", "2007-09-30": "0.16350", "2007-06-30": "0.16370", "2007-03-31": "0.15410", "2006-12-31": "0.15280", "2006-09-30": "0.15120", "2006-06-30": "0.14940", "2006-03-31": "0.14560", "2005-12-31": "0.14430", "2005-09-30": "0.14020", "2005-06-30": "0.14070", "2005-03-31": "0.13330"}, "Inventory Turnover Ratio": {"2020-09-30": "", "2020-06-30": "", "2020-03-31": "", "2019-12-31": "", "2019-09-30": "", "2019-06-30": "", "2019-03-31": "", "2018-12-31": "", "2018-09-30": "", "2018-06-30": "", "2018-03-31": "", "2017-12-31": "", "2017-09-30": "", "2017-06-30": "", "2017-03-31": "", "2016-12-31": "", "2016-09-30": "", "2016-06-30": "", "2016-03-31": "", "2015-12-31": "", "2015-09-30": "", "2015-06-30": "", "2015-03-31": "", "2014-12-31": "", "2014-09-30": "", "2014-06-30": "", "2014-03-31": "", "2013-12-31": "", "2013-09-30": "", "2013-06-30": "", "2013-03-31": "", "2012-12-31": "", "2012-09-30": "", "2012-06-30": "", "2012-03-31": "", "2011-12-31": "", "2011-09-30": "", "2011-06-30": "", "2011-03-31": "", "2010-12-31": "", "2010-09-30": "", "2010-06-30": "", "2010-03-31": "", "2009-12-31": "", "2009-09-30": "", "2009-06-30": "", "2009-03-31": "", "2008-12-31": "", "2008-09-30": "", "2008-06-30": "", "2008-03-31": "", "2007-12-31": "", "2007-09-30": "", "2007-06-30": "", "2007-03-31": "", "2006-12-31": "", "2006-09-30": "", "2006-06-30": "", "2006-03-31": "", "2005-12-31": "", "2005-09-30": "", "2005-06-30": "", "2005-03-31": ""}, "Receiveable Turnover": {"2020-09-30": "4.05300", "2020-06-30": "3.49410", "2020-03-31": "3.49090", "2019-12-31": "4.06250", "2019-09-30": "3.86320", "2019-06-30": "3.59650", "2019-03-31": "3.53750", "2018-12-31": "3.53810", "2018-09-30": "3.71330", "2018-06-30": "4.24410", "2018-03-31": "3.97190", "2017-12-31": "4.17060", "2017-09-30": "4.06650", "2017-06-30": "4.60380", "2017-03-31": "4.55970", "2016-12-31": "4.48590", "2016-09-30": "4.38490", "2016-06-30": "4.49290", "2016-03-31": "4.20780", "2015-12-31": "4.74150", "2015-09-30": "3.62960", "2015-06-30": "3.08000", "2015-03-31": "3.40320", "2014-12-31": "3.92980", "2014-09-30": "3.91940", "2014-06-30": "3.72430", "2014-03-31": "3.68820", "2013-12-31": "5.56860", "2013-09-30": "4.53630", "2013-06-30": "4.09710", "2013-03-31": "3.96830", "2012-12-31": "4.60170", "2012-09-30": "3.43390", "2012-06-30": "3.37520", "2012-03-31": "4.19700", "2011-12-31": "3.79400", "2011-09-30": "3.23000", "2011-06-30": "4.37880", "2011-03-31": "2.81480", "2010-12-31": "3.22640", "2010-09-30": "4.17930", "2010-06-30": "5.29070", "2010-03-31": "4.32240", "2009-12-31": "4.25010", "2009-09-30": "3.88020", "2009-06-30": "4.13550", "2009-03-31": "3.60850", "2008-12-31": "4.30530", "2008-09-30": "4.43800", "2008-06-30": "4.25440", "2008-03-31": "4.46400", "2007-12-31": "4.67490", "2007-09-30": "4.60300", "2007-06-30": "5.32880", "2007-03-31": "4.43740", "2006-12-31": "4.57490", "2006-09-30": "5.15380", "2006-06-30": "6.08060", "2006-03-31": "5.05410", "2005-12-31": "6.31130", "2005-09-30": "6.21850", "2005-06-30": "6.00270", "2005-03-31": "6.27990"}, "Days Sales In Receivables": {"2020-09-30": "22.20590", "2020-06-30": "25.75800", "2020-03-31": "25.78130", "2019-12-31": "22.15380", "2019-09-30": "23.29670", "2019-06-30": "25.02460", "2019-03-31": "25.44170", "2018-12-31": "25.43730", "2018-09-30": "24.23730", "2018-06-30": "21.20600", "2018-03-31": "22.65930", "2017-12-31": "21.57950", "2017-09-30": "22.13200", "2017-06-30": "19.54890", "2017-03-31": "19.73820", "2016-12-31": "20.06290", "2016-09-30": "20.52500", "2016-06-30": "20.03180", "2016-03-31": "21.38900", "2015-12-31": "18.98120", "2015-09-30": "24.79600", "2015-06-30": "29.22130", "2015-03-31": "26.44540", "2014-12-31": "22.90190", "2014-09-30": "22.96280", "2014-06-30": "24.16590", "2014-03-31": "24.40240", "2013-12-31": "16.16200", "2013-09-30": "19.83990", "2013-06-30": "21.96680", "2013-03-31": "22.67970", "2012-12-31": "19.55790", "2012-09-30": "26.20940", "2012-06-30": "26.66530", "2012-03-31": "21.44400", "2011-12-31": "23.72150", "2011-09-30": "27.86340", "2011-06-30": "20.55340", "2011-03-31": "31.97360", "2010-12-31": "27.89480", "2010-09-30": "21.53460", "2010-06-30": "17.01100", "2010-03-31": "20.82190", "2009-12-31": "21.17600", "2009-09-30": "23.19440", "2009-06-30": "21.76290", "2009-03-31": "24.94140", "2008-12-31": "20.90460", "2008-09-30": "20.27960", "2008-06-30": "21.15450", "2008-03-31": "20.16150", "2007-12-31": "19.25160", "2007-09-30": "19.55230", "2007-06-30": "16.88940", "2007-03-31": "20.28220", "2006-12-31": "19.67270", "2006-09-30": "17.46270", "2006-06-30": "14.80130", "2006-03-31": "17.80730", "2005-12-31": "14.26010", "2005-09-30": "14.47290", "2005-06-30": "14.99320", "2005-03-31": "14.33140"}, "ROE - Return On Equity": {"2020-09-30": "", "2020-06-30": "", "2020-03-31": "", "2019-12-31": "", "2019-09-30": "", "2019-06-30": "", "2019-03-31": "", "2018-12-31": "2.76340", "2018-09-30": "", "2018-06-30": "", "2018-03-31": "", "2017-12-31": "1.66730", "2017-09-30": "", "2017-06-30": "", "2017-03-31": "", "2016-12-31": "1.78770", "2016-09-30": "", "2016-06-30": "", "2016-03-31": "", "2015-12-31": "1.48920", "2015-09-30": "", "2015-06-30": "", "2015-03-31": "", "2014-12-31": "0.91990", "2014-09-30": "", "2014-06-30": "", "2014-03-31": "", "2013-12-31": "1.37940", "2013-09-30": "", "2013-06-30": "", "2013-03-31": "", "2012-12-31": "0.57050", "2012-09-30": "", "2012-06-30": "", "2012-03-31": "", "2011-12-31": "0.78520", "2011-09-30": "", "2011-06-30": "", "2011-03-31": "", "2010-12-31": "0.98740", "2010-09-30": "", "2010-06-30": "", "2010-03-31": "", "2009-12-31": "1.01560", "2009-09-30": "", "2009-06-30": "", "2009-03-31": "", "2008-12-31": "2.47210", "2008-09-30": "", "2008-06-30": "", "2008-03-31": "", "2007-12-31": "3.44640", "2007-09-30": "", "2007-06-30": "", "2007-03-31": "", "2006-12-31": "1.41860", "2006-09-30": "", "2006-06-30": "", "2006-03-31": "", "2005-12-31": "1.42480", "2005-09-30": "", "2005-06-30": "", "2005-03-31": ""}, "Return On Tangible Equity": {"2020-09-30": "2.01450", "2020-06-30": "2.17310", "2020-03-31": "6.12670", "2019-12-31": "7.97610", "2019-09-30": "5.52420", "2019-06-30": "4.81320", "2019-03-31": "6.86400", "2018-12-31": "7.44620", "2018-09-30": "5.37410", "2018-06-30": "4.37700", "2018-03-31": "5.58110", "2017-12-31": "3.73060", "2017-09-30": "11.86460", "2017-06-30": "9.30670", "2017-03-31": "9.67200", "2016-12-31": "14.54060", "2016-09-30": "14.94600", "2016-06-30": "14.09590", "2016-03-31": "19.30830", "2015-12-31": "43.77620", "2015-09-30": "-58.28210", "2015-06-30": "335.04990", "2015-03-31": "-4.06970", "2014-12-31": "10.45910", "2014-09-30": "13.59900", "2014-06-30": "14.76890", "2014-03-31": "13.19760", "2013-12-31": "19.75060", "2013-09-30": "36.25980", "2013-06-30": "-116.63680", "2013-03-31": "8.14470", "2012-12-31": "-7.55850", "2012-09-30": "-8.42800", "2012-06-30": "6.66920", "2012-03-31": "0.92540", "2011-12-31": "0.94650", "2011-09-30": "0.41760", "2011-06-30": "0.48130", "2011-03-31": "1.55730", "2010-12-31": "1.33050", "2010-09-30": "1.22460", "2010-06-30": "1.21210", "2010-03-31": "1.10360", "2009-12-31": "1.42820", "2009-09-30": "1.67360", "2009-06-30": "1.82890", "2009-03-31": "2.51680", "2008-12-31": "3.22390", "2008-09-30": "3.02210", "2008-06-30": "2.60840", "2008-03-31": "2.50650", "2007-12-31": "5.00000", "2007-09-30": "1.84200", "2007-06-30": "0.70140", "2007-03-31": "1.11650", "2006-12-31": "1.96630", "2006-09-30": "2.67380", "2006-06-30": "1.36310", "2006-03-31": "1.13510", "2005-12-31": "2.02230", "2005-09-30": "0.74770", "2005-06-30": "0.79330", "2005-03-31": "0.69150"}, "ROA - Return On Assets": {"2020-09-30": "0.85600", "2020-06-30": "0.93160", "2020-03-31": "1.55390", "2019-12-31": "2.28150", "2019-09-30": "2.11600", "2019-06-30": "1.74690", "2019-03-31": "2.40030", "2018-12-31": "2.52070", "2018-09-30": "1.83210", "2018-06-30": "1.40380", "2018-03-31": "1.68750", "2017-12-31": "1.53840", "2017-09-30": "1.49860", "2017-06-30": "0.99930", "2017-03-31": "1.00810", "2016-12-31": "1.35340", "2016-09-30": "1.07780", "2016-06-30": "0.73920", "2016-03-31": "0.79400", "2015-12-31": "1.10550", "2015-09-30": "-0.25650", "2015-06-30": "-0.72160", "2015-03-31": "-0.29180", "2014-12-31": "0.67250", "2014-09-30": "0.62770", "2014-06-30": "0.40310", "2014-03-31": "0.78250", "2013-12-31": "1.01820", "2013-09-30": "0.89830", "2013-06-30": "0.69280", "2013-03-31": "-0.20360", "2012-12-31": "0.40460", "2012-09-30": "0.58710", "2012-06-30": "-0.58790", "2012-03-31": "0.66330", "2011-12-31": "0.67130", "2011-09-30": "0.30220", "2011-06-30": "0.34800", "2011-03-31": "0.89480", "2010-12-31": "0.85680", "2010-09-30": "0.79040", "2010-06-30": "0.78250", "2010-03-31": "0.70830", "2009-12-31": "0.90120", "2009-09-30": "1.10240", "2009-06-30": "1.30430", "2009-03-31": "1.78550", "2008-12-31": "2.24320", "2008-09-30": "1.98410", "2008-06-30": "1.64950", "2008-03-31": "1.55850", "2007-12-31": "3.01760", "2007-09-30": "1.07710", "2007-06-30": "0.40250", "2007-03-31": "0.62370", "2006-12-31": "1.28810", "2006-09-30": "1.75050", "2006-06-30": "0.88400", "2006-03-31": "0.72670", "2005-12-31": "1.29120", "2005-09-30": "0.46440", "2005-06-30": "0.48920", "2005-03-31": "0.41420"}, "ROI - Return On Investment": {"2020-09-30": "0.92290", "2020-06-30": "1.01120", "2020-03-31": "1.72990", "2019-12-31": "2.58180", "2019-09-30": "2.38300", "2019-06-30": "1.97400", "2019-03-31": "2.72230", "2018-12-31": "2.76340", "2018-09-30": "2.00660", "2018-06-30": "1.53770", "2018-03-31": "1.86480", "2017-12-31": "1.66730", "2017-09-30": "1.68280", "2017-06-30": "1.10940", "2017-03-31": "1.11720", "2016-12-31": "1.50830", "2016-09-30": "1.19940", "2016-06-30": "0.81510", "2016-03-31": "0.88020", "2015-12-31": "1.22150", "2015-09-30": "-0.28830", "2015-06-30": "-0.80410", "2015-03-31": "-0.32680", "2014-12-31": "0.74510", "2014-09-30": "0.69570", "2014-06-30": "0.44680", "2014-03-31": "0.92560", "2013-12-31": "1.21100", "2013-09-30": "1.06790", "2013-06-30": "0.82210", "2013-03-31": "-0.24110", "2012-12-31": "0.48130", "2012-09-30": "0.69650", "2012-06-30": "-0.69570", "2012-03-31": "0.76980", "2011-12-31": "0.78520", "2011-09-30": "0.35570", "2011-06-30": "0.40830", "2011-03-31": "1.16380", "2010-12-31": "0.98740", "2010-09-30": "0.89880", "2010-06-30": "0.88410", "2010-03-31": "0.79730", "2009-12-31": "1.01560", "2009-09-30": "1.23130", "2009-06-30": "1.42170", "2009-03-31": "1.96230", "2008-12-31": "2.47210", "2008-09-30": "2.21010", "2008-06-30": "1.84130", "2008-03-31": "1.75760", "2007-12-31": "3.44640", "2007-09-30": "1.21760", "2007-06-30": "0.45300", "2007-03-31": "0.71160", "2006-12-31": "1.41860", "2006-09-30": "1.93860", "2006-06-30": "0.97790", "2006-03-31": "0.80910", "2005-12-31": "1.42480", "2005-09-30": "0.51570", "2005-06-30": "0.53390", "2005-03-31": "0.45710"}, "Book Value Per Share": {"2020-09-30": "134.87340", "2020-06-30": "132.65420", "2020-03-31": "94.25180", "2019-12-31": "92.87640", "2019-09-30": "90.01820", "2019-06-30": "87.48560", "2019-03-31": "85.43920", "2018-12-31": "82.91560", "2018-09-30": "80.39080", "2018-06-30": "78.33310", "2018-03-31": "76.96650", "2017-12-31": "73.42760", "2017-09-30": "48.75990", "2017-06-30": "52.30600", "2017-03-31": "51.41420", "2016-12-31": "50.73340", "2016-09-30": "49.66400", "2016-06-30": "48.64400", "2016-03-31": "48.09300", "2015-12-31": "47.48780", "2015-09-30": "46.47600", "2015-06-30": "46.38460", "2015-03-31": "46.74350", "2014-12-31": "46.83290", "2014-09-30": "46.13350", "2014-06-30": "45.54790", "2014-03-31": "32.32040", "2013-12-31": "32.16380", "2013-09-30": "31.27410", "2013-06-30": "30.27410", "2013-03-31": "29.80450", "2012-12-31": "29.15000", "2012-09-30": "28.86950", "2012-06-30": "28.45470", "2012-03-31": "25.83530", "2011-12-31": "25.92530", "2011-09-30": "25.64200", "2011-06-30": "25.52120", "2011-03-31": "18.70400", "2010-12-31": "18.36530", "2010-09-30": "18.13740", "2010-06-30": "17.75920", "2010-03-31": "17.51460", "2009-12-31": "17.41310", "2009-09-30": "17.07400", "2009-06-30": "15.98430", "2009-03-31": "15.65690", "2008-12-31": "15.37630", "2008-09-30": "15.23590", "2008-06-30": "15.05850", "2008-03-31": "14.69010", "2007-12-31": "14.47080", "2007-09-30": "13.83970", "2007-06-30": "13.48420", "2007-03-31": "13.28070", "2006-12-31": "13.10780", "2006-09-30": "12.79950", "2006-06-30": "12.48660", "2006-03-31": "12.24720", "2005-12-31": "12.03790", "2005-09-30": "11.84210", "2005-06-30": "11.63630", "2005-03-31": "11.60820"}, "Operating Cash Flow Per Share": {"2020-09-30": 2.4291, "2020-06-30": 3.0147, "2020-03-31": "3.57470", "2019-12-31": 2.9477, "2019-09-30": 3.1728, "2019-06-30": 2.316, "2019-03-31": "4.06090", "2018-12-31": 3.1605, "2018-09-30": 2.7698, "2018-06-30": 1.2656, "2018-03-31": "2.00780", "2017-12-31": 2.017, "2017-09-30": 2.0639, "2017-06-30": 0.9303, "2017-03-31": "1.98250", "2016-12-31": 1.6094, "2016-09-30": 1.9046, "2016-06-30": 1.1785, "2016-03-31": "1.49330", "2015-12-31": 2.1947, "2015-09-30": 1.3374, "2015-06-30": -0.1052, "2015-03-31": "0.94780", "2014-12-31": 1.7025, "2014-09-30": 1.5245, "2014-06-30": 1.6969, "2014-03-31": "-0.22730", "2013-12-31": 1.2697, "2013-09-30": 1.0933, "2013-06-30": 1.0853, "2013-03-31": "0.39040", "2012-12-31": 1.1521, "2012-09-30": 0.8884, "2012-06-30": 0.9054, "2012-03-31": "0.25000", "2011-12-31": 0.4026, "2011-09-30": 0.0969, "2011-06-30": 0.3149, "2011-03-31": "0.36660", "2010-12-31": 0.5867, "2010-09-30": 0.3061, "2010-06-30": 0.6813, "2010-03-31": "0.32230", "2009-12-31": 0.3455, "2009-09-30": 0.6228, "2009-06-30": 0.4847, "2009-03-31": "0.47650", "2008-12-31": 0.5428, "2008-09-30": 0.7379, "2008-06-30": 0.3945, "2008-03-31": "0.41730", "2007-12-31": 1.2304, "2007-09-30": 0.5681, "2007-06-30": 0.2873, "2007-03-31": "0.58020", "2006-12-31": 0.4236, "2006-09-30": 0.4563, "2006-06-30": 0.4676, "2006-03-31": "0.35280", "2005-12-31": 0.4637, "2005-09-30": 0.4586, "2005-06-30": 0.1597, "2005-03-31": "0.12380"}, "Free Cash Flow Per Share": {"2020-09-30": 1.6984, "2020-06-30": 2.8699, "2020-03-31": "3.38080", "2019-12-31": 2.8914, "2019-09-30": 2.3607, "2019-06-30": 2.1811, "2019-03-31": "3.80300", "2018-12-31": 2.9445, "2018-09-30": 2.6076, "2018-06-30": 1.0678, "2018-03-31": "1.77080", "2017-12-31": 1.889, "2017-09-30": 1.849, "2017-06-30": 0.7319, "2017-03-31": "1.79380", "2016-12-31": 1.3912, "2016-09-30": 1.7721, "2016-06-30": 1.0678, "2016-03-31": "1.37610", "2015-12-31": 1.9715, "2015-09-30": 1.0238, "2015-06-30": -0.2967, "2015-03-31": "0.57880", "2014-12-31": 1.4574, "2014-09-30": 1.2618, "2014-06-30": 1.453, "2014-03-31": "-0.37120", "2013-12-31": 1.1356, "2013-09-30": 0.8689, "2013-06-30": 0.9382, "2013-03-31": "0.22110", "2012-12-31": 0.9269, "2012-09-30": 0.7942, "2012-06-30": 0.7923, "2012-03-31": "0.13200", "2011-12-31": 0.2453, "2011-09-30": 0.0569, "2011-06-30": 0.1494, "2011-03-31": "0.09130", "2010-12-31": 0.384, "2010-09-30": -0.0034, "2010-06-30": 0.5566, "2010-03-31": "-1.81080", "2009-12-31": 0.1632, "2009-09-30": 0.4892, "2009-06-30": 0.3808, "2009-03-31": "0.42350", "2008-12-31": 0.5206, "2008-09-30": 0.6973, "2008-06-30": 0.3317, "2008-03-31": "0.35590", "2007-12-31": 0.9273, "2007-09-30": 0.3905, "2007-06-30": 0.167, "2007-03-31": "0.44580", "2006-12-31": 0.2158, "2006-09-30": 0.1931, "2006-06-30": 0.3261, "2006-03-31": "0.28920", "2005-12-31": 0.4095, "2005-09-30": 0.3711, "2005-06-30": -0.0107, "2005-03-31": "-0.00570"}}, "revenue": {"CoStar Annual Revenue (Millions of US $)": {"2019": "$1,400", "2018": "$1,192", "2017": "$965", "2016": "$838", "2015": "$712", "2014": "$576", "2013": "$441", "2012": "$350", "2011": "$252", "2010": "$226", "2009": "$210", "2008": "$212", "2007": "$193", "2006": "$159", "2005": "$134"}, "CoStar Quarterly Revenue (Millions of US $)": {"2020-09-30": "$426", "2020-06-30": "$397", "2020-03-31": "$392", "2019-12-31": "$375", "2019-09-30": "$353", "2019-06-30": "$344", "2019-03-31": "$328", "2018-12-31": "$316", "2018-09-30": "$306", "2018-06-30": "$297", "2018-03-31": "$274", "2017-12-31": "$254", "2017-09-30": "$248", "2017-06-30": "$237", "2017-03-31": "$227", "2016-12-31": "$218", "2016-09-30": "$213", "2016-06-30": "$207", "2016-03-31": "$200", "2015-12-31": "$193", "2015-09-30": "$189", "2015-06-30": "$171", "2015-03-31": "$159", "2014-12-31": "$156", "2014-09-30": "$153", "2014-06-30": "$148", "2014-03-31": "$119", "2013-12-31": "$116", "2013-09-30": "$112", "2013-06-30": "$109", "2013-03-31": "$104", "2012-12-31": "$100", "2012-09-30": "$96", "2012-06-30": "$85", "2012-03-31": "$69", "2011-12-31": "$66", "2011-09-30": "$64", "2011-06-30": "$62", "2011-03-31": "$60", "2010-12-31": "$58", "2010-09-30": "$57", "2010-06-30": "$56", "2010-03-31": "$55", "2009-12-31": "$55", "2009-09-30": "$54", "2009-06-30": "$50", "2009-03-31": "$51", "2008-12-31": "$53", "2008-09-30": "$54", "2008-06-30": "$53", "2008-03-31": "$52", "2007-12-31": "$51", "2007-09-30": "$49", "2007-06-30": "$48", "2007-03-31": "$45", "2006-12-31": "$42", "2006-09-30": "$41", "2006-06-30": "$39", "2006-03-31": "$37", "2005-12-31": "$36", "2005-09-30": "$34", "2005-06-30": "$33", "2005-03-31": "$31"}}, "gross-profit": {"CoStar Annual Gross Profit (Millions of US $)": {"2019": "$1,110", "2018": "$922", "2017": "$745", "2016": "$664", "2015": "$523", "2014": "$419", "2013": "$312", "2012": "$235", "2011": "$164", "2010": "$143", "2009": "$136", "2008": "$139", "2007": "$116", "2006": "$103", "2005": "$90"}, "CoStar Quarterly Gross Profit (Millions of US $)": {"2020-09-30": "$348", "2020-06-30": "$323", "2020-03-31": "$313", "2019-12-31": "$300", "2019-09-30": "$282", "2019-06-30": "$272", "2019-03-31": "$257", "2018-12-31": "$247", "2018-09-30": "$233", "2018-06-30": "$230", "2018-03-31": "$211", "2017-12-31": "$196", "2017-09-30": "$192", "2017-06-30": "$182", "2017-03-31": "$175", "2016-12-31": "$172", "2016-09-30": "$170", "2016-06-30": "$164", "2016-03-31": "$157", "2015-12-31": "$148", "2015-09-30": "$135", "2015-06-30": "$126", "2015-03-31": "$114", "2014-12-31": "$113", "2014-09-30": "$112", "2014-06-30": "$108", "2014-03-31": "$85", "2013-12-31": "$84", "2013-09-30": "$81", "2013-06-30": "$77", "2013-03-31": "$70", "2012-12-31": "$69", "2012-09-30": "$65", "2012-06-30": "$57", "2012-03-31": "$44", "2011-12-31": "$44", "2011-09-30": "$43", "2011-06-30": "$40", "2011-03-31": "$37", "2010-12-31": "$37", "2010-09-30": "$36", "2010-06-30": "$35", "2010-03-31": "$34", "2009-12-31": "$34", "2009-09-30": "$34", "2009-06-30": "$33", "2009-03-31": "$34", "2008-12-31": "$35", "2008-09-30": "$36", "2008-06-30": "$35", "2008-03-31": "$33", "2007-12-31": "$31", "2007-09-30": "$30", "2007-06-30": "$28", "2007-03-31": "$27", "2006-12-31": "$25", "2006-09-30": "$27", "2006-06-30": "$26", "2006-03-31": "$24", "2005-12-31": "$24", "2005-09-30": "$23", "2005-06-30": "$22", "2005-03-31": "$21"}}, "operating-income": {"CoStar Annual Operating Income (Millions of US $)": {"2019": "$364", "2018": "$274", "2017": "$174", "2016": "$145", "2015": "$11", "2014": "$81", "2013": "$54", "2012": "$27", "2011": "$22", "2010": "$23", "2009": "$32", "2008": "$40", "2007": "$18", "2006": "$14", "2005": "$7"}, "CoStar Quarterly Operating Income (Millions of US $)": {"2020-09-30": "$77", "2020-06-30": "$81", "2020-03-31": "$76", "2019-12-31": "$101", "2019-09-30": "$94", "2019-06-30": "$75", "2019-03-31": "$93", "2018-12-31": "$106", "2018-09-30": "$71", "2018-06-30": "$44", "2018-03-31": "$53", "2017-12-31": "$51", "2017-09-30": "$58", "2017-06-30": "$28", "2017-03-31": "$38", "2016-12-31": "$47", "2016-09-30": "$40", "2016-06-30": "$28", "2016-03-31": "$30", "2015-12-31": "$36", "2015-09-30": "$-0", "2015-06-30": "$-20", "2015-03-31": "$-4", "2014-12-31": "$23", "2014-09-30": "$23", "2014-06-30": "$17", "2014-03-31": "$17", "2013-12-31": "$22", "2013-09-30": "$20", "2013-06-30": "$15", "2013-03-31": "$-3", "2012-12-31": "$10", "2012-09-30": "$9", "2012-06-30": "$-0", "2012-03-31": "$9", "2011-12-31": "$8", "2011-09-30": "$3", "2011-06-30": "$4", "2011-03-31": "$7", "2010-12-31": "$7", "2010-09-30": "$6", "2010-06-30": "$4", "2010-03-31": "$5", "2009-12-31": "$6", "2009-09-30": "$7", "2009-06-30": "$8", "2009-03-31": "$11", "2008-12-31": "$13", "2008-09-30": "$11", "2008-06-30": "$9", "2008-03-31": "$7", "2007-12-31": "$12", "2007-09-30": "$4", "2007-06-30": "$0", "2007-03-31": "$1", "2006-12-31": "$4", "2006-09-30": "$6", "2006-06-30": "$2", "2006-03-31": "$2", "2005-12-31": "$4", "2005-09-30": "$1", "2005-06-30": "$1", "2005-03-31": "$1"}}, "ebitda": {"CoStar Annual EBITDA (Millions of US $)": {"2019": "$499", "2018": "$400", "2017": "$240", "2016": "$218", "2015": "$93", "2014": "$155", "2013": "$97", "2012": "$62", "2011": "$35", "2010": "$36", "2009": "$47", "2008": "$57", "2007": "$34", "2006": "$26", "2005": "$19"}, "CoStar Quarterly EBITDA (Millions of US $)": {"2020-09-30": "$124", "2020-06-30": "$124", "2020-03-31": "$115", "2019-12-31": "$139", "2019-09-30": "$127", "2019-06-30": "$107", "2019-03-31": "$126", "2018-12-31": "$138", "2018-09-30": "$103", "2018-06-30": "$77", "2018-03-31": "$83", "2017-12-31": "$66", "2017-09-30": "$73", "2017-06-30": "$44", "2017-03-31": "$56", "2016-12-31": "$65", "2016-09-30": "$58", "2016-06-30": "$46", "2016-03-31": "$49", "2015-12-31": "$56", "2015-09-30": "$23", "2015-06-30": "$-1", "2015-03-31": "$15", "2014-12-31": "$44", "2014-09-30": "$45", "2014-06-30": "$38", "2014-03-31": "$28", "2013-12-31": "$32", "2013-09-30": "$31", "2013-06-30": "$26", "2013-03-31": "$8", "2012-12-31": "$21", "2012-09-30": "$20", "2012-06-30": "$9", "2012-03-31": "$12", "2011-12-31": "$11", "2011-09-30": "$6", "2011-06-30": "$7", "2011-03-31": "$11", "2010-12-31": "$10", "2010-09-30": "$9", "2010-06-30": "$8", "2010-03-31": "$9", "2009-12-31": "$10", "2009-09-30": "$11", "2009-06-30": "$12", "2009-03-31": "$14", "2008-12-31": "$17", "2008-09-30": "$16", "2008-06-30": "$13", "2008-03-31": "$12", "2007-12-31": "$17", "2007-09-30": "$8", "2007-06-30": "$4", "2007-03-31": "$5", "2006-12-31": "$7", "2006-09-30": "$9", "2006-06-30": "$5", "2006-03-31": "$5", "2005-12-31": "$7", "2005-09-30": "$4", "2005-06-30": "$4", "2005-03-31": "$4"}}, "net-income": {"CoStar Annual Net Income (Millions of US $)": {"2019": "$315", "2018": "$238", "2017": "$123", "2016": "$85", "2015": "$-3", "2014": "$45", "2013": "$30", "2012": "$10", "2011": "$15", "2010": "$13", "2009": "$19", "2008": "$25", "2007": "$16", "2006": "$12", "2005": "$6"}, "CoStar Quarterly Net Income (Millions of US $)": {"2020-09-30": "$58", "2020-06-30": "$60", "2020-03-31": "$73", "2019-12-31": "$88", "2019-09-30": "$79", "2019-06-30": "$63", "2019-03-31": "$85", "2018-12-31": "$84", "2018-09-30": "$59", "2018-06-30": "$44", "2018-03-31": "$52", "2017-12-31": "$44", "2017-09-30": "$34", "2017-06-30": "$22", "2017-03-31": "$22", "2016-12-31": "$30", "2016-09-30": "$23", "2016-06-30": "$16", "2016-03-31": "$17", "2015-12-31": "$23", "2015-09-30": "$-5", "2015-06-30": "$-15", "2015-03-31": "$-6", "2014-12-31": "$14", "2014-09-30": "$13", "2014-06-30": "$8", "2014-03-31": "$10", "2013-12-31": "$13", "2013-09-30": "$11", "2013-06-30": "$8", "2013-03-31": "$-2", "2012-12-31": "$5", "2012-09-30": "$7", "2012-06-30": "$-7", "2012-03-31": "$5", "2011-12-31": "$5", "2011-09-30": "$2", "2011-06-30": "$3", "2011-03-31": "$5", "2010-12-31": "$4", "2010-09-30": "$3", "2010-06-30": "$3", "2010-03-31": "$3", "2009-12-31": "$4", "2009-09-30": "$4", "2009-06-30": "$5", "2009-03-31": "$6", "2008-12-31": "$8", "2008-09-30": "$7", "2008-06-30": "$5", "2008-03-31": "$5", "2007-12-31": "$10", "2007-09-30": "$3", "2007-06-30": "$1", "2007-03-31": "$2", "2006-12-31": "$4", "2006-09-30": "$5", "2006-06-30": "$2", "2006-03-31": "$2", "2005-12-31": "$3", "2005-09-30": "$1", "2005-06-30": "$1", "2005-03-31": "$1"}}, "eps-earnings-per-share-diluted": {"CoStar Annual EPS": {"2019": "$8.60", "2018": "$6.54", "2017": "$3.66", "2016": "$2.62", "2015": "$-0.11", "2014": "$1.46", "2013": "$1.05", "2012": "$0.37", "2011": "$0.62", "2010": "$0.64", "2009": "$0.94", "2008": "$1.26", "2007": "$0.82", "2006": "$0.65", "2005": "$0.34"}, "CoStar Quarterly EPS": {"2020-09-30": "$1.48", "2020-06-30": "$1.60", "2020-03-31": "$1.98", "2019-12-31": "$2.39", "2019-09-30": "$2.15", "2019-06-30": "$1.73", "2019-03-31": "$2.33", "2018-12-31": "$2.29", "2018-09-30": "$1.61", "2018-06-30": "$1.20", "2018-03-31": "$1.44", "2017-12-31": "$1.26", "2017-09-30": "$1.04", "2017-06-30": "$0.68", "2017-03-31": "$0.68", "2016-12-31": "$0.90", "2016-09-30": "$0.72", "2016-06-30": "$0.48", "2016-03-31": "$0.52", "2015-12-31": "$0.72", "2015-09-30": "$-0.17", "2015-06-30": "$-0.47", "2015-03-31": "$-0.19", "2014-12-31": "$0.44", "2014-09-30": "$0.40", "2014-06-30": "$0.28", "2014-03-31": "$0.34", "2013-12-31": "$0.46", "2013-09-30": "$0.39", "2013-06-30": "$0.29", "2013-03-31": "$-0.09", "2012-12-31": "$0.18", "2012-09-30": "$0.24", "2012-06-30": "$-0.25", "2012-03-31": "$0.20", "2011-12-31": "$0.19", "2011-09-30": "$0.09", "2011-06-30": "$0.12", "2011-03-31": "$0.22", "2010-12-31": "$0.18", "2010-09-30": "$0.16", "2010-06-30": "$0.16", "2010-03-31": "$0.14", "2009-12-31": "$0.17", "2009-09-30": "$0.22", "2009-06-30": "$0.24", "2009-03-31": "$0.31", "2008-12-31": "$0.38", "2008-09-30": "$0.34", "2008-06-30": "$0.28", "2008-03-31": "$0.26", "2007-12-31": "$0.50", "2007-09-30": "$0.17", "2007-06-30": "$0.06", "2007-03-31": "$0.09", "2006-12-31": "$0.18", "2006-09-30": "$0.25", "2006-06-30": "$0.12", "2006-03-31": "$0.10", "2005-12-31": "$0.17", "2005-09-30": "$0.06", "2005-06-30": "$0.06", "2005-03-31": "$0.05"}}, "shares-outstanding": {"CoStar Annual Shares Outstanding (Millions of Shares)": {"2019": "37", "2018": "36", "2017": "34", "2016": "32", "2015": "32", "2014": "31", "2013": "28", "2012": "27", "2011": "24", "2010": "21", "2009": "20", "2008": "20", "2007": "19", "2006": "19", "2005": "19"}, "CoStar Quarterly Shares Outstanding (Millions of Shares)": {"2020-09-30": "39", "2020-06-30": "38", "2020-03-31": "37", "2019-12-31": "37", "2019-09-30": "37", "2019-06-30": "37", "2019-03-31": "37", "2018-12-31": "36", "2018-09-30": "37", "2018-06-30": "36", "2018-03-31": "36", "2017-12-31": "34", "2017-09-30": "33", "2017-06-30": "33", "2017-03-31": "33", "2016-12-31": "32", "2016-09-30": "32", "2016-06-30": "32", "2016-03-31": "32", "2015-12-31": "32", "2015-09-30": "32", "2015-06-30": "32", "2015-03-31": "32", "2014-12-31": "31", "2014-09-30": "32", "2014-06-30": "29", "2014-03-31": "29", "2013-12-31": "28", "2013-09-30": "28", "2013-06-30": "28", "2013-03-31": "27", "2012-12-31": "27", "2012-09-30": "28", "2012-06-30": "26", "2012-03-31": "26", "2011-12-31": "24", "2011-09-30": "25", "2011-06-30": "22", "2011-03-31": "21", "2010-12-31": "21", "2010-09-30": "21", "2010-06-30": "21", "2010-03-31": "21", "2009-12-31": "20", "2009-09-30": "20", "2009-06-30": "20", "2009-03-31": "20", "2008-12-31": "20", "2008-09-30": "20", "2008-06-30": "20", "2008-03-31": "19", "2007-12-31": "19", "2007-09-30": "19", "2007-06-30": "19", "2007-03-31": "19", "2006-12-31": "19", "2006-09-30": "19", "2006-06-30": "19", "2006-03-31": "19", "2005-12-31": "19", "2005-09-30": "19", "2005-06-30": "19", "2005-03-31": "19"}}, "total-assets": {"CoStar Annual Total Assets (Millions of US $)": {"2019": "$3,854", "2018": "$3,313", "2017": "$2,873", "2016": "$2,185", "2015": "$2,080", "2014": "$2,070", "2013": "$1,257", "2012": "$1,165", "2011": "$771", "2010": "$440", "2009": "$405", "2008": "$334", "2007": "$322", "2006": "$275", "2005": "$248"}, "CoStar Quarterly Total Assets (Millions of US $)": {"2020-09-30": "$6,797", "2020-06-30": "$6,479", "2020-03-31": "$4,685", "2019-12-31": "$3,854", "2019-09-30": "$3,715", "2019-06-30": "$3,621", "2019-03-31": "$3,548", "2018-12-31": "$3,313", "2018-09-30": "$3,207", "2018-06-30": "$3,123", "2018-03-31": "$3,095", "2017-12-31": "$2,873", "2017-09-30": "$2,281", "2017-06-30": "$2,220", "2017-03-31": "$2,195", "2016-12-31": "$2,185", "2016-09-30": "$2,153", "2016-06-30": "$2,107", "2016-03-31": "$2,106", "2015-12-31": "$2,080", "2015-09-30": "$2,091", "2015-06-30": "$2,074", "2015-03-31": "$2,100", "2014-12-31": "$2,070", "2014-09-30": "$2,064", "2014-06-30": "$2,046", "2014-03-31": "$1,245", "2013-12-31": "$1,257", "2013-09-30": "$1,230", "2013-06-30": "$1,197", "2013-03-31": "$1,184", "2012-12-31": "$1,165", "2012-09-30": "$1,155", "2012-06-30": "$1,141", "2012-03-31": "$774", "2011-12-31": "$771", "2011-09-30": "$765", "2011-06-30": "$758", "2011-03-31": "$506", "2010-12-31": "$440", "2010-09-30": "$428", "2010-06-30": "$415", "2010-03-31": "$408", "2009-12-31": "$405", "2009-09-30": "$392", "2009-06-30": "$354", "2009-03-31": "$342", "2008-12-31": "$334", "2008-09-30": "$335", "2008-06-30": "$330", "2008-03-31": "$324", "2007-12-31": "$322", "2007-09-30": "$302", "2007-06-30": "$292", "2007-03-31": "$291", "2006-12-31": "$275", "2006-09-30": "$268", "2006-06-30": "$261", "2006-03-31": "$256", "2005-12-31": "$248", "2005-09-30": "$245", "2005-06-30": "$234", "2005-03-31": "$235"}}, "cash-on-hand": {"CoStar Annual Cash on Hand (Millions of US $)": {"2019": "$1,071", "2018": "$1,100", "2017": "$1,211", "2016": "$567", "2015": "$422", "2014": "$527", "2013": "$256", "2012": "$156", "2011": "$549", "2010": "$210", "2009": "$226", "2008": "$195", "2007": "$187", "2006": "$158", "2005": "$134"}, "CoStar Quarterly Cash on Hand (Millions of US $)": {"2020-09-30": "$3,868", "2020-06-30": "$3,548", "2020-03-31": "$1,928", "2019-12-31": "$1,071", "2019-09-30": "$1,390", "2019-06-30": "$1,298", "2019-03-31": "$1,233", "2018-12-31": "$1,100", "2018-09-30": "$1,072", "2018-06-30": "$966", "2018-03-31": "$931", "2017-12-31": "$1,211", "2017-09-30": "$623", "2017-06-30": "$565", "2017-03-31": "$572", "2016-12-31": "$567", "2016-09-30": "$523", "2016-06-30": "$465", "2016-03-31": "$463", "2015-12-31": "$422", "2015-09-30": "$376", "2015-06-30": "$352", "2015-03-31": "$542", "2014-12-31": "$527", "2014-09-30": "$486", "2014-06-30": "$445", "2014-03-31": "$223", "2013-12-31": "$256", "2013-09-30": "$223", "2013-06-30": "$190", "2013-03-31": "$167", "2012-12-31": "$156", "2012-09-30": "$130", "2012-06-30": "$104", "2012-03-31": "$551", "2011-12-31": "$549", "2011-09-30": "$554", "2011-06-30": "$551", "2011-03-31": "$296", "2010-12-31": "$210", "2010-09-30": "$203", "2010-06-30": "$201", "2010-03-31": "$189", "2009-12-31": "$226", "2009-09-30": "$224", "2009-06-30": "$214", "2009-03-31": "$204", "2008-12-31": "$195", "2008-09-30": "$183", "2008-06-30": "$167", "2008-03-31": "$162", "2007-12-31": "$187", "2007-09-30": "$164", "2007-06-30": "$154", "2007-03-31": "$150", "2006-12-31": "$158", "2006-09-30": "$155", "2006-06-30": "$150", "2006-03-31": "$142", "2005-12-31": "$134", "2005-09-30": "$125", "2005-06-30": "$113", "2005-03-31": "$113"}}, "long-term-debt": {"CoStar Annual Long Term Debt (Millions of US $)": {"2019": "$", "2018": "$", "2017": "$", "2016": "$306", "2015": "$338", "2014": "$355", "2013": "$129", "2012": "$153", "2011": "$", "2010": "$", "2009": "$", "2008": "$", "2007": "$", "2006": "$", "2005": "$"}, "CoStar Quarterly Long Term Debt (Millions of US $)": {"2020-09-30": "$986", "2020-06-30": "$745", "2020-03-31": "$745", "2019-12-31": "", "2019-09-30": "", "2019-06-30": "", "2019-03-31": "", "2018-12-31": "", "2018-09-30": "", "2018-06-30": "", "2018-03-31": "", "2017-12-31": "", "2017-09-30": "$269", "2017-06-30": "$283", "2017-03-31": "$297", "2016-12-31": "$306", "2016-09-30": "$316", "2016-06-30": "$325", "2016-03-31": "$334", "2015-12-31": "$338", "2015-09-30": "$350", "2015-06-30": "$355", "2015-03-31": "$360", "2014-12-31": "$355", "2014-09-30": "$370", "2014-06-30": "$375", "2014-03-31": "$123", "2013-12-31": "$129", "2013-09-30": "$136", "2013-06-30": "$142", "2013-03-31": "$149", "2012-12-31": "$153", "2012-09-30": "$158", "2012-06-30": "$162", "2012-03-31": "", "2011-12-31": "", "2011-09-30": "", "2011-06-30": "", "2011-03-31": "", "2010-12-31": "", "2010-09-30": "", "2010-06-30": "", "2010-03-31": "", "2009-12-31": "", "2009-09-30": "", "2009-06-30": "", "2009-03-31": "", "2008-12-31": "", "2008-09-30": "", "2008-06-30": "", "2008-03-31": "", "2007-12-31": "", "2007-09-30": "", "2007-06-30": "", "2007-03-31": "", "2006-12-31": "", "2006-09-30": "", "2006-06-30": "", "2006-03-31": "", "2005-12-31": "", "2005-09-30": "", "2005-06-30": "", "2005-03-31": ""}}, "total-liabilities": {"CoStar Annual Total Liabilities (Millions of US $)": {"2019": "$448", "2018": "$291", "2017": "$222", "2016": "$531", "2015": "$536", "2014": "$557", "2013": "$329", "2012": "$339", "2011": "$112", "2010": "$58", "2009": "$46", "2008": "$31", "2007": "$40", "2006": "$25", "2005": "$23"}, "CoStar Quarterly Total Liabilities (Millions of US $)": {"2020-09-30": "$1,479", "2020-06-30": "$1,255", "2020-03-31": "$1,222", "2019-12-31": "$448", "2019-09-30": "$416", "2019-06-30": "$417", "2019-03-31": "$420", "2018-12-31": "$291", "2018-09-30": "$279", "2018-06-30": "$272", "2018-03-31": "$294", "2017-12-31": "$222", "2017-09-30": "$518", "2017-06-30": "$503", "2017-03-31": "$511", "2016-12-31": "$531", "2016-09-30": "$534", "2016-06-30": "$521", "2016-03-31": "$541", "2015-12-31": "$536", "2015-09-30": "$581", "2015-06-30": "$568", "2015-03-31": "$585", "2014-12-31": "$557", "2014-09-30": "$572", "2014-06-30": "$575", "2014-03-31": "$315", "2013-12-31": "$329", "2013-09-30": "$331", "2013-06-30": "$330", "2013-03-31": "$333", "2012-12-31": "$339", "2012-09-30": "$339", "2012-06-30": "$339", "2012-03-31": "$107", "2011-12-31": "$112", "2011-09-30": "$115", "2011-06-30": "$112", "2011-03-31": "$117", "2010-12-31": "$58", "2010-09-30": "$52", "2010-06-30": "$48", "2010-03-31": "$46", "2009-12-31": "$46", "2009-09-30": "$41", "2009-06-30": "$29", "2009-03-31": "$31", "2008-12-31": "$31", "2008-09-30": "$34", "2008-06-30": "$34", "2008-03-31": "$37", "2007-12-31": "$40", "2007-09-30": "$35", "2007-06-30": "$33", "2007-03-31": "$36", "2006-12-31": "$25", "2006-09-30": "$26", "2006-06-30": "$25", "2006-03-31": "$26", "2005-12-31": "$23", "2005-09-30": "$24", "2005-06-30": "$20", "2005-03-31": "$22"}}, "total-share-holder-equity": {"CoStar Annual Share Holder Equity (Millions of US $)": {"2019": "$3,406", "2018": "$3,022", "2017": "$2,651", "2016": "$1,654", "2015": "$1,544", "2014": "$1,514", "2013": "$928", "2012": "$826", "2011": "$659", "2010": "$382", "2009": "$359", "2008": "$303", "2007": "$282", "2006": "$250", "2005": "$225"}, "CoStar Quarterly Share Holder Equity (Millions of US $)": {"2020-09-30": "$5,318", "2020-06-30": "$5,224", "2020-03-31": "$3,463", "2019-12-31": "$3,406", "2019-09-30": "$3,299", "2019-06-30": "$3,204", "2019-03-31": "$3,129", "2018-12-31": "$3,022", "2018-09-30": "$2,928", "2018-06-30": "$2,851", "2018-03-31": "$2,801", "2017-12-31": "$2,651", "2017-09-30": "$1,762", "2017-06-30": "$1,717", "2017-03-31": "$1,684", "2016-12-31": "$1,654", "2016-09-30": "$1,619", "2016-06-30": "$1,586", "2016-03-31": "$1,565", "2015-12-31": "$1,544", "2015-09-30": "$1,510", "2015-06-30": "$1,506", "2015-03-31": "$1,515", "2014-12-31": "$1,514", "2014-09-30": "$1,492", "2014-06-30": "$1,471", "2014-03-31": "$930", "2013-12-31": "$928", "2013-09-30": "$899", "2013-06-30": "$867", "2013-03-31": "$851", "2012-12-31": "$826", "2012-09-30": "$816", "2012-06-30": "$803", "2012-03-31": "$667", "2011-12-31": "$659", "2011-09-30": "$650", "2011-06-30": "$646", "2011-03-31": "$389", "2010-12-31": "$382", "2010-09-30": "$376", "2010-06-30": "$368", "2010-03-31": "$362", "2009-12-31": "$359", "2009-09-30": "$351", "2009-06-30": "$325", "2009-03-31": "$311", "2008-12-31": "$303", "2008-09-30": "$301", "2008-06-30": "$295", "2008-03-31": "$287", "2007-12-31": "$282", "2007-09-30": "$267", "2007-06-30": "$259", "2007-03-31": "$255", "2006-12-31": "$250", "2006-09-30": "$242", "2006-06-30": "$236", "2006-03-31": "$230", "2005-12-31": "$225", "2005-09-30": "$220", "2005-06-30": "$214", "2005-03-31": "$213"}}, "profit-margins": {"current": "17.57%"}, "gross margin": {"2020-09-30": "80.75%", "2020-06-30": "80.29%", "2020-03-31": "79.71%", "2019-12-31": "79.36%", "2019-09-30": "78.90%", "2019-06-30": "77.98%", "2019-03-31": "77.55%", "2018-12-31": "77.20%", "2018-09-30": "76.92%", "2018-06-30": "77.26%", "2018-03-31": "77.10%", "2017-12-31": "77.12%", "2017-09-30": "77.53%", "2017-06-30": "78.10%", "2017-03-31": "78.73%", "2016-12-31": "79.12%", "2016-09-30": "78.60%", "2016-06-30": "76.55%", "2016-03-31": "75.17%", "2015-12-31": "73.46%", "2015-09-30": "72.30%", "2015-06-30": "72.77%", "2015-03-31": "72.56%", "2014-12-31": "72.57%", "2014-09-30": "72.57%", "2014-06-30": "72.32%", "2014-03-31": "71.71%", "2013-12-31": "70.75%", "2013-09-30": "69.88%", "2013-06-30": "68.70%", "2013-03-31": "67.79%", "2012-12-31": "67.14%", "2012-09-30": "66.46%", "2012-06-30": "66.20%", "2012-03-31": "65.52%", "2011-12-31": "65.08%", "2011-09-30": "64.34%", "2011-06-30": "63.29%", "2011-03-31": "62.77%", "2010-12-31": "62.83%", "2010-09-30": "62.33%", "2010-06-30": "62.27%", "2010-03-31": "63.08%", "2009-12-31": "64.29%", "2009-09-30": "65.38%", "2009-06-30": "66.35%", "2009-03-31": "66.35%", "2008-12-31": "65.57%", "2008-09-30": "64.29%", "2008-06-30": "62.93%", "2008-03-31": "61.00%", "2007-12-31": "60.10%", "2007-09-30": "59.78%", "2007-06-30": "60.80%", "2007-03-31": "62.87%", "2006-12-31": "64.15%", "2006-09-30": "66.01%", "2006-06-30": "66.44%", "2006-03-31": "66.43%", "2005-12-31": "67.16%"}, "operating margin": {"2020-09-30": "21.07%", "2020-06-30": "23.20%", "2020-03-31": "23.63%", "2019-12-31": "25.93%", "2019-09-30": "27.44%", "2019-06-30": "26.66%", "2019-03-31": "25.18%", "2018-12-31": "22.97%", "2018-09-30": "19.36%", "2018-06-30": "19.20%", "2018-03-31": "18.76%", "2017-12-31": "18.12%", "2017-09-30": "18.39%", "2017-06-30": "17.09%", "2017-03-31": "17.69%", "2016-12-31": "17.30%", "2016-09-30": "16.48%", "2016-06-30": "11.91%", "2016-03-31": "6.11%", "2015-12-31": "1.69%", "2015-09-30": "-0.15%", "2015-06-30": "3.44%", "2015-03-31": "9.58%", "2014-12-31": "13.89%", "2014-09-30": "14.74%", "2014-06-30": "15.35%", "2014-03-31": "16.23%", "2013-12-31": "12.24%", "2013-09-30": "9.88%", "2013-06-30": "7.58%", "2013-03-31": "4.16%", "2012-12-31": "8.00%", "2012-09-30": "8.23%", "2012-06-30": "7.04%", "2012-03-31": "9.20%", "2011-12-31": "8.73%", "2011-09-30": "8.61%", "2011-06-30": "10.13%", "2011-03-31": "10.39%", "2010-12-31": "9.73%", "2010-09-30": "9.42%", "2010-06-30": "10.00%", "2010-03-31": "12.15%", "2009-12-31": "15.24%", "2009-09-30": "18.75%", "2009-06-30": "20.67%", "2009-03-31": "20.85%", "2008-12-31": "18.87%", "2008-09-30": "18.57%", "2008-06-30": "15.61%", "2008-03-31": "11.50%", "2007-12-31": "8.81%", "2007-09-30": "4.89%", "2007-06-30": "6.25%", "2007-03-31": "7.78%", "2006-12-31": "8.81%", "2006-09-30": "9.15%", "2006-06-30": "6.16%", "2006-03-31": "5.71%", "2005-12-31": "5.22%"}, "ebitda margin": {"2020-09-30": "31.57%", "2020-06-30": "33.29%", "2020-03-31": "33.33%", "2019-12-31": "35.64%", "2019-09-30": "37.14%", "2019-06-30": "36.63%", "2019-03-31": "35.61%", "2018-12-31": "33.61%", "2018-09-30": "29.09%", "2018-06-30": "27.87%", "2018-03-31": "26.26%", "2017-12-31": "24.74%", "2017-09-30": "25.59%", "2017-06-30": "24.92%", "2017-03-31": "26.01%", "2016-12-31": "26.01%", "2016-09-30": "25.71%", "2016-06-30": "22.05%", "2016-03-31": "16.87%", "2015-12-31": "13.06%", "2015-09-30": "12.00%", "2015-06-30": "16.12%", "2015-03-31": "23.05%", "2014-12-31": "26.91%", "2014-09-30": "26.68%", "2014-06-30": "26.06%", "2014-03-31": "25.66%", "2013-12-31": "22.00%", "2013-09-30": "20.24%", "2013-06-30": "18.34%", "2013-03-31": "15.06%", "2012-12-31": "17.71%", "2012-09-30": "16.46%", "2012-06-30": "13.38%", "2012-03-31": "13.79%", "2011-12-31": "13.89%", "2011-09-30": "13.93%", "2011-06-30": "15.61%", "2011-03-31": "16.45%", "2010-12-31": "15.93%", "2010-09-30": "16.14%", "2010-06-30": "17.27%", "2010-03-31": "19.63%", "2009-12-31": "22.38%", "2009-09-30": "25.96%", "2009-06-30": "28.37%", "2009-03-31": "28.44%", "2008-12-31": "27.36%", "2008-09-30": "27.62%", "2008-06-30": "24.39%", "2008-03-31": "20.50%", "2007-12-31": "17.62%", "2007-09-30": "13.04%", "2007-06-30": "14.20%", "2007-03-31": "15.57%", "2006-12-31": "16.35%", "2006-09-30": "16.99%", "2006-06-30": "14.38%", "2006-03-31": "14.29%", "2005-12-31": "14.18%"}, "pre tax profit margin": {"2020-09-30": "21.26%", "2020-06-30": "24.26%", "2020-03-31": "25.34%", "2019-12-31": "27.93%", "2019-09-30": "28.86%", "2019-06-30": "27.90%", "2019-03-31": "26.22%", "2018-12-31": "23.89%", "2018-09-30": "19.81%", "2018-06-30": "19.20%", "2018-03-31": "18.36%", "2017-12-31": "17.08%", "2017-09-30": "17.42%", "2017-06-30": "16.09%", "2017-03-31": "16.65%", "2016-12-31": "16.35%", "2016-09-30": "15.25%", "2016-06-30": "10.65%", "2016-03-31": "4.78%", "2015-12-31": "0.28%", "2015-09-30": "-1.48%", "2015-06-30": "2.19%", "2015-03-31": "7.95%", "2014-12-31": "12.33%", "2014-09-30": "13.06%", "2014-06-30": "13.54%", "2014-03-31": "14.91%", "2013-12-31": "10.88%", "2013-09-30": "8.47%", "2013-06-30": "6.11%", "2013-03-31": "2.60%", "2012-12-31": "6.57%", "2012-09-30": "7.28%", "2012-06-30": "6.69%", "2012-03-31": "9.20%", "2011-12-31": "8.73%", "2011-09-30": "8.61%", "2011-06-30": "10.13%", "2011-03-31": "10.82%", "2010-12-31": "10.18%", "2010-09-30": "9.87%", "2010-06-30": "10.45%", "2010-03-31": "12.62%", "2009-12-31": "15.71%", "2009-09-30": "19.71%", "2009-06-30": "22.12%", "2009-03-31": "22.27%", "2008-12-31": "21.23%", "2008-09-30": "21.90%", "2008-06-30": "19.51%", "2008-03-31": "16.00%", "2007-12-31": "13.47%", "2007-09-30": "9.24%", "2007-06-30": "10.80%", "2007-03-31": "12.57%", "2006-12-31": "13.21%", "2006-09-30": "13.07%", "2006-06-30": "9.59%", "2006-03-31": "8.57%", "2005-12-31": "8.21%"}, "net profit margin": {"2020-09-30": "17.55%", "2020-06-30": "19.78%", "2020-03-31": "20.70%", "2019-12-31": "22.50%", "2019-09-30": "23.19%", "2019-06-30": "22.49%", "2019-03-31": "21.81%", "2018-12-31": "20.03%", "2018-09-30": "17.60%", "2018-06-30": "16.22%", "2018-03-31": "15.00%", "2017-12-31": "12.63%", "2017-09-30": "11.61%", "2017-06-30": "10.84%", "2017-03-31": "10.52%", "2016-12-31": "10.26%", "2016-09-30": "9.72%", "2016-06-30": "6.46%", "2016-03-31": "2.66%", "2015-12-31": "-0.42%", "2015-09-30": "-1.78%", "2015-06-30": "0.94%", "2015-03-31": "4.71%", "2014-12-31": "7.81%", "2014-09-30": "8.21%", "2014-06-30": "8.48%", "2014-03-31": "9.21%", "2013-12-31": "6.80%", "2013-09-30": "5.18%", "2013-06-30": "4.40%", "2013-03-31": "0.78%", "2012-12-31": "2.86%", "2012-09-30": "3.16%", "2012-06-30": "1.76%", "2012-03-31": "5.75%", "2011-12-31": "5.95%", "2011-09-30": "5.74%", "2011-06-30": "6.33%", "2011-03-31": "6.49%", "2010-12-31": "5.75%", "2010-09-30": "5.83%", "2010-06-30": "6.36%", "2010-03-31": "7.48%", "2009-12-31": "9.05%", "2009-09-30": "11.06%", "2009-06-30": "12.50%", "2009-03-31": "12.32%", "2008-12-31": "11.79%", "2008-09-30": "12.86%", "2008-06-30": "11.22%", "2008-03-31": "9.50%", "2007-12-31": "8.29%", "2007-09-30": "5.43%", "2007-06-30": "6.82%", "2007-03-31": "7.78%", "2006-12-31": "8.18%", "2006-09-30": "7.84%", "2006-06-30": "5.48%", "2006-03-31": "5.00%", "2005-12-31": "4.48%"}, "pe ratio": {"current": "103.56", "2021-02-05": "121.90", "2020-09-30": "113.89", "2020-06-30": "87.52", "2020-03-31": "71.18", "2019-12-31": "69.57", "2019-09-30": "69.79", "2019-06-30": "69.61", "2019-03-31": "62.78", "2018-12-31": "51.58", "2018-09-30": "76.94", "2018-06-30": "84.21", "2018-03-31": "82.80", "2017-12-31": "82.03", "2017-09-30": "81.04", "2017-06-30": "88.16", "2017-03-31": "74.27", "2016-12-31": "71.67", "2016-09-30": "89.11", "2016-06-30": "141.99", "2016-03-31": "318.93", "2015-12-31": "0.00", "2015-09-30": "0.00", "2015-06-30": "1183.88", "2015-03-31": "215.03", "2014-12-31": "126.64", "2014-09-30": "105.81", "2014-06-30": "108.34", "2014-03-31": "127.03", "2013-12-31": "177.48", "2013-09-30": "220.94", "2013-06-30": "211.59", "2013-03-31": "1563.71", "2012-12-31": "248.25", "2012-09-30": "209.08", "2012-06-30": "338.33", "2012-03-31": "113.20", "2011-12-31": "105.92", "2011-09-30": "85.20", "2011-06-30": "87.18", "2011-03-31": "87.06", "2010-12-31": "89.94", "2010-09-30": "76.11", "2010-06-30": "55.43", "2010-03-31": "53.23", "2009-12-31": "43.97", "2009-09-30": "35.84", "2009-06-30": "31.39", "2009-03-31": "23.09", "2008-12-31": "26.14", "2008-09-30": "32.89", "2008-06-30": "36.74", "2008-03-31": "43.43", "2007-12-31": "57.62", "2007-09-30": "106.90", "2007-06-30": "91.17", "2007-03-31": "69.81", "2006-12-31": "82.40"}, "price sales": {"2021-02-05": "21.51", "2020-09-30": "20.10", "2020-06-30": "17.32", "2020-03-31": "14.72", "2019-12-31": "15.65", "2019-09-30": "16.19", "2019-06-30": "15.66", "2019-03-31": "13.66", "2018-12-31": "10.32", "2018-09-30": "13.31", "2018-06-30": "13.40", "2018-03-31": "12.14", "2017-12-31": "10.13", "2017-09-30": "9.42", "2017-06-30": "9.59", "2017-03-31": "7.78", "2016-12-31": "7.30", "2016-09-30": "8.61", "2016-06-30": "8.93", "2016-03-31": "8.02", "2015-12-31": "9.28", "2015-09-30": "8.11", "2015-06-30": "9.97", "2015-03-31": "9.96", "2014-12-31": "9.66", "2014-09-30": "8.64", "2014-06-30": "9.20", "2014-03-31": "11.63", "2013-12-31": "11.74", "2013-09-30": "10.95", "2013-06-30": "8.69", "2013-03-31": "7.71", "2012-12-31": "6.83", "2012-09-30": "6.69", "2012-06-30": "7.22", "2012-03-31": "6.40", "2011-12-31": "6.10", "2011-09-30": "4.75", "2011-06-30": "5.30", "2011-03-31": "5.64", "2010-12-31": "5.25", "2010-09-30": "4.47", "2010-06-30": "3.60", "2010-03-31": "3.90", "2009-12-31": "3.95", "2009-09-30": "3.91", "2009-06-30": "3.75", "2009-03-31": "2.80", "2008-12-31": "3.03", "2008-09-30": "4.20", "2008-06-30": "4.20", "2008-03-31": "4.17", "2007-12-31": "4.74", "2007-09-30": "5.61", "2007-06-30": "5.80", "2007-03-31": "5.15", "2006-12-31": "6.47"}, "price book": {"current": "6.73", "2021-02-05": "6.73", "2020-09-30": "6.29", "2020-06-30": "5.36", "2020-03-31": "6.23", "2019-12-31": "6.44", "2019-09-30": "6.59", "2019-06-30": "6.33", "2019-03-31": "5.46", "2018-12-31": "4.07", "2018-09-30": "5.23", "2018-06-30": "5.27", "2018-03-31": "4.71", "2017-12-31": "4.04", "2017-09-30": "5.50", "2017-06-30": "5.04", "2017-03-31": "4.03", "2016-12-31": "3.72", "2016-09-30": "4.36", "2016-06-30": "4.50", "2016-03-31": "3.91", "2015-12-31": "4.35", "2015-09-30": "3.72", "2015-06-30": "4.34", "2015-03-31": "4.23", "2014-12-31": "3.92", "2014-09-30": "3.37", "2014-06-30": "3.47", "2014-03-31": "5.78", "2013-12-31": "5.74", "2013-09-30": "5.37", "2013-06-30": "4.26", "2013-03-31": "3.67", "2012-12-31": "3.07", "2012-09-30": "2.82", "2012-06-30": "2.85", "2012-03-31": "2.67", "2011-12-31": "2.57", "2011-09-30": "2.03", "2011-06-30": "2.32", "2011-03-31": "3.35", "2010-12-31": "3.13", "2010-09-30": "2.69", "2010-06-30": "2.18", "2010-03-31": "2.37", "2009-12-31": "2.40", "2009-09-30": "2.41", "2009-06-30": "2.49", "2009-03-31": "1.93", "2008-12-31": "2.14", "2008-09-30": "2.98", "2008-06-30": "2.95", "2008-03-31": "2.93", "2007-12-31": "3.27", "2007-09-30": "3.86", "2007-06-30": "3.92", "2007-03-31": "3.36", "2006-12-31": "4.09", "2006-09-30": "3.23", "2006-06-30": "4.79", "2006-03-31": "4.24"}, "price fcf": {"2021-02-05": "", "2020-09-30": "$10.84", "2020-06-30": "$11.50", "2020-03-31": "$10.81", "2019-12-31": "$11.24", "2019-09-30": "$11.29", "2019-06-30": "$11.54", "2019-03-31": "$10.42", "2018-12-31": "$8.39", "2018-09-30": "$7.34", "2018-06-30": "$6.58", "2018-03-31": "$6.24", "2017-12-31": "$6.26", "2017-09-30": "$5.77", "2017-06-30": "$5.69", "2017-03-31": "$6.02", "2016-12-31": "$5.61", "2016-09-30": "$6.19", "2016-06-30": "$5.44", "2016-03-31": "$4.07", "2015-12-31": "$3.28", "2015-09-30": "$2.76", "2015-06-30": "$3.00", "2015-03-31": "$4.75", "2014-12-31": "$3.80", "2014-09-30": "$3.48", "2014-06-30": "$3.09", "2014-03-31": "$2.57", "2013-12-31": "$3.16", "2013-09-30": "$2.96", "2013-06-30": "$2.88", "2013-03-31": "$2.73", "2012-12-31": "$2.65", "2012-09-30": "$1.96", "2012-06-30": "$1.23", "2012-03-31": "$0.58", "2011-12-31": "$0.54", "2011-09-30": "$0.68", "2011-06-30": "$0.62", "2011-03-31": "$1.03", "2010-12-31": "$-0.87", "2010-09-30": "$-1.09", "2010-06-30": "$-0.60", "2010-03-31": "$-0.78", "2009-12-31": "$1.46", "2009-09-30": "$1.81", "2009-06-30": "$2.02", "2009-03-31": "$1.97", "2008-12-31": "$1.91", "2008-09-30": "$2.31", "2008-06-30": "$2.01", "2008-03-31": "$1.84", "2007-12-31": "$1.93", "2007-09-30": "$1.22", "2007-06-30": "$1.02", "2007-03-31": "$1.18", "2006-12-31": "$1.02"}, "net worth": {"value": "$35.8B"}, "current ratio": {"current": "16.35", "2020-09-30": "16.35", "2020-06-30": "14.01", "2020-03-31": "8.75", "2019-12-31": "5.79", "2019-09-30": "7.60", "2019-06-30": "7.17", "2019-03-31": "6.79", "2018-12-31": "7.87", "2018-09-30": "7.68", "2018-06-30": "7.37", "2018-03-31": "6.23", "2017-12-31": "8.78", "2017-09-30": "3.97", "2017-06-30": "4.22", "2017-03-31": "4.40", "2016-12-31": "4.05", "2016-09-30": "3.80", "2016-06-30": "3.95", "2016-03-31": "3.63", "2015-12-31": "3.49", "2015-09-30": "2.93", "2015-06-30": "3.19", "2015-03-31": "4.62", "2014-12-31": "5.14", "2014-09-30": "4.68", "2014-06-30": "4.53", "2014-03-31": "2.83", "2013-12-31": "2.77", "2013-09-30": "2.58", "2013-06-30": "2.38", "2013-03-31": "2.31", "2012-12-31": "1.96", "2012-09-30": "1.98", "2012-06-30": "1.87", "2012-03-31": "10.13", "2011-12-31": "9.44", "2011-09-30": "9.12", "2011-06-30": "9.61", "2011-03-31": "5.04", "2010-12-31": "4.70", "2010-09-30": "4.55", "2010-06-30": "4.78", "2010-03-31": "4.87", "2009-12-31": "5.66", "2009-09-30": "6.21", "2009-06-30": "8.43", "2009-03-31": "7.72", "2008-12-31": "7.29", "2008-09-30": "5.91", "2008-06-30": "5.52", "2008-03-31": "5.03", "2007-12-31": "5.38", "2007-09-30": "5.53", "2007-06-30": "5.67", "2007-03-31": "5.16", "2006-12-31": "7.40", "2006-09-30": "6.78", "2006-06-30": "6.79", "2006-03-31": "6.31", "2005-12-31": "6.65", "2005-09-30": "6.11", "2005-06-30": "7.18", "2005-03-31": "6.35"}, "quick ratio": {"2020-09-30": "0.00", "2020-06-30": "0.00", "2020-03-31": "0.00", "2019-12-31": "0.00", "2019-09-30": "0.00", "2019-06-30": "0.00", "2019-03-31": "0.00", "2018-12-31": "0.00", "2018-09-30": "0.00", "2018-06-30": "0.00", "2018-03-31": "0.00", "2017-12-31": "0.00", "2017-09-30": "0.00", "2017-06-30": "0.00", "2017-03-31": "0.00", "2016-12-31": "0.00", "2016-09-30": "0.00", "2016-06-30": "0.00", "2016-03-31": "0.00", "2015-12-31": "0.00", "2015-09-30": "0.00", "2015-06-30": "0.00", "2015-03-31": "0.00", "2014-12-31": "0.00", "2014-09-30": "0.00", "2014-06-30": "0.00", "2014-03-31": "0.00", "2013-12-31": "0.00", "2013-09-30": "0.00", "2013-06-30": "0.00", "2013-03-31": "0.00", "2012-12-31": "0.00", "2012-09-30": "0.00", "2012-06-30": "0.00", "2012-03-31": "0.00", "2011-12-31": "0.00", "2011-09-30": "0.00", "2011-06-30": "0.00", "2011-03-31": "0.00", "2010-12-31": "0.00", "2010-09-30": "0.00", "2010-06-30": "0.00", "2010-03-31": "0.00", "2009-12-31": "0.00", "2009-09-30": "0.00", "2009-06-30": "0.00", "2009-03-31": "0.00", "2008-12-31": "0.00", "2008-09-30": "0.00", "2008-06-30": "0.00", "2008-03-31": "0.00", "2007-12-31": "0.00", "2007-09-30": "0.00", "2007-06-30": "0.00", "2007-03-31": "0.00", "2006-12-31": "0.00", "2006-09-30": "0.00", "2006-06-30": "0.00", "2006-03-31": "0.00", "2005-12-31": "0.00", "2005-09-30": "0.00", "2005-06-30": "0.00", "2005-03-31": "0.00"}, "debt equity ratio": {"current": "0.19", "2020-09-30": "0.28", "2020-06-30": "0.24", "2020-03-31": "0.35", "2019-12-31": "0.13", "2019-09-30": "0.13", "2019-06-30": "0.13", "2019-03-31": "0.13", "2018-12-31": "0.10", "2018-09-30": "0.10", "2018-06-30": "0.10", "2018-03-31": "0.11", "2017-12-31": "0.08", "2017-09-30": "0.29", "2017-06-30": "0.29", "2017-03-31": "0.30", "2016-12-31": "0.32", "2016-09-30": "0.33", "2016-06-30": "0.33", "2016-03-31": "0.35", "2015-12-31": "0.35", "2015-09-30": "0.39", "2015-06-30": "0.38", "2015-03-31": "0.39", "2014-12-31": "0.37", "2014-09-30": "0.38", "2014-06-30": "0.39", "2014-03-31": "0.34", "2013-12-31": "0.36", "2013-09-30": "0.37", "2013-06-30": "0.38", "2013-03-31": "0.39", "2012-12-31": "0.41", "2012-09-30": "0.42", "2012-06-30": "0.42", "2012-03-31": "0.16", "2011-12-31": "0.17", "2011-09-30": "0.18", "2011-06-30": "0.17", "2011-03-31": "0.30", "2010-12-31": "0.15", "2010-09-30": "0.14", "2010-06-30": "0.13", "2010-03-31": "0.13", "2009-12-31": "0.13", "2009-09-30": "0.12", "2009-06-30": "0.09", "2009-03-31": "0.10", "2008-12-31": "0.10", "2008-09-30": "0.11", "2008-06-30": "0.12", "2008-03-31": "0.13", "2007-12-31": "0.14", "2007-09-30": "0.13", "2007-06-30": "0.13", "2007-03-31": "0.14", "2006-12-31": "0.10", "2006-09-30": "0.11", "2006-06-30": "0.11", "2006-03-31": "0.11", "2005-12-31": "0.10", "2005-09-30": "0.11", "2005-06-30": "0.09", "2005-03-31": "0.10"}, "return on equity": {"2020-09-30": "6.41%", "2020-06-30": "7.80%", "2020-03-31": "9.06%", "2019-12-31": "9.66%", "2019-09-30": "9.83%", "2019-06-30": "9.48%", "2019-03-31": "9.12%", "2018-12-31": "8.24%", "2018-09-30": "7.09%", "2018-06-30": "6.92%", "2018-03-31": "6.81%", "2017-12-31": "6.25%", "2017-09-30": "6.34%", "2017-06-30": "5.81%", "2017-03-31": "5.56%", "2016-12-31": "5.35%", "2016-09-30": "5.00%", "2016-06-30": "3.29%", "2016-03-31": "1.31%", "2015-12-31": "-0.20%", "2015-09-30": "-0.79%", "2015-06-30": "0.40%", "2015-03-31": "1.94%", "2014-12-31": "3.33%", "2014-09-30": "3.65%", "2014-06-30": "3.97%", "2014-03-31": "4.64%", "2013-12-31": "3.39%", "2013-09-30": "2.56%", "2013-06-30": "2.14%", "2013-03-31": "0.36%", "2012-12-31": "1.29%", "2012-09-30": "1.36%", "2012-06-30": "0.72%", "2012-03-31": "2.29%", "2011-12-31": "2.56%", "2011-09-30": "2.71%", "2011-06-30": "3.35%", "2011-03-31": "3.96%", "2010-12-31": "3.49%", "2010-09-30": "3.55%", "2010-06-30": "3.89%", "2010-03-31": "4.58%", "2009-12-31": "5.65%", "2009-09-30": "7.13%", "2009-06-30": "8.39%", "2009-03-31": "8.60%", "2008-12-31": "8.43%", "2008-09-30": "9.27%", "2008-06-30": "8.13%", "2008-03-31": "6.94%", "2007-12-31": "6.02%", "2007-09-30": "3.88%", "2007-06-30": "4.77%", "2007-03-31": "5.29%", "2006-12-31": "5.43%", "2006-09-30": "5.14%", "2006-06-30": "3.51%", "2006-03-31": "3.15%", "2005-12-31": "2.75%"}, "return on assets": {"2020-09-30": "5.12%", "2020-06-30": "6.41%", "2020-03-31": "7.63%", "2019-12-31": "8.55%", "2019-09-30": "8.76%", "2019-06-30": "8.50%", "2019-03-31": "8.25%", "2018-12-31": "7.51%", "2018-09-30": "6.47%", "2018-06-30": "6.12%", "2018-03-31": "5.81%", "2017-12-31": "5.10%", "2017-09-30": "4.86%", "2017-06-30": "4.43%", "2017-03-31": "4.21%", "2016-12-31": "4.02%", "2016-09-30": "3.74%", "2016-06-30": "2.43%", "2016-03-31": "0.96%", "2015-12-31": "-0.14%", "2015-09-30": "-0.58%", "2015-06-30": "0.29%", "2015-03-31": "1.40%", "2014-12-31": "2.42%", "2014-09-30": "2.66%", "2014-06-30": "2.91%", "2014-03-31": "3.41%", "2013-12-31": "2.47%", "2013-09-30": "1.84%", "2013-06-30": "1.53%", "2013-03-31": "0.26%", "2012-12-31": "0.94%", "2012-09-30": "1.04%", "2012-06-30": "0.58%", "2012-03-31": "1.96%", "2011-12-31": "2.14%", "2011-09-30": "2.27%", "2011-06-30": "2.81%", "2011-03-31": "3.35%", "2010-12-31": "3.08%", "2010-09-30": "3.14%", "2010-06-30": "3.46%", "2010-03-31": "4.11%", "2009-12-31": "5.09%", "2009-09-30": "6.47%", "2009-06-30": "7.62%", "2009-03-31": "7.76%", "2008-12-31": "7.56%", "2008-09-30": "8.24%", "2008-06-30": "7.20%", "2008-03-31": "6.13%", "2007-12-31": "5.30%", "2007-09-30": "3.45%", "2007-06-30": "4.26%", "2007-03-31": "4.75%", "2006-12-31": "4.91%", "2006-09-30": "4.65%", "2006-06-30": "3.17%", "2006-03-31": "2.85%", "2005-12-31": "2.49%"}, "return on investments": {"2020-09-30": "8.13%", "2020-06-30": "13.84%", "2020-03-31": "32.89%", "2019-12-31": "inf%", "2019-09-30": "inf%", "2019-06-30": "inf%", "2019-03-31": "inf%", "2018-12-31": "inf%", "2018-09-30": "inf%", "2018-06-30": "40.57%", "2018-03-31": "18.85%", "2017-12-31": "11.64%", "2017-09-30": "8.58%", "2017-06-30": "7.77%", "2017-03-31": "7.86%", "2016-12-31": "7.53%", "2016-09-30": "7.03%", "2016-06-30": "4.98%", "2016-03-31": "2.45%", "2015-12-31": "0.64%", "2015-09-30": "-0.05%", "2015-06-30": "1.18%", "2015-03-31": "3.17%", "2014-12-31": "4.83%", "2014-09-30": "5.43%", "2014-06-30": "6.09%", "2014-03-31": "7.13%", "2013-12-31": "5.27%", "2013-09-30": "4.18%", "2013-06-30": "3.13%", "2013-03-31": "1.63%", "2012-12-31": "3.84%", "2012-09-30": "5.37%", "2012-06-30": "8.30%", "2012-03-31": "inf%", "2011-12-31": "inf%", "2011-09-30": "inf%", "2011-06-30": "inf%", "2011-03-31": "inf%", "2010-12-31": "inf%", "2010-09-30": "inf%", "2010-06-30": "inf%", "2010-03-31": "inf%", "2009-12-31": "inf%", "2009-09-30": "inf%", "2009-06-30": "inf%", "2009-03-31": "inf%", "2008-12-31": "inf%", "2008-09-30": "inf%", "2008-06-30": "inf%", "2008-03-31": "inf%", "2007-12-31": "inf%", "2007-09-30": "inf%", "2007-06-30": "inf%", "2007-03-31": "inf%", "2006-12-31": "inf%", "2006-09-30": "inf%", "2006-06-30": "inf%", "2006-03-31": "inf%", "2005-12-31": "inf%"}, "return on tangible equity": {"2020-09-30": "14.03%", "2020-06-30": "18.49%", "2020-03-31": "24.11%", "2019-12-31": "24.80%", "2019-09-30": "24.40%", "2019-06-30": "24.41%", "2019-03-31": "24.42%", "2018-12-31": "23.03%", "2018-09-30": "18.88%", "2018-06-30": "20.41%", "2018-03-31": "22.97%", "2017-12-31": "25.15%", "2017-09-30": "45.09%", "2017-06-30": "47.03%", "2017-03-31": "52.15%", "2016-12-31": "61.87%", "2016-09-30": "77.83%", "2016-06-30": "78.46%", "2016-03-31": "55.17%", "2015-12-31": "-5.74%", "2015-09-30": "-16.61%", "2015-06-30": "6.40%", "2015-03-31": "26.67%", "2014-12-31": "50.28%", "2014-09-30": "60.69%", "2014-06-30": "74.67%", "2014-03-31": "103.70%", "2013-12-31": "206.90%", "2013-09-30": "-127.54%", "2013-06-30": "-40.22%", "2013-03-31": "-4.40%", "2012-12-31": "12.82%", "2012-09-30": "4.34%", "2012-06-30": "1.29%", "2012-03-31": "2.72%", "2011-12-31": "3.09%", "2011-09-30": "3.34%", "2011-06-30": "4.29%", "2011-03-31": "5.37%", "2010-12-31": "4.78%", "2010-09-30": "4.90%", "2010-06-30": "5.37%", "2010-03-31": "6.23%", "2009-12-31": "7.54%", "2009-09-30": "9.33%", "2009-06-30": "10.97%", "2009-03-31": "11.50%", "2008-12-31": "11.60%", "2008-09-30": "13.12%", "2008-06-30": "11.81%", "2008-03-31": "10.28%", "2007-12-31": "9.14%", "2007-09-30": "5.83%", "2007-06-30": "7.00%", "2007-03-31": "7.57%", "2006-12-31": "7.55%", "2006-09-30": "7.20%", "2006-06-30": "4.98%", "2006-03-31": "4.53%", "2005-12-31": "4.03%"}, "dividend yield history": {"last payout": "$0.00", "last yield": "0.00%"}}