{"ticker": "COST", "price": {"title": "Costco Historical Annual Stock Price Data", "value": 355.17, "historical": {"2021": {"Average Stock Price": "362.0283", "Year Open": "380.1500", "Year High": "380.1500", "Year Low": "350.5200", "Year Close": "355.1700", "Annual % Change": "-5.74%"}, "2020": {"Average Stock Price": "329.6008", "Year Open": "291.4900", "Year High": "391.7700", "Year Low": "279.8500", "Year Close": "376.7800", "Annual % Change": "28.19%"}, "2019": {"Average Stock Price": "262.1953", "Year Open": "204.7600", "Year High": "305.2100", "Year Low": "200.4200", "Year Close": "293.9200", "Annual % Change": "44.28%"}, "2018": {"Average Stock Price": "208.8144", "Year Open": "188.3200", "Year High": "244.2100", "Year Low": "178.6100", "Year Close": "203.7100", "Annual % Change": "9.45%"}, "2017": {"Average Stock Price": "167.4075", "Year Open": "159.7300", "Year High": "192.7300", "Year Low": "150.4400", "Year Close": "186.1200", "Annual % Change": "16.25%"}, "2016": {"Average Stock Price": "154.3535", "Year Open": "159.5400", "Year High": "169.0400", "Year Low": "141.2900", "Year Close": "160.1100", "Annual % Change": "-0.86%"}, "2015": {"Average Stock Price": "147.8352", "Year Open": "141.6100", "Year High": "168.8700", "Year Low": "132.7100", "Year Close": "161.5000", "Annual % Change": "13.93%"}, "2014": {"Average Stock Price": "121.5830", "Year Open": "117.8100", "Year High": "144.1500", "Year Low": "110.1800", "Year Close": "141.7500", "Annual % Change": "19.10%"}, "2013": {"Average Stock Price": "111.7984", "Year Open": "101.4500", "Year High": "125.4300", "Year Low": "99.4500", "Year Close": "119.0200", "Annual % Change": "20.55%"}, "2012": {"Average Stock Price": "92.0556", "Year Open": "84.6000", "Year High": "105.9483", "Year Low": "79.0100", "Year Close": "98.7300", "Annual % Change": "18.49%"}, "2011": {"Average Stock Price": "78.7433", "Year Open": "72.4700", "Year High": "88.0600", "Year Low": "69.7600", "Year Close": "83.3200", "Annual % Change": "15.39%"}, "2010": {"Average Stock Price": "60.6698", "Year Open": "59.4100", "Year High": "72.8500", "Year Low": "53.6100", "Year Close": "72.2100", "Annual % Change": "22.04%"}, "2009": {"Average Stock Price": "50.5702", "Year Open": "53.3500", "Year High": "61.1200", "Year Low": "38.4400", "Year Close": "59.1700", "Annual % Change": "12.70%"}, "2008": {"Average Stock Price": "63.8835", "Year Open": "68.1400", "Year High": "74.6600", "Year Low": "44.9900", "Year Close": "52.5000", "Annual % Change": "-24.74%"}, "2007": {"Average Stock Price": "59.6883", "Year Open": "52.8400", "Year High": "71.8300", "Year Low": "52.5300", "Year Close": "69.7600", "Annual % Change": "31.95%"}, "2006": {"Average Stock Price": "52.6214", "Year Open": "49.9200", "Year High": "57.5800", "Year Low": "46.7900", "Year Close": "52.8700", "Annual % Change": "6.87%"}, "2005": {"Average Stock Price": "45.7363", "Year Open": "47.9000", "Year High": "50.7500", "Year Low": "40.1700", "Year Close": "49.4700", "Annual % Change": "2.19%"}, "2004": {"Average Stock Price": "41.2224", "Year Open": "36.3200", "Year High": "49.7400", "Year Low": "35.5400", "Year Close": "48.4100", "Annual % Change": "30.20%"}, "2003": {"Average Stock Price": "33.1767", "Year Open": "29.0100", "Year High": "37.4300", "Year Low": "28.0800", "Year Close": "37.1800", "Annual % Change": "32.50%"}, "2002": {"Average Stock Price": "37.2982", "Year Open": "44.4500", "Year High": "46.3200", "Year Low": "27.2400", "Year Close": "28.0600", "Annual % Change": "-36.77%"}, "2001": {"Average Stock Price": "39.7065", "Year Open": "41.1900", "Year High": "46.2500", "Year Low": "31.2200", "Year Close": "44.3800", "Annual % Change": "11.12%"}, "2000": {"Average Stock Price": "40.3094", "Year Open": "44.5000", "Year High": "58.4400", "Year Low": "30.0000", "Year Close": "39.9400", "Annual % Change": "-12.46%"}, "1999": {"Average Stock Price": "40.2783", "Year Open": "35.7500", "Year High": "49.3450", "Year Low": "33.0650", "Year Close": "45.6250", "Annual % Change": "26.40%"}, "1998": {"Average Stock Price": "27.6992", "Year Open": "22.0000", "Year High": "37.4400", "Year Low": "21.0650", "Year Close": "36.0950", "Annual % Change": "61.75%"}, "1997": {"Average Stock Price": "16.8497", "Year Open": "12.1850", "Year High": "22.4700", "Year Low": "12.0600", "Year Close": "22.3150", "Annual % Change": "77.67%"}, "1996": {"Average Stock Price": "9.9175", "Year Open": "7.6900", "Year High": "12.8100", "Year Low": "7.3750", "Year Close": "12.5600", "Annual % Change": "64.72%"}, "1995": {"Average Stock Price": "7.7772", "Year Open": "6.4400", "Year High": "9.2500", "Year Low": "6.1250", "Year Close": "7.6250", "Annual % Change": "18.40%"}, "1994": {"Average Stock Price": "7.9474", "Year Open": "9.5600", "Year High": "10.5600", "Year Low": "6.3150", "Year Close": "6.4400", "Annual % Change": "-33.09%"}, "1993": {"Average Stock Price": "8.2595", "Year Open": "8.4733", "Year High": "10.5000", "Year Low": "6.6839", "Year Close": "9.6250", "Annual % Change": "13.22%"}, "1992": {"Average Stock Price": "8.8955", "Year Open": "11.7261", "Year High": "12.7228", "Year Low": "7.0356", "Year Close": "8.5014", "Annual % Change": "-27.86%"}, "1991": {"Average Stock Price": "12.2864", "Year Open": "9.0877", "Year High": "15.0094", "Year Low": "8.8532", "Year Close": "11.7847", "Annual % Change": "28.02%"}, "1990": {"Average Stock Price": "8.6434", "Year Open": "10.9053", "Year High": "11.2570", "Year Low": "6.3907", "Year Close": "9.2050", "Annual % Change": "-15.13%"}, "1989": {"Average Stock Price": "9.8315", "Year Open": "8.6773", "Year High": "11.5502", "Year Low": "8.2669", "Year Close": "10.8466", "Annual % Change": "23.33%"}, "1988": {"Average Stock Price": "8.8107", "Year Open": "7.8565", "Year High": "9.7913", "Year Low": "7.4461", "Year Close": "8.7946", "Annual % Change": "14.50%"}, "1987": {"Average Stock Price": "9.7187", "Year Open": "7.8283", "Year High": "12.0779", "Year Low": "5.6567", "Year Close": "7.6806", "Annual % Change": "0.00%"}}}, "market cap": {"value": "$157.32B"}, "income statement": {"Revenue": {"2020-08-31": "166761.00000", "2019-08-31": "152703.00000", "2018-08-31": "141576.00000", "2017-08-31": "129025.00000", "2016-08-31": "118719.00000", "2015-08-31": "116199.00000", "2014-08-31": "112640.00000", "2013-08-31": "105156.00000", "2012-08-31": "99137.00000", "2011-08-31": "88915.00000", "2010-08-31": "77946.00000", "2009-08-31": "71422.00000", "2008-08-31": "72483.00000", "2007-08-31": "64401.00000", "2006-08-31": "60151.23000", "2005-08-31": "52952.23000"}, "Cost Of Goods Sold": {"2020-08-31": "144939.00000", "2019-08-31": "132886.00000", "2018-08-31": "123152.00000", "2017-08-31": "111882.00000", "2016-08-31": "102901.00000", "2015-08-31": "101065.00000", "2014-08-31": "98458.00000", "2013-08-31": "91948.00000", "2012-08-31": "86823.00000", "2011-08-31": "77739.00000", "2010-08-31": "67995.00000", "2009-08-31": "62335.00000", "2008-08-31": "63503.00000", "2007-08-31": "56450.00000", "2006-08-31": "52745.50000", "2005-08-31": "46346.96000"}, "Gross Profit": {"2020-08-31": "21822.00000", "2019-08-31": "19817.00000", "2018-08-31": "18424.00000", "2017-08-31": "17143.00000", "2016-08-31": "15818.00000", "2015-08-31": "15134.00000", "2014-08-31": "14182.00000", "2013-08-31": "13208.00000", "2012-08-31": "12314.00000", "2011-08-31": "11176.00000", "2010-08-31": "9951.00000", "2009-08-31": "9087.00000", "2008-08-31": "8980.00000", "2007-08-31": "7951.00000", "2006-08-31": "7405.73000", "2005-08-31": "6605.26600"}, "Research And Development Expenses": {"2020-08-31": "", "2019-08-31": "", "2018-08-31": "", "2017-08-31": "", "2016-08-31": "", "2015-08-31": "", "2014-08-31": "", "2013-08-31": "", "2012-08-31": "", "2011-08-31": "", "2010-08-31": "", "2009-08-31": "", "2008-08-31": "", "2007-08-31": "", "2006-08-31": "", "2005-08-31": ""}, "SG&A Expenses": {"2020-08-31": "16332.00000", "2019-08-31": "14994.00000", "2018-08-31": "13876.00000", "2017-08-31": "12950.00000", "2016-08-31": "12068.00000", "2015-08-31": "11445.00000", "2014-08-31": "10899.00000", "2013-08-31": "10104.00000", "2012-08-31": "9518.00000", "2011-08-31": "8691.00000", "2010-08-31": "7848.00000", "2009-08-31": "7252.00000", "2008-08-31": "6954.00000", "2007-08-31": "6273.00000", "2006-08-31": "5732.14100", "2005-08-31": "5061.33900"}, "Other Operating Income Or Expenses": {"2020-08-31": "-55.00000", "2019-08-31": "-86.00000", "2018-08-31": "-68.00000", "2017-08-31": "-82.00000", "2016-08-31": "-78.00000", "2015-08-31": "-65.00000", "2014-08-31": "-63.00000", "2013-08-31": "-51.00000", "2012-08-31": "-37.00000", "2011-08-31": "-46.00000", "2010-08-31": "-26.00000", "2009-08-31": "-58.00000", "2008-08-31": "-57.00000", "2007-08-31": "-69.00000", "2006-08-31": "-47.95700", "2005-08-31": "-69.62300"}, "Operating Expenses": {"2020-08-31": "161326.00000", "2019-08-31": "147966.00000", "2018-08-31": "137096.00000", "2017-08-31": "124914.00000", "2016-08-31": "115047.00000", "2015-08-31": "112575.00000", "2014-08-31": "109420.00000", "2013-08-31": "102103.00000", "2012-08-31": "96378.00000", "2011-08-31": "86476.00000", "2010-08-31": "75869.00000", "2009-08-31": "69645.00000", "2008-08-31": "70514.00000", "2007-08-31": "62792.00000", "2006-08-31": "58525.59000", "2005-08-31": "51477.92000"}, "Operating Income": {"2020-08-31": "5435.00000", "2019-08-31": "4737.00000", "2018-08-31": "4480.00000", "2017-08-31": "4111.00000", "2016-08-31": "3672.00000", "2015-08-31": "3624.00000", "2014-08-31": "3220.00000", "2013-08-31": "3053.00000", "2012-08-31": "2759.00000", "2011-08-31": "2439.00000", "2010-08-31": "2077.00000", "2009-08-31": "1777.00000", "2008-08-31": "1969.00000", "2007-08-31": "1609.00000", "2006-08-31": "1625.63300", "2005-08-31": "1474.30500"}, "Total Non-Operating Income/Expense": {"2020-08-31": "-68.00000", "2019-08-31": "28.00000", "2018-08-31": "-38.00000", "2017-08-31": "-72.00000", "2016-08-31": "-53.00000", "2015-08-31": "-20.00000", "2014-08-31": "-23.00000", "2013-08-31": "-2.00000", "2012-08-31": "8.00000", "2011-08-31": "-56.00000", "2010-08-31": "-23.00000", "2009-08-31": "-50.00000", "2008-08-31": "42.00000", "2007-08-31": "101.00000", "2006-08-31": "125.78500", "2005-08-31": "74.65900"}, "Pre-Tax Income": {"2020-08-31": "5367.00000", "2019-08-31": "4765.00000", "2018-08-31": "4442.00000", "2017-08-31": "4039.00000", "2016-08-31": "3619.00000", "2015-08-31": "3604.00000", "2014-08-31": "3197.00000", "2013-08-31": "3051.00000", "2012-08-31": "2767.00000", "2011-08-31": "2383.00000", "2010-08-31": "2054.00000", "2009-08-31": "1727.00000", "2008-08-31": "2011.00000", "2007-08-31": "1710.00000", "2006-08-31": "1751.41700", "2005-08-31": "1548.96200"}, "Income Taxes": {"2020-08-31": "1308.00000", "2019-08-31": "1061.00000", "2018-08-31": "1263.00000", "2017-08-31": "1325.00000", "2016-08-31": "1243.00000", "2015-08-31": "1195.00000", "2014-08-31": "1109.00000", "2013-08-31": "990.00000", "2012-08-31": "1000.00000", "2011-08-31": "841.00000", "2010-08-31": "731.00000", "2009-08-31": "628.00000", "2008-08-31": "716.00000", "2007-08-31": "627.00000", "2006-08-31": "648.20200", "2005-08-31": "485.87000"}, "Income After Taxes": {"2020-08-31": "4059.00000", "2019-08-31": "3704.00000", "2018-08-31": "3179.00000", "2017-08-31": "2714.00000", "2016-08-31": "2376.00000", "2015-08-31": "2409.00000", "2014-08-31": "2088.00000", "2013-08-31": "2061.00000", "2012-08-31": "1767.00000", "2011-08-31": "1542.00000", "2010-08-31": "1323.00000", "2009-08-31": "1099.00000", "2008-08-31": "1295.00000", "2007-08-31": "1083.00000", "2006-08-31": "1103.21500", "2005-08-31": "1063.09200"}, "Other Income": {"2020-08-31": "", "2019-08-31": "", "2018-08-31": "", "2017-08-31": "", "2016-08-31": "", "2015-08-31": "", "2014-08-31": "", "2013-08-31": "", "2012-08-31": "", "2011-08-31": "", "2010-08-31": "", "2009-08-31": "", "2008-08-31": "", "2007-08-31": "", "2006-08-31": "", "2005-08-31": ""}, "Income From Continuous Operations": {"2020-08-31": "4059.00000", "2019-08-31": "3704.00000", "2018-08-31": "3179.00000", "2017-08-31": "2714.00000", "2016-08-31": "2376.00000", "2015-08-31": "2409.00000", "2014-08-31": "2088.00000", "2013-08-31": "2061.00000", "2012-08-31": "1767.00000", "2011-08-31": "1542.00000", "2010-08-31": "1323.00000", "2009-08-31": "1099.00000", "2008-08-31": "1295.00000", "2007-08-31": "1083.00000", "2006-08-31": "1103.21500", "2005-08-31": "1063.09200"}, "Income From Discontinued Operations": {"2020-08-31": "", "2019-08-31": "", "2018-08-31": "", "2017-08-31": "", "2016-08-31": "", "2015-08-31": "", "2014-08-31": "", "2013-08-31": "", "2012-08-31": "", "2011-08-31": "", "2010-08-31": "", "2009-08-31": "", "2008-08-31": "", "2007-08-31": "", "2006-08-31": "", "2005-08-31": ""}, "Net Income": {"2020-08-31": "4002.00000", "2019-08-31": "3659.00000", "2018-08-31": "3134.00000", "2017-08-31": "2679.00000", "2016-08-31": "2350.00000", "2015-08-31": "2377.00000", "2014-08-31": "2058.00000", "2013-08-31": "2039.00000", "2012-08-31": "1709.00000", "2011-08-31": "1462.00000", "2010-08-31": "1303.00000", "2009-08-31": "1086.00000", "2008-08-31": "1283.00000", "2007-08-31": "1083.00000", "2006-08-31": "1103.21500", "2005-08-31": "1063.09200"}, "EBITDA": {"2020-08-31": "7080.00000", "2019-08-31": "6229.00000", "2018-08-31": "5917.00000", "2017-08-31": "5481.00000", "2016-08-31": "4927.00000", "2015-08-31": "4751.00000", "2014-08-31": "4249.00000", "2013-08-31": "3999.00000", "2012-08-31": "3667.00000", "2011-08-31": "3294.00000", "2010-08-31": "2872.00000", "2009-08-31": "2505.00000", "2008-08-31": "2622.00000", "2007-08-31": "2178.00000", "2006-08-31": "2145.74600", "2005-08-31": "1967.99800"}, "EBIT": {"2020-08-31": "5435.00000", "2019-08-31": "4737.00000", "2018-08-31": "4480.00000", "2017-08-31": "4111.00000", "2016-08-31": "3672.00000", "2015-08-31": "3624.00000", "2014-08-31": "3220.00000", "2013-08-31": "3053.00000", "2012-08-31": "2759.00000", "2011-08-31": "2439.00000", "2010-08-31": "2077.00000", "2009-08-31": "1777.00000", "2008-08-31": "1969.00000", "2007-08-31": "1609.00000", "2006-08-31": "1625.63300", "2005-08-31": "1474.30500"}, "Basic Shares Outstanding": {"2020-08-31": "442.29700", "2019-08-31": "439.75500", "2018-08-31": "438.51500", "2017-08-31": "438.43700", "2016-08-31": "438.58500", "2015-08-31": "439.45500", "2014-08-31": "438.69300", "2013-08-31": "435.74100", "2012-08-31": "433.62000", "2011-08-31": "436.11900", "2010-08-31": "438.61100", "2009-08-31": "433.98800", "2008-08-31": "434.44200", "2007-08-31": "447.65900", "2006-08-31": "469.71800", "2005-08-31": "473.94500"}, "Shares Outstanding": {"2020-08-31": "443.90100", "2019-08-31": "442.92300", "2018-08-31": "441.83400", "2017-08-31": "440.93700", "2016-08-31": "441.26300", "2015-08-31": "442.71600", "2014-08-31": "442.48500", "2013-08-31": "440.51200", "2012-08-31": "439.37300", "2011-08-31": "443.09400", "2010-08-31": "445.97000", "2009-08-31": "440.45400", "2008-08-31": "444.24000", "2007-08-31": "457.64100", "2006-08-31": "480.34100", "2005-08-31": "492.03500"}, "Basic EPS": {"2020-08-31": "9.05000", "2019-08-31": "8.32000", "2018-08-31": "7.15000", "2017-08-31": "6.11000", "2016-08-31": "5.36000", "2015-08-31": "5.41000", "2014-08-31": "4.69000", "2013-08-31": "4.68000", "2012-08-31": "3.94000", "2011-08-31": "3.35000", "2010-08-31": "2.97000", "2009-08-31": "2.50000", "2008-08-31": "2.95000", "2007-08-31": "2.42000", "2006-08-31": "2.35000", "2005-08-31": "2.24000"}, "EPS - Earnings Per Share": {"2020-08-31": "9.02000", "2019-08-31": "8.26000", "2018-08-31": "7.09000", "2017-08-31": "6.08000", "2016-08-31": "5.33000", "2015-08-31": "5.37000", "2014-08-31": "4.65000", "2013-08-31": "4.63000", "2012-08-31": "3.89000", "2011-08-31": "3.30000", "2010-08-31": "2.92000", "2009-08-31": "2.47000", "2008-08-31": "2.89000", "2007-08-31": "2.37000", "2006-08-31": "2.30000", "2005-08-31": "2.18000"}}, "income statement, quarterly": {"Revenue": {"2020-11-30": "43208.00000", "2020-08-31": "53383.00000", "2020-05-31": "37266.00000", "2020-02-29": "39072.00000", "2019-11-30": "37040.00000", "2019-08-31": "47498.00000", "2019-05-31": "34740.00000", "2019-02-28": "35396.00000", "2018-11-30": "35069.00000", "2018-08-31": "44411.00000", "2018-05-31": "32361.00000", "2018-02-28": "32995.00000", "2017-11-30": "31809.00000", "2017-08-31": "42300.00000", "2017-05-31": "28860.00000", "2017-02-28": "29766.00000", "2016-11-30": "28099.00000", "2016-08-31": "36560.00000", "2016-05-31": "26769.00000", "2016-02-29": "28170.00000", "2015-11-30": "27220.00000", "2015-08-31": "35778.00000", "2015-05-31": "26101.00000", "2015-02-28": "27454.00000", "2014-11-30": "26866.00000", "2014-08-31": "35523.00000", "2014-05-31": "25794.00000", "2014-02-28": "26306.00000", "2013-11-30": "25017.00000", "2013-08-31": "32487.00000", "2013-05-31": "24083.00000", "2013-02-28": "24871.00000", "2012-11-30": "23715.00000", "2012-08-31": "32218.00000", "2012-05-31": "22324.00000", "2012-02-29": "22967.00000", "2011-11-30": "21628.00000", "2011-08-31": "28178.00000", "2011-05-31": "20623.00000", "2011-02-28": "20875.00000", "2010-11-30": "19239.00000", "2010-08-31": "24125.00000", "2010-05-31": "17780.00000", "2010-02-28": "18742.00000", "2009-11-30": "17299.00000", "2009-08-31": "22378.00000", "2009-05-31": "15806.00000", "2009-02-28": "16843.00000", "2008-11-30": "16395.00000", "2008-08-31": "23100.00000", "2008-05-31": "16614.00000", "2008-02-29": "16959.00000", "2007-11-30": "15810.00000", "2007-08-31": "20478.11000", "2007-05-31": "14659.25000", "2007-02-28": "15112.02000", "2006-11-30": "14151.62000", "2006-08-31": "19875.22000", "2006-05-31": "13283.65000", "2006-02-28": "14059.01000", "2005-11-30": "12933.35000", "2005-08-31": "16719.25000", "2005-05-31": "11996.90000", "2005-02-28": "12658.08000"}, "Cost Of Goods Sold": {"2020-11-30": "37458.00000", "2020-08-31": "46401.00000", "2020-05-31": "32249.00000", "2020-02-29": "34056.00000", "2019-11-30": "32233.00000", "2019-08-31": "41310.00000", "2019-05-31": "30233.00000", "2019-02-28": "30720.00000", "2018-11-30": "30623.00000", "2018-08-31": "38671.00000", "2018-05-31": "28131.00000", "2018-02-28": "28733.00000", "2017-11-30": "27617.00000", "2017-08-31": "36697.00000", "2017-05-31": "24970.00000", "2017-02-28": "25927.00000", "2016-11-30": "24288.00000", "2016-08-31": "31649.00000", "2016-05-31": "23162.00000", "2016-02-29": "24469.00000", "2015-11-30": "23621.00000", "2015-08-31": "31096.00000", "2015-05-31": "22687.00000", "2015-02-28": "23897.00000", "2014-11-30": "23385.00000", "2014-08-31": "31037.00000", "2014-05-31": "22554.00000", "2014-02-28": "23043.00000", "2013-11-30": "21824.00000", "2013-08-31": "28418.00000", "2013-05-31": "21038.00000", "2013-02-28": "21766.00000", "2012-11-30": "20726.00000", "2012-08-31": "28210.00000", "2012-05-31": "19543.00000", "2012-02-29": "20139.00000", "2011-11-30": "18931.00000", "2011-08-31": "24680.00000", "2011-05-31": "18067.00000", "2011-02-28": "18235.00000", "2010-11-30": "16757.00000", "2010-08-31": "21024.00000", "2010-05-31": "15494.00000", "2010-02-28": "16396.00000", "2009-11-30": "15081.00000", "2009-08-31": "19512.00000", "2009-05-31": "13776.00000", "2009-02-28": "14771.00000", "2008-11-30": "14276.00000", "2008-08-31": "20298.00000", "2008-05-31": "14548.00000", "2008-02-29": "14833.00000", "2007-11-30": "13824.00000", "2007-08-31": "17931.70000", "2007-05-31": "12877.59000", "2007-02-28": "13251.75000", "2006-11-30": "12388.96000", "2006-08-31": "17476.43000", "2006-05-31": "11635.05000", "2006-02-28": "12303.85000", "2005-11-30": "11330.17000", "2005-08-31": "14654.75000", "2005-05-31": "10503.66000", "2005-02-28": "11056.06000"}, "Gross Profit": {"2020-11-30": "5750.00000", "2020-08-31": "6982.00000", "2020-05-31": "5017.00000", "2020-02-29": "5016.00000", "2019-11-30": "4807.00000", "2019-08-31": "6188.00000", "2019-05-31": "4507.00000", "2019-02-28": "4676.00000", "2018-11-30": "4446.00000", "2018-08-31": "5740.00000", "2018-05-31": "4230.00000", "2018-02-28": "4262.00000", "2017-11-30": "4192.00000", "2017-08-31": "5603.00000", "2017-05-31": "3890.00000", "2017-02-28": "3839.00000", "2016-11-30": "3811.00000", "2016-08-31": "4911.00000", "2016-05-31": "3607.00000", "2016-02-29": "3701.00000", "2015-11-30": "3599.00000", "2015-08-31": "4682.00000", "2015-05-31": "3414.00000", "2015-02-28": "3557.00000", "2014-11-30": "3481.00000", "2014-08-31": "4486.00000", "2014-05-31": "3240.00000", "2014-02-28": "3263.00000", "2013-11-30": "3193.00000", "2013-08-31": "4069.00000", "2013-05-31": "3045.00000", "2013-02-28": "3105.00000", "2012-11-30": "2989.00000", "2012-08-31": "4008.00000", "2012-05-31": "2781.00000", "2012-02-29": "2828.00000", "2011-11-30": "2697.00000", "2011-08-31": "3498.00000", "2011-05-31": "2556.00000", "2011-02-28": "2640.00000", "2010-11-30": "2482.00000", "2010-08-31": "3101.00000", "2010-05-31": "2286.00000", "2010-02-28": "2346.00000", "2009-11-30": "2218.00000", "2009-08-31": "2866.00000", "2009-05-31": "2030.00000", "2009-02-28": "2072.00000", "2008-11-30": "2119.00000", "2008-08-31": "2802.00000", "2008-05-31": "2066.00000", "2008-02-29": "2126.00000", "2007-11-30": "1986.00000", "2007-08-31": "2546.40200", "2007-05-31": "1781.66800", "2007-02-28": "1860.26400", "2006-11-30": "1762.66600", "2006-08-31": "2398.79500", "2006-05-31": "1648.59700", "2006-02-28": "1755.16200", "2005-11-30": "1603.17500", "2005-08-31": "2064.49700", "2005-05-31": "1493.23900", "2005-02-28": "1602.01300"}, "Research And Development Expenses": {"2020-11-30": "", "2020-08-31": "", "2020-05-31": "", "2020-02-29": "", "2019-11-30": "", "2019-08-31": "", "2019-05-31": "", "2019-02-28": "", "2018-11-30": "", "2018-08-31": "", "2018-05-31": "", "2018-02-28": "", "2017-11-30": "", "2017-08-31": "", "2017-05-31": "", "2017-02-28": "", "2016-11-30": "", "2016-08-31": "", "2016-05-31": "", "2016-02-29": "", "2015-11-30": "", "2015-08-31": "", "2015-05-31": "", "2015-02-28": "", "2014-11-30": "", "2014-08-31": "", "2014-05-31": "", "2014-02-28": "", "2013-11-30": "", "2013-08-31": "", "2013-05-31": "", "2013-02-28": "", "2012-11-30": "", "2012-08-31": "", "2012-05-31": "", "2012-02-29": "", "2011-11-30": "", "2011-08-31": "", "2011-05-31": "", "2011-02-28": "", "2010-11-30": "", "2010-08-31": "", "2010-05-31": "", "2010-02-28": "", "2009-11-30": "", "2009-08-31": "", "2009-05-31": "", "2009-02-28": "", "2008-11-30": "", "2008-08-31": "", "2008-05-31": "", "2008-02-29": "", "2007-11-30": "", "2007-08-31": "", "2007-05-31": "", "2007-02-28": "", "2006-11-30": "", "2006-08-31": "", "2006-05-31": "", "2006-02-28": "", "2005-11-30": "", "2005-08-31": "", "2005-05-31": "", "2005-02-28": ""}, "SG&A Expenses": {"2020-11-30": "4298.00000", "2020-08-31": "5027.00000", "2020-05-31": "3830.00000", "2020-02-29": "3743.00000", "2019-11-30": "3732.00000", "2019-08-31": "4684.00000", "2019-05-31": "3371.00000", "2019-02-28": "3464.00000", "2018-11-30": "3475.00000", "2018-08-31": "4263.00000", "2018-05-31": "3155.00000", "2018-02-28": "3234.00000", "2017-11-30": "3224.00000", "2017-08-31": "4123.00000", "2017-05-31": "2907.00000", "2017-02-28": "2980.00000", "2016-11-30": "2940.00000", "2016-08-31": "3696.00000", "2016-05-31": "2731.00000", "2016-02-29": "2835.00000", "2015-11-30": "2806.00000", "2015-08-31": "3499.00000", "2015-05-31": "2579.00000", "2015-02-28": "2671.00000", "2014-11-30": "2696.00000", "2014-08-31": "3380.00000", "2014-05-31": "2487.00000", "2014-02-28": "2531.00000", "2013-11-30": "2501.00000", "2013-08-31": "3098.00000", "2013-05-31": "2313.00000", "2013-02-28": "2361.00000", "2012-11-30": "2332.00000", "2012-08-31": "3044.00000", "2012-05-31": "2152.00000", "2012-02-29": "2178.00000", "2011-11-30": "2144.00000", "2011-08-31": "2721.00000", "2011-05-31": "1991.00000", "2011-02-28": "2038.00000", "2010-11-30": "1941.00000", "2010-08-31": "2409.00000", "2010-05-31": "1789.00000", "2010-02-28": "1873.00000", "2009-11-30": "1777.00000", "2009-08-31": "2254.00000", "2009-05-31": "1655.00000", "2009-02-28": "1666.00000", "2008-11-30": "1677.00000", "2008-08-31": "2187.00000", "2008-05-31": "1582.00000", "2008-02-29": "1615.00000", "2007-11-30": "1570.00000", "2007-08-31": "1969.89200", "2007-05-31": "1432.65000", "2007-02-28": "1487.99100", "2006-11-30": "1382.46700", "2006-08-31": "1867.96900", "2006-05-31": "1282.27600", "2006-02-28": "1317.80400", "2005-11-30": "1264.09200", "2005-08-31": "1579.90600", "2005-05-31": "1164.62500", "2005-02-28": "1185.12200"}, "Other Operating Income Or Expenses": {"2020-11-30": "-22.00000", "2020-08-31": "-26.00000", "2020-05-31": "-8.00000", "2020-02-29": "-7.00000", "2019-11-30": "-14.00000", "2019-08-31": "-41.00000", "2019-05-31": "-14.00000", "2019-02-28": "-9.00000", "2018-11-30": "-22.00000", "2018-08-31": "-31.00000", "2018-05-31": "-8.00000", "2018-02-28": "-12.00000", "2017-11-30": "-17.00000", "2017-08-31": "-30.00000", "2017-05-31": "-15.00000", "2017-02-28": "-15.00000", "2016-11-30": "-22.00000", "2016-08-31": "-24.00000", "2016-05-31": "-18.00000", "2016-02-29": "-10.00000", "2015-11-30": "-26.00000", "2015-08-31": "-27.00000", "2015-05-31": "-14.00000", "2015-02-28": "-9.00000", "2014-11-30": "-15.00000", "2014-08-31": "-15.00000", "2014-05-31": "-16.00000", "2014-02-28": "-8.00000", "2013-11-30": "-24.00000", "2013-08-31": "-17.00000", "2013-05-31": "-10.00000", "2013-02-28": "-6.00000", "2012-11-30": "-18.00000", "2012-08-31": "-15.00000", "2012-05-31": "-6.00000", "2012-02-29": "-6.00000", "2011-11-30": "-10.00000", "2011-08-31": "-15.00000", "2011-05-31": "-9.00000", "2011-02-28": "-6.00000", "2010-11-30": "-16.00000", "2010-08-31": "-4.00000", "2010-05-31": "-6.00000", "2010-02-28": "-3.00000", "2009-11-30": "-13.00000", "2009-08-31": "-14.00000", "2009-05-31": "-16.00000", "2009-02-28": "-8.00000", "2008-11-30": "-20.00000", "2008-08-31": "-11.00000", "2008-05-31": "-18.00000", "2008-02-29": "-7.00000", "2007-11-30": "-21.00000", "2007-08-31": "-21.04300", "2007-05-31": "-9.95300", "2007-02-28": "-10.94500", "2006-11-30": "-27.05900", "2006-08-31": "-16.71400", "2006-05-31": "-11.61300", "2006-02-28": "-6.04200", "2005-11-30": "-13.58800", "2005-08-31": "-16.96700", "2005-05-31": "-12.47500", "2005-02-28": "-26.99600"}, "Operating Expenses": {"2020-11-30": "41778.00000", "2020-08-31": "51454.00000", "2020-05-31": "36087.00000", "2020-02-29": "37806.00000", "2019-11-30": "35979.00000", "2019-08-31": "46035.00000", "2019-05-31": "33618.00000", "2019-02-28": "34193.00000", "2018-11-30": "34120.00000", "2018-08-31": "42965.00000", "2018-05-31": "31294.00000", "2018-02-28": "31979.00000", "2017-11-30": "30858.00000", "2017-08-31": "40850.00000", "2017-05-31": "27892.00000", "2017-02-28": "28922.00000", "2016-11-30": "27250.00000", "2016-08-31": "35369.00000", "2016-05-31": "25911.00000", "2016-02-29": "27314.00000", "2015-11-30": "26453.00000", "2015-08-31": "34622.00000", "2015-05-31": "25280.00000", "2015-02-28": "26577.00000", "2014-11-30": "26096.00000", "2014-08-31": "34432.00000", "2014-05-31": "25057.00000", "2014-02-28": "25582.00000", "2013-11-30": "24349.00000", "2013-08-31": "31533.00000", "2013-05-31": "23361.00000", "2013-02-28": "24133.00000", "2012-11-30": "23076.00000", "2012-08-31": "31269.00000", "2012-05-31": "21701.00000", "2012-02-29": "22323.00000", "2011-11-30": "21085.00000", "2011-08-31": "27416.00000", "2011-05-31": "20067.00000", "2011-02-28": "20279.00000", "2010-11-30": "18714.00000", "2010-08-31": "23437.00000", "2010-05-31": "17289.00000", "2010-02-28": "18272.00000", "2009-11-30": "16871.00000", "2009-08-31": "21780.00000", "2009-05-31": "15447.00000", "2009-02-28": "16445.00000", "2008-11-30": "15973.00000", "2008-08-31": "22496.00000", "2008-05-31": "16148.00000", "2008-02-29": "16455.00000", "2007-11-30": "15415.00000", "2007-08-31": "19922.64000", "2007-05-31": "14320.19000", "2007-02-28": "14750.69000", "2006-11-30": "13798.48000", "2006-08-31": "19361.11000", "2006-05-31": "12928.94000", "2006-02-28": "13627.70000", "2005-11-30": "12607.85000", "2005-08-31": "16251.62000", "2005-05-31": "11680.76000", "2005-02-28": "12268.18000"}, "Operating Income": {"2020-11-30": "1430.00000", "2020-08-31": "1929.00000", "2020-05-31": "1179.00000", "2020-02-29": "1266.00000", "2019-11-30": "1061.00000", "2019-08-31": "1463.00000", "2019-05-31": "1122.00000", "2019-02-28": "1203.00000", "2018-11-30": "949.00000", "2018-08-31": "1446.00000", "2018-05-31": "1067.00000", "2018-02-28": "1016.00000", "2017-11-30": "951.00000", "2017-08-31": "1450.00000", "2017-05-31": "968.00000", "2017-02-28": "844.00000", "2016-11-30": "849.00000", "2016-08-31": "1191.00000", "2016-05-31": "858.00000", "2016-02-29": "856.00000", "2015-11-30": "767.00000", "2015-08-31": "1156.00000", "2015-05-31": "821.00000", "2015-02-28": "877.00000", "2014-11-30": "770.00000", "2014-08-31": "1091.00000", "2014-05-31": "737.00000", "2014-02-28": "724.00000", "2013-11-30": "668.00000", "2013-08-31": "954.00000", "2013-05-31": "722.00000", "2013-02-28": "738.00000", "2012-11-30": "639.00000", "2012-08-31": "949.00000", "2012-05-31": "623.00000", "2012-02-29": "644.00000", "2011-11-30": "543.00000", "2011-08-31": "762.00000", "2011-05-31": "556.00000", "2011-02-28": "596.00000", "2010-11-30": "525.00000", "2010-08-31": "688.00000", "2010-05-31": "491.00000", "2010-02-28": "470.00000", "2009-11-30": "428.00000", "2009-08-31": "598.00000", "2009-05-31": "359.00000", "2009-02-28": "398.00000", "2008-11-30": "422.00000", "2008-08-31": "604.00000", "2008-05-31": "466.00000", "2008-02-29": "504.00000", "2007-11-30": "395.00000", "2007-08-31": "555.46880", "2007-05-31": "339.06450", "2007-02-28": "361.32710", "2006-11-30": "353.14060", "2006-08-31": "514.11520", "2006-05-31": "354.70700", "2006-02-28": "431.31640", "2005-11-30": "325.49510", "2005-08-31": "467.62790", "2005-05-31": "316.13960", "2005-02-28": "389.89450"}, "Total Non-Operating Income/Expense": {"2020-11-30": "-10.00000", "2020-08-31": "-60.00000", "2020-05-31": "-16.00000", "2020-02-29": "11.00000", "2019-11-30": "-3.00000", "2019-08-31": "29.00000", "2019-05-31": "1.00000", "2019-02-28": "12.00000", "2018-11-30": "-14.00000", "2018-08-31": "3.00000", "2018-05-31": "4.00000", "2018-02-28": "-30.00000", "2017-11-30": "-15.00000", "2017-08-31": "-31.00000", "2017-05-31": "-3.00000", "2017-02-28": "-35.00000", "2016-11-30": "-3.00000", "2016-08-31": "-10.00000", "2016-05-31": "-23.00000", "2016-02-29": "-15.00000", "2015-11-30": "-5.00000", "2015-08-31": "", "2015-05-31": "-22.00000", "2015-02-28": "-7.00000", "2014-11-30": "9.00000", "2014-08-31": "-5.00000", "2014-05-31": "-13.00000", "2014-02-28": "4.00000", "2013-11-30": "-9.00000", "2013-08-31": "", "2013-05-31": "-10.00000", "2013-02-28": "1.00000", "2012-11-30": "7.00000", "2012-08-31": "16.00000", "2012-05-31": "-1.00000", "2012-02-29": "-17.00000", "2011-11-30": "10.00000", "2011-08-31": "10.00000", "2011-05-31": "-22.00000", "2011-02-28": "-23.00000", "2010-11-30": "-21.00000", "2010-08-31": "-4.00000", "2010-05-31": "-17.00000", "2010-02-28": "4.00000", "2009-11-30": "-6.00000", "2009-08-31": "-14.00000", "2009-05-31": "-19.00000", "2009-02-28": "-13.00000", "2008-11-30": "-4.00000", "2008-08-31": "15.00000", "2008-05-31": "-1.00000", "2008-02-29": "18.00000", "2007-11-30": "10.00000", "2007-08-31": "26.30100", "2007-05-31": "16.82200", "2007-02-28": "32.90600", "2006-11-30": "24.97100", "2006-08-31": "40.59500", "2006-05-31": "31.07200", "2006-02-28": "32.30200", "2005-11-30": "21.81600", "2005-08-31": "31.22900", "2005-05-31": "21.68300", "2005-02-28": "15.79900"}, "Pre-Tax Income": {"2020-11-30": "1420.00000", "2020-08-31": "1869.00000", "2020-05-31": "1163.00000", "2020-02-29": "1277.00000", "2019-11-30": "1058.00000", "2019-08-31": "1492.00000", "2019-05-31": "1123.00000", "2019-02-28": "1215.00000", "2018-11-30": "935.00000", "2018-08-31": "1449.00000", "2018-05-31": "1071.00000", "2018-02-28": "986.00000", "2017-11-30": "936.00000", "2017-08-31": "1419.00000", "2017-05-31": "965.00000", "2017-02-28": "809.00000", "2016-11-30": "846.00000", "2016-08-31": "1181.00000", "2016-05-31": "835.00000", "2016-02-29": "841.00000", "2015-11-30": "762.00000", "2015-08-31": "1156.00000", "2015-05-31": "799.00000", "2015-02-28": "870.00000", "2014-11-30": "779.00000", "2014-08-31": "1086.00000", "2014-05-31": "724.00000", "2014-02-28": "728.00000", "2013-11-30": "659.00000", "2013-08-31": "954.00000", "2013-05-31": "712.00000", "2013-02-28": "739.00000", "2012-11-30": "646.00000", "2012-08-31": "965.00000", "2012-05-31": "622.00000", "2012-02-29": "627.00000", "2011-11-30": "553.00000", "2011-08-31": "772.00000", "2011-05-31": "534.00000", "2011-02-28": "573.00000", "2010-11-30": "504.00000", "2010-08-31": "684.00000", "2010-05-31": "474.00000", "2010-02-28": "474.00000", "2009-11-30": "422.00000", "2009-08-31": "584.00000", "2009-05-31": "340.00000", "2009-02-28": "385.00000", "2008-11-30": "418.00000", "2008-08-31": "619.00000", "2008-05-31": "465.00000", "2008-02-29": "522.00000", "2007-11-30": "405.00000", "2007-08-31": "581.76810", "2007-05-31": "355.88700", "2007-02-28": "394.23400", "2006-11-30": "378.11100", "2006-08-31": "554.70890", "2006-05-31": "385.77900", "2006-02-28": "463.61800", "2005-11-30": "347.31100", "2005-08-31": "498.85310", "2005-05-31": "337.82200", "2005-02-28": "405.69400"}, "Income Taxes": {"2020-11-30": "239.00000", "2020-08-31": "465.00000", "2020-05-31": "311.00000", "2020-02-29": "330.00000", "2019-11-30": "202.00000", "2019-08-31": "382.00000", "2019-05-31": "207.00000", "2019-02-28": "314.00000", "2018-11-30": "158.00000", "2018-08-31": "396.00000", "2018-05-31": "309.00000", "2018-02-28": "273.00000", "2017-11-30": "285.00000", "2017-08-31": "487.00000", "2017-05-31": "259.00000", "2017-02-28": "288.00000", "2016-11-30": "291.00000", "2016-08-31": "396.00000", "2016-05-31": "286.00000", "2016-02-29": "286.00000", "2015-11-30": "275.00000", "2015-08-31": "378.00000", "2015-05-31": "280.00000", "2015-02-28": "263.00000", "2014-11-30": "274.00000", "2014-08-31": "381.00000", "2014-05-31": "245.00000", "2014-02-28": "255.00000", "2013-11-30": "228.00000", "2013-08-31": "332.00000", "2013-05-31": "248.00000", "2013-02-28": "185.00000", "2012-11-30": "225.00000", "2012-08-31": "343.00000", "2012-05-31": "217.00000", "2012-02-29": "215.00000", "2011-11-30": "225.00000", "2011-08-31": "272.00000", "2011-05-31": "193.00000", "2011-02-28": "204.00000", "2010-11-30": "172.00000", "2010-08-31": "247.00000", "2010-05-31": "163.00000", "2010-02-28": "169.00000", "2009-11-30": "152.00000", "2009-08-31": "206.00000", "2009-05-31": "128.00000", "2009-02-28": "142.00000", "2008-11-30": "152.00000", "2008-08-31": "209.00000", "2008-05-31": "170.00000", "2008-02-29": "194.00000", "2007-11-30": "143.00000", "2007-08-31": "209.11800", "2007-05-31": "131.90100", "2007-02-28": "144.75600", "2006-11-30": "141.22500", "2006-08-31": "199.11000", "2006-05-31": "150.18400", "2006-02-28": "167.41500", "2005-11-30": "131.49300", "2005-08-31": "144.15400", "2005-05-31": "128.03400", "2005-02-28": "100.24200"}, "Income After Taxes": {"2020-11-30": "1181.00000", "2020-08-31": "1404.00000", "2020-05-31": "852.00000", "2020-02-29": "947.00000", "2019-11-30": "856.00000", "2019-08-31": "1110.00000", "2019-05-31": "916.00000", "2019-02-28": "901.00000", "2018-11-30": "777.00000", "2018-08-31": "1053.00000", "2018-05-31": "762.00000", "2018-02-28": "713.00000", "2017-11-30": "651.00000", "2017-08-31": "932.00000", "2017-05-31": "706.00000", "2017-02-28": "521.00000", "2016-11-30": "555.00000", "2016-08-31": "785.00000", "2016-05-31": "549.00000", "2016-02-29": "555.00000", "2015-11-30": "487.00000", "2015-08-31": "778.00000", "2015-05-31": "519.00000", "2015-02-28": "607.00000", "2014-11-30": "505.00000", "2014-08-31": "705.00000", "2014-05-31": "479.00000", "2014-02-28": "473.00000", "2013-11-30": "431.00000", "2013-08-31": "622.00000", "2013-05-31": "464.00000", "2013-02-28": "554.00000", "2012-11-30": "421.00000", "2012-08-31": "622.00000", "2012-05-31": "405.00000", "2012-02-29": "412.00000", "2011-11-30": "328.00000", "2011-08-31": "500.00000", "2011-05-31": "341.00000", "2011-02-28": "369.00000", "2010-11-30": "332.00000", "2010-08-31": "437.00000", "2010-05-31": "311.00000", "2010-02-28": "305.00000", "2009-11-30": "270.00000", "2009-08-31": "378.00000", "2009-05-31": "212.00000", "2009-02-28": "243.00000", "2008-11-30": "266.00000", "2008-08-31": "410.00000", "2008-05-31": "295.00000", "2008-02-29": "328.00000", "2007-11-30": "262.00000", "2007-08-31": "372.65000", "2007-05-31": "223.98600", "2007-02-28": "249.47800", "2006-11-30": "236.88600", "2006-08-31": "355.59900", "2006-05-31": "235.59500", "2006-02-28": "296.20300", "2005-11-30": "215.81800", "2005-08-31": "354.69910", "2005-05-31": "209.78800", "2005-02-28": "305.45200"}, "Other Income": {"2020-11-30": "", "2020-08-31": "", "2020-05-31": "", "2020-02-29": "", "2019-11-30": "", "2019-08-31": "", "2019-05-31": "", "2019-02-28": "", "2018-11-30": "", "2018-08-31": "", "2018-05-31": "", "2018-02-28": "", "2017-11-30": "", "2017-08-31": "", "2017-05-31": "", "2017-02-28": "", "2016-11-30": "", "2016-08-31": "", "2016-05-31": "", "2016-02-29": "", "2015-11-30": "", "2015-08-31": "", "2015-05-31": "", "2015-02-28": "", "2014-11-30": "", "2014-08-31": "", "2014-05-31": "", "2014-02-28": "", "2013-11-30": "", "2013-08-31": "", "2013-05-31": "", "2013-02-28": "", "2012-11-30": "", "2012-08-31": "", "2012-05-31": "", "2012-02-29": "", "2011-11-30": "", "2011-08-31": "", "2011-05-31": "", "2011-02-28": "", "2010-11-30": "", "2010-08-31": "", "2010-05-31": "", "2010-02-28": "", "2009-11-30": "", "2009-08-31": "", "2009-05-31": "", "2009-02-28": "", "2008-11-30": "", "2008-08-31": "", "2008-05-31": "", "2008-02-29": "", "2007-11-30": "", "2007-08-31": "", "2007-05-31": "", "2007-02-28": "", "2006-11-30": "", "2006-08-31": "", "2006-05-31": "", "2006-02-28": "", "2005-11-30": "", "2005-08-31": "", "2005-05-31": "", "2005-02-28": ""}, "Income From Continuous Operations": {"2020-11-30": "1181.00000", "2020-08-31": "1404.00000", "2020-05-31": "852.00000", "2020-02-29": "947.00000", "2019-11-30": "856.00000", "2019-08-31": "1110.00000", "2019-05-31": "916.00000", "2019-02-28": "901.00000", "2018-11-30": "777.00000", "2018-08-31": "1053.00000", "2018-05-31": "762.00000", "2018-02-28": "713.00000", "2017-11-30": "651.00000", "2017-08-31": "932.00000", "2017-05-31": "706.00000", "2017-02-28": "521.00000", "2016-11-30": "555.00000", "2016-08-31": "785.00000", "2016-05-31": "549.00000", "2016-02-29": "555.00000", "2015-11-30": "487.00000", "2015-08-31": "778.00000", "2015-05-31": "519.00000", "2015-02-28": "607.00000", "2014-11-30": "505.00000", "2014-08-31": "705.00000", "2014-05-31": "479.00000", "2014-02-28": "473.00000", "2013-11-30": "431.00000", "2013-08-31": "622.00000", "2013-05-31": "464.00000", "2013-02-28": "554.00000", "2012-11-30": "421.00000", "2012-08-31": "622.00000", "2012-05-31": "405.00000", "2012-02-29": "412.00000", "2011-11-30": "328.00000", "2011-08-31": "500.00000", "2011-05-31": "341.00000", "2011-02-28": "369.00000", "2010-11-30": "332.00000", "2010-08-31": "437.00000", "2010-05-31": "311.00000", "2010-02-28": "305.00000", "2009-11-30": "270.00000", "2009-08-31": "378.00000", "2009-05-31": "212.00000", "2009-02-28": "243.00000", "2008-11-30": "266.00000", "2008-08-31": "410.00000", "2008-05-31": "295.00000", "2008-02-29": "328.00000", "2007-11-30": "262.00000", "2007-08-31": "372.65000", "2007-05-31": "223.98600", "2007-02-28": "249.47800", "2006-11-30": "236.88600", "2006-08-31": "355.59900", "2006-05-31": "235.59500", "2006-02-28": "296.20300", "2005-11-30": "215.81800", "2005-08-31": "354.69910", "2005-05-31": "209.78800", "2005-02-28": "305.45200"}, "Income From Discontinued Operations": {"2020-11-30": "", "2020-08-31": "", "2020-05-31": "", "2020-02-29": "", "2019-11-30": "", "2019-08-31": "", "2019-05-31": "", "2019-02-28": "", "2018-11-30": "", "2018-08-31": "", "2018-05-31": "", "2018-02-28": "", "2017-11-30": "", "2017-08-31": "", "2017-05-31": "", "2017-02-28": "", "2016-11-30": "", "2016-08-31": "", "2016-05-31": "", "2016-02-29": "", "2015-11-30": "", "2015-08-31": "", "2015-05-31": "", "2015-02-28": "", "2014-11-30": "", "2014-08-31": "", "2014-05-31": "", "2014-02-28": "", "2013-11-30": "", "2013-08-31": "", "2013-05-31": "", "2013-02-28": "", "2012-11-30": "", "2012-08-31": "", "2012-05-31": "", "2012-02-29": "", "2011-11-30": "", "2011-08-31": "", "2011-05-31": "", "2011-02-28": "", "2010-11-30": "", "2010-08-31": "", "2010-05-31": "", "2010-02-28": "", "2009-11-30": "", "2009-08-31": "", "2009-05-31": "", "2009-02-28": "", "2008-11-30": "", "2008-08-31": "", "2008-05-31": "", "2008-02-29": "", "2007-11-30": "", "2007-08-31": "", "2007-05-31": "", "2007-02-28": "", "2006-11-30": "", "2006-08-31": "", "2006-05-31": "", "2006-02-28": "", "2005-11-30": "", "2005-08-31": "", "2005-05-31": "", "2005-02-28": ""}, "Net Income": {"2020-11-30": "1166.00000", "2020-08-31": "1389.00000", "2020-05-31": "838.00000", "2020-02-29": "931.00000", "2019-11-30": "844.00000", "2019-08-31": "1097.00000", "2019-05-31": "906.00000", "2019-02-28": "889.00000", "2018-11-30": "767.00000", "2018-08-31": "1043.00000", "2018-05-31": "750.00000", "2018-02-28": "701.00000", "2017-11-30": "640.00000", "2017-08-31": "919.00000", "2017-05-31": "700.00000", "2017-02-28": "515.00000", "2016-11-30": "545.00000", "2016-08-31": "779.00000", "2016-05-31": "545.00000", "2016-02-29": "546.00000", "2015-11-30": "480.00000", "2015-08-31": "767.00000", "2015-05-31": "516.00000", "2015-02-28": "598.00000", "2014-11-30": "496.00000", "2014-08-31": "697.00000", "2014-05-31": "473.00000", "2014-02-28": "463.00000", "2013-11-30": "425.00000", "2013-08-31": "617.00000", "2013-05-31": "459.00000", "2013-02-28": "547.00000", "2012-11-30": "416.00000", "2012-08-31": "609.00000", "2012-05-31": "386.00000", "2012-02-29": "394.00000", "2011-11-30": "320.00000", "2011-08-31": "478.00000", "2011-05-31": "324.00000", "2011-02-28": "348.00000", "2010-11-30": "312.00000", "2010-08-31": "432.00000", "2010-05-31": "306.00000", "2010-02-28": "299.00000", "2009-11-30": "266.00000", "2009-08-31": "374.00000", "2009-05-31": "210.00000", "2009-02-28": "239.00000", "2008-11-30": "263.00000", "2008-08-31": "398.00000", "2008-05-31": "295.00000", "2008-02-29": "328.00000", "2007-11-30": "262.00000", "2007-08-31": "372.65000", "2007-05-31": "223.98600", "2007-02-28": "249.47800", "2006-11-30": "236.88600", "2006-08-31": "355.59900", "2006-05-31": "235.59500", "2006-02-28": "296.20300", "2005-11-30": "215.81800", "2005-08-31": "354.69900", "2005-05-31": "209.78800", "2005-02-28": "305.45200"}, "EBITDA": {"2020-11-30": "1834.00000", "2020-08-31": "2434.00000", "2020-05-31": "1561.00000", "2020-02-29": "1655.00000", "2019-11-30": "1430.00000", "2019-08-31": "1936.00000", "2019-05-31": "1458.00000", "2019-02-28": "1555.00000", "2018-11-30": "1280.00000", "2018-08-31": "1877.00000", "2018-05-31": "1394.00000", "2018-02-28": "1360.00000", "2017-11-30": "1286.00000", "2017-08-31": "1891.00000", "2017-05-31": "1288.00000", "2017-02-28": "1156.00000", "2016-11-30": "1146.00000", "2016-08-31": "1599.00000", "2016-05-31": "1149.00000", "2016-02-29": "1141.00000", "2015-11-30": "1038.00000", "2015-08-31": "1507.00000", "2015-05-31": "1083.00000", "2015-02-28": "1137.00000", "2014-11-30": "1024.00000", "2014-08-31": "1412.00000", "2014-05-31": "974.00000", "2014-02-28": "964.00000", "2013-11-30": "899.00000", "2013-08-31": "1249.00000", "2013-05-31": "943.00000", "2013-02-28": "955.00000", "2012-11-30": "852.00000", "2012-08-31": "1241.00000", "2012-05-31": "825.00000", "2012-02-29": "853.00000", "2011-11-30": "748.00000", "2011-08-31": "1035.00000", "2011-05-31": "752.00000", "2011-02-28": "791.00000", "2010-11-30": "716.00000", "2010-08-31": "934.00000", "2010-05-31": "671.00000", "2010-02-28": "655.00000", "2009-11-30": "612.00000", "2009-08-31": "839.00000", "2009-05-31": "530.00000", "2009-02-28": "559.00000", "2008-11-30": "577.00000", "2008-08-31": "819.00000", "2008-05-31": "616.00000", "2008-02-29": "650.00000", "2007-11-30": "537.00000", "2007-08-31": "733.92680", "2007-05-31": "469.75050", "2007-02-28": "493.56310", "2006-11-30": "480.76060", "2006-08-31": "678.04320", "2006-05-31": "475.26500", "2006-02-28": "550.80640", "2005-11-30": "441.63210", "2005-08-31": "627.11500", "2005-05-31": "425.45360", "2005-02-28": "502.80950"}, "EBIT": {"2020-11-30": "1430.00000", "2020-08-31": "1929.00000", "2020-05-31": "1179.00000", "2020-02-29": "1266.00000", "2019-11-30": "1061.00000", "2019-08-31": "1463.00000", "2019-05-31": "1122.00000", "2019-02-28": "1203.00000", "2018-11-30": "949.00000", "2018-08-31": "1446.00000", "2018-05-31": "1067.00000", "2018-02-28": "1016.00000", "2017-11-30": "951.00000", "2017-08-31": "1450.00000", "2017-05-31": "968.00000", "2017-02-28": "844.00000", "2016-11-30": "849.00000", "2016-08-31": "1191.00000", "2016-05-31": "858.00000", "2016-02-29": "856.00000", "2015-11-30": "767.00000", "2015-08-31": "1156.00000", "2015-05-31": "821.00000", "2015-02-28": "877.00000", "2014-11-30": "770.00000", "2014-08-31": "1091.00000", "2014-05-31": "737.00000", "2014-02-28": "724.00000", "2013-11-30": "668.00000", "2013-08-31": "954.00000", "2013-05-31": "722.00000", "2013-02-28": "738.00000", "2012-11-30": "639.00000", "2012-08-31": "949.00000", "2012-05-31": "623.00000", "2012-02-29": "644.00000", "2011-11-30": "543.00000", "2011-08-31": "762.00000", "2011-05-31": "556.00000", "2011-02-28": "596.00000", "2010-11-30": "525.00000", "2010-08-31": "688.00000", "2010-05-31": "491.00000", "2010-02-28": "470.00000", "2009-11-30": "428.00000", "2009-08-31": "598.00000", "2009-05-31": "359.00000", "2009-02-28": "398.00000", "2008-11-30": "422.00000", "2008-08-31": "604.00000", "2008-05-31": "466.00000", "2008-02-29": "504.00000", "2007-11-30": "395.00000", "2007-08-31": "555.46780", "2007-05-31": "339.06450", "2007-02-28": "361.32710", "2006-11-30": "353.14060", "2006-08-31": "514.11430", "2006-05-31": "354.70700", "2006-02-28": "431.31640", "2005-11-30": "325.49510", "2005-08-31": "467.62600", "2005-05-31": "316.13960", "2005-02-28": "389.89450"}, "Basic Shares Outstanding": {"2020-11-30": "442.95200", "2020-08-31": "442.29700", "2020-05-31": "442.32200", "2020-02-29": "442.02100", "2019-11-30": "441.81800", "2019-08-31": "439.75500", "2019-05-31": "439.85900", "2019-02-28": "440.28400", "2018-11-30": "439.15700", "2018-08-31": "438.51500", "2018-05-31": "438.74000", "2018-02-28": "439.02200", "2017-11-30": "437.96500", "2017-08-31": "438.43700", "2017-05-31": "438.81700", "2017-02-28": "439.12700", "2016-11-30": "438.00700", "2016-08-31": "438.58500", "2016-05-31": "438.81500", "2016-02-29": "439.64800", "2015-11-30": "438.34200", "2015-08-31": "439.45500", "2015-05-31": "440.07000", "2015-02-28": "440.38400", "2014-11-30": "438.76000", "2014-08-31": "438.69300", "2014-05-31": "439.44600", "2014-02-28": "439.77600", "2013-11-30": "437.97000", "2013-08-31": "435.74100", "2013-05-31": "436.48800", "2013-02-28": "435.97500", "2012-11-30": "433.42300", "2012-08-31": "433.62000", "2012-05-31": "433.79100", "2012-02-29": "434.53500", "2011-11-30": "434.22200", "2011-08-31": "436.11900", "2011-05-31": "436.97700", "2011-02-28": "436.68200", "2010-11-30": "434.09900", "2010-08-31": "438.61100", "2010-05-31": "440.97300", "2010-02-28": "439.78600", "2009-11-30": "437.17300", "2009-08-31": "433.98800", "2009-05-31": "434.35400", "2009-02-28": "433.47600", "2008-11-30": "432.45100", "2008-08-31": "434.44200", "2008-05-31": "433.67800", "2008-02-29": "434.77900", "2007-11-30": "435.09000", "2007-08-31": "447.65900", "2007-05-31": "445.47100", "2007-02-28": "450.90100", "2006-11-30": "458.87300", "2006-08-31": "469.71800", "2006-05-31": "470.51600", "2006-02-28": "471.88900", "2005-11-30": "472.71700", "2005-08-31": "473.94500", "2005-05-31": "478.24800", "2005-02-28": "474.22100"}, "Shares Outstanding": {"2020-11-30": "444.38600", "2020-08-31": "443.90100", "2020-05-31": "443.85500", "2020-02-29": "443.72700", "2019-11-30": "443.68000", "2019-08-31": "442.92300", "2019-05-31": "442.64200", "2019-02-28": "442.33700", "2018-11-30": "442.74900", "2018-08-31": "441.83400", "2018-05-31": "441.71500", "2018-02-28": "441.56800", "2017-11-30": "440.85100", "2017-08-31": "440.93700", "2017-05-31": "441.05600", "2017-02-28": "440.65700", "2016-11-30": "440.52500", "2016-08-31": "441.26300", "2016-05-31": "441.06600", "2016-02-29": "441.55900", "2015-11-30": "441.38600", "2015-08-31": "442.71600", "2015-05-31": "443.13200", "2015-02-28": "442.89600", "2014-11-30": "442.21000", "2014-08-31": "442.48500", "2014-05-31": "442.72000", "2014-02-28": "442.82900", "2013-11-30": "442.42000", "2013-08-31": "440.51200", "2013-05-31": "440.78000", "2013-02-28": "439.81200", "2012-11-30": "438.64300", "2012-08-31": "439.37300", "2012-05-31": "439.16600", "2012-02-29": "439.46800", "2011-11-30": "440.61500", "2011-08-31": "443.09400", "2011-05-31": "443.57000", "2011-02-28": "443.18600", "2010-11-30": "441.36000", "2010-08-31": "445.97000", "2010-05-31": "448.39100", "2010-02-28": "446.91800", "2009-11-30": "444.84900", "2009-08-31": "440.45400", "2009-05-31": "439.99700", "2009-02-28": "439.68800", "2008-11-30": "440.53300", "2008-08-31": "444.24000", "2008-05-31": "443.28100", "2008-02-29": "444.92500", "2007-11-30": "445.71700", "2007-08-31": "457.64100", "2007-05-31": "455.88900", "2007-02-28": "461.57500", "2006-11-30": "467.83600", "2006-08-31": "480.34100", "2006-05-31": "480.53300", "2006-02-28": "482.12700", "2005-11-30": "486.36700", "2005-08-31": "492.03500", "2005-05-31": "493.28200", "2005-02-28": "493.70000"}, "Basic EPS": {"2020-11-30": "2.63000", "2020-08-31": "3.14000", "2020-05-31": "1.90000", "2020-02-29": "2.10000", "2019-11-30": "1.91000", "2019-08-31": "2.49000", "2019-05-31": "2.06000", "2019-02-28": "2.02000", "2018-11-30": "1.75000", "2018-08-31": "2.38000", "2018-05-31": "1.71000", "2018-02-28": "1.60000", "2017-11-30": "1.46000", "2017-08-31": "2.11000", "2017-05-31": "1.59000", "2017-02-28": "1.17000", "2016-11-30": "1.24000", "2016-08-31": "1.78000", "2016-05-31": "1.24000", "2016-02-29": "1.24000", "2015-11-30": "1.10000", "2015-08-31": "1.75000", "2015-05-31": "1.17000", "2015-02-28": "1.36000", "2014-11-30": "1.13000", "2014-08-31": "1.59000", "2014-05-31": "1.08000", "2014-02-28": "1.05000", "2013-11-30": "0.97000", "2013-08-31": "1.41000", "2013-05-31": "1.05000", "2013-02-28": "1.26000", "2012-11-30": "0.96000", "2012-08-31": "1.40000", "2012-05-31": "0.89000", "2012-02-29": "0.91000", "2011-11-30": "0.74000", "2011-08-31": "1.09000", "2011-05-31": "0.74000", "2011-02-28": "0.80000", "2010-11-30": "0.72000", "2010-08-31": "0.99000", "2010-05-31": "0.69000", "2010-02-28": "0.68000", "2009-11-30": "0.61000", "2009-08-31": "0.86000", "2009-05-31": "0.48000", "2009-02-28": "0.55000", "2008-11-30": "0.61000", "2008-08-31": "0.92000", "2008-05-31": "0.68000", "2008-02-29": "0.75000", "2007-11-30": "0.60000", "2007-08-31": "0.85000", "2007-05-31": "0.50000", "2007-02-28": "0.55000", "2006-11-30": "0.52000", "2006-08-31": "0.76000", "2006-05-31": "0.50000", "2006-02-28": "0.63000", "2005-11-30": "0.46000", "2005-08-31": "0.75000", "2005-05-31": "0.44000", "2005-02-28": "0.64000"}, "EPS - Earnings Per Share": {"2020-11-30": "2.62000", "2020-08-31": "3.13000", "2020-05-31": "1.89000", "2020-02-29": "2.10000", "2019-11-30": "1.90000", "2019-08-31": "2.47000", "2019-05-31": "2.05000", "2019-02-28": "2.01000", "2018-11-30": "1.73000", "2018-08-31": "2.35000", "2018-05-31": "1.70000", "2018-02-28": "1.59000", "2017-11-30": "1.45000", "2017-08-31": "2.08000", "2017-05-31": "1.59000", "2017-02-28": "1.17000", "2016-11-30": "1.24000", "2016-08-31": "1.76000", "2016-05-31": "1.24000", "2016-02-29": "1.24000", "2015-11-30": "1.09000", "2015-08-31": "1.73000", "2015-05-31": "1.17000", "2015-02-28": "1.35000", "2014-11-30": "1.12000", "2014-08-31": "1.57000", "2014-05-31": "1.07000", "2014-02-28": "1.05000", "2013-11-30": "0.96000", "2013-08-31": "1.40000", "2013-05-31": "1.04000", "2013-02-28": "1.24000", "2012-11-30": "0.95000", "2012-08-31": "1.38000", "2012-05-31": "0.88000", "2012-02-29": "0.90000", "2011-11-30": "0.73000", "2011-08-31": "1.07000", "2011-05-31": "0.73000", "2011-02-28": "0.79000", "2010-11-30": "0.71000", "2010-08-31": "0.97000", "2010-05-31": "0.68000", "2010-02-28": "0.67000", "2009-11-30": "0.60000", "2009-08-31": "0.84000", "2009-05-31": "0.48000", "2009-02-28": "0.55000", "2008-11-30": "0.60000", "2008-08-31": "0.89000", "2008-05-31": "0.67000", "2008-02-29": "0.74000", "2007-11-30": "0.59000", "2007-08-31": "0.83000", "2007-05-31": "0.49000", "2007-02-28": "0.54000", "2006-11-30": "0.51000", "2006-08-31": "0.74000", "2006-05-31": "0.49000", "2006-02-28": "0.62000", "2005-11-30": "0.45000", "2005-08-31": "0.73000", "2005-05-31": "0.43000", "2005-02-28": "0.62000"}}, "balance sheet": {"Cash On Hand": {"2020-08-31": "13305.00000", "2019-08-31": "9444.00000", "2018-08-31": "7259.00000", "2017-08-31": "5779.00000", "2016-08-31": "4729.00000", "2015-08-31": "6419.00000", "2014-08-31": "7315.00000", "2013-08-31": "6124.00000", "2012-08-31": "4854.00000", "2011-08-31": "5613.00000", "2010-08-31": "4749.00000", "2009-08-31": "3727.00000", "2008-08-31": "3275.00000", "2007-08-31": "3355.52000", "2006-08-31": "2833.12000", "2005-08-31": "3459.85700"}, "Receivables": {"2020-08-31": "1550.00000", "2019-08-31": "1535.00000", "2018-08-31": "1669.00000", "2017-08-31": "1432.00000", "2016-08-31": "1252.00000", "2015-08-31": "1224.00000", "2014-08-31": "1148.00000", "2013-08-31": "1201.00000", "2012-08-31": "1026.00000", "2011-08-31": "965.00000", "2010-08-31": "884.00000", "2009-08-31": "834.00000", "2008-08-31": "748.00000", "2007-08-31": "762.01700", "2006-08-31": "565.37300", "2005-08-31": "529.15000"}, "Inventory": {"2020-08-31": "12242.00000", "2019-08-31": "11395.00000", "2018-08-31": "11040.00000", "2017-08-31": "9834.00000", "2016-08-31": "8969.00000", "2015-08-31": "8908.00000", "2014-08-31": "8456.00000", "2013-08-31": "7894.00000", "2012-08-31": "7096.00000", "2011-08-31": "6638.00000", "2010-08-31": "5638.00000", "2009-08-31": "5405.00000", "2008-08-31": "5039.00000", "2007-08-31": "4879.46500", "2006-08-31": "4561.23200", "2005-08-31": "4014.69900"}, "Pre-Paid Expenses": {"2020-08-31": "", "2019-08-31": "", "2018-08-31": "", "2017-08-31": "", "2016-08-31": "", "2015-08-31": "", "2014-08-31": "", "2013-08-31": "", "2012-08-31": "", "2011-08-31": "", "2010-08-31": "", "2009-08-31": "", "2008-08-31": "", "2007-08-31": "", "2006-08-31": "", "2005-08-31": ""}, "Other Current Assets": {"2020-08-31": "1023.00000", "2019-08-31": "1111.00000", "2018-08-31": "321.00000", "2017-08-31": "272.00000", "2016-08-31": "268.00000", "2015-08-31": "228.00000", "2014-08-31": "", "2013-08-31": "", "2012-08-31": "", "2011-08-31": "", "2010-08-31": "", "2009-08-31": "", "2008-08-31": "", "2007-08-31": "", "2006-08-31": "", "2005-08-31": ""}, "Total Current Assets": {"2020-08-31": "28120.00000", "2019-08-31": "23485.00000", "2018-08-31": "20289.00000", "2017-08-31": "17317.00000", "2016-08-31": "15218.00000", "2015-08-31": "16779.00000", "2014-08-31": "17588.00000", "2013-08-31": "15840.00000", "2012-08-31": "13526.00000", "2011-08-31": "13706.00000", "2010-08-31": "11708.00000", "2009-08-31": "10337.00000", "2008-08-31": "9462.00000", "2007-08-31": "9324.15300", "2006-08-31": "8232.08200", "2005-08-31": "8238.00100"}, "Property, Plant, And Equipment": {"2020-08-31": "21807.00000", "2019-08-31": "20890.00000", "2018-08-31": "19681.00000", "2017-08-31": "18161.00000", "2016-08-31": "17043.00000", "2015-08-31": "15401.00000", "2014-08-31": "14830.00000", "2013-08-31": "13881.00000", "2012-08-31": "12961.00000", "2011-08-31": "12432.00000", "2010-08-31": "11314.00000", "2009-08-31": "10900.00000", "2008-08-31": "10355.00000", "2007-08-31": "9519.78000", "2006-08-31": "8564.29500", "2005-08-31": "7790.19200"}, "Long-Term Investments": {"2020-08-31": "", "2019-08-31": "", "2018-08-31": "", "2017-08-31": "", "2016-08-31": "", "2015-08-31": "", "2014-08-31": "", "2013-08-31": "", "2012-08-31": "", "2011-08-31": "", "2010-08-31": "", "2009-08-31": "", "2008-08-31": "", "2007-08-31": "", "2006-08-31": "", "2005-08-31": ""}, "Goodwill And Intangible Assets": {"2020-08-31": "", "2019-08-31": "", "2018-08-31": "", "2017-08-31": "", "2016-08-31": "", "2015-08-31": "", "2014-08-31": "", "2013-08-31": "", "2012-08-31": "", "2011-08-31": "", "2010-08-31": "", "2009-08-31": "", "2008-08-31": "", "2007-08-31": "", "2006-08-31": "", "2005-08-31": ""}, "Other Long-Term Assets": {"2020-08-31": "2841.00000", "2019-08-31": "1025.00000", "2018-08-31": "860.00000", "2017-08-31": "869.00000", "2016-08-31": "902.00000", "2015-08-31": "837.00000", "2014-08-31": "606.00000", "2013-08-31": "562.00000", "2012-08-31": "653.00000", "2011-08-31": "623.00000", "2010-08-31": "793.00000", "2009-08-31": "742.00000", "2008-08-31": "865.00000", "2007-08-31": "762.65300", "2006-08-31": "698.69300", "2005-08-31": "637.01200"}, "Total Long-Term Assets": {"2020-08-31": "27436.00000", "2019-08-31": "21915.00000", "2018-08-31": "20541.00000", "2017-08-31": "19030.00000", "2016-08-31": "17945.00000", "2015-08-31": "16238.00000", "2014-08-31": "15436.00000", "2013-08-31": "14443.00000", "2012-08-31": "13614.00000", "2011-08-31": "13055.00000", "2010-08-31": "12107.00000", "2009-08-31": "11642.00000", "2008-08-31": "11220.00000", "2007-08-31": "10282.43000", "2006-08-31": "9262.98800", "2005-08-31": "8427.20400"}, "Total Assets": {"2020-08-31": "55556.00000", "2019-08-31": "45400.00000", "2018-08-31": "40830.00000", "2017-08-31": "36347.00000", "2016-08-31": "33163.00000", "2015-08-31": "33017.00000", "2014-08-31": "33024.00000", "2013-08-31": "30283.00000", "2012-08-31": "27140.00000", "2011-08-31": "26761.00000", "2010-08-31": "23815.00000", "2009-08-31": "21979.00000", "2008-08-31": "20682.00000", "2007-08-31": "19606.59000", "2006-08-31": "17495.07000", "2005-08-31": "16665.21000"}, "Total Current Liabilities": {"2020-08-31": "24844.00000", "2019-08-31": "23237.00000", "2018-08-31": "19926.00000", "2017-08-31": "17495.00000", "2016-08-31": "15575.00000", "2015-08-31": "16539.00000", "2014-08-31": "14412.00000", "2013-08-31": "13257.00000", "2012-08-31": "12260.00000", "2011-08-31": "12050.00000", "2010-08-31": "10063.00000", "2009-08-31": "9281.00000", "2008-08-31": "8874.00000", "2007-08-31": "8581.75300", "2006-08-31": "7819.19100", "2005-08-31": "6760.53700"}, "Long Term Debt": {"2020-08-31": "7514.00000", "2019-08-31": "5124.00000", "2018-08-31": "6487.00000", "2017-08-31": "6573.00000", "2016-08-31": "4061.00000", "2015-08-31": "4852.00000", "2014-08-31": "5093.00000", "2013-08-31": "4998.00000", "2012-08-31": "1381.00000", "2011-08-31": "1253.00000", "2010-08-31": "2141.00000", "2009-08-31": "2130.00000", "2008-08-31": "2206.00000", "2007-08-31": "2107.97800", "2006-08-31": "215.36900", "2005-08-31": "710.67500"}, "Other Non-Current Liabilities": {"2020-08-31": "1935.00000", "2019-08-31": "1455.00000", "2018-08-31": "1314.00000", "2017-08-31": "1200.00000", "2016-08-31": "1195.00000", "2015-08-31": "783.00000", "2014-08-31": "", "2013-08-31": "", "2012-08-31": "", "2011-08-31": "", "2010-08-31": "", "2009-08-31": "", "2008-08-31": "", "2007-08-31": "", "2006-08-31": "", "2005-08-31": ""}, "Total Long Term Liabilities": {"2020-08-31": "12007.00000", "2019-08-31": "6579.00000", "2018-08-31": "7801.00000", "2017-08-31": "7773.00000", "2016-08-31": "5256.00000", "2015-08-31": "5635.00000", "2014-08-31": "6097.00000", "2013-08-31": "6014.00000", "2012-08-31": "2362.00000", "2011-08-31": "2138.00000", "2010-08-31": "2822.00000", "2009-08-31": "2594.00000", "2008-08-31": "2616.00000", "2007-08-31": "2401.49200", "2006-08-31": "532.44000", "2005-08-31": "1023.55900"}, "Total Liabilities": {"2020-08-31": "36851.00000", "2019-08-31": "29816.00000", "2018-08-31": "27727.00000", "2017-08-31": "25268.00000", "2016-08-31": "20831.00000", "2015-08-31": "22174.00000", "2014-08-31": "20509.00000", "2013-08-31": "19271.00000", "2012-08-31": "14622.00000", "2011-08-31": "14188.00000", "2010-08-31": "12885.00000", "2009-08-31": "11875.00000", "2008-08-31": "11490.00000", "2007-08-31": "10983.25000", "2006-08-31": "8351.63100", "2005-08-31": "7784.09600"}, "Common Stock Net": {"2020-08-31": "4.00000", "2019-08-31": "4.00000", "2018-08-31": "4.00000", "2017-08-31": "4.00000", "2016-08-31": "2.00000", "2015-08-31": "2.00000", "2014-08-31": "2.00000", "2013-08-31": "2.00000", "2012-08-31": "2.00000", "2011-08-31": "2.00000", "2010-08-31": "2.00000", "2009-08-31": "2.00000", "2008-08-31": "2.00000", "2007-08-31": "2.18500", "2006-08-31": "2.31200", "2005-08-31": "2.36200"}, "Retained Earnings (Accumulated Deficit)": {"2020-08-31": "12879.00000", "2019-08-31": "10258.00000", "2018-08-31": "7887.00000", "2017-08-31": "5988.00000", "2016-08-31": "7686.00000", "2015-08-31": "6518.00000", "2014-08-31": "7458.00000", "2013-08-31": "6283.00000", "2012-08-31": "7834.00000", "2011-08-31": "7111.00000", "2010-08-31": "6590.00000", "2009-08-31": "6101.00000", "2008-08-31": "5361.00000", "2007-08-31": "5132.34300", "2006-08-31": "6041.21200", "2005-08-31": "6624.15400"}, "Comprehensive Income": {"2020-08-31": "-1297.00000", "2019-08-31": "-1436.00000", "2018-08-31": "-1199.00000", "2017-08-31": "-1014.00000", "2016-08-31": "-1099.00000", "2015-08-31": "-1121.00000", "2014-08-31": "-76.00000", "2013-08-31": "-122.00000", "2012-08-31": "156.00000", "2011-08-31": "373.00000", "2010-08-31": "122.00000", "2009-08-31": "110.00000", "2008-08-31": "286.00000", "2007-08-31": "370.58900", "2006-08-31": "277.26300", "2005-08-31": "158.03900"}, "Other Share Holders Equity": {"2020-08-31": "", "2019-08-31": "", "2018-08-31": "", "2017-08-31": "", "2016-08-31": "", "2015-08-31": "", "2014-08-31": "", "2013-08-31": "", "2012-08-31": "", "2011-08-31": "", "2010-08-31": "", "2009-08-31": "", "2008-08-31": "", "2007-08-31": "", "2006-08-31": "", "2005-08-31": ""}, "Share Holder Equity": {"2020-08-31": "18705.00000", "2019-08-31": "15584.00000", "2018-08-31": "13103.00000", "2017-08-31": "11079.00000", "2016-08-31": "12332.00000", "2015-08-31": "10843.00000", "2014-08-31": "12515.00000", "2013-08-31": "11012.00000", "2012-08-31": "12518.00000", "2011-08-31": "12573.00000", "2010-08-31": "10930.00000", "2009-08-31": "10104.00000", "2008-08-31": "9192.00000", "2007-08-31": "8623.34100", "2006-08-31": "9143.43900", "2005-08-31": "8881.10900"}, "Total Liabilities And Share Holders Equity": {"2020-08-31": "55556.00000", "2019-08-31": "45400.00000", "2018-08-31": "40830.00000", "2017-08-31": "36347.00000", "2016-08-31": "33163.00000", "2015-08-31": "33017.00000", "2014-08-31": "33024.00000", "2013-08-31": "30283.00000", "2012-08-31": "27140.00000", "2011-08-31": "26761.00000", "2010-08-31": "23815.00000", "2009-08-31": "21979.00000", "2008-08-31": "20682.00000", "2007-08-31": "19606.59000", "2006-08-31": "17495.07000", "2005-08-31": "16665.21000"}}, "balance sheet, quarterly": {"Cash On Hand": {"2020-11-30": "14423.00000", "2020-08-31": "13305.00000", "2020-05-31": "11774.00000", "2020-02-29": "8715.00000", "2019-11-30": "10020.00000", "2019-08-31": "9444.00000", "2019-05-31": "8167.00000", "2019-02-28": "7122.00000", "2018-11-30": "7953.00000", "2018-08-31": "7259.00000", "2018-05-31": "7044.00000", "2018-02-28": "5830.00000", "2017-11-30": "6885.00000", "2017-08-31": "5779.00000", "2017-05-31": "5725.00000", "2017-02-28": "5965.00000", "2016-11-30": "6116.00000", "2016-08-31": "4729.00000", "2016-05-31": "6021.00000", "2016-02-29": "4855.00000", "2015-11-30": "6283.00000", "2015-08-31": "6419.00000", "2015-05-31": "6805.00000", "2015-02-28": "7453.00000", "2014-11-30": "7619.00000", "2014-08-31": "7315.00000", "2014-05-31": "7275.00000", "2014-02-28": "6482.00000", "2013-11-30": "6439.00000", "2013-08-31": "6124.00000", "2013-05-31": "6510.00000", "2013-02-28": "5651.00000", "2012-11-30": "5576.00000", "2012-08-31": "4854.00000", "2012-05-31": "5976.00000", "2012-02-29": "5785.00000", "2011-11-30": "5915.00000", "2011-08-31": "5613.00000", "2011-05-31": "6215.00000", "2011-02-28": "5379.00000", "2010-11-30": "5284.00000", "2010-08-31": "4749.00000", "2010-05-31": "5267.00000", "2010-02-28": "4719.00000", "2009-11-30": "4189.00000", "2009-08-31": "3727.00000", "2009-05-31": "3668.00000", "2009-02-28": "3282.00000", "2008-11-30": "2817.00000", "2008-08-31": "3275.00000", "2008-05-31": "3654.62100", "2008-02-29": "3100.34700", "2007-11-30": "3210.05700", "2007-08-31": "3355.52000", "2007-05-31": "3821.02600", "2007-02-28": "2233.31900", "2006-11-30": "2613.93400", "2006-08-31": "2833.12000", "2006-05-31": "3301.75200", "2006-02-28": "3517.39100", "2005-11-30": "3289.47800", "2005-08-31": "3459.85700", "2005-05-31": "4050.89900", "2005-02-28": "3788.38800"}, "Receivables": {"2020-11-30": "1646.00000", "2020-08-31": "1550.00000", "2020-05-31": "1507.00000", "2020-02-29": "1988.00000", "2019-11-30": "1711.00000", "2019-08-31": "1535.00000", "2019-05-31": "1704.00000", "2019-02-28": "1995.00000", "2018-11-30": "1795.00000", "2018-08-31": "1669.00000", "2018-05-31": "1593.00000", "2018-02-28": "2001.00000", "2017-11-30": "1559.00000", "2017-08-31": "1432.00000", "2017-05-31": "1462.00000", "2017-02-28": "1597.00000", "2016-11-30": "1498.00000", "2016-08-31": "1252.00000", "2016-05-31": "1300.00000", "2016-02-29": "1453.00000", "2015-11-30": "1359.00000", "2015-08-31": "1224.00000", "2015-05-31": "1195.00000", "2015-02-28": "1287.00000", "2014-11-30": "1248.00000", "2014-08-31": "1148.00000", "2014-05-31": "1115.00000", "2014-02-28": "1244.00000", "2013-11-30": "1145.00000", "2013-08-31": "1201.00000", "2013-05-31": "1134.00000", "2013-02-28": "1300.00000", "2012-11-30": "1175.00000", "2012-08-31": "1026.00000", "2012-05-31": "1018.00000", "2012-02-29": "1092.00000", "2011-11-30": "982.00000", "2011-08-31": "965.00000", "2011-05-31": "948.00000", "2011-02-28": "1116.00000", "2010-11-30": "985.00000", "2010-08-31": "884.00000", "2010-05-31": "818.00000", "2010-02-28": "951.00000", "2009-11-30": "849.00000", "2009-08-31": "834.00000", "2009-05-31": "747.00000", "2009-02-28": "880.00000", "2008-11-30": "775.00000", "2008-08-31": "748.00000", "2008-05-31": "682.57400", "2008-02-29": "815.22000", "2007-11-30": "763.06900", "2007-08-31": "762.01700", "2007-05-31": "621.55400", "2007-02-28": "792.23800", "2006-11-30": "607.03200", "2006-08-31": "565.37300", "2006-05-31": "354.18900", "2006-02-28": "413.40400", "2005-11-30": "405.49700", "2005-08-31": "529.15000", "2005-05-31": "297.68400", "2005-02-28": "349.16900"}, "Inventory": {"2020-11-30": "14901.00000", "2020-08-31": "12242.00000", "2020-05-31": "11010.00000", "2020-02-29": "11850.00000", "2019-11-30": "13818.00000", "2019-08-31": "11395.00000", "2019-05-31": "11304.00000", "2019-02-28": "11356.00000", "2018-11-30": "12205.00000", "2018-08-31": "11040.00000", "2018-05-31": "10626.00000", "2018-02-28": "10671.00000", "2017-11-30": "11213.00000", "2017-08-31": "9834.00000", "2017-05-31": "9736.00000", "2017-02-28": "9530.00000", "2016-11-30": "10721.00000", "2016-08-31": "8969.00000", "2016-05-31": "8927.00000", "2016-02-29": "8908.00000", "2015-11-30": "10382.00000", "2015-08-31": "8908.00000", "2015-05-31": "8869.00000", "2015-02-28": "8558.00000", "2014-11-30": "9644.00000", "2014-08-31": "8456.00000", "2014-05-31": "8483.00000", "2014-02-28": "8267.00000", "2013-11-30": "9337.00000", "2013-08-31": "7894.00000", "2013-05-31": "7635.00000", "2013-02-28": "7582.00000", "2012-11-30": "8152.00000", "2012-08-31": "7096.00000", "2012-05-31": "7044.00000", "2012-02-29": "6934.00000", "2011-11-30": "7618.00000", "2011-08-31": "6638.00000", "2011-05-31": "6396.00000", "2011-02-28": "6127.00000", "2010-11-30": "6852.00000", "2010-08-31": "5638.00000", "2010-05-31": "5546.00000", "2010-02-28": "5365.00000", "2009-11-30": "6223.00000", "2009-08-31": "5405.00000", "2009-05-31": "5277.00000", "2009-02-28": "4995.00000", "2008-11-30": "5933.00000", "2008-08-31": "5039.00000", "2008-05-31": "5305.72500", "2008-02-29": "5235.64800", "2007-11-30": "5773.34200", "2007-08-31": "4879.46500", "2007-05-31": "4954.79500", "2007-02-28": "4930.85500", "2006-11-30": "5388.79200", "2006-08-31": "4561.23200", "2006-05-31": "4415.88900", "2006-02-28": "4277.53400", "2005-11-30": "4825.28400", "2005-08-31": "4014.69900", "2005-05-31": "4040.25300", "2005-02-28": "4002.65400"}, "Pre-Paid Expenses": {"2020-11-30": "", "2020-08-31": "", "2020-05-31": "", "2020-02-29": "", "2019-11-30": "", "2019-08-31": "", "2019-05-31": "", "2019-02-28": "", "2018-11-30": "", "2018-08-31": "", "2018-05-31": "", "2018-02-28": "", "2017-11-30": "", "2017-08-31": "", "2017-05-31": "", "2017-02-28": "", "2016-11-30": "", "2016-08-31": "", "2016-05-31": "", "2016-02-29": "", "2015-11-30": "", "2015-08-31": "", "2015-05-31": "", "2015-02-28": "", "2014-11-30": "", "2014-08-31": "", "2014-05-31": "", "2014-02-28": "", "2013-11-30": "", "2013-08-31": "", "2013-05-31": "", "2013-02-28": "", "2012-11-30": "", "2012-08-31": "", "2012-05-31": "", "2012-02-29": "", "2011-11-30": "", "2011-08-31": "", "2011-05-31": "", "2011-02-28": "", "2010-11-30": "", "2010-08-31": "", "2010-05-31": "", "2010-02-28": "", "2009-11-30": "", "2009-08-31": "", "2009-05-31": "", "2009-02-28": "", "2008-11-30": "", "2008-08-31": "", "2008-05-31": "", "2008-02-29": "", "2007-11-30": "", "2007-08-31": "", "2007-05-31": "", "2007-02-28": "", "2006-11-30": "", "2006-08-31": "", "2006-05-31": "", "2006-02-28": "", "2005-11-30": "", "2005-08-31": "", "2005-05-31": "", "2005-02-28": ""}, "Other Current Assets": {"2020-11-30": "1126.00000", "2020-08-31": "1023.00000", "2020-05-31": "963.00000", "2020-02-29": "1150.00000", "2019-11-30": "1094.00000", "2019-08-31": "1111.00000", "2019-05-31": "1110.00000", "2019-02-28": "1175.00000", "2018-11-30": "1001.00000", "2018-08-31": "321.00000", "2018-05-31": "430.00000", "2018-02-28": "397.00000", "2017-11-30": "240.00000", "2017-08-31": "272.00000", "2017-05-31": "333.00000", "2017-02-28": "368.00000", "2016-11-30": "235.00000", "2016-08-31": "268.00000", "2016-05-31": "294.00000", "2016-02-29": "313.00000", "2015-11-30": "", "2015-08-31": "228.00000", "2015-05-31": "", "2015-02-28": "", "2014-11-30": "", "2014-08-31": "", "2014-05-31": "", "2014-02-28": "", "2013-11-30": "", "2013-08-31": "", "2013-05-31": "", "2013-02-28": "", "2012-11-30": "", "2012-08-31": "", "2012-05-31": "", "2012-02-29": "", "2011-11-30": "", "2011-08-31": "", "2011-05-31": "", "2011-02-28": "", "2010-11-30": "", "2010-08-31": "", "2010-05-31": "", "2010-02-28": "", "2009-11-30": "", "2009-08-31": "", "2009-05-31": "", "2009-02-28": "", "2008-11-30": "", "2008-08-31": "", "2008-05-31": "", "2008-02-29": "", "2007-11-30": "", "2007-08-31": "", "2007-05-31": "", "2007-02-28": "", "2006-11-30": "", "2006-08-31": "", "2006-05-31": "", "2006-02-28": "243.80100", "2005-11-30": "321.92600", "2005-08-31": "", "2005-05-31": "180.53000", "2005-02-28": "222.90500"}, "Total Current Assets": {"2020-11-30": "32096.00000", "2020-08-31": "28120.00000", "2020-05-31": "25254.00000", "2020-02-29": "23703.00000", "2019-11-30": "26643.00000", "2019-08-31": "23485.00000", "2019-05-31": "22285.00000", "2019-02-28": "21648.00000", "2018-11-30": "22954.00000", "2018-08-31": "20289.00000", "2018-05-31": "19693.00000", "2018-02-28": "18899.00000", "2017-11-30": "19897.00000", "2017-08-31": "17317.00000", "2017-05-31": "17256.00000", "2017-02-28": "17460.00000", "2016-11-30": "18570.00000", "2016-08-31": "15218.00000", "2016-05-31": "16542.00000", "2016-02-29": "15529.00000", "2015-11-30": "18858.00000", "2015-08-31": "16779.00000", "2015-05-31": "17634.00000", "2015-02-28": "18058.00000", "2014-11-30": "19156.00000", "2014-08-31": "17588.00000", "2014-05-31": "17533.00000", "2014-02-28": "16634.00000", "2013-11-30": "17473.00000", "2013-08-31": "15840.00000", "2013-05-31": "15863.00000", "2013-02-28": "15110.00000", "2012-11-30": "15405.00000", "2012-08-31": "13526.00000", "2012-05-31": "14591.00000", "2012-02-29": "14360.00000", "2011-11-30": "14993.00000", "2011-08-31": "13706.00000", "2011-05-31": "14069.00000", "2011-02-28": "13138.00000", "2010-11-30": "13558.00000", "2010-08-31": "11708.00000", "2010-05-31": "12057.00000", "2010-02-28": "11501.00000", "2009-11-30": "11627.00000", "2009-08-31": "10337.00000", "2009-05-31": "10087.00000", "2009-02-28": "9691.00000", "2008-11-30": "10100.00000", "2008-08-31": "9462.00000", "2008-05-31": "10078.47000", "2008-02-29": "9669.40500", "2007-11-30": "10301.91000", "2007-08-31": "9324.15300", "2007-05-31": "9690.44300", "2007-02-28": "8275.76500", "2006-11-30": "8864.25900", "2006-08-31": "8232.08200", "2006-05-31": "8347.13300", "2006-02-28": "8452.13000", "2005-11-30": "8842.18500", "2005-08-31": "8238.00100", "2005-05-31": "8569.36600", "2005-02-28": "8363.11600"}, "Property, Plant, And Equipment": {"2020-11-30": "22288.00000", "2020-08-31": "21807.00000", "2020-05-31": "21527.00000", "2020-02-29": "21481.00000", "2019-11-30": "21237.00000", "2019-08-31": "20890.00000", "2019-05-31": "20475.00000", "2019-02-28": "20145.00000", "2018-11-30": "19879.00000", "2018-08-31": "19681.00000", "2018-05-31": "19178.00000", "2018-02-28": "19049.00000", "2017-11-30": "18682.00000", "2017-08-31": "18161.00000", "2017-05-31": "17535.00000", "2017-02-28": "17342.00000", "2016-11-30": "17156.00000", "2016-08-31": "17043.00000", "2016-05-31": "16491.00000", "2016-02-29": "16065.00000", "2015-11-30": "15867.00000", "2015-08-31": "15401.00000", "2015-05-31": "15083.00000", "2015-02-28": "14872.00000", "2014-11-30": "14798.00000", "2014-08-31": "14830.00000", "2014-05-31": "14583.00000", "2014-02-28": "14348.00000", "2013-11-30": "14254.00000", "2013-08-31": "13881.00000", "2013-05-31": "13546.00000", "2013-02-28": "13386.00000", "2012-11-30": "13251.00000", "2012-08-31": "12961.00000", "2012-05-31": "12596.00000", "2012-02-29": "12519.00000", "2011-11-30": "12381.00000", "2011-08-31": "12432.00000", "2011-05-31": "12300.00000", "2011-02-28": "12102.00000", "2010-11-30": "12019.00000", "2010-08-31": "11314.00000", "2010-05-31": "11058.00000", "2010-02-28": "11105.00000", "2009-11-30": "11115.00000", "2009-08-31": "10900.00000", "2009-05-31": "10498.00000", "2009-02-28": "10354.00000", "2008-11-30": "10192.00000", "2008-08-31": "10355.00000", "2008-05-31": "10249.03000", "2008-02-29": "10047.94000", "2007-11-30": "9919.54600", "2007-08-31": "9519.78000", "2007-05-31": "9098.32500", "2007-02-28": "8916.77100", "2006-11-30": "8831.81800", "2006-08-31": "8564.29500", "2006-05-31": "8274.01900", "2006-02-28": "8066.27800", "2005-11-30": "7915.63900", "2005-08-31": "7790.19200", "2005-05-31": "7629.57900", "2005-02-28": "7516.21000"}, "Long-Term Investments": {"2020-11-30": "", "2020-08-31": "", "2020-05-31": "", "2020-02-29": "", "2019-11-30": "", "2019-08-31": "", "2019-05-31": "", "2019-02-28": "", "2018-11-30": "", "2018-08-31": "", "2018-05-31": "", "2018-02-28": "", "2017-11-30": "", "2017-08-31": "", "2017-05-31": "", "2017-02-28": "", "2016-11-30": "", "2016-08-31": "", "2016-05-31": "", "2016-02-29": "", "2015-11-30": "", "2015-08-31": "", "2015-05-31": "", "2015-02-28": "", "2014-11-30": "", "2014-08-31": "", "2014-05-31": "", "2014-02-28": "", "2013-11-30": "", "2013-08-31": "", "2013-05-31": "", "2013-02-28": "", "2012-11-30": "", "2012-08-31": "", "2012-05-31": "", "2012-02-29": "", "2011-11-30": "", "2011-08-31": "", "2011-05-31": "", "2011-02-28": "", "2010-11-30": "", "2010-08-31": "", "2010-05-31": "", "2010-02-28": "", "2009-11-30": "", "2009-08-31": "", "2009-05-31": "", "2009-02-28": "", "2008-11-30": "", "2008-08-31": "", "2008-05-31": "", "2008-02-29": "", "2007-11-30": "", "2007-08-31": "", "2007-05-31": "", "2007-02-28": "", "2006-11-30": "", "2006-08-31": "", "2006-05-31": "", "2006-02-28": "", "2005-11-30": "", "2005-08-31": "", "2005-05-31": "", "2005-02-28": ""}, "Goodwill And Intangible Assets": {"2020-11-30": "", "2020-08-31": "", "2020-05-31": "", "2020-02-29": "", "2019-11-30": "", "2019-08-31": "", "2019-05-31": "", "2019-02-28": "", "2018-11-30": "", "2018-08-31": "", "2018-05-31": "", "2018-02-28": "", "2017-11-30": "", "2017-08-31": "", "2017-05-31": "", "2017-02-28": "", "2016-11-30": "", "2016-08-31": "", "2016-05-31": "", "2016-02-29": "", "2015-11-30": "", "2015-08-31": "", "2015-05-31": "", "2015-02-28": "", "2014-11-30": "", "2014-08-31": "", "2014-05-31": "", "2014-02-28": "", "2013-11-30": "", "2013-08-31": "", "2013-05-31": "", "2013-02-28": "", "2012-11-30": "", "2012-08-31": "", "2012-05-31": "", "2012-02-29": "", "2011-11-30": "", "2011-08-31": "", "2011-05-31": "", "2011-02-28": "", "2010-11-30": "", "2010-08-31": "", "2010-05-31": "", "2010-02-28": "", "2009-11-30": "", "2009-08-31": "", "2009-05-31": "", "2009-02-28": "", "2008-11-30": "", "2008-08-31": "", "2008-05-31": "", "2008-02-29": "", "2007-11-30": "", "2007-08-31": "", "2007-05-31": "", "2007-02-28": "", "2006-11-30": "", "2006-08-31": "", "2006-05-31": "", "2006-02-28": "", "2005-11-30": "", "2005-08-31": "", "2005-05-31": "", "2005-02-28": ""}, "Other Long-Term Assets": {"2020-11-30": "3048.00000", "2020-08-31": "2841.00000", "2020-05-31": "2202.00000", "2020-02-29": "1002.00000", "2019-11-30": "954.00000", "2019-08-31": "1025.00000", "2019-05-31": "992.00000", "2019-02-28": "1006.00000", "2018-11-30": "981.00000", "2018-08-31": "860.00000", "2018-05-31": "734.00000", "2018-02-28": "755.00000", "2017-11-30": "799.00000", "2017-08-31": "869.00000", "2017-05-31": "840.00000", "2017-02-28": "828.00000", "2016-11-30": "806.00000", "2016-08-31": "902.00000", "2016-05-31": "840.00000", "2016-02-29": "794.00000", "2015-11-30": "726.00000", "2015-08-31": "837.00000", "2015-05-31": "774.00000", "2015-02-28": "670.00000", "2014-11-30": "659.00000", "2014-08-31": "606.00000", "2014-05-31": "585.00000", "2014-02-28": "584.00000", "2013-11-30": "592.00000", "2013-08-31": "562.00000", "2013-05-31": "597.00000", "2013-02-28": "593.00000", "2012-11-30": "667.00000", "2012-08-31": "653.00000", "2012-05-31": "649.00000", "2012-02-29": "632.00000", "2011-11-30": "630.00000", "2011-08-31": "623.00000", "2011-05-31": "605.00000", "2011-02-28": "476.00000", "2010-11-30": "466.00000", "2010-08-31": "793.00000", "2010-05-31": "784.00000", "2010-02-28": "760.00000", "2009-11-30": "736.00000", "2009-08-31": "742.00000", "2009-05-31": "719.00000", "2009-02-28": "692.00000", "2008-11-30": "705.00000", "2008-08-31": "865.00000", "2008-05-31": "875.85800", "2008-02-29": "951.53000", "2007-11-30": "782.61400", "2007-08-31": "762.65300", "2007-05-31": "749.71700", "2007-02-28": "732.68500", "2006-11-30": "719.09700", "2006-08-31": "698.69300", "2006-05-31": "663.17500", "2006-02-28": "657.15800", "2005-11-30": "624.39600", "2005-08-31": "637.01200", "2005-05-31": "583.47400", "2005-02-28": "569.74100"}, "Total Long-Term Assets": {"2020-11-30": "28121.00000", "2020-08-31": "27436.00000", "2020-05-31": "26478.00000", "2020-02-29": "25079.00000", "2019-11-30": "24788.00000", "2019-08-31": "21915.00000", "2019-05-31": "21467.00000", "2019-02-28": "21151.00000", "2018-11-30": "20860.00000", "2018-08-31": "20541.00000", "2018-05-31": "19912.00000", "2018-02-28": "19804.00000", "2017-11-30": "19481.00000", "2017-08-31": "19030.00000", "2017-05-31": "18375.00000", "2017-02-28": "18170.00000", "2016-11-30": "17962.00000", "2016-08-31": "17945.00000", "2016-05-31": "17331.00000", "2016-02-29": "16859.00000", "2015-11-30": "16593.00000", "2015-08-31": "16238.00000", "2015-05-31": "15857.00000", "2015-02-28": "15542.00000", "2014-11-30": "15457.00000", "2014-08-31": "15436.00000", "2014-05-31": "15168.00000", "2014-02-28": "14932.00000", "2013-11-30": "14846.00000", "2013-08-31": "14443.00000", "2013-05-31": "14143.00000", "2013-02-28": "13979.00000", "2012-11-30": "13918.00000", "2012-08-31": "13614.00000", "2012-05-31": "13245.00000", "2012-02-29": "13151.00000", "2011-11-30": "13011.00000", "2011-08-31": "13055.00000", "2011-05-31": "12905.00000", "2011-02-28": "12578.00000", "2010-11-30": "12485.00000", "2010-08-31": "12107.00000", "2010-05-31": "11842.00000", "2010-02-28": "11865.00000", "2009-11-30": "11851.00000", "2009-08-31": "11642.00000", "2009-05-31": "11217.00000", "2009-02-28": "11046.00000", "2008-11-30": "10897.00000", "2008-08-31": "11220.00000", "2008-05-31": "11124.88000", "2008-02-29": "10999.47000", "2007-11-30": "10702.16000", "2007-08-31": "10282.43000", "2007-05-31": "9848.04200", "2007-02-28": "9649.45600", "2006-11-30": "9550.91500", "2006-08-31": "9262.98800", "2006-05-31": "8937.19300", "2006-02-28": "8723.43600", "2005-11-30": "8540.03500", "2005-08-31": "8427.20400", "2005-05-31": "8213.05300", "2005-02-28": "8085.95100"}, "Total Assets": {"2020-11-30": "60217.00000", "2020-08-31": "55556.00000", "2020-05-31": "51732.00000", "2020-02-29": "48782.00000", "2019-11-30": "51431.00000", "2019-08-31": "45400.00000", "2019-05-31": "43752.00000", "2019-02-28": "42799.00000", "2018-11-30": "43814.00000", "2018-08-31": "40830.00000", "2018-05-31": "39605.00000", "2018-02-28": "38703.00000", "2017-11-30": "39378.00000", "2017-08-31": "36347.00000", "2017-05-31": "35631.00000", "2017-02-28": "35630.00000", "2016-11-30": "36532.00000", "2016-08-31": "33163.00000", "2016-05-31": "33873.00000", "2016-02-29": "32388.00000", "2015-11-30": "35451.00000", "2015-08-31": "33017.00000", "2015-05-31": "33491.00000", "2015-02-28": "33600.00000", "2014-11-30": "34613.00000", "2014-08-31": "33024.00000", "2014-05-31": "32701.00000", "2014-02-28": "31566.00000", "2013-11-30": "32319.00000", "2013-08-31": "30283.00000", "2013-05-31": "30006.00000", "2013-02-28": "29089.00000", "2012-11-30": "29323.00000", "2012-08-31": "27140.00000", "2012-05-31": "27836.00000", "2012-02-29": "27511.00000", "2011-11-30": "28004.00000", "2011-08-31": "26761.00000", "2011-05-31": "26974.00000", "2011-02-28": "25716.00000", "2010-11-30": "26043.00000", "2010-08-31": "23815.00000", "2010-05-31": "23899.00000", "2010-02-28": "23366.00000", "2009-11-30": "23478.00000", "2009-08-31": "21979.00000", "2009-05-31": "21304.00000", "2009-02-28": "20737.00000", "2008-11-30": "20997.00000", "2008-08-31": "20682.00000", "2008-05-31": "21203.35000", "2008-02-29": "20668.88000", "2007-11-30": "21004.07000", "2007-08-31": "19606.59000", "2007-05-31": "19538.48000", "2007-02-28": "17925.22000", "2006-11-30": "18415.17000", "2006-08-31": "17495.07000", "2006-05-31": "17284.33000", "2006-02-28": "17175.57000", "2005-11-30": "17382.22000", "2005-08-31": "16665.21000", "2005-05-31": "16782.42000", "2005-02-28": "16449.07000"}, "Total Current Liabilities": {"2020-11-30": "32667.00000", "2020-08-31": "24844.00000", "2020-05-31": "22779.00000", "2020-02-29": "22695.00000", "2019-11-30": "26265.00000", "2019-08-31": "23237.00000", "2019-05-31": "22832.00000", "2019-02-28": "22450.00000", "2018-11-30": "22473.00000", "2018-08-31": "19926.00000", "2018-05-31": "19411.00000", "2018-02-28": "18913.00000", "2017-11-30": "20360.00000", "2017-08-31": "17495.00000", "2017-05-31": "21394.00000", "2017-02-28": "18860.00000", "2016-11-30": "19161.00000", "2016-08-31": "15575.00000", "2016-05-31": "16999.00000", "2016-02-29": "15433.00000", "2015-11-30": "18293.00000", "2015-08-31": "16539.00000", "2015-05-31": "16736.00000", "2015-02-28": "18249.00000", "2014-11-30": "16019.00000", "2014-08-31": "14412.00000", "2014-05-31": "14687.00000", "2014-02-28": "13884.00000", "2013-11-30": "14933.00000", "2013-08-31": "13257.00000", "2013-05-31": "13509.00000", "2013-02-28": "13045.00000", "2012-11-30": "14135.00000", "2012-08-31": "12260.00000", "2012-05-31": "12366.00000", "2012-02-29": "12409.00000", "2011-11-30": "13311.00000", "2011-08-31": "12050.00000", "2011-05-31": "12494.00000", "2011-02-28": "10746.00000", "2010-11-30": "11502.00000", "2010-08-31": "10063.00000", "2010-05-31": "10189.00000", "2010-02-28": "9865.00000", "2009-11-30": "10285.00000", "2009-08-31": "9281.00000", "2009-05-31": "9259.00000", "2009-02-28": "8998.00000", "2008-11-30": "9538.00000", "2008-08-31": "8874.00000", "2008-05-31": "9525.51300", "2008-02-29": "9169.08900", "2007-11-30": "9693.75500", "2007-08-31": "8581.75300", "2007-05-31": "8586.75400", "2007-02-28": "8664.50000", "2006-11-30": "8946.85900", "2006-08-31": "7819.19100", "2006-05-31": "7492.30600", "2006-02-28": "7250.02100", "2005-11-30": "7454.83100", "2005-08-31": "6760.53700", "2005-05-31": "6871.34500", "2005-02-28": "6774.38100"}, "Long Term Debt": {"2020-11-30": "7529.00000", "2020-08-31": "7514.00000", "2020-05-31": "7598.00000", "2020-02-29": "5099.00000", "2019-11-30": "5107.00000", "2019-08-31": "5124.00000", "2019-05-31": "4799.00000", "2019-02-28": "4794.00000", "2018-11-30": "6480.00000", "2018-08-31": "6487.00000", "2018-05-31": "6492.00000", "2018-02-28": "6505.00000", "2017-11-30": "6478.00000", "2017-08-31": "6573.00000", "2017-05-31": "2821.00000", "2017-02-28": "2815.00000", "2016-11-30": "3933.00000", "2016-08-31": "4061.00000", "2016-05-31": "3921.00000", "2016-02-29": "4886.00000", "2015-11-30": "4845.00000", "2015-08-31": "4852.00000", "2015-05-31": "4826.00000", "2015-02-28": "3830.00000", "2014-11-30": "5034.00000", "2014-08-31": "5093.00000", "2014-05-31": "4985.00000", "2014-02-28": "4985.00000", "2013-11-30": "4987.00000", "2013-08-31": "4998.00000", "2013-05-31": "4887.00000", "2013-02-28": "4806.00000", "2012-11-30": "1366.00000", "2012-08-31": "1381.00000", "2012-05-31": "1373.00000", "2012-02-29": "1380.00000", "2011-11-30": "1330.00000", "2011-08-31": "1253.00000", "2011-05-31": "1247.00000", "2011-02-28": "2144.00000", "2010-11-30": "2143.00000", "2010-08-31": "2141.00000", "2010-05-31": "2132.00000", "2010-02-28": "2134.00000", "2009-11-30": "2135.00000", "2009-08-31": "2130.00000", "2009-05-31": "2145.00000", "2009-02-28": "2198.00000", "2008-11-30": "2196.00000", "2008-08-31": "2206.00000", "2008-05-31": "2186.85600", "2008-02-29": "2181.91900", "2007-11-30": "2182.30800", "2007-08-31": "2107.97800", "2007-05-31": "2158.86200", "2007-02-28": "168.02000", "2006-11-30": "174.73300", "2006-08-31": "215.36900", "2006-05-31": "229.93100", "2006-02-28": "536.99800", "2005-11-30": "546.82000", "2005-08-31": "710.67500", "2005-05-31": "715.44800", "2005-02-28": "732.58900"}, "Other Non-Current Liabilities": {"2020-11-30": "2138.00000", "2020-08-31": "1935.00000", "2020-05-31": "1617.00000", "2020-02-29": "1543.00000", "2019-11-30": "1393.00000", "2019-08-31": "1455.00000", "2019-05-31": "1301.00000", "2019-02-28": "1372.00000", "2018-11-30": "1382.00000", "2018-08-31": "1314.00000", "2018-05-31": "1255.00000", "2018-02-28": "1232.00000", "2017-11-30": "1184.00000", "2017-08-31": "1200.00000", "2017-05-31": "1231.00000", "2017-02-28": "1243.00000", "2016-11-30": "1207.00000", "2016-08-31": "1195.00000", "2016-05-31": "1205.00000", "2016-02-29": "835.00000", "2015-11-30": "", "2015-08-31": "783.00000", "2015-05-31": "", "2015-02-28": "", "2014-11-30": "", "2014-08-31": "", "2014-05-31": "", "2014-02-28": "", "2013-11-30": "", "2013-08-31": "", "2013-05-31": "", "2013-02-28": "", "2012-11-30": "", "2012-08-31": "", "2012-05-31": "", "2012-02-29": "", "2011-11-30": "", "2011-08-31": "", "2011-05-31": "", "2011-02-28": "", "2010-11-30": "", "2010-08-31": "", "2010-05-31": "", "2010-02-28": "", "2009-11-30": "", "2009-08-31": "", "2009-05-31": "", "2009-02-28": "", "2008-11-30": "", "2008-08-31": "", "2008-05-31": "", "2008-02-29": "", "2007-11-30": "", "2007-08-31": "", "2007-05-31": "", "2007-02-28": "", "2006-11-30": "", "2006-08-31": "", "2006-05-31": "", "2006-02-28": "", "2005-11-30": "", "2005-08-31": "", "2005-05-31": "", "2005-02-28": ""}, "Total Long Term Liabilities": {"2020-11-30": "12241.00000", "2020-08-31": "12007.00000", "2020-05-31": "11750.00000", "2020-02-29": "9088.00000", "2019-11-30": "8942.00000", "2019-08-31": "6579.00000", "2019-05-31": "6100.00000", "2019-02-28": "6166.00000", "2018-11-30": "7862.00000", "2018-08-31": "7801.00000", "2018-05-31": "7747.00000", "2018-02-28": "7737.00000", "2017-11-30": "7662.00000", "2017-08-31": "7773.00000", "2017-05-31": "4052.00000", "2017-02-28": "4058.00000", "2016-11-30": "5140.00000", "2016-08-31": "5256.00000", "2016-05-31": "5126.00000", "2016-02-29": "5721.00000", "2015-11-30": "6078.00000", "2015-08-31": "5635.00000", "2015-05-31": "5941.00000", "2015-02-28": "4926.00000", "2014-11-30": "6024.00000", "2014-08-31": "6097.00000", "2014-05-31": "5993.00000", "2014-02-28": "5973.00000", "2013-11-30": "5977.00000", "2013-08-31": "6014.00000", "2013-05-31": "5850.00000", "2013-02-28": "5761.00000", "2012-11-30": "2356.00000", "2012-08-31": "2362.00000", "2012-05-31": "2287.00000", "2012-02-29": "2283.00000", "2011-11-30": "2246.00000", "2011-08-31": "2138.00000", "2011-05-31": "1939.00000", "2011-02-28": "2846.00000", "2010-11-30": "2834.00000", "2010-08-31": "2822.00000", "2010-05-31": "2738.00000", "2010-02-28": "2758.00000", "2009-11-30": "2762.00000", "2009-08-31": "2594.00000", "2009-05-31": "2572.00000", "2009-02-28": "2618.00000", "2008-11-30": "2608.00000", "2008-08-31": "2616.00000", "2008-05-31": "2562.26400", "2008-02-29": "2553.39700", "2007-11-30": "2547.90300", "2007-08-31": "2401.49200", "2007-05-31": "2470.46700", "2007-02-28": "472.32100", "2006-11-30": "496.32900", "2006-08-31": "532.44000", "2006-05-31": "553.40000", "2006-02-28": "859.52800", "2005-11-30": "860.35700", "2005-08-31": "1023.55900", "2005-05-31": "1048.19600", "2005-02-28": "1059.87000"}, "Total Liabilities": {"2020-11-30": "44908.00000", "2020-08-31": "36851.00000", "2020-05-31": "34529.00000", "2020-02-29": "31783.00000", "2019-11-30": "35207.00000", "2019-08-31": "29816.00000", "2019-05-31": "28932.00000", "2019-02-28": "28616.00000", "2018-11-30": "30335.00000", "2018-08-31": "27727.00000", "2018-05-31": "27158.00000", "2018-02-28": "26650.00000", "2017-11-30": "28022.00000", "2017-08-31": "25268.00000", "2017-05-31": "25446.00000", "2017-02-28": "22918.00000", "2016-11-30": "24301.00000", "2016-08-31": "20831.00000", "2016-05-31": "22125.00000", "2016-02-29": "21154.00000", "2015-11-30": "24371.00000", "2015-08-31": "22174.00000", "2015-05-31": "22677.00000", "2015-02-28": "23175.00000", "2014-11-30": "22043.00000", "2014-08-31": "20509.00000", "2014-05-31": "20680.00000", "2014-02-28": "19857.00000", "2013-11-30": "20910.00000", "2013-08-31": "19271.00000", "2013-05-31": "19359.00000", "2013-02-28": "18806.00000", "2012-11-30": "16491.00000", "2012-08-31": "14622.00000", "2012-05-31": "14653.00000", "2012-02-29": "14692.00000", "2011-11-30": "15557.00000", "2011-08-31": "14188.00000", "2011-05-31": "14433.00000", "2011-02-28": "13592.00000", "2010-11-30": "14336.00000", "2010-08-31": "12885.00000", "2010-05-31": "12927.00000", "2010-02-28": "12623.00000", "2009-11-30": "13047.00000", "2009-08-31": "11875.00000", "2009-05-31": "11831.00000", "2009-02-28": "11616.00000", "2008-11-30": "12146.00000", "2008-08-31": "11490.00000", "2008-05-31": "12087.78000", "2008-02-29": "11722.49000", "2007-11-30": "12241.66000", "2007-08-31": "10983.25000", "2007-05-31": "11057.22000", "2007-02-28": "9136.82100", "2006-11-30": "9443.18800", "2006-08-31": "8351.63100", "2006-05-31": "8045.70600", "2006-02-28": "8109.54900", "2005-11-30": "8315.18800", "2005-08-31": "7784.09600", "2005-05-31": "7919.54100", "2005-02-28": "7834.25100"}, "Common Stock Net": {"2020-11-30": "4.00000", "2020-08-31": "4.00000", "2020-05-31": "4.00000", "2020-02-29": "4.00000", "2019-11-30": "4.00000", "2019-08-31": "4.00000", "2019-05-31": "4.00000", "2019-02-28": "4.00000", "2018-11-30": "4.00000", "2018-08-31": "4.00000", "2018-05-31": "4.00000", "2018-02-28": "4.00000", "2017-11-30": "4.00000", "2017-08-31": "4.00000", "2017-05-31": "2.00000", "2017-02-28": "2.00000", "2016-11-30": "2.00000", "2016-08-31": "2.00000", "2016-05-31": "2.00000", "2016-02-29": "2.00000", "2015-11-30": "2.00000", "2015-08-31": "2.00000", "2015-05-31": "2.00000", "2015-02-28": "2.00000", "2014-11-30": "2.00000", "2014-08-31": "2.00000", "2014-05-31": "2.00000", "2014-02-28": "2.00000", "2013-11-30": "2.00000", "2013-08-31": "2.00000", "2013-05-31": "2.00000", "2013-02-28": "2.00000", "2012-11-30": "2.00000", "2012-08-31": "2.00000", "2012-05-31": "2.00000", "2012-02-29": "2.00000", "2011-11-30": "2.00000", "2011-08-31": "2.00000", "2011-05-31": "2.00000", "2011-02-28": "2.00000", "2010-11-30": "2.00000", "2010-08-31": "2.00000", "2010-05-31": "2.00000", "2010-02-28": "2.00000", "2009-11-30": "2.00000", "2009-08-31": "2.00000", "2009-05-31": "2.00000", "2009-02-28": "2.00000", "2008-11-30": "2.00000", "2008-08-31": "2.00000", "2008-05-31": "2.17500", "2008-02-29": "2.17100", "2007-11-30": "2.17500", "2007-08-31": "2.18500", "2007-05-31": "2.20100", "2007-02-28": "2.24700", "2006-11-30": "2.27800", "2006-08-31": "2.31200", "2006-05-31": "2.34900", "2006-02-28": "2.34800", "2005-11-30": "2.37900", "2005-08-31": "2.36200", "2005-05-31": "2.39700", "2005-02-28": "2.38700"}, "Retained Earnings (Accumulated Deficit)": {"2020-11-30": "9232.00000", "2020-08-31": "12879.00000", "2020-05-31": "11883.00000", "2020-02-29": "11384.00000", "2019-11-30": "10787.00000", "2019-08-31": "10258.00000", "2019-05-31": "9496.00000", "2019-02-28": "8916.00000", "2018-11-30": "8387.00000", "2018-08-31": "7887.00000", "2018-05-31": "7176.00000", "2018-02-28": "6727.00000", "2017-11-30": "6300.00000", "2017-08-31": "5988.00000", "2017-05-31": "5508.00000", "2017-02-28": "8140.00000", "2016-11-30": "7882.00000", "2016-08-31": "7686.00000", "2016-05-31": "7225.00000", "2016-02-29": "7001.00000", "2015-11-30": "6704.00000", "2015-08-31": "6518.00000", "2015-05-31": "6164.00000", "2015-02-28": "5937.00000", "2014-11-30": "7782.00000", "2014-08-31": "7458.00000", "2014-05-31": "7051.00000", "2014-02-28": "6899.00000", "2013-11-30": "6571.00000", "2013-08-31": "6283.00000", "2013-05-31": "5802.00000", "2013-02-28": "5478.00000", "2012-11-30": "8099.00000", "2012-08-31": "7834.00000", "2012-05-31": "7611.00000", "2012-02-29": "7339.00000", "2011-11-30": "7175.00000", "2011-08-31": "7111.00000", "2011-05-31": "6994.00000", "2011-02-28": "6863.00000", "2010-11-30": "6685.00000", "2010-08-31": "6590.00000", "2010-05-31": "6614.00000", "2010-02-28": "6495.00000", "2009-11-30": "6288.00000", "2009-08-31": "6101.00000", "2009-05-31": "5806.00000", "2009-02-28": "5676.00000", "2008-11-30": "5506.00000", "2008-08-31": "5361.00000", "2008-05-31": "5248.49800", "2008-02-29": "5235.65000", "2007-11-30": "5085.48100", "2007-08-31": "5132.34300", "2007-05-31": "5229.55700", "2007-02-28": "5610.47000", "2006-11-30": "5844.32800", "2006-08-31": "6041.21200", "2006-05-31": "6361.19300", "2006-02-28": "6448.95500", "2005-11-30": "6597.87300", "2005-08-31": "6624.15400", "2005-05-31": "6698.43400", "2005-02-28": "6543.76400"}, "Comprehensive Income": {"2020-11-30": "-1101.00000", "2020-08-31": "-1297.00000", "2020-05-31": "-1678.00000", "2020-02-29": "-1280.00000", "2019-11-30": "-1321.00000", "2019-08-31": "-1436.00000", "2019-05-31": "-1321.00000", "2019-02-28": "-1280.00000", "2018-11-30": "-1331.00000", "2018-08-31": "-1199.00000", "2018-05-31": "-1038.00000", "2018-02-28": "-897.00000", "2017-11-30": "-1037.00000", "2017-08-31": "-1014.00000", "2017-05-31": "-1321.00000", "2017-02-28": "-1333.00000", "2016-11-30": "-1439.00000", "2016-08-31": "-1099.00000", "2016-05-31": "-1126.00000", "2016-02-29": "-1344.00000", "2015-11-30": "-1105.00000", "2015-08-31": "-1121.00000", "2015-05-31": "-726.00000", "2015-02-28": "-797.00000", "2014-11-30": "-388.00000", "2014-08-31": "-76.00000", "2014-05-31": "-69.00000", "2014-02-28": "-157.00000", "2013-11-30": "-41.00000", "2013-08-31": "-122.00000", "2013-05-31": "81.00000", "2013-02-28": "111.00000", "2012-11-30": "173.00000", "2012-08-31": "156.00000", "2012-05-31": "319.00000", "2012-02-29": "306.00000", "2011-11-30": "205.00000", "2011-08-31": "373.00000", "2011-05-31": "484.00000", "2011-02-28": "340.00000", "2010-11-30": "270.00000", "2010-08-31": "122.00000", "2010-05-31": "151.00000", "2010-02-28": "145.00000", "2009-11-30": "150.00000", "2009-08-31": "110.00000", "2009-05-31": "-57.00000", "2009-02-28": "-218.00000", "2008-11-30": "-240.00000", "2008-08-31": "286.00000", "2008-05-31": "393.30500", "2008-02-29": "429.99000", "2007-11-30": "477.52000", "2007-08-31": "370.58900", "2007-05-31": "300.89200", "2007-02-28": "244.99500", "2006-11-30": "270.95200", "2006-08-31": "277.26300", "2006-05-31": "265.67000", "2006-02-28": "207.51400", "2005-11-30": "129.13600", "2005-08-31": "158.03900", "2005-05-31": "139.35200", "2005-02-28": "119.79400"}, "Other Share Holders Equity": {"2020-11-30": "", "2020-08-31": "", "2020-05-31": "", "2020-02-29": "", "2019-11-30": "", "2019-08-31": "", "2019-05-31": "", "2019-02-28": "", "2018-11-30": "", "2018-08-31": "", "2018-05-31": "", "2018-02-28": "", "2017-11-30": "", "2017-08-31": "", "2017-05-31": "", "2017-02-28": "", "2016-11-30": "", "2016-08-31": "", "2016-05-31": "", "2016-02-29": "", "2015-11-30": "", "2015-08-31": "", "2015-05-31": "", "2015-02-28": "", "2014-11-30": "", "2014-08-31": "", "2014-05-31": "", "2014-02-28": "", "2013-11-30": "", "2013-08-31": "", "2013-05-31": "", "2013-02-28": "", "2012-11-30": "", "2012-08-31": "", "2012-05-31": "", "2012-02-29": "", "2011-11-30": "", "2011-08-31": "", "2011-05-31": "", "2011-02-28": "", "2010-11-30": "", "2010-08-31": "", "2010-05-31": "", "2010-02-28": "", "2009-11-30": "", "2009-08-31": "", "2009-05-31": "", "2009-02-28": "", "2008-11-30": "", "2008-08-31": "", "2008-05-31": "", "2008-02-29": "", "2007-11-30": "", "2007-08-31": "", "2007-05-31": "", "2007-02-28": "", "2006-11-30": "", "2006-08-31": "", "2006-05-31": "", "2006-02-28": "", "2005-11-30": "", "2005-08-31": "", "2005-05-31": "", "2005-02-28": ""}, "Share Holder Equity": {"2020-11-30": "15309.00000", "2020-08-31": "18705.00000", "2020-05-31": "17203.00000", "2020-02-29": "16999.00000", "2019-11-30": "16224.00000", "2019-08-31": "15584.00000", "2019-05-31": "14820.00000", "2019-02-28": "14183.00000", "2018-11-30": "13479.00000", "2018-08-31": "13103.00000", "2018-05-31": "12447.00000", "2018-02-28": "12053.00000", "2017-11-30": "11356.00000", "2017-08-31": "11079.00000", "2017-05-31": "10185.00000", "2017-02-28": "12712.00000", "2016-11-30": "12231.00000", "2016-08-31": "12332.00000", "2016-05-31": "11748.00000", "2016-02-29": "11234.00000", "2015-11-30": "11080.00000", "2015-08-31": "10843.00000", "2015-05-31": "10814.00000", "2015-02-28": "10425.00000", "2014-11-30": "12570.00000", "2014-08-31": "12515.00000", "2014-05-31": "12021.00000", "2014-02-28": "11709.00000", "2013-11-30": "11409.00000", "2013-08-31": "11012.00000", "2013-05-31": "10647.00000", "2013-02-28": "10283.00000", "2012-11-30": "12832.00000", "2012-08-31": "12518.00000", "2012-05-31": "13183.00000", "2012-02-29": "12819.00000", "2011-11-30": "12447.00000", "2011-08-31": "12573.00000", "2011-05-31": "12541.00000", "2011-02-28": "12124.00000", "2010-11-30": "11707.00000", "2010-08-31": "10930.00000", "2010-05-31": "10972.00000", "2010-02-28": "10743.00000", "2009-11-30": "10431.00000", "2009-08-31": "10104.00000", "2009-05-31": "9473.00000", "2009-02-28": "9121.00000", "2008-11-30": "8851.00000", "2008-08-31": "9192.00000", "2008-05-31": "9115.57300", "2008-02-29": "8946.39100", "2007-11-30": "8762.41100", "2007-08-31": "8623.34100", "2007-05-31": "8481.26400", "2007-02-28": "8788.40000", "2006-11-30": "8971.98600", "2006-08-31": "9143.43900", "2006-05-31": "9238.62100", "2006-02-28": "9066.01700", "2005-11-30": "9067.03200", "2005-08-31": "8881.10900", "2005-05-31": "8862.87800", "2005-02-28": "8614.81600"}, "Total Liabilities And Share Holders Equity": {"2020-11-30": "60217.00000", "2020-08-31": "55556.00000", "2020-05-31": "51732.00000", "2020-02-29": "48782.00000", "2019-11-30": "51431.00000", "2019-08-31": "45400.00000", "2019-05-31": "43752.00000", "2019-02-28": "42799.00000", "2018-11-30": "43814.00000", "2018-08-31": "40830.00000", "2018-05-31": "39605.00000", "2018-02-28": "38703.00000", "2017-11-30": "39378.00000", "2017-08-31": "36347.00000", "2017-05-31": "35631.00000", "2017-02-28": "35630.00000", "2016-11-30": "36532.00000", "2016-08-31": "33163.00000", "2016-05-31": "33873.00000", "2016-02-29": "32388.00000", "2015-11-30": "35451.00000", "2015-08-31": "33017.00000", "2015-05-31": "33491.00000", "2015-02-28": "33600.00000", "2014-11-30": "34613.00000", "2014-08-31": "33024.00000", "2014-05-31": "32701.00000", "2014-02-28": "31566.00000", "2013-11-30": "32319.00000", "2013-08-31": "30283.00000", "2013-05-31": "30006.00000", "2013-02-28": "29089.00000", "2012-11-30": "29323.00000", "2012-08-31": "27140.00000", "2012-05-31": "27836.00000", "2012-02-29": "27511.00000", "2011-11-30": "28004.00000", "2011-08-31": "26761.00000", "2011-05-31": "26974.00000", "2011-02-28": "25716.00000", "2010-11-30": "26043.00000", "2010-08-31": "23815.00000", "2010-05-31": "23899.00000", "2010-02-28": "23366.00000", "2009-11-30": "23478.00000", "2009-08-31": "21979.00000", "2009-05-31": "21304.00000", "2009-02-28": "20737.00000", "2008-11-30": "20997.00000", "2008-08-31": "20682.00000", "2008-05-31": "21203.35000", "2008-02-29": "20668.88000", "2007-11-30": "21004.07000", "2007-08-31": "19606.59000", "2007-05-31": "19538.48000", "2007-02-28": "17925.22000", "2006-11-30": "18415.17000", "2006-08-31": "17495.07000", "2006-05-31": "17284.33000", "2006-02-28": "17175.57000", "2005-11-30": "17382.22000", "2005-08-31": "16665.21000", "2005-05-31": "16782.42000", "2005-02-28": "16449.07000"}}, "cash flow statement": {"Net Income/Loss": {"2020-08-31": "4059.00000", "2019-08-31": "3704.00000", "2018-08-31": "3179.00000", "2017-08-31": "2714.00000", "2016-08-31": "2376.00000", "2015-08-31": "2409.00000", "2014-08-31": "2088.00000", "2013-08-31": "2061.00000", "2012-08-31": "1767.00000", "2011-08-31": "1542.00000", "2010-08-31": "1323.00000", "2009-08-31": "1099.00000", "2008-08-31": "1295.00000", "2007-08-31": "1083.00000", "2006-08-31": "1103.21500", "2005-08-31": "1063.09200"}, "Total Depreciation And Amortization - Cash Flow": {"2020-08-31": "1645.00000", "2019-08-31": "1492.00000", "2018-08-31": "1437.00000", "2017-08-31": "1370.00000", "2016-08-31": "1255.00000", "2015-08-31": "1127.00000", "2014-08-31": "1029.00000", "2013-08-31": "946.00000", "2012-08-31": "908.00000", "2011-08-31": "855.00000", "2010-08-31": "795.00000", "2009-08-31": "728.00000", "2008-08-31": "653.00000", "2007-08-31": "569.00000", "2006-08-31": "520.11300", "2005-08-31": "493.69300"}, "Other Non-Cash Items": {"2020-08-31": "959.00000", "2019-08-31": "751.00000", "2018-08-31": "489.00000", "2017-08-31": "471.00000", "2016-08-31": "671.00000", "2015-08-31": "202.00000", "2014-08-31": "202.00000", "2013-08-31": "224.00000", "2012-08-31": "202.00000", "2011-08-31": "269.00000", "2010-08-31": "147.00000", "2009-08-31": "262.00000", "2008-08-31": "109.00000", "2007-08-31": "-16.00000", "2006-08-31": "9.58900", "2005-08-31": "-82.11700"}, "Total Non-Cash Items": {"2020-08-31": "2604.00000", "2019-08-31": "2243.00000", "2018-08-31": "1926.00000", "2017-08-31": "1841.00000", "2016-08-31": "1926.00000", "2015-08-31": "1329.00000", "2014-08-31": "1231.00000", "2013-08-31": "1170.00000", "2012-08-31": "1110.00000", "2011-08-31": "1124.00000", "2010-08-31": "942.00000", "2009-08-31": "990.00000", "2008-08-31": "762.00000", "2007-08-31": "553.00000", "2006-08-31": "529.70200", "2005-08-31": "411.57600"}, "Change In Accounts Receivable": {"2020-08-31": "728.00000", "2019-08-31": "623.00000", "2018-08-31": "421.00000", "2017-08-31": "", "2016-08-31": "", "2015-08-31": "557.00000", "2014-08-31": "699.00000", "2013-08-31": "386.00000", "2012-08-31": "332.00000", "2011-08-31": "370.00000", "2010-08-31": "283.00000", "2009-08-31": "142.00000", "2008-08-31": "245.00000", "2007-08-31": "289.00000", "2006-08-31": "", "2005-08-31": ""}, "Change In Inventories": {"2020-08-31": "-791.00000", "2019-08-31": "-536.00000", "2018-08-31": "-1313.00000", "2017-08-31": "-894.00000", "2016-08-31": "-25.00000", "2015-08-31": "-890.00000", "2014-08-31": "-563.00000", "2013-08-31": "-898.00000", "2012-08-31": "-490.00000", "2011-08-31": "-642.00000", "2010-08-31": "-213.00000", "2009-08-31": "-394.00000", "2008-08-31": "-192.00000", "2007-08-31": "-273.00000", "2006-08-31": "-499.19400", "2005-08-31": "-315.79300"}, "Change In Accounts Payable": {"2020-08-31": "2261.00000", "2019-08-31": "322.00000", "2018-08-31": "1561.00000", "2017-08-31": "2258.00000", "2016-08-31": "-1532.00000", "2015-08-31": "880.00000", "2014-08-31": "529.00000", "2013-08-31": "718.00000", "2012-08-31": "338.00000", "2011-08-31": "804.00000", "2010-08-31": "445.00000", "2009-08-31": "255.00000", "2008-08-31": "96.00000", "2007-08-31": "435.00000", "2006-08-31": "282.79700", "2005-08-31": "479.06700"}, "Change In Assets/Liabilities": {"2020-08-31": "", "2019-08-31": "", "2018-08-31": "", "2017-08-31": "807.00000", "2016-08-31": "547.00000", "2015-08-31": "", "2014-08-31": "", "2013-08-31": "", "2012-08-31": "", "2011-08-31": "", "2010-08-31": "", "2009-08-31": "", "2008-08-31": "", "2007-08-31": "", "2006-08-31": "414.70400", "2005-08-31": "66.93200"}, "Total Change In Assets/Liabilities": {"2020-08-31": "2198.00000", "2019-08-31": "409.00000", "2018-08-31": "669.00000", "2017-08-31": "2171.00000", "2016-08-31": "-1010.00000", "2015-08-31": "547.00000", "2014-08-31": "665.00000", "2013-08-31": "206.00000", "2012-08-31": "180.00000", "2011-08-31": "532.00000", "2010-08-31": "515.00000", "2009-08-31": "3.00000", "2008-08-31": "149.00000", "2007-08-31": "451.00000", "2006-08-31": "198.30700", "2005-08-31": "230.20600"}, "Cash Flow From Operating Activities": {"2020-08-31": "8861.00000", "2019-08-31": "6356.00000", "2018-08-31": "5774.00000", "2017-08-31": "6726.00000", "2016-08-31": "3292.00000", "2015-08-31": "4285.00000", "2014-08-31": "3984.00000", "2013-08-31": "3437.00000", "2012-08-31": "3057.00000", "2011-08-31": "3198.00000", "2010-08-31": "2780.00000", "2009-08-31": "2092.00000", "2008-08-31": "2206.00000", "2007-08-31": "2087.00000", "2006-08-31": "1831.22400", "2005-08-31": "1772.81100"}, "Net Change In Property, Plant, And Equipment": {"2020-08-31": "-2810.00000", "2019-08-31": "-2998.00000", "2018-08-31": "-2969.00000", "2017-08-31": "-2502.00000", "2016-08-31": "-2649.00000", "2015-08-31": "-2393.00000", "2014-08-31": "-1993.00000", "2013-08-31": "-2083.00000", "2012-08-31": "-1480.00000", "2011-08-31": "-1290.00000", "2010-08-31": "-1051.00000", "2009-08-31": "-1243.00000", "2008-08-31": "-1551.00000", "2007-08-31": "-1372.00000", "2006-08-31": "-1200.76100", "2005-08-31": "-972.84900"}, "Net Change In Intangible Assets": {"2020-08-31": "", "2019-08-31": "", "2018-08-31": "", "2017-08-31": "", "2016-08-31": "", "2015-08-31": "", "2014-08-31": "", "2013-08-31": "", "2012-08-31": "", "2011-08-31": "", "2010-08-31": "", "2009-08-31": "", "2008-08-31": "", "2007-08-31": "", "2006-08-31": "", "2005-08-31": ""}, "Net Acquisitions/Divestitures": {"2020-08-31": "-1163.00000", "2019-08-31": "", "2018-08-31": "", "2017-08-31": "", "2016-08-31": "", "2015-08-31": "", "2014-08-31": "", "2013-08-31": "", "2012-08-31": "", "2011-08-31": "", "2010-08-31": "", "2009-08-31": "", "2008-08-31": "", "2007-08-31": "", "2006-08-31": "-15.00000", "2005-08-31": "-15.00000"}, "Net Change In Short-term Investments": {"2020-08-31": "52.00000", "2019-08-31": "137.00000", "2018-08-31": "18.00000", "2017-08-31": "106.00000", "2016-08-31": "277.00000", "2015-08-31": "-67.00000", "2014-08-31": "-97.00000", "2013-08-31": "-187.00000", "2012-08-31": "255.00000", "2011-08-31": "-662.00000", "2010-08-31": "-1265.00000", "2009-08-31": "-26.00000", "2008-08-31": "54.00000", "2007-08-31": "257.00000", "2006-08-31": "89.43600", "2005-08-31": "-1072.54100"}, "Net Change In Long-Term Investments": {"2020-08-31": "", "2019-08-31": "", "2018-08-31": "", "2017-08-31": "", "2016-08-31": "", "2015-08-31": "", "2014-08-31": "", "2013-08-31": "", "2012-08-31": "", "2011-08-31": "602.00000", "2010-08-31": "309.00000", "2009-08-31": "183.00000", "2008-08-31": "-206.00000", "2007-08-31": "496.00000", "2006-08-31": "", "2005-08-31": ""}, "Net Change In Investments - Total": {"2020-08-31": "52.00000", "2019-08-31": "137.00000", "2018-08-31": "18.00000", "2017-08-31": "106.00000", "2016-08-31": "277.00000", "2015-08-31": "-67.00000", "2014-08-31": "-97.00000", "2013-08-31": "-187.00000", "2012-08-31": "255.00000", "2011-08-31": "-60.00000", "2010-08-31": "-956.00000", "2009-08-31": "157.00000", "2008-08-31": "-152.00000", "2007-08-31": "753.00000", "2006-08-31": "89.43600", "2005-08-31": "-1072.54100"}, "Investing Activities - Other": {"2020-08-31": "30.00000", "2019-08-31": "-4.00000", "2018-08-31": "4.00000", "2017-08-31": "30.00000", "2016-08-31": "27.00000", "2015-08-31": "-20.00000", "2014-08-31": "-3.00000", "2013-08-31": "19.00000", "2012-08-31": "-11.00000", "2011-08-31": "170.00000", "2010-08-31": "-8.00000", "2009-08-31": "-15.00000", "2008-08-31": "-14.00000", "2007-08-31": "-36.00000", "2006-08-31": "-31.16900", "2005-08-31": "12.02700"}, "Cash Flow From Investing Activities": {"2020-08-31": "-3891.00000", "2019-08-31": "-2865.00000", "2018-08-31": "-2947.00000", "2017-08-31": "-2366.00000", "2016-08-31": "-2345.00000", "2015-08-31": "-2480.00000", "2014-08-31": "-2093.00000", "2013-08-31": "-2251.00000", "2012-08-31": "-1236.00000", "2011-08-31": "-1180.00000", "2010-08-31": "-2015.00000", "2009-08-31": "-1101.00000", "2008-08-31": "-1717.00000", "2007-08-31": "-655.00000", "2006-08-31": "-1157.49400", "2005-08-31": "-2048.36300"}, "Net Long-Term Debt": {"2020-08-31": "792.00000", "2019-08-31": "209.00000", "2018-08-31": "-86.00000", "2017-08-31": "1582.00000", "2016-08-31": "-1103.00000", "2015-08-31": "1124.00000", "2014-08-31": "117.00000", "2013-08-31": "3717.00000", "2012-08-31": "-770.00000", "2011-08-31": "", "2010-08-31": "-84.00000", "2009-08-31": "-6.00000", "2008-08-31": "34.00000", "2007-08-31": "1687.00000", "2006-08-31": "10.78900", "2005-08-31": "-298.21700"}, "Net Current Debt": {"2020-08-31": "137.00000", "2019-08-31": "210.00000", "2018-08-31": "80.00000", "2017-08-31": "-236.00000", "2016-08-31": "81.00000", "2015-08-31": "-45.00000", "2014-08-31": "61.00000", "2013-08-31": "-31.00000", "2012-08-31": "457.00000", "2011-08-31": "-540.00000", "2010-08-31": "13.00000", "2009-08-31": "-130.00000", "2008-08-31": "136.00000", "2007-08-31": "33.00000", "2006-08-31": "20.63010", "2005-08-31": "119.26200"}, "Debt Issuance/Retirement Net - Total": {"2020-08-31": "929.00000", "2019-08-31": "419.00000", "2018-08-31": "-6.00000", "2017-08-31": "1346.00000", "2016-08-31": "-1022.00000", "2015-08-31": "1079.00000", "2014-08-31": "178.00000", "2013-08-31": "3686.00000", "2012-08-31": "-313.00000", "2011-08-31": "-540.00000", "2010-08-31": "-71.00000", "2009-08-31": "-136.00000", "2008-08-31": "170.00000", "2007-08-31": "1720.00000", "2006-08-31": "31.41910", "2005-08-31": "-178.95500"}, "Net Common Equity Issued/Repurchased": {"2020-08-31": "-196.00000", "2019-08-31": "-247.00000", "2018-08-31": "-328.00000", "2017-08-31": "-469.00000", "2016-08-31": "-706.00000", "2015-08-31": "-659.00000", "2014-08-31": "-498.00000", "2013-08-31": "-157.00000", "2012-08-31": "-630.00000", "2011-08-31": "-400.00000", "2010-08-31": "-358.00000", "2009-08-31": "", "2008-08-31": "-589.00000", "2007-08-31": "-1674.00000", "2006-08-31": "-1070.47500", "2005-08-31": "-134.99900"}, "Net Total Equity Issued/Repurchased": {"2020-08-31": "-196.00000", "2019-08-31": "-247.00000", "2018-08-31": "-328.00000", "2017-08-31": "-469.00000", "2016-08-31": "-706.00000", "2015-08-31": "-659.00000", "2014-08-31": "-498.00000", "2013-08-31": "-157.00000", "2012-08-31": "-630.00000", "2011-08-31": "-400.00000", "2010-08-31": "-358.00000", "2009-08-31": "", "2008-08-31": "-589.00000", "2007-08-31": "-1674.00000", "2006-08-31": "-1070.47500", "2005-08-31": "-134.99900"}, "Total Common And Preferred Stock Dividends Paid": {"2020-08-31": "-1479.00000", "2019-08-31": "-1038.00000", "2018-08-31": "-689.00000", "2017-08-31": "-3904.00000", "2016-08-31": "-746.00000", "2015-08-31": "-2865.00000", "2014-08-31": "-584.00000", "2013-08-31": "-3560.00000", "2012-08-31": "-607.00000", "2011-08-31": "-389.00000", "2010-08-31": "-338.00000", "2009-08-31": "-296.00000", "2008-08-31": "-265.00000", "2007-08-31": "-246.00000", "2006-08-31": "-230.21100", "2005-08-31": "-204.56700"}, "Financial Activities - Other": {"2020-08-31": "-401.00000", "2019-08-31": "-281.00000", "2018-08-31": "-258.00000", "2017-08-31": "-191.00000", "2016-08-31": "55.00000", "2015-08-31": "121.00000", "2014-08-31": "118.00000", "2013-08-31": "75.00000", "2012-08-31": "-731.00000", "2011-08-31": "52.00000", "2010-08-31": "48.00000", "2009-08-31": "-7.00000", "2008-08-31": "41.00000", "2007-08-31": "25.00000", "2006-08-31": "36.04000", "2005-08-31": "-0.13000"}, "Cash Flow From Financial Activities": {"2020-08-31": "-1147.00000", "2019-08-31": "-1147.00000", "2018-08-31": "-1281.00000", "2017-08-31": "-3218.00000", "2016-08-31": "-2419.00000", "2015-08-31": "-2324.00000", "2014-08-31": "-786.00000", "2013-08-31": "44.00000", "2012-08-31": "-2281.00000", "2011-08-31": "-1277.00000", "2010-08-31": "-719.00000", "2009-08-31": "-439.00000", "2008-08-31": "-643.00000", "2007-08-31": "-175.00000", "2006-08-31": "-1233.22700", "2005-08-31": "-518.65100"}, "Net Cash Flow": {"2020-08-31": "3893.00000", "2019-08-31": "2329.00000", "2018-08-31": "1509.00000", "2017-08-31": "1167.00000", "2016-08-31": "-1422.00000", "2015-08-31": "-937.00000", "2014-08-31": "1094.00000", "2013-08-31": "1116.00000", "2012-08-31": "-481.00000", "2011-08-31": "795.00000", "2010-08-31": "57.00000", "2009-08-31": "538.00000", "2008-08-31": "-161.00000", "2007-08-31": "1269.00000", "2006-08-31": "-551.64600", "2005-08-31": "-760.55000"}, "Stock-Based Compensation": {"2020-08-31": "619.00000", "2019-08-31": "595.00000", "2018-08-31": "544.00000", "2017-08-31": "514.00000", "2016-08-31": "459.00000", "2015-08-31": "394.00000", "2014-08-31": "327.00000", "2013-08-31": "285.00000", "2012-08-31": "241.00000", "2011-08-31": "207.00000", "2010-08-31": "190.00000", "2009-08-31": "181.00000", "2008-08-31": "166.00000", "2007-08-31": "135.00000", "2006-08-31": "107.39700", "2005-08-31": "67.93700"}, "Common Stock Dividends Paid": {"2020-08-31": "-1479.00000", "2019-08-31": "-1038.00000", "2018-08-31": "-689.00000", "2017-08-31": "-3904.00000", "2016-08-31": "-746.00000", "2015-08-31": "-2865.00000", "2014-08-31": "-584.00000", "2013-08-31": "-3560.00000", "2012-08-31": "-607.00000", "2011-08-31": "-389.00000", "2010-08-31": "-338.00000", "2009-08-31": "-296.00000", "2008-08-31": "-265.00000", "2007-08-31": "-246.00000", "2006-08-31": "-230.21100", "2005-08-31": "-204.56700"}}, "cash flow statement, quarterly": {"Net Income/Loss": {"2020-11-30": "1181.00000", "2020-08-31": 1404, "2020-05-31": 852, "2020-02-29": 947, "2019-11-30": "856.00000", "2019-08-31": 1110, "2019-05-31": 916, "2019-02-28": 901, "2018-11-30": "777.00000", "2018-08-31": 1053, "2018-05-31": 762, "2018-02-28": 713, "2017-11-30": "651.00000", "2017-08-31": 932, "2017-05-31": 706, "2017-02-28": 521, "2016-11-30": "555.00000", "2016-08-31": 785, "2016-05-31": 549, "2016-02-29": 555, "2015-11-30": "487.00000", "2015-08-31": 778, "2015-05-31": 519, "2015-02-28": 607, "2014-11-30": "505.00000", "2014-08-31": 705, "2014-05-31": 479, "2014-02-28": 473, "2013-11-30": "431.00000", "2013-08-31": 622, "2013-05-31": 464, "2013-02-28": 554, "2012-11-30": "421.00000", "2012-08-31": 622, "2012-05-31": 405, "2012-02-29": 412, "2011-11-30": "328.00000", "2011-08-31": 500, "2011-05-31": 341, "2011-02-28": 369, "2010-11-30": "332.00000", "2010-08-31": 437, "2010-05-31": 311, "2010-02-28": 305, "2009-11-30": "270.00000", "2009-08-31": 378, "2009-05-31": 212, "2009-02-28": 243, "2008-11-30": "266.00000", "2008-08-31": 410, "2008-05-31": 295, "2008-02-29": 328, "2007-11-30": "262.00000", "2007-08-31": 372.65, "2007-05-31": 223.986, "2007-02-28": 249.478, "2006-11-30": "236.88600", "2006-08-31": 355.599, "2006-05-31": 235.595, "2006-02-28": 296.203, "2005-11-30": "215.81800", "2005-08-31": 354.699, "2005-05-31": 209.788, "2005-02-28": 498.605}, "Total Depreciation And Amortization - Cash Flow": {"2020-11-30": "404.00000", "2020-08-31": 505, "2020-05-31": 382, "2020-02-29": 389, "2019-11-30": "369.00000", "2019-08-31": 473, "2019-05-31": 336, "2019-02-28": 352, "2018-11-30": "331.00000", "2018-08-31": 431, "2018-05-31": 327, "2018-02-28": 344, "2017-11-30": "335.00000", "2017-08-31": 441, "2017-05-31": 320, "2017-02-28": 312, "2016-11-30": "297.00000", "2016-08-31": 408, "2016-05-31": 291, "2016-02-29": 285, "2015-11-30": "271.00000", "2015-08-31": 351, "2015-05-31": 262, "2015-02-28": 260, "2014-11-30": "254.00000", "2014-08-31": 321, "2014-05-31": 237, "2014-02-28": 240, "2013-11-30": "231.00000", "2013-08-31": 295, "2013-05-31": 221, "2013-02-28": 217, "2012-11-30": "213.00000", "2012-08-31": 292, "2012-05-31": 202, "2012-02-29": 209, "2011-11-30": "205.00000", "2011-08-31": 273, "2011-05-31": 196, "2011-02-28": 195, "2010-11-30": "191.00000", "2010-08-31": 246, "2010-05-31": 180, "2010-02-28": 185, "2009-11-30": "184.00000", "2009-08-31": 241, "2009-05-31": 171, "2009-02-28": 161, "2008-11-30": "155.00000", "2008-08-31": 215, "2008-05-31": 150, "2008-02-29": 146, "2007-11-30": "142.00000", "2007-08-31": 178.458, "2007-05-31": 130.686, "2007-02-28": 132.236, "2006-11-30": "127.62000", "2006-08-31": 163.928, "2006-05-31": 120.558, "2006-02-28": 119.49, "2005-11-30": "116.13700", "2005-08-31": 159.487, "2005-05-31": 109.314, "2005-02-28": 224.892}, "Other Non-Cash Items": {"2020-11-30": "393.00000", "2020-08-31": 363, "2020-05-31": 85, "2020-02-29": 150, "2019-11-30": "361.00000", "2019-08-31": 292, "2019-05-31": 91, "2019-02-28": 133, "2018-11-30": "235.00000", "2018-08-31": 82, "2018-05-31": 115, "2018-02-28": 65, "2017-11-30": "227.00000", "2017-08-31": 86, "2017-05-31": 67, "2017-02-28": 148, "2016-11-30": "170.00000", "2016-08-31": 200, "2016-05-31": 268, "2016-02-29": 102, "2015-11-30": "101.00000", "2015-08-31": 15, "2015-05-31": 40, "2015-02-28": 81, "2014-11-30": "66.00000", "2014-08-31": 9, "2014-05-31": 75, "2014-02-28": 60, "2013-11-30": "58.00000", "2013-08-31": 64, "2013-05-31": 31, "2013-02-28": 70, "2012-11-30": "59.00000", "2012-08-31": 49, "2012-05-31": 47, "2012-02-29": 72, "2011-11-30": "34.00000", "2011-08-31": 166, "2011-05-31": 19, "2011-02-28": 44, "2010-11-30": "40.00000", "2010-08-31": 52, "2010-05-31": 32, "2010-02-28": 29, "2009-11-30": "34.00000", "2009-08-31": 89, "2009-05-31": 62, "2009-02-28": 37, "2008-11-30": "74.00000", "2008-08-31": 84, "2008-05-31": -4, "2008-02-29": 14, "2007-11-30": "15.00000", "2007-08-31": -45.919, "2007-05-31": 83.015, "2007-02-28": -38.772, "2006-11-30": "-14.32400", "2006-08-31": 81.44, "2006-05-31": -40.61, "2006-02-28": -14.333, "2005-11-30": "-16.90800", "2005-08-31": -70.462, "2005-05-31": -33.437, "2005-02-28": 21.782}, "Total Non-Cash Items": {"2020-11-30": "797.00000", "2020-08-31": 868, "2020-05-31": 467, "2020-02-29": 539, "2019-11-30": "730.00000", "2019-08-31": 765, "2019-05-31": 427, "2019-02-28": 485, "2018-11-30": "566.00000", "2018-08-31": 513, "2018-05-31": 442, "2018-02-28": 409, "2017-11-30": "562.00000", "2017-08-31": 527, "2017-05-31": 387, "2017-02-28": 460, "2016-11-30": "467.00000", "2016-08-31": 608, "2016-05-31": 559, "2016-02-29": 387, "2015-11-30": "372.00000", "2015-08-31": 366, "2015-05-31": 302, "2015-02-28": 341, "2014-11-30": "320.00000", "2014-08-31": 330, "2014-05-31": 312, "2014-02-28": 300, "2013-11-30": "289.00000", "2013-08-31": 359, "2013-05-31": 252, "2013-02-28": 287, "2012-11-30": "272.00000", "2012-08-31": 341, "2012-05-31": 249, "2012-02-29": 281, "2011-11-30": "239.00000", "2011-08-31": 439, "2011-05-31": 215, "2011-02-28": 239, "2010-11-30": "231.00000", "2010-08-31": 298, "2010-05-31": 212, "2010-02-28": 214, "2009-11-30": "218.00000", "2009-08-31": 330, "2009-05-31": 233, "2009-02-28": 198, "2008-11-30": "229.00000", "2008-08-31": 299, "2008-05-31": 146, "2008-02-29": 160, "2007-11-30": "157.00000", "2007-08-31": 132.539, "2007-05-31": 213.701, "2007-02-28": 93.464, "2006-11-30": "113.29600", "2006-08-31": 245.368, "2006-05-31": 79.948, "2006-02-28": 105.157, "2005-11-30": "99.22900", "2005-08-31": 89.025, "2005-05-31": 75.877, "2005-02-28": 246.674}, "Change In Accounts Receivable": {"2020-11-30": "464.00000", "2020-08-31": 728, "2020-05-31": -580, "2020-02-29": 344, "2019-11-30": "236.00000", "2019-08-31": 623, "2019-05-31": -362, "2019-02-28": 26, "2018-11-30": "336.00000", "2018-08-31": 421, "2018-05-31": 0, "2018-02-28": 0, "2017-11-30": "", "2017-08-31": 0, "2017-05-31": 0, "2017-02-28": -47, "2016-11-30": "47.00000", "2016-08-31": 0, "2016-05-31": 0, "2016-02-29": 10, "2015-11-30": "-10.00000", "2015-08-31": 557, "2015-05-31": 0, "2015-02-28": -186, "2014-11-30": "186.00000", "2014-08-31": 699, "2014-05-31": 0, "2014-02-28": -328, "2013-11-30": "328.00000", "2013-08-31": 386, "2013-05-31": -276, "2013-02-28": 95, "2012-11-30": "181.00000", "2012-08-31": 332, "2012-05-31": -386, "2012-02-29": 218, "2011-11-30": "168.00000", "2011-08-31": 370, "2011-05-31": 0, "2011-02-28": 0, "2010-11-30": "", "2010-08-31": 283, "2010-05-31": 0, "2010-02-28": 0, "2009-11-30": "", "2009-08-31": 142, "2009-05-31": 0, "2009-02-28": 0, "2008-11-30": "", "2008-08-31": 245, "2008-05-31": 0, "2008-02-29": 0, "2007-11-30": "", "2007-08-31": 289, "2007-05-31": 0, "2007-02-28": 0, "2006-11-30": "", "2006-08-31": 0, "2006-05-31": 0, "2006-02-28": 0, "2005-11-30": "", "2005-08-31": 0, "2005-05-31": 0, "2005-02-28": 0}, "Change In Inventories": {"2020-11-30": "-2580.00000", "2020-08-31": -1056, "2020-05-31": 659, "2020-02-29": 1990, "2019-11-30": "-2384.00000", "2019-08-31": -127, "2019-05-31": 40, "2019-02-28": 875, "2018-11-30": "-1324.00000", "2018-08-31": -485, "2018-05-31": -26, "2018-02-28": 613, "2017-11-30": "-1415.00000", "2017-08-31": 58, "2017-05-31": -217, "2017-02-28": 1248, "2016-11-30": "-1983.00000", "2016-08-31": -33, "2016-05-31": 106, "2016-02-29": 1375, "2015-11-30": "-1473.00000", "2015-08-31": -210, "2015-05-31": -285, "2015-02-28": 933, "2014-11-30": "-1328.00000", "2014-08-31": 21, "2014-05-31": -187, "2014-02-28": 1023, "2013-11-30": "-1420.00000", "2013-08-31": -303, "2013-05-31": -73, "2013-02-28": 533, "2012-11-30": "-1055.00000", "2012-08-31": -56, "2012-05-31": -107, "2012-02-29": 735, "2011-11-30": "-1062.00000", "2011-08-31": -285, "2011-05-31": -206, "2011-02-28": 761, "2010-11-30": "-912.00000", "2010-08-31": -93, "2010-05-31": -183, "2010-02-28": 858, "2009-11-30": "-795.00000", "2009-08-31": -48, "2009-05-31": -226, "2009-02-28": 976, "2008-11-30": "-1096.00000", "2008-08-31": 209, "2008-05-31": -82, "2008-02-29": 520, "2007-11-30": "-839.00000", "2007-08-31": 85.551, "2007-05-31": 7.116, "2007-02-28": 440.364, "2006-11-30": "-806.03100", "2006-08-31": -153.082, "2006-05-31": -100.176, "2006-02-28": 577.939, "2005-11-30": "-823.87500", "2005-08-31": 35.565, "2005-05-31": -33.305, "2005-02-28": -318.053}, "Change In Accounts Payable": {"2020-11-30": "2785.00000", "2020-08-31": 2832, "2020-05-31": -34, "2020-02-29": -3201, "2019-11-30": "2664.00000", "2019-08-31": 322, "2019-05-31": 684, "2019-02-28": -2506, "2018-11-30": "1822.00000", "2018-08-31": 401, "2018-05-31": 674, "2018-02-28": -1572, "2017-11-30": "2058.00000", "2017-08-31": 24, "2017-05-31": 655, "2017-02-28": -2128, "2016-11-30": "3707.00000", "2016-08-31": -1484, "2016-05-31": 434, "2016-02-29": -1917, "2015-11-30": "1435.00000", "2015-08-31": 94, "2015-05-31": 549, "2015-02-28": -1208, "2014-11-30": "1445.00000", "2014-08-31": -74, "2014-05-31": 660, "2014-02-28": -1368, "2013-11-30": "1311.00000", "2013-08-31": 80, "2013-05-31": 401, "2013-02-28": -1046, "2012-11-30": "1283.00000", "2012-08-31": -56, "2012-05-31": 469, "2012-02-29": -1066, "2011-11-30": "991.00000", "2011-08-31": 286, "2011-05-31": 418, "2011-02-28": -861, "2010-11-30": "961.00000", "2010-08-31": 13, "2010-05-31": 328, "2010-02-28": -767, "2009-11-30": "871.00000", "2009-08-31": -8, "2009-05-31": 270, "2009-02-28": -784, "2008-11-30": "777.00000", "2008-08-31": -319, "2008-05-31": 261, "2008-02-29": -634, "2007-11-30": "788.00000", "2007-08-31": -58.423, "2007-05-31": 202.889, "2007-02-28": -525.35, "2006-11-30": "815.88400", "2006-08-31": 114.365, "2006-05-31": 73.84, "2006-02-28": -508.938, "2005-11-30": "603.53000", "2005-08-31": 112.566, "2005-05-31": 127.931, "2005-02-28": 238.57}, "Change In Assets/Liabilities": {"2020-11-30": "", "2020-08-31": -534, "2020-05-31": 534, "2020-02-29": 0, "2019-11-30": "", "2019-08-31": -400, "2019-05-31": 400, "2019-02-28": 0, "2018-11-30": "", "2018-08-31": -349, "2018-05-31": 253, "2018-02-28": -54, "2017-11-30": "150.00000", "2017-08-31": 293, "2017-05-31": 75, "2017-02-28": 439, "2016-11-30": "", "2016-08-31": -45, "2016-05-31": 211, "2016-02-29": 381, "2015-11-30": "", "2015-08-31": -557, "2015-05-31": 144, "2015-02-28": 413, "2014-11-30": "", "2014-08-31": -839, "2014-05-31": 226, "2014-02-28": 613, "2013-11-30": "", "2013-08-31": -581, "2013-05-31": 581, "2013-02-28": 0, "2012-11-30": "", "2012-08-31": -453, "2012-05-31": 453, "2012-02-29": 0, "2011-11-30": "", "2011-08-31": -369, "2011-05-31": 43, "2011-02-28": 218, "2010-11-30": "108.00000", "2010-08-31": -327, "2010-05-31": 141, "2010-02-28": -1, "2009-11-30": "187.00000", "2009-08-31": -245, "2009-05-31": 204, "2009-02-28": 232, "2008-11-30": "-191.00000", "2008-08-31": -401, "2008-05-31": 290, "2008-02-29": 208, "2007-11-30": "-97.00000", "2007-08-31": -287.931, "2007-05-31": 244.906, "2007-02-28": 27.823, "2006-11-30": "15.20200", "2006-08-31": 105.591, "2006-05-31": -39.675, "2006-02-28": 329.429, "2005-11-30": "19.35900", "2005-08-31": -98.964, "2005-05-31": 91.646, "2005-02-28": 74.25}, "Total Change In Assets/Liabilities": {"2020-11-30": "669.00000", "2020-08-31": 1970, "2020-05-31": 579, "2020-02-29": -867, "2019-11-30": "516.00000", "2019-08-31": 418, "2019-05-31": 762, "2019-02-28": -1605, "2018-11-30": "834.00000", "2018-08-31": -12, "2018-05-31": 901, "2018-02-28": -1013, "2017-11-30": "793.00000", "2017-08-31": 375, "2017-05-31": 513, "2017-02-28": -488, "2016-11-30": "1771.00000", "2016-08-31": -1562, "2016-05-31": 751, "2016-02-29": -151, "2015-11-30": "-48.00000", "2015-08-31": -116, "2015-05-31": 408, "2015-02-28": -48, "2014-11-30": "303.00000", "2014-08-31": -193, "2014-05-31": 699, "2014-02-28": -60, "2013-11-30": "219.00000", "2013-08-31": -418, "2013-05-31": 633, "2013-02-28": -418, "2012-11-30": "409.00000", "2012-08-31": -233, "2012-05-31": 429, "2012-02-29": -113, "2011-11-30": "97.00000", "2011-08-31": 2, "2011-05-31": 255, "2011-02-28": 118, "2010-11-30": "157.00000", "2010-08-31": -124, "2010-05-31": 286, "2010-02-28": 90, "2009-11-30": "263.00000", "2009-08-31": -159, "2009-05-31": 248, "2009-02-28": 424, "2008-11-30": "-510.00000", "2008-08-31": -266, "2008-05-31": 469, "2008-02-29": 94, "2007-11-30": "-148.00000", "2007-08-31": 28.197, "2007-05-31": 454.911, "2007-02-28": -57.163, "2006-11-30": "25.05500", "2006-08-31": 66.874, "2006-05-31": -66.011, "2006-02-28": 398.43, "2005-11-30": "-200.98600", "2005-08-31": 49.167, "2005-05-31": 186.272, "2005-02-28": -5.233}, "Cash Flow From Operating Activities": {"2020-11-30": "2647.00000", "2020-08-31": 4242, "2020-05-31": 1898, "2020-02-29": 619, "2019-11-30": "2102.00000", "2019-08-31": 2293, "2019-05-31": 2105, "2019-02-28": -219, "2018-11-30": "2177.00000", "2018-08-31": 1554, "2018-05-31": 2105, "2018-02-28": 109, "2017-11-30": "2006.00000", "2017-08-31": 1834, "2017-05-31": 1606, "2017-02-28": 493, "2016-11-30": "2793.00000", "2016-08-31": -169, "2016-05-31": 1859, "2016-02-29": 791, "2015-11-30": "811.00000", "2015-08-31": 1028, "2015-05-31": 1229, "2015-02-28": 900, "2014-11-30": "1128.00000", "2014-08-31": 842, "2014-05-31": 1490, "2014-02-28": 713, "2013-11-30": "939.00000", "2013-08-31": 563, "2013-05-31": 1349, "2013-02-28": 423, "2012-11-30": "1102.00000", "2012-08-31": 730, "2012-05-31": 1083, "2012-02-29": 580, "2011-11-30": "664.00000", "2011-08-31": 941, "2011-05-31": 811, "2011-02-28": 726, "2010-11-30": "720.00000", "2010-08-31": 611, "2010-05-31": 809, "2010-02-28": 609, "2009-11-30": "751.00000", "2009-08-31": 549, "2009-05-31": 693, "2009-02-28": 865, "2008-11-30": "-15.00000", "2008-08-31": 443, "2008-05-31": 910, "2008-02-29": 582, "2007-11-30": "271.00000", "2007-08-31": 533.386, "2007-05-31": 827.699, "2007-02-28": 318.425, "2006-11-30": "407.49000", "2006-08-31": 602.595, "2006-05-31": 271.747, "2006-02-28": 823.309, "2005-11-30": "133.57300", "2005-08-31": 519.228, "2005-05-31": 489.309, "2005-02-28": 764.274}, "Net Change In Property, Plant, And Equipment": {"2020-11-30": "-893.00000", "2020-08-31": -852, "2020-05-31": -698, "2020-02-29": -545, "2019-11-30": "-715.00000", "2019-08-31": -1009, "2019-05-31": -672, "2019-02-28": -587, "2018-11-30": "-730.00000", "2018-08-31": -1056, "2018-05-31": -585, "2018-02-28": -508, "2017-11-30": "-820.00000", "2017-08-31": -779, "2017-05-31": -540, "2017-02-28": -516, "2016-11-30": "-667.00000", "2016-08-31": -849, "2016-05-31": -461, "2016-02-29": -624, "2015-11-30": "-715.00000", "2015-08-31": -805, "2015-05-31": -421, "2015-02-28": -612, "2014-11-30": "-555.00000", "2014-08-31": -567, "2014-05-31": -405, "2014-02-28": -447, "2013-11-30": "-574.00000", "2013-08-31": -704, "2013-05-31": -436, "2013-02-28": -455, "2012-11-30": "-488.00000", "2012-08-31": -580, "2012-05-31": -268, "2012-02-29": -296, "2011-11-30": "-336.00000", "2011-08-31": -481, "2011-05-31": -277, "2011-02-28": -233, "2010-11-30": "-299.00000", "2010-08-31": -410, "2010-05-31": -137, "2010-02-28": -192, "2009-11-30": "-312.00000", "2009-08-31": -351, "2009-05-31": -225, "2009-02-28": -292, "2008-11-30": "-375.00000", "2008-08-31": -417, "2008-05-31": -366, "2008-02-29": -336, "2007-11-30": "-432.00000", "2007-08-31": -495.999, "2007-05-31": -219.306, "2007-02-28": -271.303, "2006-11-30": "-385.39200", "2006-08-31": -451.888, "2006-05-31": -248.941, "2006-02-28": -237.022, "2005-11-30": "-262.91000", "2005-08-31": -351.428, "2005-05-31": -217.836, "2005-02-28": -403.585}, "Net Change In Intangible Assets": {"2020-11-30": "", "2020-08-31": 0, "2020-05-31": 0, "2020-02-29": 0, "2019-11-30": "", "2019-08-31": 0, "2019-05-31": 0, "2019-02-28": 0, "2018-11-30": "", "2018-08-31": 0, "2018-05-31": 0, "2018-02-28": 0, "2017-11-30": "", "2017-08-31": 0, "2017-05-31": 0, "2017-02-28": 0, "2016-11-30": "", "2016-08-31": 0, "2016-05-31": 0, "2016-02-29": 0, "2015-11-30": "", "2015-08-31": 0, "2015-05-31": 0, "2015-02-28": 0, "2014-11-30": "", "2014-08-31": 0, "2014-05-31": 0, "2014-02-28": 0, "2013-11-30": "", "2013-08-31": 0, "2013-05-31": 0, "2013-02-28": 0, "2012-11-30": "", "2012-08-31": 0, "2012-05-31": 0, "2012-02-29": 0, "2011-11-30": "", "2011-08-31": 0, "2011-05-31": 0, "2011-02-28": 0, "2010-11-30": "", "2010-08-31": 0, "2010-05-31": 0, "2010-02-28": 0, "2009-11-30": "", "2009-08-31": 0, "2009-05-31": 0, "2009-02-28": 0, "2008-11-30": "", "2008-08-31": 0, "2008-05-31": 0, "2008-02-29": 0, "2007-11-30": "", "2007-08-31": 0, "2007-05-31": 0, "2007-02-28": 0, "2006-11-30": "", "2006-08-31": 0, "2006-05-31": 0, "2006-02-28": 0, "2005-11-30": "", "2005-08-31": 0, "2005-05-31": 0, "2005-02-28": 0}, "Net Acquisitions/Divestitures": {"2020-11-30": "", "2020-08-31": -30, "2020-05-31": -1133, "2020-02-29": 0, "2019-11-30": "", "2019-08-31": 0, "2019-05-31": 0, "2019-02-28": 0, "2018-11-30": "", "2018-08-31": 0, "2018-05-31": 0, "2018-02-28": 0, "2017-11-30": "", "2017-08-31": 0, "2017-05-31": 0, "2017-02-28": 0, "2016-11-30": "", "2016-08-31": 0, "2016-05-31": 0, "2016-02-29": 0, "2015-11-30": "", "2015-08-31": 0, "2015-05-31": 0, "2015-02-28": 0, "2014-11-30": "", "2014-08-31": 0, "2014-05-31": 0, "2014-02-28": 0, "2013-11-30": "", "2013-08-31": 0, "2013-05-31": 0, "2013-02-28": 0, "2012-11-30": "", "2012-08-31": 0, "2012-05-31": 0, "2012-02-29": 0, "2011-11-30": "", "2011-08-31": 0, "2011-05-31": 0, "2011-02-28": 0, "2010-11-30": "", "2010-08-31": 0, "2010-05-31": 0, "2010-02-28": 0, "2009-11-30": "", "2009-08-31": 0, "2009-05-31": 0, "2009-02-28": 0, "2008-11-30": "", "2008-08-31": 0, "2008-05-31": 0, "2008-02-29": 0, "2007-11-30": "", "2007-08-31": 0, "2007-05-31": 0, "2007-02-28": 0, "2006-11-30": "", "2006-08-31": -15, "2006-05-31": 0, "2006-02-28": 0, "2005-11-30": "", "2005-08-31": 0, "2005-05-31": -15, "2005-02-28": 0}, "Net Change In Short-term Investments": {"2020-11-30": "211.00000", "2020-08-31": -63, "2020-05-31": -26, "2020-02-29": 65, "2019-11-30": "76.00000", "2019-08-31": 90, "2019-05-31": -117, "2019-02-28": 140, "2018-11-30": "24.00000", "2018-08-31": -46, "2018-05-31": -117, "2018-02-28": 142, "2017-11-30": "39.00000", "2017-08-31": -39, "2017-05-31": 36, "2017-02-28": 95, "2016-11-30": "14.00000", "2016-08-31": -204, "2016-05-31": 94, "2016-02-29": 0, "2015-11-30": "387.00000", "2015-08-31": 106, "2015-05-31": -153, "2015-02-28": 64, "2014-11-30": "-84.00000", "2014-08-31": -41, "2014-05-31": -187, "2014-02-28": 396, "2013-11-30": "-265.00000", "2013-08-31": -440, "2013-05-31": 176, "2013-02-28": 496, "2012-11-30": "-419.00000", "2012-08-31": 165, "2012-05-31": 92, "2012-02-29": 104, "2011-11-30": "-106.00000", "2011-08-31": 392, "2011-05-31": -151, "2011-02-28": -663, "2010-11-30": "-240.00000", "2010-08-31": -923, "2010-05-31": -338, "2010-02-28": -12, "2009-11-30": "8.00000", "2009-08-31": -148, "2009-05-31": 10, "2009-02-28": 38, "2008-11-30": "74.00000", "2008-08-31": 4, "2008-05-31": 89, "2008-02-29": -153, "2007-11-30": "114.00000", "2007-08-31": -413.405, "2007-05-31": 5.29, "2007-02-28": 107.436, "2006-11-30": "557.67900", "2006-08-31": -24.2731, "2006-05-31": -12.3589, "2006-02-28": 9.61, "2005-11-30": "116.45800", "2005-08-31": -65.112, "2005-05-31": -582.406, "2005-02-28": -425.023}, "Net Change In Long-Term Investments": {"2020-11-30": "", "2020-08-31": 0, "2020-05-31": 0, "2020-02-29": 0, "2019-11-30": "", "2019-08-31": 0, "2019-05-31": 0, "2019-02-28": 0, "2018-11-30": "", "2018-08-31": 0, "2018-05-31": 0, "2018-02-28": 0, "2017-11-30": "", "2017-08-31": 0, "2017-05-31": 0, "2017-02-28": 0, "2016-11-30": "", "2016-08-31": 0, "2016-05-31": 0, "2016-02-29": 0, "2015-11-30": "", "2015-08-31": 0, "2015-05-31": 0, "2015-02-28": 0, "2014-11-30": "", "2014-08-31": 0, "2014-05-31": 0, "2014-02-28": 0, "2013-11-30": "", "2013-08-31": 0, "2013-05-31": 0, "2013-02-28": 0, "2012-11-30": "", "2012-08-31": -303, "2012-05-31": 112, "2012-02-29": 96, "2011-11-30": "95.00000", "2011-08-31": 137, "2011-05-31": 51, "2011-02-28": 177, "2010-11-30": "237.00000", "2010-08-31": 240, "2010-05-31": 69, "2010-02-28": 0, "2009-11-30": "", "2009-08-31": 188, "2009-05-31": -5, "2009-02-28": 0, "2008-11-30": "", "2008-08-31": 165, "2008-05-31": 0, "2008-02-29": -371, "2007-11-30": "", "2007-08-31": 496, "2007-05-31": 0, "2007-02-28": 0, "2006-11-30": "", "2006-08-31": 0, "2006-05-31": 0, "2006-02-28": 0, "2005-11-30": "", "2005-08-31": 0, "2005-05-31": 0, "2005-02-28": 0}, "Net Change In Investments - Total": {"2020-11-30": "211.00000", "2020-08-31": -63, "2020-05-31": -26, "2020-02-29": 65, "2019-11-30": "76.00000", "2019-08-31": 90, "2019-05-31": -117, "2019-02-28": 140, "2018-11-30": "24.00000", "2018-08-31": -46, "2018-05-31": -117, "2018-02-28": 142, "2017-11-30": "39.00000", "2017-08-31": -39, "2017-05-31": 36, "2017-02-28": 95, "2016-11-30": "14.00000", "2016-08-31": -204, "2016-05-31": 94, "2016-02-29": 0, "2015-11-30": "387.00000", "2015-08-31": 106, "2015-05-31": -153, "2015-02-28": 64, "2014-11-30": "-84.00000", "2014-08-31": -41, "2014-05-31": -187, "2014-02-28": 396, "2013-11-30": "-265.00000", "2013-08-31": -440, "2013-05-31": 176, "2013-02-28": 496, "2012-11-30": "-419.00000", "2012-08-31": -138, "2012-05-31": 204, "2012-02-29": 200, "2011-11-30": "-11.00000", "2011-08-31": 529, "2011-05-31": -100, "2011-02-28": -486, "2010-11-30": "-3.00000", "2010-08-31": -683, "2010-05-31": -269, "2010-02-28": -12, "2009-11-30": "8.00000", "2009-08-31": 40, "2009-05-31": 5, "2009-02-28": 38, "2008-11-30": "74.00000", "2008-08-31": 169, "2008-05-31": 89, "2008-02-29": -524, "2007-11-30": "114.00000", "2007-08-31": 82.595, "2007-05-31": 5.29, "2007-02-28": 107.436, "2006-11-30": "557.67900", "2006-08-31": -24.2731, "2006-05-31": -12.3589, "2006-02-28": 9.61, "2005-11-30": "116.45800", "2005-08-31": -65.112, "2005-05-31": -582.406, "2005-02-28": -425.023}, "Investing Activities - Other": {"2020-11-30": "", "2020-08-31": 4, "2020-05-31": 7, "2020-02-29": 10, "2019-11-30": "9.00000", "2019-08-31": -1, "2019-05-31": 15, "2019-02-28": 13, "2018-11-30": "-31.00000", "2018-08-31": 7, "2018-05-31": 8, "2018-02-28": -7, "2017-11-30": "-4.00000", "2017-08-31": 2, "2017-05-31": 6, "2017-02-28": 24, "2016-11-30": "-2.00000", "2016-08-31": 28, "2016-05-31": -1, "2016-02-29": 4, "2015-11-30": "-4.00000", "2015-08-31": -6, "2015-05-31": -21, "2015-02-28": 21, "2014-11-30": "-14.00000", "2014-08-31": 2, "2014-05-31": -4, "2014-02-28": -14, "2013-11-30": "13.00000", "2013-08-31": 9, "2013-05-31": -1, "2013-02-28": -41, "2012-11-30": "52.00000", "2012-08-31": -1, "2012-05-31": -1, "2012-02-29": -4, "2011-11-30": "-5.00000", "2011-08-31": 10, "2011-05-31": 0, "2011-02-28": -5, "2010-11-30": "165.00000", "2010-08-31": -10, "2010-05-31": 0, "2010-02-28": -6, "2009-11-30": "8.00000", "2009-08-31": -12, "2009-05-31": 1, "2009-02-28": -3, "2008-11-30": "-1.00000", "2008-08-31": -3, "2008-05-31": 9, "2008-02-29": -13, "2007-11-30": "-7.00000", "2007-08-31": -0.387, "2007-05-31": -16.501, "2007-02-28": -3.719, "2006-11-30": "-15.39300", "2006-08-31": -20.09, "2006-05-31": -6.713, "2006-02-28": -6.974, "2005-11-30": "2.60800", "2005-08-31": 6.118, "2005-05-31": 12.242, "2005-02-28": -6.333}, "Cash Flow From Investing Activities": {"2020-11-30": "-682.00000", "2020-08-31": -941, "2020-05-31": -1850, "2020-02-29": -470, "2019-11-30": "-630.00000", "2019-08-31": -920, "2019-05-31": -774, "2019-02-28": -434, "2018-11-30": "-737.00000", "2018-08-31": -1095, "2018-05-31": -694, "2018-02-28": -373, "2017-11-30": "-785.00000", "2017-08-31": -816, "2017-05-31": -498, "2017-02-28": -397, "2016-11-30": "-655.00000", "2016-08-31": -1025, "2016-05-31": -368, "2016-02-29": -620, "2015-11-30": "-332.00000", "2015-08-31": -705, "2015-05-31": -595, "2015-02-28": -527, "2014-11-30": "-653.00000", "2014-08-31": -606, "2014-05-31": -596, "2014-02-28": -65, "2013-11-30": "-826.00000", "2013-08-31": -1135, "2013-05-31": -261, "2013-02-28": 0, "2012-11-30": "-855.00000", "2012-08-31": -719, "2012-05-31": -65, "2012-02-29": -100, "2011-11-30": "-352.00000", "2011-08-31": 58, "2011-05-31": -377, "2011-02-28": -724, "2010-11-30": "-137.00000", "2010-08-31": -1103, "2010-05-31": -406, "2010-02-28": -210, "2009-11-30": "-296.00000", "2009-08-31": -323, "2009-05-31": -219, "2009-02-28": -257, "2008-11-30": "-302.00000", "2008-08-31": -251, "2008-05-31": -268, "2008-02-29": -873, "2007-11-30": "-325.00000", "2007-08-31": -413.791, "2007-05-31": -230.517, "2007-02-28": -167.586, "2006-11-30": "156.89400", "2006-08-31": -511.251, "2006-05-31": -268.013, "2006-02-28": -234.386, "2005-11-30": "-143.84400", "2005-08-31": -410.422, "2005-05-31": -803, "2005-02-28": -834.941}, "Net Long-Term Debt": {"2020-11-30": "", "2020-08-31": -1500, "2020-05-31": 3492, "2020-02-29": -1200, "2019-11-30": "", "2019-08-31": 298, "2019-05-31": 0, "2019-02-28": 0, "2018-11-30": "-89.00000", "2018-08-31": -28, "2018-05-31": 0, "2018-02-28": 0, "2017-11-30": "-58.00000", "2017-08-31": 2682, "2017-05-31": -1100, "2017-02-28": 0, "2016-11-30": "", "2016-08-31": 3, "2016-05-31": 94, "2016-02-29": -1200, "2015-11-30": "", "2015-08-31": 95, "2015-05-31": 1037, "2015-02-28": -8, "2014-11-30": "", "2014-08-31": 117, "2014-05-31": 0, "2014-02-28": 0, "2013-11-30": "", "2013-08-31": 107, "2013-05-31": 114, "2013-02-28": 3496, "2012-11-30": "", "2012-08-31": 3, "2012-05-31": -902, "2012-02-29": 51, "2011-11-30": "78.00000", "2011-08-31": 0, "2011-05-31": 0, "2011-02-28": 0, "2010-11-30": "", "2010-08-31": -1, "2010-05-31": -44, "2010-02-28": -4, "2009-11-30": "-35.00000", "2009-08-31": -2, "2009-05-31": -2, "2009-02-28": -1, "2008-11-30": "-1.00000", "2008-08-31": -2, "2008-05-31": -1, "2008-02-29": -2, "2007-11-30": "39.00000", "2007-08-31": -1.962, "2007-05-31": 1689.757, "2007-02-28": -1.956, "2006-11-30": "1.16100", "2006-08-31": 1.985, "2006-05-31": 6.524, "2006-02-28": -1.365, "2005-11-30": "3.64500", "2005-08-31": -301.115, "2005-05-31": -0.792, "2005-02-28": 3.69}, "Net Current Debt": {"2020-11-30": "40.00000", "2020-08-31": 282, "2020-05-31": -128, "2020-02-29": -139, "2019-11-30": "122.00000", "2019-08-31": 44, "2019-05-31": -96, "2019-02-28": 69, "2018-11-30": "193.00000", "2018-08-31": 103, "2018-05-31": 10, "2018-02-28": -410, "2017-11-30": "377.00000", "2017-08-31": 7, "2017-05-31": 29, "2017-02-28": -94, "2016-11-30": "-178.00000", "2016-08-31": 208, "2016-05-31": -80, "2016-02-29": -110, "2015-11-30": "63.00000", "2015-08-31": 31, "2015-05-31": -14, "2015-02-28": -77, "2014-11-30": "15.00000", "2014-08-31": 91, "2014-05-31": -26, "2014-02-28": -26, "2013-11-30": "22.00000", "2013-08-31": -13, "2013-05-31": -28, "2013-02-28": -237, "2012-11-30": "247.00000", "2012-08-31": 45, "2012-05-31": 489, "2012-02-29": -271, "2011-11-30": "194.00000", "2011-08-31": -550, "2011-05-31": 354, "2011-02-28": -415, "2010-11-30": "71.00000", "2010-08-31": -117, "2010-05-31": 25, "2010-02-28": 76, "2009-11-30": "29.00000", "2009-08-31": -29, "2009-05-31": -55, "2009-02-28": -86, "2008-11-30": "40.00000", "2008-08-31": -52, "2008-05-31": 77, "2008-02-29": -53, "2007-11-30": "164.00000", "2007-08-31": -44.247, "2007-05-31": -129.305, "2007-02-28": 64.528, "2006-11-30": "142.02400", "2006-08-31": 1.8871, "2006-05-31": -68.2, "2006-02-28": 28.254, "2005-11-30": "58.68900", "2005-08-31": -33.933, "2005-05-31": 10.971, "2005-02-28": 142.224}, "Debt Issuance/Retirement Net - Total": {"2020-11-30": "40.00000", "2020-08-31": -1218, "2020-05-31": 3364, "2020-02-29": -1339, "2019-11-30": "122.00000", "2019-08-31": 342, "2019-05-31": -96, "2019-02-28": 69, "2018-11-30": "104.00000", "2018-08-31": 75, "2018-05-31": 10, "2018-02-28": -410, "2017-11-30": "319.00000", "2017-08-31": 2689, "2017-05-31": -1071, "2017-02-28": -94, "2016-11-30": "-178.00000", "2016-08-31": 211, "2016-05-31": 14, "2016-02-29": -1310, "2015-11-30": "63.00000", "2015-08-31": 126, "2015-05-31": 1023, "2015-02-28": -85, "2014-11-30": "15.00000", "2014-08-31": 208, "2014-05-31": -26, "2014-02-28": -26, "2013-11-30": "22.00000", "2013-08-31": 94, "2013-05-31": 86, "2013-02-28": 3259, "2012-11-30": "247.00000", "2012-08-31": 48, "2012-05-31": -413, "2012-02-29": -220, "2011-11-30": "272.00000", "2011-08-31": -550, "2011-05-31": 354, "2011-02-28": -415, "2010-11-30": "71.00000", "2010-08-31": -118, "2010-05-31": -19, "2010-02-28": 72, "2009-11-30": "-6.00000", "2009-08-31": -31, "2009-05-31": -57, "2009-02-28": -87, "2008-11-30": "39.00000", "2008-08-31": -54, "2008-05-31": 76, "2008-02-29": -55, "2007-11-30": "203.00000", "2007-08-31": -46.209, "2007-05-31": 1560.452, "2007-02-28": 62.572, "2006-11-30": "143.18500", "2006-08-31": 3.8721, "2006-05-31": -61.676, "2006-02-28": 26.889, "2005-11-30": "62.33400", "2005-08-31": -335.048, "2005-05-31": 10.179, "2005-02-28": 145.914}, "Net Common Equity Issued/Repurchased": {"2020-11-30": "-80.00000", "2020-08-31": -85, "2020-05-31": -34, "2020-02-29": -47, "2019-11-30": "-30.00000", "2019-08-31": -52, "2019-05-31": -46, "2019-02-28": -117, "2018-11-30": "-32.00000", "2018-08-31": -90, "2018-05-31": -54, "2018-02-28": -60, "2017-11-30": "-124.00000", "2017-08-31": -233, "2017-05-31": -46, "2017-02-28": -68, "2016-11-30": "-122.00000", "2016-08-31": -356, "2016-05-31": -137, "2016-02-29": 148, "2015-11-30": "-361.00000", "2015-08-31": -256, "2015-05-31": -124, "2015-02-28": -84, "2014-11-30": "-195.00000", "2014-08-31": -185, "2014-05-31": -161, "2014-02-28": 6, "2013-11-30": "-158.00000", "2013-08-31": -48, "2013-05-31": 9, "2013-02-28": 24, "2012-11-30": "-142.00000", "2012-08-31": -142, "2012-05-31": -111, "2012-02-29": -135, "2011-11-30": "-242.00000", "2011-08-31": -265, "2011-05-31": -37, "2011-02-28": -13, "2010-11-30": "-85.00000", "2010-08-31": -410, "2010-05-31": -28, "2010-02-28": 39, "2009-11-30": "41.00000", "2009-08-31": 16, "2009-05-31": 20, "2009-02-28": 29, "2008-11-30": "-65.00000", "2008-08-31": -210, "2008-05-31": -91, "2008-02-29": -73, "2007-11-30": "-215.00000", "2007-08-31": -343.537, "2007-05-31": -525.262, "2007-02-28": -429.482, "2006-11-30": "-375.71900", "2006-08-31": -463.8421, "2006-05-31": -134.0399, "2006-02-28": -365.537, "2005-11-30": "-107.05600", "2005-08-31": -336.476, "2005-05-31": 32.248, "2005-02-28": 169.229}, "Net Total Equity Issued/Repurchased": {"2020-11-30": "-80.00000", "2020-08-31": -85, "2020-05-31": -34, "2020-02-29": -47, "2019-11-30": "-30.00000", "2019-08-31": -52, "2019-05-31": -46, "2019-02-28": -117, "2018-11-30": "-32.00000", "2018-08-31": -90, "2018-05-31": -54, "2018-02-28": -60, "2017-11-30": "-124.00000", "2017-08-31": -233, "2017-05-31": -46, "2017-02-28": -68, "2016-11-30": "-122.00000", "2016-08-31": -356, "2016-05-31": -137, "2016-02-29": 148, "2015-11-30": "-361.00000", "2015-08-31": -256, "2015-05-31": -124, "2015-02-28": -84, "2014-11-30": "-195.00000", "2014-08-31": -185, "2014-05-31": -161, "2014-02-28": 6, "2013-11-30": "-158.00000", "2013-08-31": -48, "2013-05-31": 9, "2013-02-28": 24, "2012-11-30": "-142.00000", "2012-08-31": -142, "2012-05-31": -111, "2012-02-29": -135, "2011-11-30": "-242.00000", "2011-08-31": -265, "2011-05-31": -37, "2011-02-28": -13, "2010-11-30": "-85.00000", "2010-08-31": -410, "2010-05-31": -28, "2010-02-28": 39, "2009-11-30": "41.00000", "2009-08-31": 16, "2009-05-31": 20, "2009-02-28": 29, "2008-11-30": "-65.00000", "2008-08-31": -210, "2008-05-31": -91, "2008-02-29": -73, "2007-11-30": "-215.00000", "2007-08-31": -343.537, "2007-05-31": -525.262, "2007-02-28": -429.482, "2006-11-30": "-375.71900", "2006-08-31": -463.8421, "2006-05-31": -134.0399, "2006-02-28": -365.537, "2005-11-30": "-107.05600", "2005-08-31": -336.476, "2005-05-31": 32.248, "2005-02-28": 169.229}, "Total Common And Preferred Stock Dividends Paid": {"2020-11-30": "-310.00000", "2020-08-31": -619, "2020-05-31": -287, "2020-02-29": 0, "2019-11-30": "-573.00000", "2019-08-31": -286, "2019-05-31": -251, "2019-02-28": 0, "2018-11-30": "-501.00000", "2018-08-31": -250, "2018-05-31": -219, "2018-02-28": -220, "2017-11-30": "", "2017-08-31": -3508, "2017-05-31": -198, "2017-02-28": 0, "2016-11-30": "-198.00000", "2016-08-31": -394, "2016-05-31": -176, "2016-02-29": -176, "2015-11-30": "", "2015-08-31": -351, "2015-05-31": -2358, "2015-02-28": -156, "2014-11-30": "", "2014-08-31": -311, "2014-05-31": -136, "2014-02-28": -137, "2013-11-30": "", "2013-08-31": -249, "2013-05-31": -120, "2013-02-28": -3169, "2012-11-30": "-22.00000", "2012-08-31": -398, "2012-05-31": -104, "2012-02-29": -105, "2011-11-30": "", "2011-08-31": -210, "2011-05-31": -90, "2011-02-28": 0, "2010-11-30": "-89.00000", "2010-08-31": -180, "2010-05-31": -79, "2010-02-28": 0, "2009-11-30": "-79.00000", "2009-08-31": -157, "2009-05-31": -70, "2009-02-28": -69, "2008-11-30": "", "2008-08-31": -139, "2008-05-31": -63, "2008-02-29": -63, "2007-11-30": "", "2007-08-31": -128.365, "2007-05-31": -58.277, "2007-02-28": -59.358, "2006-11-30": "", "2006-08-31": -121.359, "2006-05-31": -54.096, "2006-02-28": -54.756, "2005-11-30": "", "2005-08-31": -109.74, "2005-05-31": -47.733, "2005-02-28": -47.094}, "Financial Activities - Other": {"2020-11-30": "-350.00000", "2020-08-31": 4, "2020-05-31": -44, "2020-02-29": -6, "2019-11-30": "-355.00000", "2019-08-31": -5, "2019-05-31": -4, "2019-02-28": -1, "2018-11-30": "-271.00000", "2018-08-31": -2, "2018-05-31": -3, "2018-02-28": 0, "2017-11-30": "-253.00000", "2017-08-31": -25, "2017-05-31": -1, "2017-02-28": -3, "2016-11-30": "-162.00000", "2016-08-31": 208, "2016-05-31": -2, "2016-02-29": -225, "2015-11-30": "74.00000", "2015-08-31": 0, "2015-05-31": -11, "2015-02-28": 60, "2014-11-30": "72.00000", "2014-08-31": 44, "2014-05-31": 5, "2014-02-28": 4, "2013-11-30": "65.00000", "2013-08-31": 31, "2013-05-31": 6, "2013-02-28": 0, "2012-11-30": "38.00000", "2012-08-31": -778, "2012-05-31": 9, "2012-02-29": 1, "2011-11-30": "37.00000", "2011-08-31": 10, "2011-05-31": 14, "2011-02-28": 12, "2010-11-30": "16.00000", "2010-08-31": 1, "2010-05-31": 3, "2010-02-28": 5, "2009-11-30": "39.00000", "2009-08-31": -7, "2009-05-31": -2, "2009-02-28": 0, "2008-11-30": "2.00000", "2008-08-31": -2, "2008-05-31": 24, "2008-02-29": 9, "2007-11-30": "10.00000", "2007-08-31": 3.602, "2007-05-31": 8.628, "2007-02-28": 9.47, "2006-11-30": "3.30000", "2006-08-31": 1.221, "2006-05-31": 16.531, "2006-02-28": 11.834, "2005-11-30": "6.45400", "2005-08-31": 1.653, "2005-05-31": -3.163, "2005-02-28": 1.38}, "Cash Flow From Financial Activities": {"2020-11-30": "-700.00000", "2020-08-31": -1918, "2020-05-31": 2999, "2020-02-29": -1392, "2019-11-30": "-836.00000", "2019-08-31": -1, "2019-05-31": -397, "2019-02-28": -49, "2018-11-30": "-700.00000", "2018-08-31": -267, "2018-05-31": -266, "2018-02-28": -690, "2017-11-30": "-58.00000", "2017-08-31": -1077, "2017-05-31": -1316, "2017-02-28": -165, "2016-11-30": "-660.00000", "2016-08-31": -331, "2016-05-31": -301, "2016-02-29": -1563, "2015-11-30": "-224.00000", "2015-08-31": -481, "2015-05-31": -1470, "2015-02-28": -265, "2014-11-30": "-108.00000", "2014-08-31": -244, "2014-05-31": -318, "2014-02-28": -153, "2013-11-30": "-71.00000", "2013-08-31": -172, "2013-05-31": -19, "2013-02-28": 114, "2012-11-30": "121.00000", "2012-08-31": -1270, "2012-05-31": -619, "2012-02-29": -459, "2011-11-30": "67.00000", "2011-08-31": -1015, "2011-05-31": 241, "2011-02-28": -416, "2010-11-30": "-87.00000", "2010-08-31": -707, "2010-05-31": -123, "2010-02-28": 116, "2009-11-30": "-5.00000", "2009-08-31": -179, "2009-05-31": -109, "2009-02-28": -127, "2008-11-30": "-24.00000", "2008-08-31": -405, "2008-05-31": -54, "2008-02-29": -182, "2007-11-30": "-2.00000", "2007-08-31": -514.509, "2007-05-31": 985.541, "2007-02-28": -416.798, "2006-11-30": "-229.23400", "2006-08-31": -580.108, "2006-05-31": -233.281, "2006-02-28": -381.57, "2005-11-30": "-38.26800", "2005-08-31": -779.611, "2005-05-31": -8.469, "2005-02-28": 269.429}, "Net Cash Flow": {"2020-11-30": "1313.00000", "2020-08-31": 1451, "2020-05-31": 3040, "2020-02-29": -1241, "2019-11-30": "643.00000", "2019-08-31": 1371, "2019-05-31": 933, "2019-02-28": -698, "2018-11-30": "723.00000", "2018-08-31": 178, "2018-05-31": 1096, "2018-02-28": -908, "2017-11-30": "1143.00000", "2017-08-31": 8, "2017-05-31": -206, "2017-02-28": -61, "2016-11-30": "1426.00000", "2016-08-31": -1505, "2016-05-31": 1251, "2016-02-29": -1421, "2015-11-30": "253.00000", "2015-08-31": -262, "2015-05-31": -803, "2015-02-28": -103, "2014-11-30": "231.00000", "2014-08-31": 2, "2014-05-31": 606, "2014-02-28": 431, "2013-11-30": "55.00000", "2013-08-31": -804, "2013-05-31": 1035, "2013-02-28": 516, "2012-11-30": "369.00000", "2012-08-31": -1263, "2012-05-31": 402, "2012-02-29": 70, "2011-11-30": "310.00000", "2011-08-31": -73, "2011-05-31": 727, "2011-02-28": -384, "2010-11-30": "525.00000", "2010-08-31": -1199, "2010-05-31": 279, "2010-02-28": 517, "2009-11-30": "460.00000", "2009-08-31": 74, "2009-05-31": 378, "2009-02-28": 490, "2008-11-30": "-404.00000", "2008-08-31": -230, "2008-05-31": 582, "2008-02-29": -475, "2007-11-30": "-38.00000", "2007-08-31": -380.997, "2007-05-31": 1589.031, "2007-02-28": -271.196, "2006-11-30": "332.16200", "2006-08-31": -499.509, "2006-05-31": -229.338, "2006-02-28": 230.906, "2005-11-30": "-53.70500", "2005-08-31": -662.531, "2005-05-31": -318.219, "2005-02-28": 220.2}, "Stock-Based Compensation": {"2020-11-30": "341.00000", "2020-08-31": 111, "2020-05-31": 89, "2020-02-29": 118, "2019-11-30": "301.00000", "2019-08-31": 113, "2019-05-31": 93, "2019-02-28": 119, "2018-11-30": "270.00000", "2018-08-31": 113, "2018-05-31": 85, "2018-02-28": 112, "2017-11-30": "234.00000", "2017-08-31": 110, "2017-05-31": 82, "2017-02-28": 111, "2016-11-30": "211.00000", "2016-08-31": 97, "2016-05-31": 75, "2016-02-29": 101, "2015-11-30": "186.00000", "2015-08-31": 93, "2015-05-31": 65, "2015-02-28": 86, "2014-11-30": "150.00000", "2014-08-31": 76, "2014-05-31": 66, "2014-02-28": 73, "2013-11-30": "112.00000", "2013-08-31": 75, "2013-05-31": 51, "2013-02-28": 66, "2012-11-30": "93.00000", "2012-08-31": 62, "2012-05-31": 45, "2012-02-29": 58, "2011-11-30": "76.00000", "2011-08-31": 55, "2011-05-31": 43, "2011-02-28": 52, "2010-11-30": "57.00000", "2010-08-31": 51, "2010-05-31": 39, "2010-02-28": 48, "2009-11-30": "52.00000", "2009-08-31": 49, "2009-05-31": 43, "2009-02-28": 45, "2008-11-30": "44.00000", "2008-08-31": 50, "2008-05-31": 36, "2008-02-29": 42, "2007-11-30": "38.00000", "2007-08-31": 39.15, "2007-05-31": 30.951, "2007-02-28": 32.646, "2006-11-30": "32.25300", "2006-08-31": 42.151, "2006-05-31": 22.215, "2006-02-28": 23.519, "2005-11-30": "19.51200", "2005-08-31": 67.937, "2005-05-31": -24.228, "2005-02-28": 24.228}, "Common Stock Dividends Paid": {"2020-11-30": "-310.00000", "2020-08-31": -619, "2020-05-31": -287, "2020-02-29": 0, "2019-11-30": "-573.00000", "2019-08-31": -286, "2019-05-31": -251, "2019-02-28": 0, "2018-11-30": "-501.00000", "2018-08-31": -250, "2018-05-31": -219, "2018-02-28": -220, "2017-11-30": "0.00000", "2017-08-31": -3508, "2017-05-31": -198, "2017-02-28": 0, "2016-11-30": "-198.00000", "2016-08-31": -394, "2016-05-31": -176, "2016-02-29": -176, "2015-11-30": "0.00000", "2015-08-31": -351, "2015-05-31": -2358, "2015-02-28": -156, "2014-11-30": "", "2014-08-31": -311, "2014-05-31": -136, "2014-02-28": -137, "2013-11-30": "", "2013-08-31": -249, "2013-05-31": -120, "2013-02-28": -3169, "2012-11-30": "-22.00000", "2012-08-31": -398, "2012-05-31": -104, "2012-02-29": -105, "2011-11-30": "", "2011-08-31": -210, "2011-05-31": -90, "2011-02-28": 0, "2010-11-30": "-89.00000", "2010-08-31": -180, "2010-05-31": -79, "2010-02-28": 0, "2009-11-30": "-79.00000", "2009-08-31": -157, "2009-05-31": -70, "2009-02-28": -69, "2008-11-30": "", "2008-08-31": -139, "2008-05-31": -63, "2008-02-29": -63, "2007-11-30": "", "2007-08-31": -128.365, "2007-05-31": -58.277, "2007-02-28": -59.358, "2006-11-30": "", "2006-08-31": -121.359, "2006-05-31": -54.096, "2006-02-28": -54.756, "2005-11-30": "", "2005-08-31": -109.74, "2005-05-31": -47.733, "2005-02-28": -47.094}}, "financial ratios": {"Current Ratio": {"2020-08-31": "1.13190", "2019-08-31": "1.01070", "2018-08-31": "1.01820", "2017-08-31": "0.98980", "2016-08-31": "0.97710", "2015-08-31": "1.01450", "2014-08-31": "1.22040", "2013-08-31": "1.19480", "2012-08-31": "1.10330", "2011-08-31": "1.13740", "2010-08-31": "1.16350", "2009-08-31": "1.11380", "2008-08-31": "1.06630", "2007-08-31": "1.08650", "2006-08-31": "1.05280", "2005-08-31": "1.21850"}, "Long-term Debt / Capital": {"2020-08-31": "0.28660", "2019-08-31": "0.24740", "2018-08-31": "0.33110", "2017-08-31": "0.37240", "2016-08-31": "0.24770", "2015-08-31": "0.30910", "2014-08-31": "0.28920", "2013-08-31": "0.31220", "2012-08-31": "0.09940", "2011-08-31": "0.09060", "2010-08-31": "0.16380", "2009-08-31": "0.17410", "2008-08-31": "0.19350", "2007-08-31": "0.19640", "2006-08-31": "0.02300", "2005-08-31": "0.07410"}, "Debt/Equity Ratio": {"2020-08-31": "0.40680", "2019-08-31": "0.43780", "2018-08-31": "0.50190", "2017-08-31": "0.59330", "2016-08-31": "0.41850", "2015-08-31": "0.56580", "2014-08-31": "0.40700", "2013-08-31": "0.45390", "2012-08-31": "0.11030", "2011-08-31": "0.17120", "2010-08-31": "0.19830", "2009-08-31": "0.22030", "2008-08-31": "0.25520", "2007-08-31": "0.25760", "2006-08-31": "0.06180", "2005-08-31": "0.08650"}, "Gross Margin": {"2020-08-31": "13.08580", "2019-08-31": "12.97750", "2018-08-31": "13.01350", "2017-08-31": "13.28660", "2016-08-31": "13.32390", "2015-08-31": "13.02420", "2014-08-31": "12.59060", "2013-08-31": "12.56040", "2012-08-31": "12.42120", "2011-08-31": "12.56930", "2010-08-31": "12.76650", "2009-08-31": "12.72300", "2008-08-31": "12.38910", "2007-08-31": "12.34610", "2006-08-31": "12.31190", "2005-08-31": "12.47400"}, "Operating Margin": {"2020-08-31": "3.25920", "2019-08-31": "3.10210", "2018-08-31": "3.16440", "2017-08-31": "3.18620", "2016-08-31": "3.09300", "2015-08-31": "3.11880", "2014-08-31": "2.85870", "2013-08-31": "2.90330", "2012-08-31": "2.78300", "2011-08-31": "2.74310", "2010-08-31": "2.66470", "2009-08-31": "2.48800", "2008-08-31": "2.71650", "2007-08-31": "2.49840", "2006-08-31": "2.70260", "2005-08-31": "2.78420"}, "EBIT Margin": {"2020-08-31": "3.25920", "2019-08-31": "3.10210", "2018-08-31": "3.16440", "2017-08-31": "3.18620", "2016-08-31": "3.09300", "2015-08-31": "3.11880", "2014-08-31": "2.85870", "2013-08-31": "2.90330", "2012-08-31": "2.78300", "2011-08-31": "2.74310", "2010-08-31": "2.66470", "2009-08-31": "2.48800", "2008-08-31": "2.71650", "2007-08-31": "2.49840", "2006-08-31": "2.70260", "2005-08-31": "2.78420"}, "EBITDA Margin": {"2020-08-31": "4.24560", "2019-08-31": "4.07920", "2018-08-31": "4.17940", "2017-08-31": "4.24800", "2016-08-31": "4.15010", "2015-08-31": "4.08870", "2014-08-31": "3.77220", "2013-08-31": "3.80290", "2012-08-31": "3.69890", "2011-08-31": "3.70470", "2010-08-31": "3.68460", "2009-08-31": "3.50730", "2008-08-31": "3.61740", "2007-08-31": "3.38190", "2006-08-31": "3.56730", "2005-08-31": "3.71660"}, "Pre-Tax Profit Margin": {"2020-08-31": "3.21840", "2019-08-31": "3.12040", "2018-08-31": "3.13750", "2017-08-31": "3.13040", "2016-08-31": "3.04840", "2015-08-31": "3.10160", "2014-08-31": "2.83820", "2013-08-31": "2.90140", "2012-08-31": "2.79110", "2011-08-31": "2.68010", "2010-08-31": "2.63520", "2009-08-31": "2.41800", "2008-08-31": "2.77440", "2007-08-31": "2.65520", "2006-08-31": "2.91170", "2005-08-31": "2.92520"}, "Net Profit Margin": {"2020-08-31": "2.39980", "2019-08-31": "2.39620", "2018-08-31": "2.21370", "2017-08-31": "2.07630", "2016-08-31": "1.97950", "2015-08-31": "2.04560", "2014-08-31": "1.82710", "2013-08-31": "1.93900", "2012-08-31": "1.72390", "2011-08-31": "1.64430", "2010-08-31": "1.67170", "2009-08-31": "1.52050", "2008-08-31": "1.77010", "2007-08-31": "1.68170", "2006-08-31": "1.83410", "2005-08-31": "2.00760"}, "Asset Turnover": {"2020-08-31": "3.00170", "2019-08-31": "3.36350", "2018-08-31": "3.46750", "2017-08-31": "3.54980", "2016-08-31": "3.57990", "2015-08-31": "3.51940", "2014-08-31": "3.41090", "2013-08-31": "3.47240", "2012-08-31": "3.65280", "2011-08-31": "3.32260", "2010-08-31": "3.27300", "2009-08-31": "3.24960", "2008-08-31": "3.50460", "2007-08-31": "3.28470", "2006-08-31": "3.43820", "2005-08-31": "3.17740"}, "Inventory Turnover Ratio": {"2020-08-31": "11.83950", "2019-08-31": "11.66180", "2018-08-31": "11.15510", "2017-08-31": "11.37710", "2016-08-31": "11.47300", "2015-08-31": "11.34540", "2014-08-31": "11.64360", "2013-08-31": "11.64780", "2012-08-31": "12.23550", "2011-08-31": "11.71120", "2010-08-31": "12.06010", "2009-08-31": "11.53280", "2008-08-31": "12.60230", "2007-08-31": "11.56890", "2006-08-31": "11.56390", "2005-08-31": "11.54430"}, "Receiveable Turnover": {"2020-08-31": "107.58770", "2019-08-31": "99.48080", "2018-08-31": "84.82680", "2017-08-31": "90.10130", "2016-08-31": "94.82350", "2015-08-31": "94.93380", "2014-08-31": "98.11850", "2013-08-31": "87.55700", "2012-08-31": "96.62480", "2011-08-31": "92.13990", "2010-08-31": "88.17420", "2009-08-31": "85.63790", "2008-08-31": "96.90240", "2007-08-31": "84.51390", "2006-08-31": "106.39210", "2005-08-31": "100.07040"}, "Days Sales In Receivables": {"2020-08-31": "3.39260", "2019-08-31": "3.66910", "2018-08-31": "4.30290", "2017-08-31": "4.05100", "2016-08-31": "3.84930", "2015-08-31": "3.84480", "2014-08-31": "3.72000", "2013-08-31": "4.16870", "2012-08-31": "3.77750", "2011-08-31": "3.96140", "2010-08-31": "4.13950", "2009-08-31": "4.26210", "2008-08-31": "3.76670", "2007-08-31": "4.31880", "2006-08-31": "3.43070", "2005-08-31": "3.64740"}, "ROE - Return On Equity": {"2020-08-31": "21.70010", "2019-08-31": "23.76800", "2018-08-31": "24.26160", "2017-08-31": "24.49680", "2016-08-31": "19.26700", "2015-08-31": "22.21710", "2014-08-31": "16.68400", "2013-08-31": "18.71600", "2012-08-31": "14.11570", "2011-08-31": "12.26440", "2010-08-31": "12.10430", "2009-08-31": "10.87690", "2008-08-31": "14.08830", "2007-08-31": "12.55890", "2006-08-31": "12.06570", "2005-08-31": "11.97030"}, "Return On Tangible Equity": {"2020-08-31": "21.70010", "2019-08-31": "23.76800", "2018-08-31": "24.26160", "2017-08-31": "24.49680", "2016-08-31": "19.26700", "2015-08-31": "22.21710", "2014-08-31": "16.68400", "2013-08-31": "18.71600", "2012-08-31": "14.11570", "2011-08-31": "12.26440", "2010-08-31": "12.10430", "2009-08-31": "10.87690", "2008-08-31": "14.08830", "2007-08-31": "12.55890", "2006-08-31": "12.06570", "2005-08-31": "11.97030"}, "ROA - Return On Assets": {"2020-08-31": "7.30610", "2019-08-31": "8.15860", "2018-08-31": "7.78590", "2017-08-31": "7.46690", "2016-08-31": "7.16460", "2015-08-31": "7.29620", "2014-08-31": "6.32270", "2013-08-31": "6.80580", "2012-08-31": "6.51070", "2011-08-31": "5.76210", "2010-08-31": "5.55530", "2009-08-31": "5.00020", "2008-08-31": "6.26150", "2007-08-31": "5.52370", "2006-08-31": "6.30590", "2005-08-31": "6.37910"}, "ROI - Return On Investment": {"2020-08-31": "15.48110", "2019-08-31": "17.88680", "2018-08-31": "16.22770", "2017-08-31": "15.37500", "2016-08-31": "14.49400", "2015-08-31": "15.34880", "2014-08-31": "11.85830", "2013-08-31": "12.87320", "2012-08-31": "12.71310", "2011-08-31": "11.15290", "2010-08-31": "10.12160", "2009-08-31": "8.98320", "2008-08-31": "11.36160", "2007-08-31": "10.09200", "2006-08-31": "11.78800", "2005-08-31": "11.08340"}, "Book Value Per Share": {"2020-08-31": "42.39050", "2019-08-31": "35.44840", "2018-08-31": "29.90260", "2017-08-31": "25.34060", "2016-08-31": "28.18590", "2015-08-31": "24.75840", "2014-08-31": "28.59380", "2013-08-31": "25.20840", "2012-08-31": "28.95340", "2011-08-31": "28.95230", "2010-08-31": "25.21280", "2009-08-31": "23.17570", "2008-08-31": "21.25250", "2007-08-31": "19.73250", "2006-08-31": "19.77910", "2005-08-31": "18.79680"}, "Operating Cash Flow Per Share": {"2020-08-31": 5.6116, "2019-08-31": 1.2818, "2018-08-31": -2.1856, "2017-08-31": 7.7935, "2016-08-31": -2.2185, "2015-08-31": 0.6752, "2014-08-31": 1.2014, "2013-08-31": 0.8447, "2012-08-31": -0.2598, "2011-08-31": 0.9838, "2010-08-31": 1.484, "2009-08-31": -0.2162, "2008-08-31": 0.4055, "2007-08-31": 0.748, "2006-08-31": 0.2093, "2005-08-31": 3.603}, "Free Cash Flow Per Share": {"2020-08-31": 6.0499, "2019-08-31": 1.233, "2018-08-31": -3.2311, "2017-08-31": 8.1224, "2016-08-31": -2.8164, "2015-08-31": -0.226, "2014-08-31": 1.4259, "2013-08-31": -0.5155, "2012-08-31": -0.7169, "2011-08-31": 0.4292, "2010-08-31": 1.9493, "2009-08-31": 0.4532, "2008-08-31": -0.088, "2007-08-31": 0.2499, "2006-08-31": -0.3133, "2005-08-31": 1.6258}}, "financial ratios, quarterly": {"Current Ratio": {"2020-11-30": "0.98250", "2020-08-31": "1.13190", "2020-05-31": "1.10870", "2020-02-29": "1.04440", "2019-11-30": "1.01440", "2019-08-31": "1.01070", "2019-05-31": "0.97600", "2019-02-28": "0.96430", "2018-11-30": "1.02140", "2018-08-31": "1.01820", "2018-05-31": "1.01450", "2018-02-28": "0.99930", "2017-11-30": "0.97730", "2017-08-31": "0.98980", "2017-05-31": "0.80660", "2017-02-28": "0.92580", "2016-11-30": "0.96920", "2016-08-31": "0.97710", "2016-05-31": "0.97310", "2016-02-29": "1.00620", "2015-11-30": "1.03090", "2015-08-31": "1.01450", "2015-05-31": "1.05370", "2015-02-28": "0.98950", "2014-11-30": "1.19580", "2014-08-31": "1.22040", "2014-05-31": "1.19380", "2014-02-28": "1.19810", "2013-11-30": "1.17010", "2013-08-31": "1.19480", "2013-05-31": "1.17430", "2013-02-28": "1.15830", "2012-11-30": "1.08980", "2012-08-31": "1.10330", "2012-05-31": "1.17990", "2012-02-29": "1.15720", "2011-11-30": "1.12640", "2011-08-31": "1.13740", "2011-05-31": "1.12610", "2011-02-28": "1.22260", "2010-11-30": "1.17880", "2010-08-31": "1.16350", "2010-05-31": "1.18330", "2010-02-28": "1.16580", "2009-11-30": "1.13050", "2009-08-31": "1.11380", "2009-05-31": "1.08940", "2009-02-28": "1.07700", "2008-11-30": "1.05890", "2008-08-31": "1.06630", "2008-05-31": "1.05810", "2008-02-29": "1.05460", "2007-11-30": "1.06270", "2007-08-31": "1.08650", "2007-05-31": "1.12850", "2007-02-28": "0.95510", "2006-11-30": "0.99080", "2006-08-31": "1.05280", "2006-05-31": "1.11410", "2006-02-28": "1.16580", "2005-11-30": "1.18610", "2005-08-31": "1.21850", "2005-05-31": "1.24710", "2005-02-28": "1.23450"}, "Long-term Debt / Capital": {"2020-11-30": "0.32970", "2020-08-31": "0.28660", "2020-05-31": "0.30640", "2020-02-29": "0.23070", "2019-11-30": "0.23940", "2019-08-31": "0.24740", "2019-05-31": "0.24460", "2019-02-28": "0.25260", "2018-11-30": "0.32470", "2018-08-31": "0.33110", "2018-05-31": "0.34280", "2018-02-28": "0.35050", "2017-11-30": "0.36320", "2017-08-31": "0.37240", "2017-05-31": "0.21690", "2017-02-28": "0.18130", "2016-11-30": "0.24330", "2016-08-31": "0.24770", "2016-05-31": "0.25020", "2016-02-29": "0.30310", "2015-11-30": "0.30420", "2015-08-31": "0.30910", "2015-05-31": "0.30860", "2015-02-28": "0.26870", "2014-11-30": "0.28600", "2014-08-31": "0.28920", "2014-05-31": "0.29310", "2014-02-28": "0.29860", "2013-11-30": "0.30420", "2013-08-31": "0.31220", "2013-05-31": "0.31460", "2013-02-28": "0.31850", "2012-11-30": "0.09620", "2012-08-31": "0.09940", "2012-05-31": "0.09430", "2012-02-29": "0.09720", "2011-11-30": "0.09650", "2011-08-31": "0.09060", "2011-05-31": "0.09040", "2011-02-28": "0.15030", "2010-11-30": "0.15470", "2010-08-31": "0.16380", "2010-05-31": "0.16270", "2010-02-28": "0.16570", "2009-11-30": "0.16990", "2009-08-31": "0.17410", "2009-05-31": "0.18460", "2009-02-28": "0.19420", "2008-11-30": "0.19880", "2008-08-31": "0.19350", "2008-05-31": "0.19350", "2008-02-29": "0.19610", "2007-11-30": "0.19940", "2007-08-31": "0.19640", "2007-05-31": "0.20290", "2007-02-28": "0.01880", "2006-11-30": "0.01910", "2006-08-31": "0.02300", "2006-05-31": "0.02430", "2006-02-28": "0.05590", "2005-11-30": "0.05690", "2005-08-31": "0.07410", "2005-05-31": "0.07470", "2005-02-28": "0.07840"}, "Debt/Equity Ratio": {"2020-11-30": "0.49810", "2020-08-31": "0.40680", "2020-05-31": "0.52870", "2020-02-29": "0.32940", "2019-11-30": "0.41960", "2019-08-31": "0.43780", "2019-05-31": "0.43850", "2019-02-28": "0.45770", "2018-11-30": "0.48070", "2018-08-31": "0.50190", "2018-05-31": "0.52160", "2018-02-28": "0.53970", "2017-11-30": "0.57040", "2017-08-31": "0.59330", "2017-05-31": "0.39070", "2017-02-28": "0.39900", "2016-11-30": "0.41630", "2016-08-31": "0.41850", "2016-05-31": "0.43530", "2016-02-29": "0.44290", "2015-11-30": "0.55290", "2015-08-31": "0.56580", "2015-05-31": "0.55720", "2015-02-28": "0.48250", "2014-11-30": "0.40050", "2014-08-31": "0.40700", "2014-05-31": "0.41470", "2014-02-28": "0.42570", "2013-11-30": "0.43710", "2013-08-31": "0.45390", "2013-05-31": "0.45900", "2013-02-28": "0.47360", "2012-11-30": "0.10740", "2012-08-31": "0.11030", "2012-05-31": "0.10410", "2012-02-29": "0.17790", "2011-11-30": "0.18190", "2011-08-31": "0.17120", "2011-05-31": "0.17130", "2011-02-28": "0.17690", "2010-11-30": "0.18510", "2010-08-31": "0.19830", "2010-05-31": "0.19700", "2010-02-28": "0.20710", "2009-11-30": "0.21230", "2009-08-31": "0.22030", "2009-05-31": "0.23610", "2009-02-28": "0.25990", "2008-11-30": "0.26720", "2008-08-31": "0.25520", "2008-05-31": "0.25060", "2008-02-29": "0.25930", "2007-11-30": "0.25330", "2007-08-31": "0.25760", "2007-05-31": "0.26190", "2007-02-28": "0.07160", "2006-11-30": "0.06360", "2006-08-31": "0.06180", "2006-05-31": "0.06480", "2006-02-28": "0.06660", "2005-11-30": "0.06770", "2005-08-31": "0.08650", "2005-05-31": "0.12030", "2005-02-28": "0.12490"}, "Gross Margin": {"2020-11-30": "13.30770", "2020-08-31": "13.07910", "2020-05-31": "13.46270", "2020-02-29": "12.83780", "2019-11-30": "12.97790", "2019-08-31": "13.02790", "2019-05-31": "12.97350", "2019-02-28": "13.21050", "2018-11-30": "12.67790", "2018-08-31": "12.92470", "2018-05-31": "13.07130", "2018-02-28": "12.91710", "2017-11-30": "13.17870", "2017-08-31": "13.24590", "2017-05-31": "13.47890", "2017-02-28": "12.89730", "2016-11-30": "13.56280", "2016-08-31": "13.43270", "2016-05-31": "13.47450", "2016-02-29": "13.13810", "2015-11-30": "13.22190", "2015-08-31": "13.08630", "2015-05-31": "13.08000", "2015-02-28": "12.95620", "2014-11-30": "12.95690", "2014-08-31": "12.62840", "2014-05-31": "12.56110", "2014-02-28": "12.40400", "2013-11-30": "12.76330", "2013-08-31": "12.52500", "2013-05-31": "12.64380", "2013-02-28": "12.48440", "2012-11-30": "12.60380", "2012-08-31": "12.44030", "2012-05-31": "12.45750", "2012-02-29": "12.31330", "2011-11-30": "12.47000", "2011-08-31": "12.41390", "2011-05-31": "12.39390", "2011-02-28": "12.64670", "2010-11-30": "12.90090", "2010-08-31": "12.85390", "2010-05-31": "12.85710", "2010-02-28": "12.51730", "2009-11-30": "12.82160", "2009-08-31": "12.80720", "2009-05-31": "12.84320", "2009-02-28": "12.30190", "2008-11-30": "12.92470", "2008-08-31": "12.12990", "2008-05-31": "12.43530", "2008-02-29": "12.53610", "2007-11-30": "12.56170", "2007-08-31": "12.43480", "2007-05-31": "12.15390", "2007-02-28": "12.30980", "2006-11-30": "12.45560", "2006-08-31": "12.06930", "2006-05-31": "12.41070", "2006-02-28": "12.48430", "2005-11-30": "12.39570", "2005-08-31": "12.34800", "2005-05-31": "12.44690", "2005-02-28": "12.65610"}, "Operating Margin": {"2020-11-30": "3.30960", "2020-08-31": "3.61350", "2020-05-31": "3.16370", "2020-02-29": "3.24020", "2019-11-30": "2.86450", "2019-08-31": "3.08010", "2019-05-31": "3.22970", "2019-02-28": "3.39870", "2018-11-30": "2.70610", "2018-08-31": "3.25600", "2018-05-31": "3.29720", "2018-02-28": "3.07930", "2017-11-30": "2.98970", "2017-08-31": "3.42790", "2017-05-31": "3.35410", "2017-02-28": "2.83550", "2016-11-30": "3.02150", "2016-08-31": "3.25770", "2016-05-31": "3.20520", "2016-02-29": "3.03870", "2015-11-30": "2.81780", "2015-08-31": "3.23100", "2015-05-31": "3.14550", "2015-02-28": "3.19440", "2014-11-30": "2.86610", "2014-08-31": "3.07130", "2014-05-31": "2.85730", "2014-02-28": "2.75220", "2013-11-30": "2.67020", "2013-08-31": "2.93660", "2013-05-31": "2.99800", "2013-02-28": "2.96730", "2012-11-30": "2.69450", "2012-08-31": "2.94560", "2012-05-31": "2.79070", "2012-02-29": "2.80400", "2011-11-30": "2.51060", "2011-08-31": "2.70420", "2011-05-31": "2.69600", "2011-02-28": "2.85510", "2010-11-30": "2.72880", "2010-08-31": "2.85180", "2010-05-31": "2.76150", "2010-02-28": "2.50770", "2009-11-30": "2.47410", "2009-08-31": "2.67230", "2009-05-31": "2.27130", "2009-02-28": "2.36300", "2008-11-30": "2.57400", "2008-08-31": "2.61470", "2008-05-31": "2.80490", "2008-02-29": "2.97190", "2007-11-30": "2.49840", "2007-08-31": "2.71250", "2007-05-31": "2.31300", "2007-02-28": "2.39100", "2006-11-30": "2.49540", "2006-08-31": "2.58670", "2006-05-31": "2.67030", "2006-02-28": "3.06790", "2005-11-30": "2.51670", "2005-08-31": "2.79690", "2005-05-31": "2.63520", "2005-02-28": "3.08020"}, "EBIT Margin": {"2020-11-30": "3.30960", "2020-08-31": "3.61350", "2020-05-31": "3.16370", "2020-02-29": "3.24020", "2019-11-30": "2.86450", "2019-08-31": "3.08010", "2019-05-31": "3.22970", "2019-02-28": "3.39870", "2018-11-30": "2.70610", "2018-08-31": "3.25600", "2018-05-31": "3.29720", "2018-02-28": "3.07930", "2017-11-30": "2.98970", "2017-08-31": "3.42790", "2017-05-31": "3.35410", "2017-02-28": "2.83550", "2016-11-30": "3.02150", "2016-08-31": "3.25770", "2016-05-31": "3.20520", "2016-02-29": "3.03870", "2015-11-30": "2.81780", "2015-08-31": "3.23100", "2015-05-31": "3.14550", "2015-02-28": "3.19440", "2014-11-30": "2.86610", "2014-08-31": "3.07130", "2014-05-31": "2.85730", "2014-02-28": "2.75220", "2013-11-30": "2.67020", "2013-08-31": "2.93660", "2013-05-31": "2.99800", "2013-02-28": "2.96730", "2012-11-30": "2.69450", "2012-08-31": "2.94560", "2012-05-31": "2.79070", "2012-02-29": "2.80400", "2011-11-30": "2.51060", "2011-08-31": "2.70420", "2011-05-31": "2.69600", "2011-02-28": "2.85510", "2010-11-30": "2.72880", "2010-08-31": "2.85180", "2010-05-31": "2.76150", "2010-02-28": "2.50770", "2009-11-30": "2.47410", "2009-08-31": "2.67230", "2009-05-31": "2.27130", "2009-02-28": "2.36300", "2008-11-30": "2.57400", "2008-08-31": "2.61470", "2008-05-31": "2.80490", "2008-02-29": "2.97190", "2007-11-30": "2.49840", "2007-08-31": "2.71250", "2007-05-31": "2.31300", "2007-02-28": "2.39100", "2006-11-30": "2.49540", "2006-08-31": "2.58670", "2006-05-31": "2.67030", "2006-02-28": "3.06790", "2005-11-30": "2.51670", "2005-08-31": "2.79690", "2005-05-31": "2.63520", "2005-02-28": "3.08020"}, "EBITDA Margin": {"2020-11-30": "", "2020-08-31": "", "2020-05-31": "", "2020-02-29": "", "2019-11-30": "", "2019-08-31": "", "2019-05-31": "", "2019-02-28": "", "2018-11-30": "", "2018-08-31": "", "2018-05-31": "", "2018-02-28": "", "2017-11-30": "", "2017-08-31": "", "2017-05-31": "", "2017-02-28": "", "2016-11-30": "", "2016-08-31": "", "2016-05-31": "", "2016-02-29": "", "2015-11-30": "", "2015-08-31": "", "2015-05-31": "", "2015-02-28": "", "2014-11-30": "", "2014-08-31": "", "2014-05-31": "", "2014-02-28": "", "2013-11-30": "", "2013-08-31": "", "2013-05-31": "", "2013-02-28": "", "2012-11-30": "", "2012-08-31": "", "2012-05-31": "", "2012-02-29": "", "2011-11-30": "", "2011-08-31": "", "2011-05-31": "", "2011-02-28": "", "2010-11-30": "", "2010-08-31": "", "2010-05-31": "", "2010-02-28": "", "2009-11-30": "", "2009-08-31": "", "2009-05-31": "", "2009-02-28": "", "2008-11-30": "", "2008-08-31": "", "2008-05-31": "", "2008-02-29": "", "2007-11-30": "", "2007-08-31": "", "2007-05-31": "", "2007-02-28": "", "2006-11-30": "", "2006-08-31": "", "2006-05-31": "", "2006-02-28": "", "2005-11-30": "", "2005-08-31": "", "2005-05-31": "", "2005-02-28": ""}, "Pre-Tax Profit Margin": {"2020-11-30": "3.28640", "2020-08-31": "3.50110", "2020-05-31": "3.12080", "2020-02-29": "3.26830", "2019-11-30": "2.85640", "2019-08-31": "3.14120", "2019-05-31": "3.23260", "2019-02-28": "3.43260", "2018-11-30": "2.66620", "2018-08-31": "3.26270", "2018-05-31": "3.30950", "2018-02-28": "2.98830", "2017-11-30": "2.94260", "2017-08-31": "3.35460", "2017-05-31": "3.34370", "2017-02-28": "2.71790", "2016-11-30": "3.01080", "2016-08-31": "3.23030", "2016-05-31": "3.11930", "2016-02-29": "2.98540", "2015-11-30": "2.79940", "2015-08-31": "3.23100", "2015-05-31": "3.06120", "2015-02-28": "3.16890", "2014-11-30": "2.89960", "2014-08-31": "3.05720", "2014-05-31": "2.80690", "2014-02-28": "2.76740", "2013-11-30": "2.63420", "2013-08-31": "2.93660", "2013-05-31": "2.95640", "2013-02-28": "2.97130", "2012-11-30": "2.72400", "2012-08-31": "2.99520", "2012-05-31": "2.78620", "2012-02-29": "2.73000", "2011-11-30": "2.55690", "2011-08-31": "2.73970", "2011-05-31": "2.58930", "2011-02-28": "2.74490", "2010-11-30": "2.61970", "2010-08-31": "2.83520", "2010-05-31": "2.66590", "2010-02-28": "2.52910", "2009-11-30": "2.43940", "2009-08-31": "2.60970", "2009-05-31": "2.15110", "2009-02-28": "2.28580", "2008-11-30": "2.54960", "2008-08-31": "2.67970", "2008-05-31": "2.79880", "2008-02-29": "3.07800", "2007-11-30": "2.56170", "2007-08-31": "2.84090", "2007-05-31": "2.42770", "2007-02-28": "2.60870", "2006-11-30": "2.67190", "2006-08-31": "2.79100", "2006-05-31": "2.90420", "2006-02-28": "3.29770", "2005-11-30": "2.68540", "2005-08-31": "2.98370", "2005-05-31": "2.81590", "2005-02-28": "3.20500"}, "Net Profit Margin": {"2020-11-30": "2.69860", "2020-08-31": "2.60200", "2020-05-31": "2.24870", "2020-02-29": "2.38280", "2019-11-30": "2.27860", "2019-08-31": "2.30960", "2019-05-31": "2.60790", "2019-02-28": "2.51160", "2018-11-30": "2.18710", "2018-08-31": "2.34850", "2018-05-31": "2.31760", "2018-02-28": "2.12460", "2017-11-30": "2.01200", "2017-08-31": "2.17260", "2017-05-31": "2.42550", "2017-02-28": "1.73020", "2016-11-30": "1.93960", "2016-08-31": "2.13070", "2016-05-31": "2.03590", "2016-02-29": "1.93820", "2015-11-30": "1.76340", "2015-08-31": "2.14380", "2015-05-31": "1.97690", "2015-02-28": "2.17820", "2014-11-30": "1.84620", "2014-08-31": "1.96210", "2014-05-31": "1.83380", "2014-02-28": "1.76010", "2013-11-30": "1.69880", "2013-08-31": "1.89920", "2013-05-31": "1.90590", "2013-02-28": "2.19930", "2012-11-30": "1.75420", "2012-08-31": "1.89020", "2012-05-31": "1.72910", "2012-02-29": "1.71550", "2011-11-30": "1.47960", "2011-08-31": "1.69640", "2011-05-31": "1.57110", "2011-02-28": "1.66710", "2010-11-30": "1.62170", "2010-08-31": "1.79070", "2010-05-31": "1.72100", "2010-02-28": "1.59530", "2009-11-30": "1.53770", "2009-08-31": "1.67130", "2009-05-31": "1.32860", "2009-02-28": "1.41900", "2008-11-30": "1.60410", "2008-08-31": "1.72290", "2008-05-31": "1.77560", "2008-02-29": "1.93410", "2007-11-30": "1.65720", "2007-08-31": "1.81970", "2007-05-31": "1.52790", "2007-02-28": "1.65090", "2006-11-30": "1.67390", "2006-08-31": "1.78920", "2006-05-31": "1.77360", "2006-02-28": "2.10690", "2005-11-30": "1.66870", "2005-08-31": "2.12150", "2005-05-31": "1.74870", "2005-02-28": "2.41310"}, "Asset Turnover": {"2020-11-30": "0.71750", "2020-08-31": "0.96090", "2020-05-31": "0.72040", "2020-02-29": "0.80100", "2019-11-30": "0.72020", "2019-08-31": "1.04620", "2019-05-31": "0.79400", "2019-02-28": "0.82700", "2018-11-30": "0.80040", "2018-08-31": "1.08770", "2018-05-31": "0.81710", "2018-02-28": "0.85250", "2017-11-30": "0.80780", "2017-08-31": "1.16380", "2017-05-31": "0.81000", "2017-02-28": "0.83540", "2016-11-30": "0.76920", "2016-08-31": "1.10240", "2016-05-31": "0.79030", "2016-02-29": "0.86980", "2015-11-30": "0.76780", "2015-08-31": "1.08360", "2015-05-31": "0.77930", "2015-02-28": "0.81710", "2014-11-30": "0.77620", "2014-08-31": "1.07570", "2014-05-31": "0.78880", "2014-02-28": "0.83340", "2013-11-30": "0.77410", "2013-08-31": "1.07280", "2013-05-31": "0.80260", "2013-02-28": "0.85500", "2012-11-30": "0.80880", "2012-08-31": "1.18710", "2012-05-31": "0.80200", "2012-02-29": "0.83480", "2011-11-30": "0.77230", "2011-08-31": "1.05300", "2011-05-31": "0.76460", "2011-02-28": "0.81180", "2010-11-30": "0.73870", "2010-08-31": "1.01300", "2010-05-31": "0.74400", "2010-02-28": "0.80210", "2009-11-30": "0.73680", "2009-08-31": "1.01820", "2009-05-31": "0.74190", "2009-02-28": "0.81220", "2008-11-30": "0.78080", "2008-08-31": "1.11690", "2008-05-31": "0.78360", "2008-02-29": "0.82050", "2007-11-30": "0.75270", "2007-08-31": "1.04450", "2007-05-31": "0.75030", "2007-02-28": "0.84310", "2006-11-30": "0.76850", "2006-08-31": "1.13600", "2006-05-31": "0.76850", "2006-02-28": "0.81850", "2005-11-30": "0.74410", "2005-08-31": "1.00320", "2005-05-31": "0.71480", "2005-02-28": "0.76950"}, "Inventory Turnover Ratio": {"2020-11-30": "2.51380", "2020-08-31": "3.79030", "2020-05-31": "2.92910", "2020-02-29": "2.87390", "2019-11-30": "2.33270", "2019-08-31": "3.62530", "2019-05-31": "2.67450", "2019-02-28": "2.70520", "2018-11-30": "2.50910", "2018-08-31": "3.50280", "2018-05-31": "2.64740", "2018-02-28": "2.69260", "2017-11-30": "2.46290", "2017-08-31": "3.73160", "2017-05-31": "2.56470", "2017-02-28": "2.72060", "2016-11-30": "2.26550", "2016-08-31": "3.52870", "2016-05-31": "2.59460", "2016-02-29": "2.74690", "2015-11-30": "2.27520", "2015-08-31": "3.49080", "2015-05-31": "2.55800", "2015-02-28": "2.79240", "2014-11-30": "2.42480", "2014-08-31": "3.67040", "2014-05-31": "2.65870", "2014-02-28": "2.78730", "2013-11-30": "2.33740", "2013-08-31": "3.59990", "2013-05-31": "2.75550", "2013-02-28": "2.87070", "2012-11-30": "2.54240", "2012-08-31": "3.97550", "2012-05-31": "2.77440", "2012-02-29": "2.90440", "2011-11-30": "2.48500", "2011-08-31": "3.71800", "2011-05-31": "2.82470", "2011-02-28": "2.97620", "2010-11-30": "2.44560", "2010-08-31": "3.72900", "2010-05-31": "2.79370", "2010-02-28": "3.05610", "2009-11-30": "2.42340", "2009-08-31": "3.61000", "2009-05-31": "2.61060", "2009-02-28": "2.95720", "2008-11-30": "2.40620", "2008-08-31": "4.02820", "2008-05-31": "2.74190", "2008-02-29": "2.83310", "2007-11-30": "2.39450", "2007-08-31": "3.67490", "2007-05-31": "2.59900", "2007-02-28": "2.68750", "2006-11-30": "2.29900", "2006-08-31": "3.83150", "2006-05-31": "2.63480", "2006-02-28": "2.87640", "2005-11-30": "2.34810", "2005-08-31": "3.65030", "2005-05-31": "2.59980", "2005-02-28": "2.76220"}, "Receiveable Turnover": {"2020-11-30": "26.25030", "2020-08-31": "34.44060", "2020-05-31": "24.72860", "2020-02-29": "19.65390", "2019-11-30": "21.64820", "2019-08-31": "30.94330", "2019-05-31": "20.38730", "2019-02-28": "17.74240", "2018-11-30": "19.53710", "2018-08-31": "26.60940", "2018-05-31": "20.31450", "2018-02-28": "16.48930", "2017-11-30": "20.40350", "2017-08-31": "29.53910", "2017-05-31": "19.74010", "2017-02-28": "18.63870", "2016-11-30": "18.75770", "2016-08-31": "29.20130", "2016-05-31": "20.59150", "2016-02-29": "19.38750", "2015-11-30": "20.02940", "2015-08-31": "29.23040", "2015-05-31": "21.84180", "2015-02-28": "21.33180", "2014-11-30": "21.52720", "2014-08-31": "30.94340", "2014-05-31": "23.13360", "2014-02-28": "21.14630", "2013-11-30": "21.84890", "2013-08-31": "27.05000", "2013-05-31": "21.23720", "2013-02-28": "19.13150", "2012-11-30": "20.18300", "2012-08-31": "31.40160", "2012-05-31": "21.92930", "2012-02-29": "21.03210", "2011-11-30": "22.02440", "2011-08-31": "29.20000", "2011-05-31": "21.75420", "2011-02-28": "18.70520", "2010-11-30": "19.53200", "2010-08-31": "27.29070", "2010-05-31": "21.73590", "2010-02-28": "19.70770", "2009-11-30": "20.37570", "2009-08-31": "26.83210", "2009-05-31": "21.15930", "2009-02-28": "19.13980", "2008-11-30": "21.15480", "2008-08-31": "30.88240", "2008-05-31": "24.34020", "2008-02-29": "20.80300", "2007-11-30": "20.71900", "2007-08-31": "26.87360", "2007-05-31": "23.58480", "2007-02-28": "19.07510", "2006-11-30": "23.31280", "2006-08-31": "35.15420", "2006-05-31": "37.50440", "2006-02-28": "34.00790", "2005-11-30": "31.89510", "2005-08-31": "31.59640", "2005-05-31": "40.30080", "2005-02-28": "36.25200"}, "Days Sales In Receivables": {"2020-11-30": "3.42850", "2020-08-31": "2.61320", "2020-05-31": "3.63950", "2020-02-29": "4.57920", "2019-11-30": "4.15740", "2019-08-31": "2.90850", "2019-05-31": "4.41450", "2019-02-28": "5.07260", "2018-11-30": "4.60660", "2018-08-31": "3.38230", "2018-05-31": "4.43030", "2018-02-28": "5.45810", "2017-11-30": "4.41100", "2017-08-31": "3.04680", "2017-05-31": "4.55930", "2017-02-28": "4.82870", "2016-11-30": "4.79800", "2016-08-31": "3.08210", "2016-05-31": "4.37070", "2016-02-29": "4.64220", "2015-11-30": "4.49340", "2015-08-31": "3.07900", "2015-05-31": "4.12050", "2015-02-28": "4.21910", "2014-11-30": "4.18070", "2014-08-31": "2.90850", "2014-05-31": "3.89040", "2014-02-28": "4.25610", "2013-11-30": "4.11920", "2013-08-31": "3.32720", "2013-05-31": "4.23780", "2013-02-28": "4.70430", "2012-11-30": "4.45920", "2012-08-31": "2.86610", "2012-05-31": "4.10410", "2012-02-29": "4.27920", "2011-11-30": "4.08640", "2011-08-31": "3.08220", "2011-05-31": "4.13710", "2011-02-28": "4.81150", "2010-11-30": "4.60780", "2010-08-31": "3.29780", "2010-05-31": "4.14060", "2010-02-28": "4.56670", "2009-11-30": "4.41700", "2009-08-31": "3.35420", "2009-05-31": "4.25340", "2009-02-28": "4.70230", "2008-11-30": "4.25430", "2008-08-31": "2.91430", "2008-05-31": "3.69760", "2008-02-29": "4.32630", "2007-11-30": "4.34380", "2007-08-31": "3.34900", "2007-05-31": "3.81600", "2007-02-28": "4.71820", "2006-11-30": "3.86050", "2006-08-31": "2.56020", "2006-05-31": "2.39970", "2006-02-28": "2.64640", "2005-11-30": "2.82180", "2005-08-31": "2.84840", "2005-05-31": "2.23320", "2005-02-28": "2.48260"}, "ROE - Return On Equity": {"2020-11-30": "7.71440", "2020-08-31": "7.50600", "2020-05-31": "4.95260", "2020-02-29": "5.57090", "2019-11-30": "5.27610", "2019-08-31": "7.12270", "2019-05-31": "6.18080", "2019-02-28": "6.35270", "2018-11-30": "5.76450", "2018-08-31": "8.03630", "2018-05-31": "6.12200", "2018-02-28": "5.91550", "2017-11-30": "5.73270", "2017-08-31": "8.41230", "2017-05-31": "6.93180", "2017-02-28": "4.09850", "2016-11-30": "4.53770", "2016-08-31": "6.36560", "2016-05-31": "4.67310", "2016-02-29": "4.94040", "2015-11-30": "4.39530", "2015-08-31": "7.17510", "2015-05-31": "4.79930", "2015-02-28": "5.82250", "2014-11-30": "4.01750", "2014-08-31": "5.63320", "2014-05-31": "3.98470", "2014-02-28": "4.03960", "2013-11-30": "3.77770", "2013-08-31": "5.64840", "2013-05-31": "4.35800", "2013-02-28": "5.38750", "2012-11-30": "3.28090", "2012-08-31": "4.96880", "2012-05-31": "3.07210", "2012-02-29": "3.21400", "2011-11-30": "2.63520", "2011-08-31": "3.97680", "2011-05-31": "2.71910", "2011-02-28": "3.04360", "2010-11-30": "2.83590", "2010-08-31": "3.99820", "2010-05-31": "2.83450", "2010-02-28": "2.83910", "2009-11-30": "2.58840", "2009-08-31": "3.74110", "2009-05-31": "2.23790", "2009-02-28": "2.66420", "2008-11-30": "3.00530", "2008-08-31": "4.46040", "2008-05-31": "3.23620", "2008-02-29": "3.66630", "2007-11-30": "2.99000", "2007-08-31": "4.32140", "2007-05-31": "2.64100", "2007-02-28": "2.83870", "2006-11-30": "2.64030", "2006-08-31": "3.88910", "2006-05-31": "2.55010", "2006-02-28": "3.26720", "2005-11-30": "2.38030", "2005-08-31": "3.99390", "2005-05-31": "2.36700", "2005-02-28": "3.54570"}, "Return On Tangible Equity": {"2020-11-30": "7.71440", "2020-08-31": "7.50600", "2020-05-31": "4.95260", "2020-02-29": "5.57090", "2019-11-30": "5.27610", "2019-08-31": "7.12270", "2019-05-31": "6.18080", "2019-02-28": "6.35270", "2018-11-30": "5.76450", "2018-08-31": "8.03630", "2018-05-31": "6.12200", "2018-02-28": "5.91550", "2017-11-30": "5.73270", "2017-08-31": "8.41230", "2017-05-31": "6.93180", "2017-02-28": "4.09850", "2016-11-30": "4.53770", "2016-08-31": "6.36560", "2016-05-31": "4.67310", "2016-02-29": "4.94040", "2015-11-30": "4.39530", "2015-08-31": "7.17510", "2015-05-31": "4.79930", "2015-02-28": "5.82250", "2014-11-30": "4.01750", "2014-08-31": "5.63320", "2014-05-31": "3.98470", "2014-02-28": "4.03960", "2013-11-30": "3.77770", "2013-08-31": "5.64840", "2013-05-31": "4.35800", "2013-02-28": "5.38750", "2012-11-30": "3.28090", "2012-08-31": "4.96880", "2012-05-31": "3.07210", "2012-02-29": "3.21400", "2011-11-30": "2.63520", "2011-08-31": "3.97680", "2011-05-31": "2.71910", "2011-02-28": "3.04360", "2010-11-30": "2.83590", "2010-08-31": "3.99820", "2010-05-31": "2.83450", "2010-02-28": "2.83910", "2009-11-30": "2.58840", "2009-08-31": "3.74110", "2009-05-31": "2.23790", "2009-02-28": "2.66420", "2008-11-30": "3.00530", "2008-08-31": "4.46040", "2008-05-31": "3.23620", "2008-02-29": "3.66630", "2007-11-30": "2.99000", "2007-08-31": "4.32140", "2007-05-31": "2.64100", "2007-02-28": "2.83870", "2006-11-30": "2.64030", "2006-08-31": "3.88910", "2006-05-31": "2.55010", "2006-02-28": "3.26720", "2005-11-30": "2.38030", "2005-08-31": "3.99390", "2005-05-31": "2.36700", "2005-02-28": "3.54570"}, "ROA - Return On Assets": {"2020-11-30": "1.96120", "2020-08-31": "2.52720", "2020-05-31": "1.64700", "2020-02-29": "1.94130", "2019-11-30": "1.66440", "2019-08-31": "2.44490", "2019-05-31": "2.09360", "2019-02-28": "2.10520", "2018-11-30": "1.77340", "2018-08-31": "2.57900", "2018-05-31": "1.92400", "2018-02-28": "1.84220", "2017-11-30": "1.65320", "2017-08-31": "2.56420", "2017-05-31": "1.98140", "2017-02-28": "1.46230", "2016-11-30": "1.51920", "2016-08-31": "2.36710", "2016-05-31": "1.62080", "2016-02-29": "1.71360", "2015-11-30": "1.37370", "2015-08-31": "2.35640", "2015-05-31": "1.54970", "2015-02-28": "1.80650", "2014-11-30": "1.45900", "2014-08-31": "2.13480", "2014-05-31": "1.46480", "2014-02-28": "1.49840", "2013-11-30": "1.33360", "2013-08-31": "2.05400", "2013-05-31": "1.54640", "2013-02-28": "1.90450", "2012-11-30": "1.43570", "2012-08-31": "2.29180", "2012-05-31": "1.45500", "2012-02-29": "1.49760", "2011-11-30": "1.17130", "2011-08-31": "1.86840", "2011-05-31": "1.26420", "2011-02-28": "1.43490", "2010-11-30": "1.27480", "2010-08-31": "1.83500", "2010-05-31": "1.30130", "2010-02-28": "1.30530", "2009-11-30": "1.15000", "2009-08-31": "1.71980", "2009-05-31": "0.99510", "2009-02-28": "1.17180", "2008-11-30": "1.26680", "2008-08-31": "1.98240", "2008-05-31": "1.39130", "2008-02-29": "1.58690", "2007-11-30": "1.24740", "2007-08-31": "1.90060", "2007-05-31": "1.14640", "2007-02-28": "1.39180", "2006-11-30": "1.28640", "2006-08-31": "2.03260", "2006-05-31": "1.36310", "2006-02-28": "1.72460", "2005-11-30": "1.24160", "2005-08-31": "2.12840", "2005-05-31": "1.25000", "2005-02-28": "1.85700"}, "ROI - Return On Investment": {"2020-11-30": "5.17120", "2020-08-31": "5.35490", "2020-05-31": "3.43530", "2020-02-29": "4.28550", "2019-11-30": "4.01290", "2019-08-31": "5.36020", "2019-05-31": "4.66890", "2019-02-28": "4.74790", "2018-11-30": "3.89300", "2018-08-31": "5.37520", "2018-05-31": "4.02340", "2018-02-28": "3.84200", "2017-11-30": "3.65030", "2017-08-31": "5.27990", "2017-05-31": "5.42830", "2017-02-28": "3.35540", "2016-11-30": "3.43360", "2016-08-31": "4.78860", "2016-05-31": "3.50370", "2016-02-29": "3.44290", "2015-11-30": "3.05810", "2015-08-31": "4.95700", "2015-05-31": "3.31840", "2015-02-28": "4.25820", "2014-11-30": "2.86870", "2014-08-31": "4.00390", "2014-05-31": "2.81670", "2014-02-28": "2.83340", "2013-11-30": "2.62870", "2013-08-31": "3.88510", "2013-05-31": "2.98700", "2013-02-28": "3.67150", "2012-11-30": "2.96520", "2012-08-31": "4.47510", "2012-05-31": "2.78240", "2012-02-29": "2.90160", "2011-11-30": "2.38080", "2011-08-31": "3.61640", "2011-05-31": "2.47320", "2011-02-28": "2.58620", "2010-11-30": "2.39710", "2010-08-31": "3.34330", "2010-05-31": "2.37330", "2010-02-28": "2.36860", "2009-11-30": "2.14870", "2009-08-31": "3.08980", "2009-05-31": "1.82480", "2009-02-28": "2.14680", "2008-11-30": "2.40790", "2008-08-31": "3.59710", "2008-05-31": "2.61010", "2008-02-29": "2.94740", "2007-11-30": "2.39380", "2007-08-31": "3.47250", "2007-05-31": "2.10510", "2007-02-28": "2.78550", "2006-11-30": "2.58980", "2006-08-31": "3.79960", "2006-05-31": "2.48820", "2006-02-28": "3.08450", "2005-11-30": "2.24490", "2005-08-31": "3.69790", "2005-05-31": "2.19020", "2005-02-28": "3.26780"}, "Book Value Per Share": {"2020-11-30": "34.56110", "2020-08-31": "42.39050", "2020-05-31": "38.96290", "2020-02-29": "38.49220", "2019-11-30": "36.72430", "2019-08-31": "35.44840", "2019-05-31": "33.69630", "2019-02-28": "32.23490", "2018-11-30": "30.59610", "2018-08-31": "29.90260", "2018-05-31": "28.37880", "2018-02-28": "27.46290", "2017-11-30": "25.85700", "2017-08-31": "25.34060", "2017-05-31": "23.21740", "2017-02-28": "28.96060", "2016-11-30": "27.83930", "2016-08-31": "28.18590", "2016-05-31": "26.79940", "2016-02-29": "25.57510", "2015-11-30": "25.19460", "2015-08-31": "24.75840", "2015-05-31": "24.59130", "2015-02-28": "23.68360", "2014-11-30": "28.53580", "2014-08-31": "28.59380", "2014-05-31": "27.40880", "2014-02-28": "26.61810", "2013-11-30": "25.94590", "2013-08-31": "25.20840", "2013-05-31": "24.38150", "2013-02-28": "23.56670", "2012-11-30": "29.51080", "2012-08-31": "28.95340", "2012-05-31": "30.42870", "2012-02-29": "29.54540", "2011-11-30": "28.59710", "2011-08-31": "28.95230", "2011-05-31": "28.64980", "2011-02-28": "27.73330", "2010-11-30": "26.83020", "2010-08-31": "25.21280", "2010-05-31": "24.90380", "2010-02-28": "24.39490", "2009-11-30": "23.74320", "2009-08-31": "23.17570", "2009-05-31": "21.78360", "2009-02-28": "21.01480", "2008-11-30": "20.43310", "2008-08-31": "21.25250", "2008-05-31": "20.95260", "2008-02-29": "20.60290", "2007-11-30": "20.14520", "2007-08-31": "19.73250", "2007-05-31": "19.26550", "2007-02-28": "19.55900", "2006-11-30": "19.70170", "2006-08-31": "19.77910", "2006-05-31": "19.66490", "2006-02-28": "19.30440", "2005-11-30": "19.05530", "2005-08-31": "18.79680", "2005-05-31": "18.49180", "2005-02-28": "18.04530"}, "Operating Cash Flow Per Share": {"2020-11-30": "5.95650", "2020-08-31": 9.5551, "2020-05-31": 4.2745, "2020-02-29": 1.3945, "2019-11-30": "4.73760", "2019-08-31": 5.1711, "2019-05-31": 4.7525, "2019-02-28": -0.4905, "2018-11-30": "4.91700", "2018-08-31": 3.5146, "2018-05-31": 4.764, "2018-02-28": 0.2394, "2017-11-30": "4.55030", "2017-08-31": 4.1623, "2017-05-31": 3.6346, "2017-02-28": 1.1168, "2016-11-30": "6.34020", "2016-08-31": -0.3865, "2016-05-31": 4.2188, "2016-02-29": 1.7907, "2015-11-30": "1.83740", "2015-08-31": 2.3289, "2015-05-31": 2.771, "2015-02-28": 2.0282, "2014-11-30": "2.55080", "2014-08-31": 1.9067, "2014-05-31": 3.3664, "2014-02-28": 1.6082, "2013-11-30": "2.12240", "2013-08-31": 1.282, "2013-05-31": 3.0529, "2013-02-28": 0.9551, "2012-11-30": "2.51230", "2012-08-31": 1.6589, "2012-05-31": 2.468, "2012-02-29": 1.3237, "2011-11-30": "1.50700", "2011-08-31": 2.1291, "2011-05-31": 1.8256, "2011-02-28": 1.6314, "2010-11-30": "1.63130", "2010-08-31": 1.3963, "2010-05-31": 1.7942, "2010-02-28": 1.3549, "2009-11-30": "1.68820", "2009-08-31": 1.2428, "2009-05-31": 1.5736, "2009-02-28": 1.9672, "2008-11-30": "-0.03400", "2008-08-31": 0.9886, "2008-05-31": 2.06, "2008-02-29": 1.3092, "2007-11-30": "0.60800", "2007-08-31": 1.1524, "2007-05-31": 1.8352, "2007-02-28": 0.7017, "2006-11-30": "0.87100", "2006-08-31": 1.2555, "2006-05-31": 0.5721, "2006-02-28": 1.7101, "2005-11-30": "0.27460", "2005-08-31": 1.0617, "2005-05-31": 0.9932, "2005-02-28": 1.5481}, "Free Cash Flow Per Share": {"2020-11-30": "3.94700", "2020-08-31": 7.6362, "2020-05-31": 2.7026, "2020-02-29": 0.1665, "2019-11-30": "3.12610", "2019-08-31": 2.896, "2019-05-31": 3.2364, "2019-02-28": -1.8191, "2018-11-30": "3.26820", "2018-08-31": 1.1257, "2018-05-31": 3.4405, "2018-02-28": -0.908, "2017-11-30": "2.69030", "2017-08-31": 2.3946, "2017-05-31": 2.4126, "2017-02-28": -0.0537, "2016-11-30": "4.82610", "2016-08-31": -2.3087, "2016-05-31": 3.1703, "2016-02-29": 0.3781, "2015-11-30": "0.21750", "2015-08-31": 0.5072, "2015-05-31": 1.8224, "2015-02-28": 0.6482, "2014-11-30": "1.29580", "2014-08-31": 0.6236, "2014-05-31": 2.4511, "2014-02-28": 0.5999, "2013-11-30": "0.82500", "2013-08-31": -0.318, "2013-05-31": 2.0684, "2013-02-28": -0.0765, "2012-11-30": "1.39980", "2012-08-31": 0.3399, "2012-05-31": 1.8567, "2012-02-29": 0.6482, "2011-11-30": "0.74440", "2011-08-31": 1.0417, "2011-05-31": 1.2021, "2011-02-28": 1.1084, "2010-11-30": "0.95390", "2010-08-31": 0.4692, "2010-05-31": 1.4924, "2010-02-28": 0.9284, "2009-11-30": "0.98690", "2009-08-31": 0.448, "2009-05-31": 1.0634, "2009-02-28": 1.3015, "2008-11-30": "-0.88530", "2008-08-31": 0.0554, "2008-05-31": 1.228, "2008-02-29": 0.5522, "2007-11-30": "-0.36120", "2007-08-31": 0.076, "2007-05-31": 1.3364, "2007-02-28": 0.1028, "2006-11-30": "0.04720", "2006-08-31": 0.3141, "2006-05-31": 0.0506, "2006-02-28": 1.2137, "2005-11-30": "-0.26590", "2005-08-31": 0.3443, "2005-05-31": 0.5509, "2005-02-28": 0.7306}}, "revenue": {"Costco Annual Revenue (Millions of US $)": {"2020": "$166,761", "2019": "$152,703", "2018": "$141,576", "2017": "$129,025", "2016": "$118,719", "2015": "$116,199", "2014": "$112,640", "2013": "$105,156", "2012": "$99,137", "2011": "$88,915", "2010": "$77,946", "2009": "$71,422", "2008": "$72,483", "2007": "$64,401", "2006": "$60,151", "2005": "$52,952"}, "Costco Quarterly Revenue (Millions of US $)": {"2020-11-30": "$43,208", "2020-08-31": "$53,383", "2020-05-31": "$37,266", "2020-02-29": "$39,072", "2019-11-30": "$37,040", "2019-08-31": "$47,498", "2019-05-31": "$34,740", "2019-02-28": "$35,396", "2018-11-30": "$35,069", "2018-08-31": "$44,411", "2018-05-31": "$32,361", "2018-02-28": "$32,995", "2017-11-30": "$31,809", "2017-08-31": "$42,300", "2017-05-31": "$28,860", "2017-02-28": "$29,766", "2016-11-30": "$28,099", "2016-08-31": "$36,560", "2016-05-31": "$26,769", "2016-02-29": "$28,170", "2015-11-30": "$27,220", "2015-08-31": "$35,778", "2015-05-31": "$26,101", "2015-02-28": "$27,454", "2014-11-30": "$26,866", "2014-08-31": "$35,523", "2014-05-31": "$25,794", "2014-02-28": "$26,306", "2013-11-30": "$25,017", "2013-08-31": "$32,487", "2013-05-31": "$24,083", "2013-02-28": "$24,871", "2012-11-30": "$23,715", "2012-08-31": "$32,218", "2012-05-31": "$22,324", "2012-02-29": "$22,967", "2011-11-30": "$21,628", "2011-08-31": "$28,178", "2011-05-31": "$20,623", "2011-02-28": "$20,875", "2010-11-30": "$19,239", "2010-08-31": "$24,125", "2010-05-31": "$17,780", "2010-02-28": "$18,742", "2009-11-30": "$17,299", "2009-08-31": "$22,378", "2009-05-31": "$15,806", "2009-02-28": "$16,843", "2008-11-30": "$16,395", "2008-08-31": "$23,100", "2008-05-31": "$16,614", "2008-02-29": "$16,959", "2007-11-30": "$15,810", "2007-08-31": "$20,478", "2007-05-31": "$14,659", "2007-02-28": "$15,112", "2006-11-30": "$14,152", "2006-08-31": "$19,875", "2006-05-31": "$13,284", "2006-02-28": "$14,059", "2005-11-30": "$12,933", "2005-08-31": "$16,719", "2005-05-31": "$11,997", "2005-02-28": "$12,658"}}, "gross-profit": {"Costco Annual Gross Profit (Millions of US $)": {"2020": "$21,822", "2019": "$19,817", "2018": "$18,424", "2017": "$17,143", "2016": "$15,818", "2015": "$15,134", "2014": "$14,182", "2013": "$13,208", "2012": "$12,314", "2011": "$11,176", "2010": "$9,951", "2009": "$9,087", "2008": "$8,980", "2007": "$7,951", "2006": "$7,406", "2005": "$6,605"}, "Costco Quarterly Gross Profit (Millions of US $)": {"2020-11-30": "$5,750", "2020-08-31": "$6,982", "2020-05-31": "$5,017", "2020-02-29": "$5,016", "2019-11-30": "$4,807", "2019-08-31": "$6,188", "2019-05-31": "$4,507", "2019-02-28": "$4,676", "2018-11-30": "$4,446", "2018-08-31": "$5,740", "2018-05-31": "$4,230", "2018-02-28": "$4,262", "2017-11-30": "$4,192", "2017-08-31": "$5,603", "2017-05-31": "$3,890", "2017-02-28": "$3,839", "2016-11-30": "$3,811", "2016-08-31": "$4,911", "2016-05-31": "$3,607", "2016-02-29": "$3,701", "2015-11-30": "$3,599", "2015-08-31": "$4,682", "2015-05-31": "$3,414", "2015-02-28": "$3,557", "2014-11-30": "$3,481", "2014-08-31": "$4,486", "2014-05-31": "$3,240", "2014-02-28": "$3,263", "2013-11-30": "$3,193", "2013-08-31": "$4,069", "2013-05-31": "$3,045", "2013-02-28": "$3,105", "2012-11-30": "$2,989", "2012-08-31": "$4,008", "2012-05-31": "$2,781", "2012-02-29": "$2,828", "2011-11-30": "$2,697", "2011-08-31": "$3,498", "2011-05-31": "$2,556", "2011-02-28": "$2,640", "2010-11-30": "$2,482", "2010-08-31": "$3,101", "2010-05-31": "$2,286", "2010-02-28": "$2,346", "2009-11-30": "$2,218", "2009-08-31": "$2,866", "2009-05-31": "$2,030", "2009-02-28": "$2,072", "2008-11-30": "$2,119", "2008-08-31": "$2,802", "2008-05-31": "$2,066", "2008-02-29": "$2,126", "2007-11-30": "$1,986", "2007-08-31": "$2,546", "2007-05-31": "$1,782", "2007-02-28": "$1,860", "2006-11-30": "$1,763", "2006-08-31": "$2,399", "2006-05-31": "$1,649", "2006-02-28": "$1,755", "2005-11-30": "$1,603", "2005-08-31": "$2,064", "2005-05-31": "$1,493", "2005-02-28": "$1,602"}}, "operating-income": {"Costco Annual Operating Income (Millions of US $)": {"2020": "$5,435", "2019": "$4,737", "2018": "$4,480", "2017": "$4,111", "2016": "$3,672", "2015": "$3,624", "2014": "$3,220", "2013": "$3,053", "2012": "$2,759", "2011": "$2,439", "2010": "$2,077", "2009": "$1,777", "2008": "$1,969", "2007": "$1,609", "2006": "$1,626", "2005": "$1,474"}, "Costco Quarterly Operating Income (Millions of US $)": {"2020-11-30": "$1,430", "2020-08-31": "$1,929", "2020-05-31": "$1,179", "2020-02-29": "$1,266", "2019-11-30": "$1,061", "2019-08-31": "$1,463", "2019-05-31": "$1,122", "2019-02-28": "$1,203", "2018-11-30": "$949", "2018-08-31": "$1,446", "2018-05-31": "$1,067", "2018-02-28": "$1,016", "2017-11-30": "$951", "2017-08-31": "$1,450", "2017-05-31": "$968", "2017-02-28": "$844", "2016-11-30": "$849", "2016-08-31": "$1,191", "2016-05-31": "$858", "2016-02-29": "$856", "2015-11-30": "$767", "2015-08-31": "$1,156", "2015-05-31": "$821", "2015-02-28": "$877", "2014-11-30": "$770", "2014-08-31": "$1,091", "2014-05-31": "$737", "2014-02-28": "$724", "2013-11-30": "$668", "2013-08-31": "$954", "2013-05-31": "$722", "2013-02-28": "$738", "2012-11-30": "$639", "2012-08-31": "$949", "2012-05-31": "$623", "2012-02-29": "$644", "2011-11-30": "$543", "2011-08-31": "$762", "2011-05-31": "$556", "2011-02-28": "$596", "2010-11-30": "$525", "2010-08-31": "$688", "2010-05-31": "$491", "2010-02-28": "$470", "2009-11-30": "$428", "2009-08-31": "$598", "2009-05-31": "$359", "2009-02-28": "$398", "2008-11-30": "$422", "2008-08-31": "$604", "2008-05-31": "$466", "2008-02-29": "$504", "2007-11-30": "$395", "2007-08-31": "$555", "2007-05-31": "$339", "2007-02-28": "$361", "2006-11-30": "$353", "2006-08-31": "$514", "2006-05-31": "$355", "2006-02-28": "$431", "2005-11-30": "$325", "2005-08-31": "$468", "2005-05-31": "$316", "2005-02-28": "$390"}}, "ebitda": {"Costco Annual EBITDA (Millions of US $)": {"2020": "$7,080", "2019": "$6,229", "2018": "$5,917", "2017": "$5,481", "2016": "$4,927", "2015": "$4,751", "2014": "$4,249", "2013": "$3,999", "2012": "$3,667", "2011": "$3,294", "2010": "$2,872", "2009": "$2,505", "2008": "$2,622", "2007": "$2,178", "2006": "$2,146", "2005": "$1,968"}, "Costco Quarterly EBITDA (Millions of US $)": {"2020-11-30": "$1,834", "2020-08-31": "$2,434", "2020-05-31": "$1,561", "2020-02-29": "$1,655", "2019-11-30": "$1,430", "2019-08-31": "$1,936", "2019-05-31": "$1,458", "2019-02-28": "$1,555", "2018-11-30": "$1,280", "2018-08-31": "$1,877", "2018-05-31": "$1,394", "2018-02-28": "$1,360", "2017-11-30": "$1,286", "2017-08-31": "$1,891", "2017-05-31": "$1,288", "2017-02-28": "$1,156", "2016-11-30": "$1,146", "2016-08-31": "$1,599", "2016-05-31": "$1,149", "2016-02-29": "$1,141", "2015-11-30": "$1,038", "2015-08-31": "$1,507", "2015-05-31": "$1,083", "2015-02-28": "$1,137", "2014-11-30": "$1,024", "2014-08-31": "$1,412", "2014-05-31": "$974", "2014-02-28": "$964", "2013-11-30": "$899", "2013-08-31": "$1,249", "2013-05-31": "$943", "2013-02-28": "$955", "2012-11-30": "$852", "2012-08-31": "$1,241", "2012-05-31": "$825", "2012-02-29": "$853", "2011-11-30": "$748", "2011-08-31": "$1,035", "2011-05-31": "$752", "2011-02-28": "$791", "2010-11-30": "$716", "2010-08-31": "$934", "2010-05-31": "$671", "2010-02-28": "$655", "2009-11-30": "$612", "2009-08-31": "$839", "2009-05-31": "$530", "2009-02-28": "$559", "2008-11-30": "$577", "2008-08-31": "$819", "2008-05-31": "$616", "2008-02-29": "$650", "2007-11-30": "$537", "2007-08-31": "$734", "2007-05-31": "$470", "2007-02-28": "$494", "2006-11-30": "$481", "2006-08-31": "$678", "2006-05-31": "$475", "2006-02-28": "$551", "2005-11-30": "$442", "2005-08-31": "$627", "2005-05-31": "$425", "2005-02-28": "$503"}}, "net-income": {"Costco Annual Net Income (Millions of US $)": {"2020": "$4,002", "2019": "$3,659", "2018": "$3,134", "2017": "$2,679", "2016": "$2,350", "2015": "$2,377", "2014": "$2,058", "2013": "$2,039", "2012": "$1,709", "2011": "$1,462", "2010": "$1,303", "2009": "$1,086", "2008": "$1,283", "2007": "$1,083", "2006": "$1,103", "2005": "$1,063"}, "Costco Quarterly Net Income (Millions of US $)": {"2020-11-30": "$1,166", "2020-08-31": "$1,389", "2020-05-31": "$838", "2020-02-29": "$931", "2019-11-30": "$844", "2019-08-31": "$1,097", "2019-05-31": "$906", "2019-02-28": "$889", "2018-11-30": "$767", "2018-08-31": "$1,043", "2018-05-31": "$750", "2018-02-28": "$701", "2017-11-30": "$640", "2017-08-31": "$919", "2017-05-31": "$700", "2017-02-28": "$515", "2016-11-30": "$545", "2016-08-31": "$779", "2016-05-31": "$545", "2016-02-29": "$546", "2015-11-30": "$480", "2015-08-31": "$767", "2015-05-31": "$516", "2015-02-28": "$598", "2014-11-30": "$496", "2014-08-31": "$697", "2014-05-31": "$473", "2014-02-28": "$463", "2013-11-30": "$425", "2013-08-31": "$617", "2013-05-31": "$459", "2013-02-28": "$547", "2012-11-30": "$416", "2012-08-31": "$609", "2012-05-31": "$386", "2012-02-29": "$394", "2011-11-30": "$320", "2011-08-31": "$478", "2011-05-31": "$324", "2011-02-28": "$348", "2010-11-30": "$312", "2010-08-31": "$432", "2010-05-31": "$306", "2010-02-28": "$299", "2009-11-30": "$266", "2009-08-31": "$374", "2009-05-31": "$210", "2009-02-28": "$239", "2008-11-30": "$263", "2008-08-31": "$398", "2008-05-31": "$295", "2008-02-29": "$328", "2007-11-30": "$262", "2007-08-31": "$373", "2007-05-31": "$224", "2007-02-28": "$249", "2006-11-30": "$237", "2006-08-31": "$356", "2006-05-31": "$236", "2006-02-28": "$296", "2005-11-30": "$216", "2005-08-31": "$355", "2005-05-31": "$210", "2005-02-28": "$305"}}, "eps-earnings-per-share-diluted": {"Costco Annual EPS": {"2020": "$9.02", "2019": "$8.26", "2018": "$7.09", "2017": "$6.08", "2016": "$5.33", "2015": "$5.37", "2014": "$4.65", "2013": "$4.63", "2012": "$3.89", "2011": "$3.30", "2010": "$2.92", "2009": "$2.47", "2008": "$2.89", "2007": "$2.37", "2006": "$2.30", "2005": "$2.18"}, "Costco Quarterly EPS": {"2020-11-30": "$2.62", "2020-08-31": "$3.13", "2020-05-31": "$1.89", "2020-02-29": "$2.10", "2019-11-30": "$1.90", "2019-08-31": "$2.47", "2019-05-31": "$2.05", "2019-02-28": "$2.01", "2018-11-30": "$1.73", "2018-08-31": "$2.35", "2018-05-31": "$1.70", "2018-02-28": "$1.59", "2017-11-30": "$1.45", "2017-08-31": "$2.08", "2017-05-31": "$1.59", "2017-02-28": "$1.17", "2016-11-30": "$1.24", "2016-08-31": "$1.76", "2016-05-31": "$1.24", "2016-02-29": "$1.24", "2015-11-30": "$1.09", "2015-08-31": "$1.73", "2015-05-31": "$1.17", "2015-02-28": "$1.35", "2014-11-30": "$1.12", "2014-08-31": "$1.57", "2014-05-31": "$1.07", "2014-02-28": "$1.05", "2013-11-30": "$0.96", "2013-08-31": "$1.40", "2013-05-31": "$1.04", "2013-02-28": "$1.24", "2012-11-30": "$0.95", "2012-08-31": "$1.38", "2012-05-31": "$0.88", "2012-02-29": "$0.90", "2011-11-30": "$0.73", "2011-08-31": "$1.07", "2011-05-31": "$0.73", "2011-02-28": "$0.79", "2010-11-30": "$0.71", "2010-08-31": "$0.97", "2010-05-31": "$0.68", "2010-02-28": "$0.67", "2009-11-30": "$0.60", "2009-08-31": "$0.84", "2009-05-31": "$0.48", "2009-02-28": "$0.55", "2008-11-30": "$0.60", "2008-08-31": "$0.89", "2008-05-31": "$0.67", "2008-02-29": "$0.74", "2007-11-30": "$0.59", "2007-08-31": "$0.83", "2007-05-31": "$0.49", "2007-02-28": "$0.54", "2006-11-30": "$0.51", "2006-08-31": "$0.74", "2006-05-31": "$0.49", "2006-02-28": "$0.62", "2005-11-30": "$0.45", "2005-08-31": "$0.73", "2005-05-31": "$0.43", "2005-02-28": "$0.62"}}, "shares-outstanding": {"Costco Annual Shares Outstanding (Millions of Shares)": {"2020": "444", "2019": "443", "2018": "442", "2017": "441", "2016": "441", "2015": "443", "2014": "442", "2013": "441", "2012": "439", "2011": "443", "2010": "446", "2009": "440", "2008": "444", "2007": "458", "2006": "480", "2005": "492"}, "Costco Quarterly Shares Outstanding (Millions of Shares)": {"2020-11-30": "444", "2020-08-31": "444", "2020-05-31": "444", "2020-02-29": "444", "2019-11-30": "444", "2019-08-31": "443", "2019-05-31": "443", "2019-02-28": "442", "2018-11-30": "443", "2018-08-31": "442", "2018-05-31": "442", "2018-02-28": "442", "2017-11-30": "441", "2017-08-31": "441", "2017-05-31": "441", "2017-02-28": "441", "2016-11-30": "441", "2016-08-31": "441", "2016-05-31": "441", "2016-02-29": "442", "2015-11-30": "441", "2015-08-31": "443", "2015-05-31": "443", "2015-02-28": "443", "2014-11-30": "442", "2014-08-31": "442", "2014-05-31": "443", "2014-02-28": "443", "2013-11-30": "442", "2013-08-31": "441", "2013-05-31": "441", "2013-02-28": "440", "2012-11-30": "439", "2012-08-31": "439", "2012-05-31": "439", "2012-02-29": "439", "2011-11-30": "441", "2011-08-31": "443", "2011-05-31": "444", "2011-02-28": "443", "2010-11-30": "441", "2010-08-31": "446", "2010-05-31": "448", "2010-02-28": "447", "2009-11-30": "445", "2009-08-31": "440", "2009-05-31": "440", "2009-02-28": "440", "2008-11-30": "441", "2008-08-31": "444", "2008-05-31": "443", "2008-02-29": "445", "2007-11-30": "446", "2007-08-31": "458", "2007-05-31": "456", "2007-02-28": "462", "2006-11-30": "468", "2006-08-31": "480", "2006-05-31": "481", "2006-02-28": "482", "2005-11-30": "486", "2005-08-31": "492", "2005-05-31": "493", "2005-02-28": "494"}}, "total-assets": {"Costco Annual Total Assets (Millions of US $)": {"2020": "$55,556", "2019": "$45,400", "2018": "$40,830", "2017": "$36,347", "2016": "$33,163", "2015": "$33,017", "2014": "$33,024", "2013": "$30,283", "2012": "$27,140", "2011": "$26,761", "2010": "$23,815", "2009": "$21,979", "2008": "$20,682", "2007": "$19,607", "2006": "$17,495", "2005": "$16,665"}, "Costco Quarterly Total Assets (Millions of US $)": {"2020-11-30": "$60,217", "2020-08-31": "$55,556", "2020-05-31": "$51,732", "2020-02-29": "$48,782", "2019-11-30": "$51,431", "2019-08-31": "$45,400", "2019-05-31": "$43,752", "2019-02-28": "$42,799", "2018-11-30": "$43,814", "2018-08-31": "$40,830", "2018-05-31": "$39,605", "2018-02-28": "$38,703", "2017-11-30": "$39,378", "2017-08-31": "$36,347", "2017-05-31": "$35,631", "2017-02-28": "$35,630", "2016-11-30": "$36,532", "2016-08-31": "$33,163", "2016-05-31": "$33,873", "2016-02-29": "$32,388", "2015-11-30": "$35,451", "2015-08-31": "$33,017", "2015-05-31": "$33,491", "2015-02-28": "$33,600", "2014-11-30": "$34,613", "2014-08-31": "$33,024", "2014-05-31": "$32,701", "2014-02-28": "$31,566", "2013-11-30": "$32,319", "2013-08-31": "$30,283", "2013-05-31": "$30,006", "2013-02-28": "$29,089", "2012-11-30": "$29,323", "2012-08-31": "$27,140", "2012-05-31": "$27,836", "2012-02-29": "$27,511", "2011-11-30": "$28,004", "2011-08-31": "$26,761", "2011-05-31": "$26,974", "2011-02-28": "$25,716", "2010-11-30": "$26,043", "2010-08-31": "$23,815", "2010-05-31": "$23,899", "2010-02-28": "$23,366", "2009-11-30": "$23,478", "2009-08-31": "$21,979", "2009-05-31": "$21,304", "2009-02-28": "$20,737", "2008-11-30": "$20,997", "2008-08-31": "$20,682", "2008-05-31": "$21,203", "2008-02-29": "$20,669", "2007-11-30": "$21,004", "2007-08-31": "$19,607", "2007-05-31": "$19,538", "2007-02-28": "$17,925", "2006-11-30": "$18,415", "2006-08-31": "$17,495", "2006-05-31": "$17,284", "2006-02-28": "$17,176", "2005-11-30": "$17,382", "2005-08-31": "$16,665", "2005-05-31": "$16,782", "2005-02-28": "$16,449"}}, "cash-on-hand": {"Costco Annual Cash on Hand (Millions of US $)": {"2020": "$13,305", "2019": "$9,444", "2018": "$7,259", "2017": "$5,779", "2016": "$4,729", "2015": "$6,419", "2014": "$7,315", "2013": "$6,124", "2012": "$4,854", "2011": "$5,613", "2010": "$4,749", "2009": "$3,727", "2008": "$3,275", "2007": "$3,356", "2006": "$2,833", "2005": "$3,460"}, "Costco Quarterly Cash on Hand (Millions of US $)": {"2020-11-30": "$14,423", "2020-08-31": "$13,305", "2020-05-31": "$11,774", "2020-02-29": "$8,715", "2019-11-30": "$10,020", "2019-08-31": "$9,444", "2019-05-31": "$8,167", "2019-02-28": "$7,122", "2018-11-30": "$7,953", "2018-08-31": "$7,259", "2018-05-31": "$7,044", "2018-02-28": "$5,830", "2017-11-30": "$6,885", "2017-08-31": "$5,779", "2017-05-31": "$5,725", "2017-02-28": "$5,965", "2016-11-30": "$6,116", "2016-08-31": "$4,729", "2016-05-31": "$6,021", "2016-02-29": "$4,855", "2015-11-30": "$6,283", "2015-08-31": "$6,419", "2015-05-31": "$6,805", "2015-02-28": "$7,453", "2014-11-30": "$7,619", "2014-08-31": "$7,315", "2014-05-31": "$7,275", "2014-02-28": "$6,482", "2013-11-30": "$6,439", "2013-08-31": "$6,124", "2013-05-31": "$6,510", "2013-02-28": "$5,651", "2012-11-30": "$5,576", "2012-08-31": "$4,854", "2012-05-31": "$5,976", "2012-02-29": "$5,785", "2011-11-30": "$5,915", "2011-08-31": "$5,613", "2011-05-31": "$6,215", "2011-02-28": "$5,379", "2010-11-30": "$5,284", "2010-08-31": "$4,749", "2010-05-31": "$5,267", "2010-02-28": "$4,719", "2009-11-30": "$4,189", "2009-08-31": "$3,727", "2009-05-31": "$3,668", "2009-02-28": "$3,282", "2008-11-30": "$2,817", "2008-08-31": "$3,275", "2008-05-31": "$3,655", "2008-02-29": "$3,100", "2007-11-30": "$3,210", "2007-08-31": "$3,356", "2007-05-31": "$3,821", "2007-02-28": "$2,233", "2006-11-30": "$2,614", "2006-08-31": "$2,833", "2006-05-31": "$3,302", "2006-02-28": "$3,517", "2005-11-30": "$3,289", "2005-08-31": "$3,460", "2005-05-31": "$4,051", "2005-02-28": "$3,788"}}, "long-term-debt": {"Costco Annual Long Term Debt (Millions of US $)": {"2020": "$7,514", "2019": "$5,124", "2018": "$6,487", "2017": "$6,573", "2016": "$4,061", "2015": "$4,852", "2014": "$5,093", "2013": "$4,998", "2012": "$1,381", "2011": "$1,253", "2010": "$2,141", "2009": "$2,130", "2008": "$2,206", "2007": "$2,108", "2006": "$215", "2005": "$711"}, "Costco Quarterly Long Term Debt (Millions of US $)": {"2020-11-30": "$7,529", "2020-08-31": "$7,514", "2020-05-31": "$7,598", "2020-02-29": "$5,099", "2019-11-30": "$5,107", "2019-08-31": "$5,124", "2019-05-31": "$4,799", "2019-02-28": "$4,794", "2018-11-30": "$6,480", "2018-08-31": "$6,487", "2018-05-31": "$6,492", "2018-02-28": "$6,505", "2017-11-30": "$6,478", "2017-08-31": "$6,573", "2017-05-31": "$2,821", "2017-02-28": "$2,815", "2016-11-30": "$3,933", "2016-08-31": "$4,061", "2016-05-31": "$3,921", "2016-02-29": "$4,886", "2015-11-30": "$4,845", "2015-08-31": "$4,852", "2015-05-31": "$4,826", "2015-02-28": "$3,830", "2014-11-30": "$5,034", "2014-08-31": "$5,093", "2014-05-31": "$4,985", "2014-02-28": "$4,985", "2013-11-30": "$4,987", "2013-08-31": "$4,998", "2013-05-31": "$4,887", "2013-02-28": "$4,806", "2012-11-30": "$1,366", "2012-08-31": "$1,381", "2012-05-31": "$1,373", "2012-02-29": "$1,380", "2011-11-30": "$1,330", "2011-08-31": "$1,253", "2011-05-31": "$1,247", "2011-02-28": "$2,144", "2010-11-30": "$2,143", "2010-08-31": "$2,141", "2010-05-31": "$2,132", "2010-02-28": "$2,134", "2009-11-30": "$2,135", "2009-08-31": "$2,130", "2009-05-31": "$2,145", "2009-02-28": "$2,198", "2008-11-30": "$2,196", "2008-08-31": "$2,206", "2008-05-31": "$2,187", "2008-02-29": "$2,182", "2007-11-30": "$2,182", "2007-08-31": "$2,108", "2007-05-31": "$2,159", "2007-02-28": "$168", "2006-11-30": "$175", "2006-08-31": "$215", "2006-05-31": "$230", "2006-02-28": "$537", "2005-11-30": "$547", "2005-08-31": "$711", "2005-05-31": "$715", "2005-02-28": "$733"}}, "total-liabilities": {"Costco Annual Total Liabilities (Millions of US $)": {"2020": "$36,851", "2019": "$29,816", "2018": "$27,727", "2017": "$25,268", "2016": "$20,831", "2015": "$22,174", "2014": "$20,509", "2013": "$19,271", "2012": "$14,622", "2011": "$14,188", "2010": "$12,885", "2009": "$11,875", "2008": "$11,490", "2007": "$10,983", "2006": "$8,352", "2005": "$7,784"}, "Costco Quarterly Total Liabilities (Millions of US $)": {"2020-11-30": "$44,908", "2020-08-31": "$36,851", "2020-05-31": "$34,529", "2020-02-29": "$31,783", "2019-11-30": "$35,207", "2019-08-31": "$29,816", "2019-05-31": "$28,932", "2019-02-28": "$28,616", "2018-11-30": "$30,335", "2018-08-31": "$27,727", "2018-05-31": "$27,158", "2018-02-28": "$26,650", "2017-11-30": "$28,022", "2017-08-31": "$25,268", "2017-05-31": "$25,446", "2017-02-28": "$22,918", "2016-11-30": "$24,301", "2016-08-31": "$20,831", "2016-05-31": "$22,125", "2016-02-29": "$21,154", "2015-11-30": "$24,371", "2015-08-31": "$22,174", "2015-05-31": "$22,677", "2015-02-28": "$23,175", "2014-11-30": "$22,043", "2014-08-31": "$20,509", "2014-05-31": "$20,680", "2014-02-28": "$19,857", "2013-11-30": "$20,910", "2013-08-31": "$19,271", "2013-05-31": "$19,359", "2013-02-28": "$18,806", "2012-11-30": "$16,491", "2012-08-31": "$14,622", "2012-05-31": "$14,653", "2012-02-29": "$14,692", "2011-11-30": "$15,557", "2011-08-31": "$14,188", "2011-05-31": "$14,433", "2011-02-28": "$13,592", "2010-11-30": "$14,336", "2010-08-31": "$12,885", "2010-05-31": "$12,927", "2010-02-28": "$12,623", "2009-11-30": "$13,047", "2009-08-31": "$11,875", "2009-05-31": "$11,831", "2009-02-28": "$11,616", "2008-11-30": "$12,146", "2008-08-31": "$11,490", "2008-05-31": "$12,088", "2008-02-29": "$11,722", "2007-11-30": "$12,242", "2007-08-31": "$10,983", "2007-05-31": "$11,057", "2007-02-28": "$9,137", "2006-11-30": "$9,443", "2006-08-31": "$8,352", "2006-05-31": "$8,046", "2006-02-28": "$8,110", "2005-11-30": "$8,315", "2005-08-31": "$7,784", "2005-05-31": "$7,920", "2005-02-28": "$7,834"}}, "total-share-holder-equity": {"Costco Annual Share Holder Equity (Millions of US $)": {"2020": "$18,705", "2019": "$15,584", "2018": "$13,103", "2017": "$11,079", "2016": "$12,332", "2015": "$10,843", "2014": "$12,515", "2013": "$11,012", "2012": "$12,518", "2011": "$12,573", "2010": "$10,930", "2009": "$10,104", "2008": "$9,192", "2007": "$8,623", "2006": "$9,143", "2005": "$8,881"}, "Costco Quarterly Share Holder Equity (Millions of US $)": {"2020-11-30": "$15,309", "2020-08-31": "$18,705", "2020-05-31": "$17,203", "2020-02-29": "$16,999", "2019-11-30": "$16,224", "2019-08-31": "$15,584", "2019-05-31": "$14,820", "2019-02-28": "$14,183", "2018-11-30": "$13,479", "2018-08-31": "$13,103", "2018-05-31": "$12,447", "2018-02-28": "$12,053", "2017-11-30": "$11,356", "2017-08-31": "$11,079", "2017-05-31": "$10,185", "2017-02-28": "$12,712", "2016-11-30": "$12,231", "2016-08-31": "$12,332", "2016-05-31": "$11,748", "2016-02-29": "$11,234", "2015-11-30": "$11,080", "2015-08-31": "$10,843", "2015-05-31": "$10,814", "2015-02-28": "$10,425", "2014-11-30": "$12,570", "2014-08-31": "$12,515", "2014-05-31": "$12,021", "2014-02-28": "$11,709", "2013-11-30": "$11,409", "2013-08-31": "$11,012", "2013-05-31": "$10,647", "2013-02-28": "$10,283", "2012-11-30": "$12,832", "2012-08-31": "$12,518", "2012-05-31": "$13,183", "2012-02-29": "$12,819", "2011-11-30": "$12,447", "2011-08-31": "$12,573", "2011-05-31": "$12,541", "2011-02-28": "$12,124", "2010-11-30": "$11,707", "2010-08-31": "$10,930", "2010-05-31": "$10,972", "2010-02-28": "$10,743", "2009-11-30": "$10,431", "2009-08-31": "$10,104", "2009-05-31": "$9,473", "2009-02-28": "$9,121", "2008-11-30": "$8,851", "2008-08-31": "$9,192", "2008-05-31": "$9,116", "2008-02-29": "$8,946", "2007-11-30": "$8,762", "2007-08-31": "$8,623", "2007-05-31": "$8,481", "2007-02-28": "$8,788", "2006-11-30": "$8,972", "2006-08-31": "$9,143", "2006-05-31": "$9,239", "2006-02-28": "$9,066", "2005-11-30": "$9,067", "2005-08-31": "$8,881", "2005-05-31": "$8,863", "2005-02-28": "$8,615"}}, "profit-margins": {"current": "2.5%"}, "gross margin": {"2020-11-30": "13.16%", "2020-08-31": "13.09%", "2020-05-31": "13.07%", "2020-02-29": "12.96%", "2019-11-30": "13.05%", "2019-08-31": "12.98%", "2019-05-31": "12.95%", "2019-02-28": "12.97%", "2018-11-30": "12.90%", "2018-08-31": "13.01%", "2018-05-31": "13.11%", "2018-02-28": "13.20%", "2017-11-30": "13.20%", "2017-08-31": "13.29%", "2017-05-31": "13.34%", "2017-02-28": "13.34%", "2016-11-30": "13.40%", "2016-08-31": "13.32%", "2016-05-31": "13.22%", "2016-02-29": "13.13%", "2015-11-30": "13.09%", "2015-08-31": "13.02%", "2015-05-31": "12.88%", "2015-02-28": "12.77%", "2014-11-30": "12.64%", "2014-08-31": "12.59%", "2014-05-31": "12.56%", "2014-02-28": "12.58%", "2013-11-30": "12.60%", "2013-08-31": "12.56%", "2013-05-31": "12.53%", "2013-02-28": "12.49%", "2012-11-30": "12.45%", "2012-08-31": "12.42%", "2012-05-31": "12.41%", "2012-02-29": "12.40%", "2011-11-30": "12.48%", "2011-08-31": "12.57%", "2011-05-31": "12.70%", "2011-02-28": "12.81%", "2010-11-30": "12.79%", "2010-08-31": "12.77%", "2010-05-31": "12.75%", "2010-02-28": "12.75%", "2009-11-30": "12.70%", "2009-08-31": "12.72%", "2009-05-31": "12.51%", "2009-02-28": "12.42%", "2008-11-30": "12.47%", "2008-08-31": "12.39%", "2008-05-31": "12.49%", "2008-02-29": "12.43%", "2007-11-30": "12.37%", "2007-08-31": "12.35%", "2007-05-31": "12.23%", "2007-02-28": "12.29%", "2006-11-30": "12.33%", "2006-08-31": "12.31%", "2006-05-31": "12.41%", "2006-02-28": "12.41%", "2005-11-30": "12.45%"}, "operating margin": {"2020-11-30": "3.36%", "2020-08-31": "3.26%", "2020-05-31": "3.09%", "2020-02-29": "3.10%", "2019-11-30": "3.13%", "2019-08-31": "3.10%", "2019-05-31": "3.15%", "2019-02-28": "3.17%", "2018-11-30": "3.09%", "2018-08-31": "3.16%", "2018-05-31": "3.22%", "2018-02-28": "3.23%", "2017-11-30": "3.17%", "2017-08-31": "3.19%", "2017-05-31": "3.12%", "2017-02-28": "3.09%", "2016-11-30": "3.14%", "2016-08-31": "3.09%", "2016-05-31": "3.08%", "2016-02-29": "3.07%", "2015-11-30": "3.11%", "2015-08-31": "3.12%", "2015-05-31": "3.07%", "2015-02-28": "3.01%", "2014-11-30": "2.90%", "2014-08-31": "2.86%", "2014-05-31": "2.81%", "2014-02-28": "2.84%", "2013-11-30": "2.90%", "2013-08-31": "2.90%", "2013-05-31": "2.91%", "2013-02-28": "2.86%", "2012-11-30": "2.82%", "2012-08-31": "2.78%", "2012-05-31": "2.70%", "2012-02-29": "2.68%", "2011-11-30": "2.69%", "2011-08-31": "2.74%", "2011-05-31": "2.79%", "2011-02-28": "2.80%", "2010-11-30": "2.72%", "2010-08-31": "2.66%", "2010-05-31": "2.61%", "2010-02-28": "2.50%", "2009-11-30": "2.47%", "2009-08-31": "2.49%", "2009-05-31": "2.47%", "2009-02-28": "2.59%", "2008-11-30": "2.73%", "2008-08-31": "2.72%", "2008-05-31": "2.75%", "2008-02-29": "2.64%", "2007-11-30": "2.50%", "2007-08-31": "2.50%", "2007-05-31": "2.46%", "2007-02-28": "2.54%", "2006-11-30": "2.69%", "2006-08-31": "2.70%", "2006-05-31": "2.77%", "2006-02-28": "2.76%", "2005-11-30": "2.76%"}, "ebitda margin": {"2020-11-30": "4.33%", "2020-08-31": "4.25%", "2020-05-31": "4.09%", "2020-02-29": "4.09%", "2019-11-30": "4.12%", "2019-08-31": "4.08%", "2019-05-31": "4.12%", "2019-02-28": "4.15%", "2018-11-30": "4.08%", "2018-08-31": "4.18%", "2018-05-31": "4.25%", "2018-02-28": "4.28%", "2017-11-30": "4.23%", "2017-08-31": "4.25%", "2017-05-31": "4.21%", "2017-02-28": "4.17%", "2016-11-30": "4.21%", "2016-08-31": "4.15%", "2016-05-31": "4.10%", "2016-02-29": "4.07%", "2015-11-30": "4.09%", "2015-08-31": "4.09%", "2015-05-31": "4.02%", "2015-02-28": "3.93%", "2014-11-30": "3.82%", "2014-08-31": "3.77%", "2014-05-31": "3.73%", "2014-02-28": "3.76%", "2013-11-30": "3.80%", "2013-08-31": "3.80%", "2013-05-31": "3.81%", "2013-02-28": "3.76%", "2012-11-30": "3.73%", "2012-08-31": "3.70%", "2012-05-31": "3.64%", "2012-02-29": "3.63%", "2011-11-30": "3.64%", "2011-08-31": "3.70%", "2011-05-31": "3.76%", "2011-02-28": "3.79%", "2010-11-30": "3.73%", "2010-08-31": "3.68%", "2010-05-31": "3.64%", "2010-02-28": "3.55%", "2009-11-30": "3.51%", "2009-08-31": "3.51%", "2009-05-31": "3.44%", "2009-02-28": "3.52%", "2008-11-30": "3.64%", "2008-08-31": "3.62%", "2008-05-31": "3.63%", "2008-02-29": "3.52%", "2007-11-30": "3.38%", "2007-08-31": "3.38%", "2007-05-31": "3.33%", "2007-02-28": "3.41%", "2006-11-30": "3.56%", "2006-08-31": "3.57%", "2006-05-31": "3.68%", "2006-02-28": "3.67%", "2005-11-30": "3.68%"}, "pre tax profit margin": {"2020-11-30": "3.31%", "2020-08-31": "3.22%", "2020-05-31": "3.10%", "2020-02-29": "3.13%", "2019-11-30": "3.16%", "2019-08-31": "3.12%", "2019-05-31": "3.16%", "2019-02-28": "3.17%", "2018-11-30": "3.07%", "2018-08-31": "3.14%", "2018-05-31": "3.16%", "2018-02-28": "3.17%", "2017-11-30": "3.11%", "2017-08-31": "3.13%", "2017-05-31": "3.08%", "2017-02-28": "3.03%", "2016-11-30": "3.10%", "2016-08-31": "3.05%", "2016-05-31": "3.05%", "2016-02-29": "3.03%", "2015-11-30": "3.08%", "2015-08-31": "3.10%", "2015-05-31": "3.05%", "2015-02-28": "2.99%", "2014-11-30": "2.90%", "2014-08-31": "2.84%", "2014-05-31": "2.80%", "2014-02-28": "2.83%", "2013-11-30": "2.88%", "2013-08-31": "2.90%", "2013-05-31": "2.92%", "2013-02-28": "2.88%", "2012-11-30": "2.83%", "2012-08-31": "2.79%", "2012-05-31": "2.71%", "2012-02-29": "2.66%", "2011-11-30": "2.66%", "2011-08-31": "2.68%", "2011-05-31": "2.70%", "2011-02-28": "2.72%", "2010-11-30": "2.67%", "2010-08-31": "2.64%", "2010-05-31": "2.56%", "2010-02-28": "2.45%", "2009-11-30": "2.39%", "2009-08-31": "2.42%", "2009-05-31": "2.44%", "2009-02-28": "2.59%", "2008-11-30": "2.77%", "2008-08-31": "2.77%", "2008-05-31": "2.83%", "2008-02-29": "2.75%", "2007-11-30": "2.63%", "2007-08-31": "2.66%", "2007-05-31": "2.64%", "2007-02-28": "2.74%", "2006-11-30": "2.91%", "2006-08-31": "2.91%", "2006-05-31": "2.98%", "2006-02-28": "2.96%", "2005-11-30": "2.93%"}, "net profit margin": {"2020-11-30": "2.50%", "2020-08-31": "2.40%", "2020-05-31": "2.31%", "2020-02-29": "2.39%", "2019-11-30": "2.42%", "2019-08-31": "2.40%", "2019-05-31": "2.41%", "2019-02-28": "2.34%", "2018-11-30": "2.25%", "2018-08-31": "2.21%", "2018-05-31": "2.16%", "2018-02-28": "2.18%", "2017-11-30": "2.09%", "2017-08-31": "2.08%", "2017-05-31": "2.06%", "2017-02-28": "1.97%", "2016-11-30": "2.02%", "2016-08-31": "1.98%", "2016-05-31": "1.98%", "2016-02-29": "1.97%", "2015-11-30": "2.03%", "2015-08-31": "2.05%", "2015-05-31": "1.99%", "2015-02-28": "1.96%", "2014-11-30": "1.86%", "2014-08-31": "1.83%", "2014-05-31": "1.80%", "2014-02-28": "1.82%", "2013-11-30": "1.92%", "2013-08-31": "1.94%", "2013-05-31": "1.94%", "2013-02-28": "1.90%", "2012-11-30": "1.78%", "2012-08-31": "1.72%", "2012-05-31": "1.66%", "2012-02-29": "1.62%", "2011-11-30": "1.61%", "2011-08-31": "1.64%", "2011-05-31": "1.67%", "2011-02-28": "1.70%", "2010-11-30": "1.69%", "2010-08-31": "1.67%", "2010-05-31": "1.63%", "2010-02-28": "1.55%", "2009-11-30": "1.51%", "2009-08-31": "1.52%", "2009-05-31": "1.54%", "2009-02-28": "1.64%", "2008-11-30": "1.76%", "2008-08-31": "1.77%", "2008-05-31": "1.80%", "2008-02-29": "1.75%", "2007-11-30": "1.68%", "2007-08-31": "1.68%", "2007-05-31": "1.67%", "2007-02-28": "1.73%", "2006-11-30": "1.83%", "2006-08-31": "1.84%", "2006-05-31": "1.94%", "2006-02-28": "1.93%", "2005-11-30": "2.00%"}, "pe ratio": {"current": "37.74", "2021-02-05": "36.47", "2020-11-30": "39.13", "2020-08-31": "37.43", "2020-05-31": "35.75", "2020-02-29": "31.90", "2019-11-30": "34.31", "2019-08-31": "34.35", "2019-05-31": "28.24", "2019-02-28": "26.86", "2018-11-30": "29.94", "2018-08-31": "31.29", "2018-05-31": "27.64", "2018-02-28": "26.97", "2017-11-30": "27.72", "2017-08-31": "24.30", "2017-05-31": "29.39", "2017-02-28": "29.44", "2016-11-30": "24.56", "2016-08-31": "27.18", "2016-05-31": "25.07", "2016-02-29": "25.54", "2015-11-30": "26.84", "2015-08-31": "23.10", "2015-05-31": "24.13", "2015-02-28": "25.28", "2014-11-30": "25.07", "2014-08-31": "22.03", "2014-05-31": "21.90", "2014-02-28": "22.12", "2013-11-30": "22.72", "2013-08-31": "20.26", "2013-05-31": "19.85", "2013-02-28": "18.94", "2012-11-30": "19.59", "2012-08-31": "19.43", "2012-05-31": "18.58", "2012-02-29": "19.25", "2011-11-30": "19.66", "2011-08-31": "18.16", "2011-05-31": "19.66", "2011-02-28": "18.06", "2010-11-30": "16.93", "2010-08-31": "14.63", "2010-05-31": "15.67", "2010-02-28": "17.61", "2009-11-30": "18.08", "2009-08-31": "15.34", "2009-05-31": "14.26", "2009-02-28": "11.53", "2008-11-30": "13.05", "2008-08-31": "17.01", "2008-05-31": "18.49", "2008-02-29": "17.11", "2007-11-30": "20.10", "2007-08-31": "18.99", "2007-05-31": "17.93", "2007-02-28": "17.70", "2006-11-30": "15.97"}, "price sales": {"2021-02-05": "0.91", "2020-11-30": "0.98", "2020-08-31": "0.90", "2020-05-31": "0.82", "2020-02-29": "0.76", "2019-11-30": "0.83", "2019-08-31": "0.82", "2019-05-31": "0.68", "2019-02-28": "0.63", "2018-11-30": "0.67", "2018-08-31": "0.69", "2018-05-31": "0.60", "2018-02-28": "0.59", "2017-11-30": "0.58", "2017-08-31": "0.50", "2017-05-31": "0.61", "2017-02-28": "0.58", "2016-11-30": "0.50", "2016-08-31": "0.54", "2016-05-31": "0.50", "2016-02-29": "0.50", "2015-11-30": "0.54", "2015-08-31": "0.47", "2015-05-31": "0.48", "2015-02-28": "0.50", "2014-11-30": "0.47", "2014-08-31": "0.40", "2014-05-31": "0.40", "2014-02-28": "0.40", "2013-11-30": "0.44", "2013-08-31": "0.39", "2013-05-31": "0.38", "2013-02-28": "0.36", "2012-11-30": "0.35", "2012-08-31": "0.34", "2012-05-31": "0.31", "2012-02-29": "0.31", "2011-11-30": "0.32", "2011-08-31": "0.30", "2011-05-31": "0.33", "2011-02-28": "0.31", "2010-11-30": "0.29", "2010-08-31": "0.24", "2010-05-31": "0.26", "2010-02-28": "0.27", "2009-11-30": "0.27", "2009-08-31": "0.23", "2009-05-31": "0.22", "2009-02-28": "0.19", "2008-11-30": "0.23", "2008-08-31": "0.30", "2008-05-31": "0.34", "2008-02-29": "0.30", "2007-11-30": "0.34", "2007-08-31": "0.32", "2007-05-31": "0.30", "2007-02-28": "0.31", "2006-11-30": "0.29"}, "price book": {"current": "10.28", "2021-02-05": "10.28", "2020-11-30": "11.03", "2020-08-31": "7.96", "2020-05-31": "7.67", "2020-02-29": "7.06", "2019-11-30": "7.88", "2019-08-31": "8.00", "2019-05-31": "6.83", "2019-02-28": "6.50", "2018-11-30": "7.22", "2018-08-31": "7.43", "2018-05-31": "6.64", "2018-02-28": "6.59", "2017-11-30": "6.74", "2017-08-31": "5.83", "2017-05-31": "7.30", "2017-02-28": "5.51", "2016-11-30": "4.84", "2016-08-31": "5.15", "2016-05-31": "4.96", "2016-02-29": "5.22", "2015-11-30": "5.69", "2015-08-31": "5.01", "2015-05-31": "5.12", "2015-02-28": "5.47", "2014-11-30": "4.23", "2014-08-31": "3.59", "2014-05-31": "3.58", "2014-02-28": "3.70", "2013-11-30": "4.06", "2013-08-31": "3.72", "2013-05-31": "3.76", "2013-02-28": "3.58", "2012-11-30": "2.73", "2012-08-31": "2.62", "2012-05-31": "2.19", "2012-02-29": "2.24", "2011-11-30": "2.29", "2011-08-31": "2.08", "2011-05-31": "2.20", "2011-02-28": "2.05", "2010-11-30": "1.91", "2010-08-31": "1.69", "2010-05-31": "1.76", "2010-02-28": "1.88", "2009-11-30": "1.89", "2009-08-31": "1.64", "2009-05-31": "1.66", "2009-02-28": "1.49", "2008-11-30": "1.86", "2008-08-31": "2.32", "2008-05-31": "2.50", "2008-02-29": "2.20", "2007-11-30": "2.44", "2007-08-31": "2.28", "2007-05-31": "2.13", "2007-02-28": "2.07", "2006-11-30": "1.92", "2006-08-31": "1.71", "2006-05-31": "1.94", "2006-02-28": "1.90"}, "price fcf": {"2021-02-05": "", "2020-11-30": "$14.45", "2020-08-31": "$13.63", "2020-05-31": "$8.89", "2020-02-29": "$9.43", "2019-11-30": "$7.44", "2019-08-31": "$7.58", "2019-05-31": "$5.81", "2019-02-28": "$6.02", "2018-11-30": "$6.93", "2018-08-31": "$6.35", "2018-05-31": "$7.62", "2018-02-28": "$6.59", "2017-11-30": "$7.44", "2017-08-31": "$9.58", "2017-05-31": "$4.88", "2017-02-28": "$5.63", "2016-11-30": "$6.07", "2016-08-31": "$1.46", "2016-05-31": "$4.27", "2016-02-29": "$2.93", "2015-11-30": "$3.20", "2015-08-31": "$4.27", "2015-05-31": "$4.39", "2015-02-28": "$5.02", "2014-11-30": "$4.97", "2014-08-31": "$4.50", "2014-05-31": "$3.56", "2014-02-28": "$3.18", "2013-11-30": "$2.50", "2013-08-31": "$3.07", "2013-05-31": "$3.73", "2013-02-28": "$3.52", "2012-11-30": "$4.24", "2012-08-31": "$3.59", "2012-05-31": "$4.29", "2012-02-29": "$3.64", "2011-11-30": "$4.10", "2011-08-31": "$4.31", "2011-05-31": "$3.73", "2011-02-28": "$4.02", "2010-11-30": "$3.84", "2010-08-31": "$3.88", "2010-05-31": "$3.86", "2010-02-28": "$3.43", "2009-11-30": "$3.80", "2009-08-31": "$1.93", "2009-05-31": "$1.54", "2009-02-28": "$1.70", "2008-11-30": "$0.95", "2008-08-31": "$1.47", "2008-05-31": "$1.50", "2008-02-29": "$1.60", "2007-11-30": "$1.15", "2007-08-31": "$1.56", "2007-05-31": "$1.80", "2007-02-28": "$0.51", "2006-11-30": "$1.36"}, "net worth": {"value": "$157.32B"}, "current ratio": {"current": "0.98", "2020-11-30": "0.98", "2020-08-31": "1.13", "2020-05-31": "1.11", "2020-02-29": "1.04", "2019-11-30": "1.01", "2019-08-31": "1.01", "2019-05-31": "0.98", "2019-02-28": "0.96", "2018-11-30": "1.02", "2018-08-31": "1.02", "2018-05-31": "1.02", "2018-02-28": "1.00", "2017-11-30": "0.98", "2017-08-31": "0.99", "2017-05-31": "0.81", "2017-02-28": "0.93", "2016-11-30": "0.97", "2016-08-31": "0.98", "2016-05-31": "0.97", "2016-02-29": "1.01", "2015-11-30": "1.03", "2015-08-31": "1.02", "2015-05-31": "1.05", "2015-02-28": "0.99", "2014-11-30": "1.20", "2014-08-31": "1.22", "2014-05-31": "1.19", "2014-02-28": "1.20", "2013-11-30": "1.17", "2013-08-31": "1.20", "2013-05-31": "1.17", "2013-02-28": "1.16", "2012-11-30": "1.09", "2012-08-31": "1.10", "2012-05-31": "1.18", "2012-02-29": "1.16", "2011-11-30": "1.13", "2011-08-31": "1.14", "2011-05-31": "1.13", "2011-02-28": "1.22", "2010-11-30": "1.18", "2010-08-31": "1.16", "2010-05-31": "1.18", "2010-02-28": "1.17", "2009-11-30": "1.13", "2009-08-31": "1.11", "2009-05-31": "1.09", "2009-02-28": "1.08", "2008-11-30": "1.06", "2008-08-31": "1.07", "2008-05-31": "1.06", "2008-02-29": "1.06", "2007-11-30": "1.06", "2007-08-31": "1.09", "2007-05-31": "1.13", "2007-02-28": "0.96", "2006-11-30": "0.99", "2006-08-31": "1.05", "2006-05-31": "1.11", "2006-02-28": "1.17", "2005-11-30": "1.19", "2005-08-31": "1.22", "2005-05-31": "1.25", "2005-02-28": "1.24"}, "quick ratio": {"2020-11-30": "0.53", "2020-08-31": "0.64", "2020-05-31": "0.63", "2020-02-29": "0.52", "2019-11-30": "0.49", "2019-08-31": "0.52", "2019-05-31": "0.48", "2019-02-28": "0.46", "2018-11-30": "0.48", "2018-08-31": "0.46", "2018-05-31": "0.47", "2018-02-28": "0.44", "2017-11-30": "0.43", "2017-08-31": "0.43", "2017-05-31": "0.35", "2017-02-28": "0.42", "2016-11-30": "0.41", "2016-08-31": "0.40", "2016-05-31": "0.45", "2016-02-29": "0.43", "2015-11-30": "0.46", "2015-08-31": "0.48", "2015-05-31": "0.52", "2015-02-28": "0.52", "2014-11-30": "0.59", "2014-08-31": "0.63", "2014-05-31": "0.62", "2014-02-28": "0.60", "2013-11-30": "0.55", "2013-08-31": "0.60", "2013-05-31": "0.61", "2013-02-28": "0.58", "2012-11-30": "0.51", "2012-08-31": "0.52", "2012-05-31": "0.61", "2012-02-29": "0.60", "2011-11-30": "0.55", "2011-08-31": "0.59", "2011-05-31": "0.61", "2011-02-28": "0.65", "2010-11-30": "0.58", "2010-08-31": "0.60", "2010-05-31": "0.64", "2010-02-28": "0.62", "2009-11-30": "0.53", "2009-08-31": "0.53", "2009-05-31": "0.52", "2009-02-28": "0.52", "2008-11-30": "0.44", "2008-08-31": "0.50", "2008-05-31": "0.50", "2008-02-29": "0.48", "2007-11-30": "0.47", "2007-08-31": "0.52", "2007-05-31": "0.55", "2007-02-28": "0.39", "2006-11-30": "0.39", "2006-08-31": "0.47", "2006-05-31": "0.53", "2006-02-28": "0.58", "2005-11-30": "0.54", "2005-08-31": "0.63", "2005-05-31": "0.66", "2005-02-28": "0.64"}, "debt equity ratio": {"current": "0.49", "2020-11-30": "2.93", "2020-08-31": "1.97", "2020-05-31": "2.01", "2020-02-29": "1.87", "2019-11-30": "2.17", "2019-08-31": "1.91", "2019-05-31": "1.95", "2019-02-28": "2.02", "2018-11-30": "2.25", "2018-08-31": "2.12", "2018-05-31": "2.18", "2018-02-28": "2.21", "2017-11-30": "2.47", "2017-08-31": "2.28", "2017-05-31": "2.50", "2017-02-28": "1.80", "2016-11-30": "1.99", "2016-08-31": "1.69", "2016-05-31": "1.88", "2016-02-29": "1.88", "2015-11-30": "2.20", "2015-08-31": "2.05", "2015-05-31": "2.10", "2015-02-28": "2.22", "2014-11-30": "1.75", "2014-08-31": "1.64", "2014-05-31": "1.72", "2014-02-28": "1.70", "2013-11-30": "1.83", "2013-08-31": "1.75", "2013-05-31": "1.82", "2013-02-28": "1.83", "2012-11-30": "1.29", "2012-08-31": "1.17", "2012-05-31": "1.11", "2012-02-29": "1.15", "2011-11-30": "1.25", "2011-08-31": "1.13", "2011-05-31": "1.15", "2011-02-28": "1.12", "2010-11-30": "1.23", "2010-08-31": "1.18", "2010-05-31": "1.18", "2010-02-28": "1.18", "2009-11-30": "1.25", "2009-08-31": "1.18", "2009-05-31": "1.25", "2009-02-28": "1.27", "2008-11-30": "1.37", "2008-08-31": "1.25", "2008-05-31": "1.33", "2008-02-29": "1.31", "2007-11-30": "1.40", "2007-08-31": "1.27", "2007-05-31": "1.30", "2007-02-28": "1.04", "2006-11-30": "1.05", "2006-08-31": "0.91", "2006-05-31": "0.87", "2006-02-28": "0.89", "2005-11-30": "0.92", "2005-08-31": "0.88", "2005-05-31": "0.89", "2005-02-28": "0.91"}, "return on equity": {"2020-11-30": "25.35%", "2020-08-31": "23.16%", "2020-05-31": "22.48%", "2020-02-29": "23.75%", "2019-11-30": "24.57%", "2019-08-31": "25.21%", "2019-05-31": "25.94%", "2019-02-28": "25.93%", "2018-11-30": "25.54%", "2018-08-31": "25.61%", "2018-05-31": "25.65%", "2018-02-28": "26.50%", "2017-11-30": "24.48%", "2017-08-31": "23.19%", "2017-05-31": "21.40%", "2017-02-28": "19.45%", "2016-11-30": "20.32%", "2016-08-31": "20.26%", "2016-05-31": "20.83%", "2016-02-29": "21.00%", "2015-11-30": "21.88%", "2015-08-31": "21.29%", "2015-05-31": "19.92%", "2015-02-28": "19.05%", "2014-11-30": "17.45%", "2014-08-31": "17.27%", "2014-05-31": "17.14%", "2014-02-28": "17.54%", "2013-11-30": "18.90%", "2013-08-31": "18.22%", "2013-05-31": "17.55%", "2013-02-28": "16.04%", "2012-11-30": "14.06%", "2012-08-31": "13.41%", "2012-05-31": "12.37%", "2012-02-29": "12.04%", "2011-11-30": "11.83%", "2011-08-31": "11.95%", "2011-05-31": "11.97%", "2011-02-28": "12.23%", "2010-11-30": "12.17%", "2010-08-31": "12.10%", "2010-05-31": "11.79%", "2010-02-28": "11.28%", "2009-11-30": "11.13%", "2009-08-31": "11.57%", "2009-05-31": "12.12%", "2009-02-28": "13.18%", "2008-11-30": "14.23%", "2008-08-31": "14.25%", "2008-05-31": "14.20%", "2008-02-29": "13.64%", "2007-11-30": "12.79%", "2007-08-31": "12.43%", "2007-05-31": "12.05%", "2007-02-28": "11.93%", "2006-11-30": "12.36%", "2006-08-31": "12.09%", "2006-05-31": "12.17%", "2006-02-28": "12.01%", "2005-11-30": "12.26%"}, "return on assets": {"2020-11-30": "8.00%", "2020-08-31": "7.71%", "2020-05-31": "7.52%", "2020-02-29": "7.98%", "2019-11-30": "8.15%", "2019-08-31": "8.33%", "2019-05-31": "8.42%", "2019-02-28": "8.26%", "2018-11-30": "8.00%", "2018-08-31": "7.91%", "2018-05-31": "7.82%", "2018-02-28": "7.89%", "2017-11-30": "7.55%", "2017-08-31": "7.43%", "2017-05-31": "7.21%", "2017-02-28": "6.85%", "2016-11-30": "7.11%", "2016-08-31": "6.97%", "2016-05-31": "6.94%", "2016-02-29": "6.87%", "2015-11-30": "6.97%", "2015-08-31": "7.06%", "2015-05-31": "6.85%", "2015-02-28": "6.76%", "2014-11-30": "6.46%", "2014-08-31": "6.35%", "2014-05-31": "6.24%", "2014-02-28": "6.33%", "2013-11-30": "6.73%", "2013-08-31": "6.87%", "2013-05-31": "7.03%", "2013-02-28": "6.91%", "2012-11-30": "6.46%", "2012-08-31": "6.19%", "2012-05-31": "5.73%", "2012-02-29": "5.55%", "2011-11-30": "5.47%", "2011-08-31": "5.54%", "2011-05-31": "5.52%", "2011-02-28": "5.62%", "2010-11-30": "5.56%", "2010-08-31": "5.51%", "2010-05-31": "5.37%", "2010-02-28": "5.10%", "2009-11-30": "4.98%", "2009-08-31": "5.11%", "2009-05-31": "5.30%", "2009-02-28": "5.72%", "2008-11-30": "6.15%", "2008-08-31": "6.14%", "2008-05-31": "6.10%", "2008-02-29": "5.87%", "2007-11-30": "5.68%", "2007-08-31": "5.74%", "2007-05-31": "5.81%", "2007-02-28": "6.06%", "2006-11-30": "6.39%", "2006-08-31": "6.37%", "2006-05-31": "6.44%", "2006-02-28": "6.33%", "2005-11-30": "6.46%"}, "return on investments": {"2020-11-30": "24.19%", "2020-08-31": "23.02%", "2020-05-31": "22.35%", "2020-02-29": "23.46%", "2019-11-30": "24.05%", "2019-08-31": "23.91%", "2019-05-31": "24.16%", "2019-02-28": "24.09%", "2018-11-30": "23.25%", "2018-08-31": "23.92%", "2018-05-31": "24.58%", "2018-02-28": "26.16%", "2017-11-30": "26.32%", "2017-08-31": "26.37%", "2017-05-31": "25.22%", "2017-02-28": "23.48%", "2016-11-30": "23.34%", "2016-08-31": "22.91%", "2016-05-31": "22.94%", "2016-02-29": "22.72%", "2015-11-30": "23.55%", "2015-08-31": "22.94%", "2015-05-31": "21.87%", "2015-02-28": "20.91%", "2014-11-30": "19.28%", "2014-08-31": "19.02%", "2014-05-31": "18.65%", "2014-02-28": "18.99%", "2013-11-30": "19.56%", "2013-08-31": "20.08%", "2013-05-31": "20.76%", "2013-02-28": "20.43%", "2012-11-30": "20.09%", "2012-08-31": "19.56%", "2012-05-31": "18.25%", "2012-02-29": "18.02%", "2011-11-30": "17.66%", "2011-08-31": "17.51%", "2011-05-31": "17.21%", "2011-02-28": "16.95%", "2010-11-30": "16.44%", "2010-08-31": "16.10%", "2010-05-31": "15.65%", "2010-02-28": "15.05%", "2009-11-30": "14.94%", "2009-08-31": "15.38%", "2009-05-31": "15.72%", "2009-02-28": "16.78%", "2008-11-30": "17.79%", "2008-08-31": "17.59%", "2008-05-31": "17.41%", "2008-02-29": "16.51%", "2007-11-30": "15.99%", "2007-08-31": "16.29%", "2007-05-31": "16.45%", "2007-02-28": "17.15%", "2006-11-30": "17.60%", "2006-08-31": "17.09%", "2006-05-31": "16.50%", "2006-02-28": "16.05%", "2005-11-30": "15.72%"}, "return on tangible equity": {"2020-11-30": "25.35%", "2020-08-31": "23.16%", "2020-05-31": "22.48%", "2020-02-29": "23.75%", "2019-11-30": "24.57%", "2019-08-31": "25.21%", "2019-05-31": "25.94%", "2019-02-28": "25.93%", "2018-11-30": "25.54%", "2018-08-31": "25.61%", "2018-05-31": "25.65%", "2018-02-28": "26.50%", "2017-11-30": "24.48%", "2017-08-31": "23.19%", "2017-05-31": "21.40%", "2017-02-28": "19.45%", "2016-11-30": "20.32%", "2016-08-31": "20.26%", "2016-05-31": "20.83%", "2016-02-29": "21.00%", "2015-11-30": "21.88%", "2015-08-31": "21.29%", "2015-05-31": "19.92%", "2015-02-28": "19.05%", "2014-11-30": "17.45%", "2014-08-31": "17.27%", "2014-05-31": "17.14%", "2014-02-28": "17.54%", "2013-11-30": "18.90%", "2013-08-31": "18.22%", "2013-05-31": "17.55%", "2013-02-28": "16.04%", "2012-11-30": "14.06%", "2012-08-31": "13.41%", "2012-05-31": "12.37%", "2012-02-29": "12.04%", "2011-11-30": "11.83%", "2011-08-31": "11.95%", "2011-05-31": "11.97%", "2011-02-28": "12.23%", "2010-11-30": "12.17%", "2010-08-31": "12.10%", "2010-05-31": "11.79%", "2010-02-28": "11.28%", "2009-11-30": "11.13%", "2009-08-31": "11.57%", "2009-05-31": "12.12%", "2009-02-28": "13.18%", "2008-11-30": "14.23%", "2008-08-31": "14.25%", "2008-05-31": "14.20%", "2008-02-29": "13.64%", "2007-11-30": "12.79%", "2007-08-31": "12.43%", "2007-05-31": "12.05%", "2007-02-28": "11.93%", "2006-11-30": "12.36%", "2006-08-31": "12.09%", "2006-05-31": "12.17%", "2006-02-28": "12.01%", "2005-11-30": "12.26%"}, "dividend yield history": {"last payout": "$2.80", "last yield": "0.79%"}}