{"ticker": "COTY", "price": {"title": "Coty Historical Annual Stock Price Data", "value": 7.64, "historical": {"2020": {"Average Stock Price": "5.7662", "Year Open": "11.0500", "Year High": "12.1800", "Year Low": "2.6500", "Year Close": "7.0200", "Annual % Change": "-37.60%"}, "2019": {"Average Stock Price": "10.8865", "Year Open": "6.9500", "Year High": "13.7300", "Year Low": "6.7900", "Year Close": "11.2500", "Annual % Change": "71.49%"}, "2018": {"Average Stock Price": "14.2642", "Year Open": "19.8800", "Year High": "21.5300", "Year Low": "6.1100", "Year Close": "6.5600", "Annual % Change": "-67.02%"}, "2017": {"Average Stock Price": "18.1462", "Year Open": "18.6700", "Year High": "20.5400", "Year Low": "14.3600", "Year Close": "19.8900", "Annual % Change": "8.63%"}, "2016": {"Average Stock Price": "25.1655", "Year Open": "24.9500", "Year High": "31.0600", "Year Low": "18.0800", "Year Close": "18.3100", "Annual % Change": "-28.56%"}, "2015": {"Average Stock Price": "25.9594", "Year Open": "20.4300", "Year High": "32.6800", "Year Low": "18.7100", "Year Close": "25.6300", "Annual % Change": "24.06%"}, "2014": {"Average Stock Price": "16.7094", "Year Open": "15.5700", "Year High": "20.8800", "Year Low": "13.2500", "Year Close": "20.6600", "Annual % Change": "35.48%"}, "2013": {"Average Stock Price": "16.2480", "Year Open": "17.3600", "Year High": "17.5200", "Year Low": "14.9900", "Year Close": "15.2500", "Annual % Change": "0.00%"}}}, "market cap": {"value": "$5.85B"}, "income statement": {"Revenue": {"2020-06-30": "4717.80000", "2019-06-30": "6287.90000", "2018-06-30": "6841.80000", "2017-06-30": "7650.30000", "2016-06-30": "4349.10000", "2015-06-30": "4395.20000", "2014-06-30": "4551.60000", "2013-06-30": "4649.10000", "2012-06-30": "4611.30000", "2011-06-30": "4086.10000", "2010-06-30": "3482.90000"}, "Cost Of Goods Sold": {"2020-06-30": "1991.20000", "2019-06-30": "2498.50000", "2018-06-30": "2718.20000", "2017-06-30": "3028.30000", "2016-06-30": "1746.00000", "2015-06-30": "1757.00000", "2014-06-30": "1865.70000", "2013-06-30": "1860.30000", "2012-06-30": "1824.00000", "2011-06-30": "1640.00000", "2010-06-30": "1473.20000"}, "Gross Profit": {"2020-06-30": "2726.60000", "2019-06-30": "3789.40000", "2018-06-30": "4123.60000", "2017-06-30": "4622.00000", "2016-06-30": "2603.10000", "2015-06-30": "2638.20000", "2014-06-30": "2685.90000", "2013-06-30": "2788.80000", "2012-06-30": "2787.30000", "2011-06-30": "2446.10000", "2010-06-30": "2009.70000"}, "Research And Development Expenses": {"2020-06-30": "", "2019-06-30": "", "2018-06-30": "", "2017-06-30": "", "2016-06-30": "", "2015-06-30": "", "2014-06-30": "", "2013-06-30": "", "2012-06-30": "", "2011-06-30": "", "2010-06-30": ""}, "SG&A Expenses": {"2020-06-30": "3120.00000", "2019-06-30": "3467.90000", "2018-06-30": "3807.10000", "2017-06-30": "4040.70000", "2016-06-30": "2027.80000", "2015-06-30": "2066.10000", "2014-06-30": "2219.60000", "2013-06-30": "2283.70000", "2012-06-30": "2309.70000", "2011-06-30": "2034.20000", "2010-06-30": "1723.00000"}, "Other Operating Income Or Expenses": {"2020-06-30": "-479.80000", "2019-06-30": "-3729.00000", "2018-06-30": "-92.80000", "2017-06-30": "-352.30000", "2016-06-30": "-154.70000", "2015-06-30": "-26.90000", "2014-06-30": "-317.60000", "2013-06-30": "8.90000", "2012-06-30": "-575.90000", "2011-06-30": "-20.90000", "2010-06-30": "-10.50000"}, "Operating Expenses": {"2020-06-30": "5954.30000", "2019-06-30": "9976.30000", "2018-06-30": "6997.30000", "2017-06-30": "8071.20000", "2016-06-30": "4094.90000", "2015-06-30": "4000.10000", "2014-06-30": "4525.90000", "2013-06-30": "4254.70000", "2012-06-30": "4820.80000", "2011-06-30": "3805.20000", "2010-06-30": "3298.40000"}, "Operating Income": {"2020-06-30": "-1236.50000", "2019-06-30": "-3688.40000", "2018-06-30": "-155.50000", "2017-06-30": "-420.89990", "2016-06-30": "254.20020", "2015-06-30": "395.10030", "2014-06-30": "25.70020", "2013-06-30": "394.39990", "2012-06-30": "-209.50000", "2011-06-30": "280.90040", "2010-06-30": "184.50000"}, "Total Non-Operating Income/Expense": {"2020-06-30": "-231.10000", "2019-06-30": "-257.00000", "2018-06-30": "-239.00000", "2017-06-30": "-237.10000", "2016-06-30": "-115.40000", "2015-06-30": "-161.80000", "2014-06-30": "-69.80000", "2013-06-30": "-75.70000", "2012-06-30": "-121.60000", "2011-06-30": "-95.90000", "2010-06-30": "-64.80000"}, "Pre-Tax Income": {"2020-06-30": "-1467.60000", "2019-06-30": "-3945.40000", "2018-06-30": "-394.50000", "2017-06-30": "-658.00000", "2016-06-30": "138.80000", "2015-06-30": "233.30000", "2014-06-30": "-44.10000", "2013-06-30": "318.70000", "2012-06-30": "-331.10000", "2011-06-30": "185.00000", "2010-06-30": "119.70000"}, "Income Taxes": {"2020-06-30": "-377.70000", "2019-06-30": "-54.80000", "2018-06-30": "-32.20000", "2017-06-30": "-259.50000", "2016-06-30": "-40.40000", "2015-06-30": "-26.10000", "2014-06-30": "20.10000", "2013-06-30": "116.80000", "2012-06-30": "-37.80000", "2011-06-30": "95.10000", "2010-06-30": "32.40000"}, "Income After Taxes": {"2020-06-30": "-1089.90000", "2019-06-30": "-3890.60000", "2018-06-30": "-362.30000", "2017-06-30": "-398.50000", "2016-06-30": "179.20000", "2015-06-30": "259.40000", "2014-06-30": "-64.20000", "2013-06-30": "201.90000", "2012-06-30": "-293.30000", "2011-06-30": "89.90000", "2010-06-30": "87.30000"}, "Other Income": {"2020-06-30": "", "2019-06-30": "", "2018-06-30": "", "2017-06-30": "", "2016-06-30": "", "2015-06-30": "", "2014-06-30": "", "2013-06-30": "", "2012-06-30": "", "2011-06-30": "", "2010-06-30": ""}, "Income From Continuous Operations": {"2020-06-30": "-1089.90000", "2019-06-30": "-3890.60000", "2018-06-30": "-362.30000", "2017-06-30": "-398.50000", "2016-06-30": "179.20000", "2015-06-30": "259.40000", "2014-06-30": "-64.20000", "2013-06-30": "201.90000", "2012-06-30": "-293.30000", "2011-06-30": "89.90000", "2010-06-30": "87.30000"}, "Income From Discontinued Operations": {"2020-06-30": "87.20000", "2019-06-30": "121.00000", "2018-06-30": "234.50000", "2017-06-30": "", "2016-06-30": "", "2015-06-30": "", "2014-06-30": "", "2013-06-30": "", "2012-06-30": "", "2011-06-30": "", "2010-06-30": ""}, "Net Income": {"2020-06-30": "-1013.20000", "2019-06-30": "-3784.20000", "2018-06-30": "-168.80000", "2017-06-30": "-422.20000", "2016-06-30": "156.90000", "2015-06-30": "232.50000", "2014-06-30": "-97.40000", "2013-06-30": "168.00000", "2012-06-30": "-324.40000", "2011-06-30": "61.70000", "2010-06-30": "61.70000"}, "EBITDA": {"2020-06-30": "-520.00000", "2019-06-30": "-2952.40000", "2018-06-30": "581.50000", "2017-06-30": "134.20010", "2016-06-30": "486.20020", "2015-06-30": "626.00040", "2014-06-30": "276.40020", "2013-06-30": "653.99990", "2012-06-30": "36.50000", "2011-06-30": "494.30040", "2010-06-30": "383.70000"}, "EBIT": {"2020-06-30": "-1236.50000", "2019-06-30": "-3688.40000", "2018-06-30": "-155.50000", "2017-06-30": "-420.89990", "2016-06-30": "254.20020", "2015-06-30": "395.10030", "2014-06-30": "25.70020", "2013-06-30": "394.39990", "2012-06-30": "-209.50000", "2011-06-30": "280.90040", "2010-06-30": "184.50000"}, "Basic Shares Outstanding": {"2020-06-30": "759.10000", "2019-06-30": "751.20000", "2018-06-30": "749.70000", "2017-06-30": "642.80000", "2016-06-30": "345.50000", "2015-06-30": "353.30000", "2014-06-30": "381.70000", "2013-06-30": "381.70000", "2012-06-30": "373.00000", "2011-06-30": "329.40000", "2010-06-30": "280.20000"}, "Shares Outstanding": {"2020-06-30": "759.10000", "2019-06-30": "751.20000", "2018-06-30": "749.70000", "2017-06-30": "642.80000", "2016-06-30": "354.20000", "2015-06-30": "362.90000", "2014-06-30": "381.70000", "2013-06-30": "396.40000", "2012-06-30": "373.00000", "2011-06-30": "339.10000", "2010-06-30": "280.20000"}, "Basic EPS": {"2020-06-30": "-1.33000", "2019-06-30": "-5.04000", "2018-06-30": "-0.23000", "2017-06-30": "-0.66000", "2016-06-30": "0.45000", "2015-06-30": "0.66000", "2014-06-30": "-0.26000", "2013-06-30": "0.44000", "2012-06-30": "-0.87000", "2011-06-30": "0.19000", "2010-06-30": "0.22000"}, "EPS - Earnings Per Share": {"2020-06-30": "-1.33000", "2019-06-30": "-5.04000", "2018-06-30": "-0.23000", "2017-06-30": "-0.66000", "2016-06-30": "0.44000", "2015-06-30": "0.64000", "2014-06-30": "-0.26000", "2013-06-30": "0.42000", "2012-06-30": "-0.87000", "2011-06-30": "0.18000", "2010-06-30": "0.22000"}}, "income statement, quarterly": {"Revenue": {"2020-09-30": "1124.10000", "2020-06-30": "560.40000", "2020-03-31": "1528.00000", "2019-12-31": "2345.00000", "2019-09-30": "1411.20000", "2019-06-30": "1506.20000", "2019-03-31": "1990.60000", "2018-12-31": "2511.20000", "2018-09-30": "2031.30000", "2018-06-30": "-256.80050", "2018-03-31": "2222.70000", "2017-12-31": "2637.60000", "2017-09-30": "2238.30000", "2017-06-30": "2241.30000", "2017-03-31": "2032.10000", "2016-12-31": "2296.70000", "2016-09-30": "1080.20000", "2016-06-30": "1075.60000", "2016-03-31": "950.70000", "2015-12-31": "1210.50000", "2015-09-30": "1112.30000", "2015-06-30": "1019.50000", "2015-03-31": "933.80000", "2014-12-31": "1259.60000", "2014-09-30": "1182.30000", "2014-06-30": "1041.50000", "2014-03-31": "1008.70000", "2013-12-31": "1323.20000", "2013-09-30": "1178.20000", "2013-06-30": "1058.80000", "2013-03-31": "997.70000", "2012-12-31": "1379.50000", "2012-09-30": "1213.10000", "2012-06-30": "", "2012-03-31": "", "2011-06-30": "", "2010-06-30": ""}, "Cost Of Goods Sold": {"2020-09-30": "464.90000", "2020-06-30": "336.20000", "2020-03-31": "617.10000", "2019-12-31": "859.30000", "2019-09-30": "561.90000", "2019-06-30": "588.40000", "2019-03-31": "741.20000", "2018-12-31": "956.70000", "2018-09-30": "809.10000", "2018-06-30": "6.79990", "2018-03-31": "812.30000", "2017-12-31": "1024.90000", "2017-09-30": "874.20000", "2017-06-30": "875.10020", "2017-03-31": "816.10000", "2016-12-31": "892.30000", "2016-09-30": "444.80000", "2016-06-30": "465.60000", "2016-03-31": "369.00000", "2015-12-31": "467.70000", "2015-09-30": "443.70000", "2015-06-30": "414.09990", "2015-03-31": "351.80000", "2014-12-31": "508.90000", "2014-09-30": "482.20000", "2014-06-30": "448.80000", "2014-03-31": "395.60000", "2013-12-31": "549.30000", "2013-09-30": "472.00000", "2013-06-30": "438.40010", "2013-03-31": "382.60000", "2012-12-31": "562.90000", "2012-09-30": "476.40000", "2012-06-30": "", "2012-03-31": "", "2011-06-30": "", "2010-06-30": ""}, "Gross Profit": {"2020-09-30": "659.20000", "2020-06-30": "224.20000", "2020-03-31": "910.90000", "2019-12-31": "1485.70000", "2019-09-30": "849.29990", "2019-06-30": "917.79990", "2019-03-31": "1249.40000", "2018-12-31": "1554.50000", "2018-09-30": "1222.20000", "2018-06-30": "-263.60040", "2018-03-31": "1410.40000", "2017-12-31": "1612.70000", "2017-09-30": "1364.10000", "2017-06-30": "1366.20000", "2017-03-31": "1216.00000", "2016-12-31": "1404.40000", "2016-09-30": "635.40000", "2016-06-30": "610.00010", "2016-03-31": "581.70000", "2015-12-31": "742.80000", "2015-09-30": "668.60000", "2015-06-30": "605.40030", "2015-03-31": "582.00000", "2014-12-31": "750.70000", "2014-09-30": "700.10000", "2014-06-30": "592.70030", "2014-03-31": "613.10000", "2013-12-31": "773.90000", "2013-09-30": "706.20000", "2013-06-30": "620.40010", "2013-03-31": "615.10000", "2012-12-31": "816.60000", "2012-09-30": "736.70000", "2012-06-30": "", "2012-03-31": "", "2011-06-30": "", "2010-06-30": ""}, "Research And Development Expenses": {"2020-09-30": "", "2020-06-30": "", "2020-03-31": "", "2019-12-31": "", "2019-09-30": "", "2019-06-30": "", "2019-03-31": "", "2018-12-31": "", "2018-09-30": "", "2018-06-30": "", "2018-03-31": "", "2017-12-31": "", "2017-09-30": "", "2017-06-30": "", "2017-03-31": "", "2016-12-31": "", "2016-09-30": "", "2016-06-30": "", "2016-03-31": "", "2015-12-31": "", "2015-09-30": "", "2015-06-30": "", "2015-03-31": "", "2014-12-31": "", "2014-09-30": "", "2014-06-30": "", "2014-03-31": "", "2013-12-31": "", "2013-09-30": "", "2013-06-30": "", "2013-03-31": "", "2012-12-31": "", "2012-09-30": "", "2012-06-30": "", "2012-03-31": "0.00000", "2011-06-30": "", "2010-06-30": ""}, "SG&A Expenses": {"2020-09-30": "583.40000", "2020-06-30": "638.90000", "2020-03-31": "999.10000", "2019-12-31": "1202.60000", "2019-09-30": "806.70000", "2019-06-30": "819.60000", "2019-03-31": "1070.50000", "2018-12-31": "1284.00000", "2018-09-30": "1122.30000", "2018-06-30": "45.20010", "2018-03-31": "1251.60000", "2017-12-31": "1319.20000", "2017-09-30": "1191.10000", "2017-06-30": "1299.20000", "2017-03-31": "1092.40000", "2016-12-31": "1170.20000", "2016-09-30": "478.90000", "2016-06-30": "533.90010", "2016-03-31": "494.20000", "2015-12-31": "515.40000", "2015-09-30": "484.30000", "2015-06-30": "565.60010", "2015-03-31": "445.00000", "2014-12-31": "534.90000", "2014-09-30": "520.60000", "2014-06-30": "557.00010", "2014-03-31": "543.20000", "2013-12-31": "603.00000", "2013-09-30": "516.40000", "2013-06-30": "583.79990", "2013-03-31": "560.10000", "2012-12-31": "590.90000", "2012-09-30": "548.90000", "2012-06-30": "", "2012-03-31": "", "2011-06-30": "", "2010-06-30": ""}, "Other Operating Income Or Expenses": {"2020-09-30": "-46.30000", "2020-06-30": "-438.60000", "2020-03-31": "-89.70000", "2019-12-31": "-36.00000", "2019-09-30": "84.50000", "2019-06-30": "-2783.20000", "2019-03-31": "0.00000", "2018-12-31": "-965.10000", "2018-09-30": "-12.60000", "2018-06-30": "-29.10000", "2018-03-31": "-2.60000", "2017-12-31": "-7.00000", "2017-09-30": "-54.10000", "2017-06-30": "-77.20000", "2017-03-31": "-57.70000", "2016-12-31": "-135.90000", "2016-09-30": "-81.50000", "2016-06-30": "-50.90000", "2016-03-31": "-37.00000", "2015-12-31": "-45.50000", "2015-09-30": "-21.30000", "2015-06-30": "-25.00000", "2015-03-31": "-0.30000", "2014-12-31": "-1.60000", "2014-09-30": "0.00000", "2014-06-30": "-0.70000", "2014-03-31": "-316.90000", "2013-12-31": "", "2013-09-30": "", "2013-06-30": "-10.40000", "2013-03-31": "", "2012-12-31": "19.30000", "2012-09-30": "", "2012-06-30": "", "2012-03-31": "", "2011-06-30": "", "2010-06-30": ""}, "Operating Expenses": {"2020-09-30": "1190.10000", "2020-06-30": "1480.90000", "2020-03-31": "1786.80000", "2019-12-31": "2309.60000", "2019-09-30": "1347.20000", "2019-06-30": "4250.60000", "2019-03-31": "1905.10000", "2018-12-31": "3315.80000", "2018-09-30": "2052.00000", "2018-06-30": "124.09990", "2018-03-31": "2202.00000", "2017-12-31": "2462.40000", "2017-09-30": "2208.80000", "2017-06-30": "2503.40000", "2017-03-31": "2224.60000", "2016-12-31": "2309.40000", "2016-09-30": "1033.80000", "2016-06-30": "1078.50000", "2016-03-31": "927.70000", "2015-12-31": "1058.10000", "2015-09-30": "1030.60000", "2015-06-30": "1042.90000", "2015-03-31": "819.10000", "2014-12-31": "1075.90000", "2014-09-30": "1062.20000", "2014-06-30": "1052.90000", "2014-03-31": "1280.70000", "2013-12-31": "1179.70000", "2013-09-30": "1012.60000", "2013-06-30": "1082.70000", "2013-03-31": "967.60000", "2012-12-31": "1157.20000", "2012-09-30": "1047.20000", "2012-06-30": "", "2012-03-31": "", "2011-06-30": "", "2010-06-30": ""}, "Operating Income": {"2020-09-30": "-66.00000", "2020-06-30": "-920.50000", "2020-03-31": "-258.79990", "2019-12-31": "35.40020", "2019-09-30": "63.99990", "2019-06-30": "-2744.40000", "2019-03-31": "85.50000", "2018-12-31": "-804.59990", "2018-09-30": "-20.70000", "2018-06-30": "-380.90040", "2018-03-31": "20.70000", "2017-12-31": "175.20020", "2017-09-30": "29.50000", "2017-06-30": "-262.09990", "2017-03-31": "-192.49990", "2016-12-31": "-12.70000", "2016-09-30": "46.39990", "2016-06-30": "-2.90000", "2016-03-31": "23.00010", "2015-12-31": "152.40000", "2015-09-30": "81.70010", "2015-06-30": "-23.39940", "2015-03-31": "114.70000", "2014-12-31": "183.70000", "2014-09-30": "120.10010", "2014-06-30": "-11.39950", "2014-03-31": "-272.00010", "2013-12-31": "143.50000", "2013-09-30": "165.60000", "2013-06-30": "-23.89980", "2013-03-31": "30.10000", "2012-12-31": "222.29990", "2012-09-30": "165.90000", "2012-06-30": "", "2012-03-31": "", "2011-06-30": "", "2010-06-30": ""}, "Total Non-Operating Income/Expense": {"2020-09-30": "-56.30000", "2020-06-30": "-57.40000", "2020-03-31": "-74.10000", "2019-12-31": "-72.40000", "2019-09-30": "-65.40000", "2019-06-30": "-57.10000", "2019-03-31": "-89.50000", "2018-12-31": "-73.10000", "2018-09-30": "-66.80000", "2018-06-30": "-27.20000", "2018-03-31": "-76.40000", "2017-12-31": "-64.50000", "2017-09-30": "-70.90000", "2017-06-30": "-77.80000", "2017-03-31": "-60.30000", "2016-12-31": "-57.30000", "2016-09-30": "-41.70000", "2016-06-30": "-26.20000", "2016-03-31": "-31.70000", "2015-12-31": "-41.80000", "2015-09-30": "-15.70000", "2015-06-30": "-16.90000", "2015-03-31": "-17.10000", "2014-12-31": "-19.40000", "2014-09-30": "-108.40000", "2014-06-30": "-20.70000", "2014-03-31": "-15.20000", "2013-12-31": "-16.70000", "2013-09-30": "-17.20000", "2013-06-30": "-20.80000", "2013-03-31": "-20.00000", "2012-12-31": "-18.20000", "2012-09-30": "-16.70000", "2012-06-30": "", "2012-03-31": "", "2011-06-30": "", "2010-06-30": ""}, "Pre-Tax Income": {"2020-09-30": "-122.30000", "2020-06-30": "-962.30000", "2020-03-31": "-332.90000", "2019-12-31": "-37.00000", "2019-09-30": "-1.40000", "2019-06-30": "-2807.30000", "2019-03-31": "-4.00000", "2018-12-31": "-877.70000", "2018-09-30": "-87.50000", "2018-06-30": "-408.10000", "2018-03-31": "-55.70000", "2017-12-31": "110.70000", "2017-09-30": "-41.40000", "2017-06-30": "-339.90000", "2017-03-31": "-252.80000", "2016-12-31": "-70.00000", "2016-09-30": "4.70000", "2016-06-30": "-29.10000", "2016-03-31": "-8.70000", "2015-12-31": "110.60000", "2015-09-30": "66.00000", "2015-06-30": "-40.30000", "2015-03-31": "97.60000", "2014-12-31": "164.30000", "2014-09-30": "11.70000", "2014-06-30": "-32.10000", "2014-03-31": "-287.20000", "2013-12-31": "126.80000", "2013-09-30": "148.40000", "2013-06-30": "-44.70000", "2013-03-31": "10.10000", "2012-12-31": "204.10000", "2012-09-30": "149.20000", "2012-06-30": "", "2012-03-31": "0.00000", "2011-06-30": "", "2010-06-30": ""}, "Income Taxes": {"2020-09-30": "-244.90000", "2020-06-30": "-260.70000", "2020-03-31": "-68.50000", "2019-12-31": "-20.60000", "2019-09-30": "-18.20000", "2019-06-30": "-24.20000", "2019-03-31": "", "2018-12-31": "78.30000", "2018-09-30": "-77.40000", "2018-06-30": "-3.40000", "2018-03-31": "4.40000", "2017-12-31": "-7.90000", "2017-09-30": "-25.30000", "2017-06-30": "-38.90000", "2017-03-31": "-93.40000", "2016-12-31": "-122.10000", "2016-09-30": "-5.10000", "2016-06-30": "2.10000", "2016-03-31": "11.60000", "2015-12-31": "13.00000", "2015-09-30": "-67.10000", "2015-06-30": "-65.90000", "2015-03-31": "15.40000", "2014-12-31": "29.40000", "2014-09-30": "-5.00000", "2014-06-30": "-19.30000", "2014-03-31": "-40.50000", "2013-12-31": "33.70000", "2013-09-30": "46.20000", "2013-06-30": "11.50000", "2013-03-31": "-19.80000", "2012-12-31": "70.70000", "2012-09-30": "54.40000", "2012-06-30": "", "2012-03-31": "0.00000", "2011-06-30": "", "2010-06-30": ""}, "Income After Taxes": {"2020-09-30": "122.60000", "2020-06-30": "-701.60000", "2020-03-31": "-264.40000", "2019-12-31": "-16.40000", "2019-09-30": "16.80000", "2019-06-30": "-2783.10000", "2019-03-31": "-4.00000", "2018-12-31": "-956.00000", "2018-09-30": "-10.10000", "2018-06-30": "-404.70000", "2018-03-31": "-60.10000", "2017-12-31": "118.60000", "2017-09-30": "-16.10000", "2017-06-30": "-301.00000", "2017-03-31": "-159.40000", "2016-12-31": "52.10000", "2016-09-30": "9.80000", "2016-06-30": "-31.20000", "2016-03-31": "-20.30000", "2015-12-31": "97.60000", "2015-09-30": "133.10000", "2015-06-30": "25.60000", "2015-03-31": "82.20000", "2014-12-31": "134.90000", "2014-09-30": "16.70000", "2014-06-30": "-12.80000", "2014-03-31": "-246.70000", "2013-12-31": "93.10000", "2013-09-30": "102.20000", "2013-06-30": "-56.20000", "2013-03-31": "29.90000", "2012-12-31": "133.40000", "2012-09-30": "94.80000", "2012-06-30": "", "2012-03-31": "", "2011-06-30": "", "2010-06-30": ""}, "Other Income": {"2020-09-30": "", "2020-06-30": "", "2020-03-31": "", "2019-12-31": "", "2019-09-30": "", "2019-06-30": "", "2019-03-31": "", "2018-12-31": "", "2018-09-30": "", "2018-06-30": "", "2018-03-31": "", "2017-12-31": "", "2017-09-30": "", "2017-06-30": "", "2017-03-31": "", "2016-12-31": "", "2016-09-30": "", "2016-06-30": "", "2016-03-31": "", "2015-12-31": "", "2015-09-30": "", "2015-06-30": "", "2015-03-31": "", "2014-12-31": "", "2014-09-30": "", "2014-06-30": "", "2014-03-31": "", "2013-12-31": "", "2013-09-30": "", "2013-06-30": "", "2013-03-31": "", "2012-12-31": "", "2012-09-30": "", "2012-06-30": "", "2012-03-31": "0.00000", "2011-06-30": "", "2010-06-30": ""}, "Income From Continuous Operations": {"2020-09-30": "122.60000", "2020-06-30": "-701.60000", "2020-03-31": "-264.40000", "2019-12-31": "-16.40000", "2019-09-30": "16.80000", "2019-06-30": "-2783.10000", "2019-03-31": "-4.00000", "2018-12-31": "-956.00000", "2018-09-30": "-10.10000", "2018-06-30": "-404.70000", "2018-03-31": "-60.10000", "2017-12-31": "118.60000", "2017-09-30": "-16.10000", "2017-06-30": "-301.00000", "2017-03-31": "-159.40000", "2016-12-31": "52.10000", "2016-09-30": "9.80000", "2016-06-30": "-31.20000", "2016-03-31": "-20.30000", "2015-12-31": "97.60000", "2015-09-30": "133.10000", "2015-06-30": "25.60000", "2015-03-31": "82.20000", "2014-12-31": "134.90000", "2014-09-30": "16.70000", "2014-06-30": "-12.80000", "2014-03-31": "-246.70000", "2013-12-31": "93.10000", "2013-09-30": "102.20000", "2013-06-30": "-56.20000", "2013-03-31": "29.90000", "2012-12-31": "133.40000", "2012-09-30": "94.80000", "2012-06-30": "", "2012-03-31": "0.00000", "2011-06-30": "", "2010-06-30": ""}, "Income From Discontinued Operations": {"2020-09-30": "104.70000", "2020-06-30": "-76.60000", "2020-03-31": "", "2019-12-31": "", "2019-09-30": "39.50000", "2019-06-30": "-16.40000", "2019-03-31": "", "2018-12-31": "", "2018-09-30": "", "2018-06-30": "", "2018-03-31": "", "2017-12-31": "", "2017-09-30": "", "2017-06-30": "", "2017-03-31": "", "2016-12-31": "", "2016-09-30": "", "2016-06-30": "", "2016-03-31": "", "2015-12-31": "", "2015-09-30": "", "2015-06-30": "", "2015-03-31": "", "2014-12-31": "", "2014-09-30": "", "2014-06-30": "", "2014-03-31": "", "2013-12-31": "", "2013-09-30": "", "2013-06-30": "", "2013-03-31": "", "2012-12-31": "", "2012-09-30": "", "2012-06-30": "", "2012-03-31": "0.00000", "2011-06-30": "", "2010-06-30": ""}, "Net Income": {"2020-09-30": "200.60000", "2020-06-30": "-696.20000", "2020-03-31": "-271.60000", "2019-12-31": "-21.10000", "2019-09-30": "52.30000", "2019-06-30": "-2783.00000", "2019-03-31": "-12.10000", "2018-12-31": "-960.60000", "2018-09-30": "-12.10000", "2018-06-30": "-181.30000", "2018-03-31": "-77.00000", "2017-12-31": "109.20000", "2017-09-30": "-19.70000", "2017-06-30": "-304.80000", "2017-03-31": "-164.20000", "2016-12-31": "46.80000", "2016-09-30": "", "2016-06-30": "-31.00000", "2016-03-31": "-26.80000", "2015-12-31": "89.00000", "2015-09-30": "125.70000", "2015-06-30": "21.00000", "2015-03-31": "75.50000", "2014-12-31": "125.40000", "2014-09-30": "10.60000", "2014-06-30": "-20.10000", "2014-03-31": "-253.30000", "2013-12-31": "82.50000", "2013-09-30": "93.50000", "2013-06-30": "-62.30000", "2013-03-31": "20.40000", "2012-12-31": "123.20000", "2012-09-30": "86.70000", "2012-06-30": "", "2012-03-31": "", "2011-06-30": "", "2010-06-30": ""}, "EBITDA": {"2020-09-30": "80.20000", "2020-06-30": "-751.70000", "2020-03-31": "-68.39990", "2019-12-31": "213.50010", "2019-09-30": "243.19990", "2019-06-30": "-2558.70000", "2019-03-31": "268.10000", "2018-12-31": "-622.49990", "2018-09-30": "164.90010", "2018-06-30": "-187.40040", "2018-03-31": "213.70000", "2017-12-31": "357.00020", "2017-09-30": "198.20000", "2017-06-30": "-121.89990", "2017-03-31": "-7.89990", "2016-12-31": "157.70000", "2016-09-30": "106.29990", "2016-06-30": "58.10000", "2016-03-31": "81.10010", "2015-12-31": "207.80000", "2015-09-30": "139.20010", "2015-06-30": "34.90060", "2015-03-31": "170.60000", "2014-12-31": "241.59990", "2014-09-30": "178.90010", "2014-06-30": "51.10050", "2014-03-31": "-210.40010", "2013-12-31": "205.30000", "2013-09-30": "230.40000", "2013-06-30": "44.80020", "2013-03-31": "96.00000", "2012-12-31": "285.89990", "2012-09-30": "227.30000", "2012-06-30": "", "2012-03-31": "", "2011-06-30": "", "2010-06-30": ""}, "EBIT": {"2020-09-30": "-66.00000", "2020-06-30": "-920.50000", "2020-03-31": "-258.79990", "2019-12-31": "35.40020", "2019-09-30": "63.99990", "2019-06-30": "-2744.40000", "2019-03-31": "85.50000", "2018-12-31": "-804.59990", "2018-09-30": "-20.70000", "2018-06-30": "-380.90010", "2018-03-31": "20.70000", "2017-12-31": "175.20020", "2017-09-30": "29.50000", "2017-06-30": "-262.10000", "2017-03-31": "-192.49990", "2016-12-31": "-12.70000", "2016-09-30": "46.39990", "2016-06-30": "-2.90000", "2016-03-31": "23.00010", "2015-12-31": "152.40000", "2015-09-30": "81.70010", "2015-06-30": "-23.39970", "2015-03-31": "114.70000", "2014-12-31": "183.70000", "2014-09-30": "120.10010", "2014-06-30": "-11.39970", "2014-03-31": "-272.00010", "2013-12-31": "143.50000", "2013-09-30": "165.60000", "2013-06-30": "-23.90000", "2013-03-31": "30.10000", "2012-12-31": "222.29990", "2012-09-30": "165.90000", "2012-06-30": "", "2012-03-31": "", "2011-06-30": "", "2010-06-30": ""}, "Basic Shares Outstanding": {"2020-09-30": "763.90000", "2020-06-30": "763.30000", "2020-03-31": "760.80000", "2019-12-31": "758.10000", "2019-09-30": "754.20000", "2019-06-30": "751.60000", "2019-03-31": "751.40000", "2018-12-31": "751.10000", "2018-09-30": "750.80000", "2018-06-30": "749.70000", "2018-03-31": "750.10000", "2017-12-31": "749.60000", "2017-09-30": "748.60000", "2017-06-30": "642.80000", "2017-03-31": "747.30000", "2016-12-31": "746.60000", "2016-09-30": "336.30000", "2016-06-30": "345.50000", "2016-03-31": "337.90000", "2015-12-31": "345.00000", "2015-09-30": "360.00000", "2015-06-30": "353.30000", "2015-03-31": "344.70000", "2014-12-31": "353.40000", "2014-09-30": "354.20000", "2014-06-30": "381.70000", "2014-03-31": "384.00000", "2013-12-31": "384.40000", "2013-09-30": "384.00000", "2013-06-30": "381.70000", "2013-03-31": "382.80000", "2012-12-31": "381.30000", "2012-09-30": "379.60000", "2012-06-30": "", "2012-03-31": "", "2011-06-30": "", "2010-06-30": ""}, "Shares Outstanding": {"2020-09-30": "916.70000", "2020-06-30": "763.30000", "2020-03-31": "760.80000", "2019-12-31": "758.10000", "2019-09-30": "758.90000", "2019-06-30": "751.60000", "2019-03-31": "751.40000", "2018-12-31": "751.10000", "2018-09-30": "750.80000", "2018-06-30": "749.70000", "2018-03-31": "750.10000", "2017-12-31": "752.70000", "2017-09-30": "748.60000", "2017-06-30": "642.80000", "2017-03-31": "747.30000", "2016-12-31": "752.40000", "2016-09-30": "336.30000", "2016-06-30": "354.20000", "2016-03-31": "337.90000", "2015-12-31": "354.30000", "2015-09-30": "369.90000", "2015-06-30": "362.90000", "2015-03-31": "354.80000", "2014-12-31": "362.60000", "2014-09-30": "364.30000", "2014-06-30": "381.70000", "2014-03-31": "384.00000", "2013-12-31": "393.30000", "2013-09-30": "393.50000", "2013-06-30": "396.40000", "2013-03-31": "396.70000", "2012-12-31": "397.70000", "2012-09-30": "395.80000", "2012-06-30": "", "2012-03-31": "", "2011-06-30": "", "2010-06-30": ""}, "Basic EPS": {"2020-09-30": "0.26000", "2020-06-30": "-1.01000", "2020-03-31": "-0.36000", "2019-12-31": "-0.03000", "2019-09-30": "0.07000", "2019-06-30": "-3.72000", "2019-03-31": "-0.02000", "2018-12-31": "-1.28000", "2018-09-30": "-0.02000", "2018-06-30": "-0.25000", "2018-03-31": "-0.10000", "2017-12-31": "0.15000", "2017-09-30": "-0.03000", "2017-06-30": "-0.50000", "2017-03-31": "-0.22000", "2016-12-31": "0.06000", "2016-09-30": "", "2016-06-30": "-0.08000", "2016-03-31": "-0.08000", "2015-12-31": "0.26000", "2015-09-30": "0.35000", "2015-06-30": "0.06000", "2015-03-31": "0.22000", "2014-12-31": "0.35000", "2014-09-30": "0.03000", "2014-06-30": "-0.05000", "2014-03-31": "-0.66000", "2013-12-31": "0.21000", "2013-09-30": "0.24000", "2013-06-30": "-0.16000", "2013-03-31": "0.05000", "2012-12-31": "0.32000", "2012-09-30": "0.23000", "2012-06-30": "", "2012-03-31": "", "2011-06-30": "", "2010-06-30": ""}, "EPS - Earnings Per Share": {"2020-09-30": "0.24000", "2020-06-30": "-1.01000", "2020-03-31": "-0.36000", "2019-12-31": "-0.03000", "2019-09-30": "0.07000", "2019-06-30": "-3.72000", "2019-03-31": "-0.02000", "2018-12-31": "-1.28000", "2018-09-30": "-0.02000", "2018-06-30": "-0.25000", "2018-03-31": "-0.10000", "2017-12-31": "0.15000", "2017-09-30": "-0.03000", "2017-06-30": "-0.50000", "2017-03-31": "-0.22000", "2016-12-31": "0.06000", "2016-09-30": "0.00000", "2016-06-30": "-0.07000", "2016-03-31": "-0.08000", "2015-12-31": "0.25000", "2015-09-30": "0.34000", "2015-06-30": "0.05000", "2015-03-31": "0.21000", "2014-12-31": "0.35000", "2014-09-30": "0.03000", "2014-06-30": "-0.05000", "2014-03-31": "-0.66000", "2013-12-31": "0.21000", "2013-09-30": "0.24000", "2013-06-30": "-0.16000", "2013-03-31": "0.05000", "2012-12-31": "0.31000", "2012-09-30": "0.22000", "2012-06-30": "0.00000", "2012-03-31": "0.00000", "2011-06-30": "0.00000", "2010-06-30": "0.00000"}}, "balance sheet": {"Cash On Hand": {"2020-06-30": "352.00000", "2019-06-30": "380.40000", "2018-06-30": "362.20000", "2017-06-30": "570.70000", "2016-06-30": "372.40000", "2015-06-30": "341.30000", "2014-06-30": "1238.00000", "2013-06-30": "920.40000", "2012-06-30": "609.40000", "2011-06-30": "510.80000", "2010-06-30": ""}, "Receivables": {"2020-06-30": "440.10000", "2019-06-30": "858.90000", "2018-06-30": "1536.00000", "2017-06-30": "1470.30000", "2016-06-30": "682.90000", "2015-06-30": "679.60000", "2014-06-30": "664.80000", "2013-06-30": "622.70000", "2012-06-30": "580.50000", "2011-06-30": "597.90000", "2010-06-30": ""}, "Inventory": {"2020-06-30": "678.20000", "2019-06-30": "860.10000", "2018-06-30": "1148.90000", "2017-06-30": "1052.60000", "2016-06-30": "565.80000", "2015-06-30": "557.80000", "2014-06-30": "617.40000", "2013-06-30": "608.20000", "2012-06-30": "648.30000", "2011-06-30": "677.30000", "2010-06-30": ""}, "Pre-Paid Expenses": {"2020-06-30": "411.60000", "2019-06-30": "398.20000", "2018-06-30": "603.90000", "2017-06-30": "487.90000", "2016-06-30": "206.80000", "2015-06-30": "191.00000", "2014-06-30": "201.20000", "2013-06-30": "191.20000", "2012-06-30": "220.30000", "2011-06-30": "219.10000", "2010-06-30": ""}, "Other Current Assets": {"2020-06-30": "4613.10000", "2019-06-30": "773.20000", "2018-06-30": "", "2017-06-30": "", "2016-06-30": "", "2015-06-30": "", "2014-06-30": "", "2013-06-30": "", "2012-06-30": "", "2011-06-30": "", "2010-06-30": ""}, "Total Current Assets": {"2020-06-30": "6495.00000", "2019-06-30": "3270.80000", "2018-06-30": "3651.00000", "2017-06-30": "3581.50000", "2016-06-30": "1938.40000", "2015-06-30": "1856.40000", "2014-06-30": "2784.80000", "2013-06-30": "2416.90000", "2012-06-30": "2138.50000", "2011-06-30": "2087.10000", "2010-06-30": ""}, "Property, Plant, And Equipment": {"2020-06-30": "1081.60000", "2019-06-30": "1332.70000", "2018-06-30": "1680.80000", "2017-06-30": "1632.10000", "2016-06-30": "638.60000", "2015-06-30": "500.20000", "2014-06-30": "540.30000", "2013-06-30": "500.70000", "2012-06-30": "465.80000", "2011-06-30": "463.00000", "2010-06-30": ""}, "Long-Term Investments": {"2020-06-30": "", "2019-06-30": "", "2018-06-30": "", "2017-06-30": "", "2016-06-30": "", "2015-06-30": "", "2014-06-30": "", "2013-06-30": "", "2012-06-30": "", "2011-06-30": "", "2010-06-30": ""}, "Goodwill And Intangible Assets": {"2020-06-30": "8346.00000", "2019-06-30": "8698.10000", "2018-06-30": "16891.50000", "2017-06-30": "16980.70000", "2016-06-30": "4262.80000", "2015-06-30": "3444.30000", "2014-06-30": "3179.90000", "2013-06-30": "3499.80000", "2012-06-30": "3524.40000", "2011-06-30": "4222.80000", "2010-06-30": "0.00000"}, "Other Long-Term Assets": {"2020-06-30": "72.40000", "2019-06-30": "4298.00000", "2018-06-30": "299.50000", "2017-06-30": "281.30000", "2016-06-30": "180.10000", "2015-06-30": "207.60000", "2014-06-30": "76.10000", "2013-06-30": "43.40000", "2012-06-30": "47.00000", "2011-06-30": "30.70000", "2010-06-30": ""}, "Total Long-Term Assets": {"2020-06-30": "10233.80000", "2019-06-30": "14439.20000", "2018-06-30": "18979.20000", "2017-06-30": "18966.70000", "2016-06-30": "5097.20000", "2015-06-30": "4162.50000", "2014-06-30": "3807.70000", "2013-06-30": "4053.10000", "2012-06-30": "4044.90000", "2011-06-30": "4726.80000", "2010-06-30": ""}, "Total Assets": {"2020-06-30": "16728.80000", "2019-06-30": "17710.00000", "2018-06-30": "22630.20000", "2017-06-30": "22548.20000", "2016-06-30": "7035.60000", "2015-06-30": "6018.90000", "2014-06-30": "6592.50000", "2013-06-30": "6470.00000", "2012-06-30": "6183.40000", "2011-06-30": "6813.90000", "2010-06-30": "0.00000"}, "Total Current Liabilities": {"2020-06-30": "3585.70000", "2019-06-30": "3475.20000", "2018-06-30": "4044.00000", "2017-06-30": "3803.60000", "2016-06-30": "1855.20000", "2015-06-30": "1526.20000", "2014-06-30": "1597.30000", "2013-06-30": "1463.20000", "2012-06-30": "1913.00000", "2011-06-30": "1831.50000", "2010-06-30": ""}, "Long Term Debt": {"2020-06-30": "7892.10000", "2019-06-30": "7469.90000", "2018-06-30": "7305.40000", "2017-06-30": "6928.30000", "2016-06-30": "3936.40000", "2015-06-30": "2605.90000", "2014-06-30": "3260.10000", "2013-06-30": "2590.10000", "2012-06-30": "2270.20000", "2011-06-30": "2575.10000", "2010-06-30": ""}, "Other Non-Current Liabilities": {"2020-06-30": "334.50000", "2019-06-30": "920.70000", "2018-06-30": "388.50000", "2017-06-30": "473.40000", "2016-06-30": "233.80000", "2015-06-30": "256.70000", "2014-06-30": "228.70000", "2013-06-30": "239.90000", "2012-06-30": "501.50000", "2011-06-30": "298.20000", "2010-06-30": ""}, "Total Long Term Liabilities": {"2020-06-30": "9914.30000", "2019-06-30": "9641.40000", "2018-06-30": "9730.99900", "2017-06-30": "9426.90000", "2016-06-30": "4813.30000", "2015-06-30": "3508.00000", "2014-06-30": "4140.80000", "2013-06-30": "3497.10000", "2012-06-30": "3401.20000", "2011-06-30": "3609.00000", "2010-06-30": ""}, "Total Liabilities": {"2020-06-30": "13500.00000", "2019-06-30": "13116.60000", "2018-06-30": "13775.00000", "2017-06-30": "13230.50000", "2016-06-30": "6668.50000", "2015-06-30": "5034.20000", "2014-06-30": "5738.10000", "2013-06-30": "4960.30000", "2012-06-30": "5314.20000", "2011-06-30": "5440.50000", "2010-06-30": "0.00000"}, "Common Stock Net": {"2020-06-30": "8.30000", "2019-06-30": "8.10000", "2018-06-30": "8.10000", "2017-06-30": "8.10000", "2016-06-30": "4.00000", "2015-06-30": "3.90000", "2014-06-30": "3.80000", "2013-06-30": "3.80000", "2012-06-30": "4.00000", "2011-06-30": "3.90000", "2010-06-30": "0.00000"}, "Retained Earnings (Accumulated Deficit)": {"2020-06-30": "-5548.60000", "2019-06-30": "-4541.20000", "2018-06-30": "-626.20000", "2017-06-30": "-459.20000", "2016-06-30": "-37.00000", "2015-06-30": "-193.90000", "2014-06-30": "-426.40000", "2013-06-30": "-329.00000", "2012-06-30": "-390.30000", "2011-06-30": "-65.90000", "2010-06-30": ""}, "Comprehensive Income": {"2020-06-30": "-456.20000", "2019-06-30": "-58.80000", "2018-06-30": "158.80000", "2017-06-30": "4.40000", "2016-06-30": "-239.70000", "2015-06-30": "-274.00000", "2014-06-30": "-85.10000", "2013-06-30": "-118.60000", "2012-06-30": "-147.20000", "2011-06-30": "0.20000", "2010-06-30": ""}, "Other Share Holders Equity": {"2020-06-30": "", "2019-06-30": "", "2018-06-30": "", "2017-06-30": "", "2016-06-30": "", "2015-06-30": "", "2014-06-30": "", "2013-06-30": "", "2012-06-30": "", "2011-06-30": "", "2010-06-30": "0.00000"}, "Share Holder Equity": {"2020-06-30": "3228.80000", "2019-06-30": "4593.40000", "2018-06-30": "8855.20000", "2017-06-30": "9317.70000", "2016-06-30": "367.10000", "2015-06-30": "984.70000", "2014-06-30": "854.40000", "2013-06-30": "1509.70000", "2012-06-30": "869.20000", "2011-06-30": "1373.40000", "2010-06-30": "0.00000"}, "Total Liabilities And Share Holders Equity": {"2020-06-30": "16728.80000", "2019-06-30": "17710.00000", "2018-06-30": "22630.20000", "2017-06-30": "22548.20000", "2016-06-30": "7035.60000", "2015-06-30": "6018.90000", "2014-06-30": "6592.50000", "2013-06-30": "6470.00000", "2012-06-30": "6183.40000", "2011-06-30": "6813.90000", "2010-06-30": "0.00000"}}, "balance sheet, quarterly": {"Cash On Hand": {"2020-09-30": "575.30000", "2020-06-30": "352.00000", "2020-03-31": "1311.60000", "2019-12-31": "339.50000", "2019-09-30": "381.40000", "2019-06-30": "380.40000", "2019-03-31": "420.20000", "2018-12-31": "445.00000", "2018-09-30": "453.20000", "2018-06-30": "362.20000", "2018-03-31": "486.50000", "2017-12-31": "425.70000", "2017-09-30": "944.60000", "2017-06-30": "570.70000", "2017-03-31": "792.00000", "2016-12-31": "939.20000", "2016-09-30": "378.00000", "2016-06-30": "372.40000", "2016-03-31": "366.60000", "2015-12-31": "482.70000", "2015-09-30": "416.00000", "2015-06-30": "341.30000", "2015-03-31": "1144.10000", "2014-12-31": "1203.20000", "2014-09-30": "1002.70000", "2014-06-30": "1238.00000", "2014-03-31": "1147.20000", "2013-12-31": "1154.00000", "2013-09-30": "946.80000", "2013-06-30": "920.40000", "2013-03-31": "782.90000", "2012-12-31": "", "2012-09-30": "", "2012-06-30": "", "2012-03-31": "", "2011-06-30": "510.80000", "2010-06-30": ""}, "Receivables": {"2020-09-30": "521.70000", "2020-06-30": "440.10000", "2020-03-31": "844.20000", "2019-12-31": "1110.00000", "2019-09-30": "1036.60000", "2019-06-30": "858.90000", "2019-03-31": "1211.60000", "2018-12-31": "1542.70000", "2018-09-30": "1484.40000", "2018-06-30": "1536.00000", "2018-03-31": "1555.40000", "2017-12-31": "1743.90000", "2017-09-30": "1609.50000", "2017-06-30": "1470.30000", "2017-03-31": "1380.90000", "2016-12-31": "1450.30000", "2016-09-30": "768.50000", "2016-06-30": "682.90000", "2016-03-31": "661.50000", "2015-12-31": "697.20000", "2015-09-30": "772.90000", "2015-06-30": "679.60000", "2015-03-31": "610.50000", "2014-12-31": "736.70000", "2014-09-30": "805.30000", "2014-06-30": "664.80000", "2014-03-31": "664.80000", "2013-12-31": "779.00000", "2013-09-30": "789.70000", "2013-06-30": "622.70000", "2013-03-31": "620.50000", "2012-12-31": "", "2012-09-30": "", "2012-06-30": "", "2012-03-31": "", "2011-06-30": "597.90000", "2010-06-30": ""}, "Inventory": {"2020-09-30": "727.70000", "2020-06-30": "678.20000", "2020-03-31": "959.90000", "2019-12-31": "1015.80000", "2019-09-30": "1150.80000", "2019-06-30": "860.10000", "2019-03-31": "1183.50000", "2018-12-31": "1164.60000", "2018-09-30": "1251.20000", "2018-06-30": "1148.90000", "2018-03-31": "1258.50000", "2017-12-31": "1155.30000", "2017-09-30": "1172.00000", "2017-06-30": "1052.60000", "2017-03-31": "1034.30000", "2016-12-31": "1014.80000", "2016-09-30": "616.70000", "2016-06-30": "565.80000", "2016-03-31": "579.10000", "2015-12-31": "505.90000", "2015-09-30": "585.90000", "2015-06-30": "557.80000", "2015-03-31": "513.40000", "2014-12-31": "526.70000", "2014-09-30": "638.70000", "2014-06-30": "617.40000", "2014-03-31": "588.90000", "2013-12-31": "559.90000", "2013-09-30": "664.70000", "2013-06-30": "608.20000", "2013-03-31": "610.50000", "2012-12-31": "", "2012-09-30": "", "2012-06-30": "", "2012-03-31": "", "2011-06-30": "677.30000", "2010-06-30": ""}, "Pre-Paid Expenses": {"2020-09-30": "388.10000", "2020-06-30": "411.60000", "2020-03-31": "557.40000", "2019-12-31": "558.00000", "2019-09-30": "563.90000", "2019-06-30": "398.20000", "2019-03-31": "587.20000", "2018-12-31": "562.10000", "2018-09-30": "551.20000", "2018-06-30": "603.90000", "2018-03-31": "610.20000", "2017-12-31": "554.30000", "2017-09-30": "523.40000", "2017-06-30": "487.90000", "2017-03-31": "380.40000", "2016-12-31": "353.20000", "2016-09-30": "234.50000", "2016-06-30": "206.80000", "2016-03-31": "198.90000", "2015-12-31": "170.60000", "2015-09-30": "178.40000", "2015-06-30": "191.00000", "2015-03-31": "171.50000", "2014-12-31": "193.90000", "2014-09-30": "190.70000", "2014-06-30": "201.20000", "2014-03-31": "221.40000", "2013-12-31": "181.70000", "2013-09-30": "167.70000", "2013-06-30": "191.20000", "2013-03-31": "197.80000", "2012-12-31": "", "2012-09-30": "", "2012-06-30": "", "2012-03-31": "", "2011-06-30": "", "2010-06-30": ""}, "Other Current Assets": {"2020-09-30": "4763.40000", "2020-06-30": "4613.10000", "2020-03-31": "", "2019-12-31": "", "2019-09-30": "", "2019-06-30": "773.20000", "2019-03-31": "", "2018-12-31": "", "2018-09-30": "", "2018-06-30": "", "2018-03-31": "", "2017-12-31": "", "2017-09-30": "", "2017-06-30": "", "2017-03-31": "", "2016-12-31": "", "2016-09-30": "", "2016-06-30": "", "2016-03-31": "", "2015-12-31": "", "2015-09-30": "", "2015-06-30": "", "2015-03-31": "", "2014-12-31": "", "2014-09-30": "", "2014-06-30": "", "2014-03-31": "", "2013-12-31": "", "2013-09-30": "", "2013-06-30": "", "2013-03-31": "", "2012-12-31": "", "2012-09-30": "", "2012-06-30": "", "2012-03-31": "", "2011-06-30": "", "2010-06-30": ""}, "Total Current Assets": {"2020-09-30": "6976.20000", "2020-06-30": "6495.00000", "2020-03-31": "3673.10000", "2019-12-31": "3023.30000", "2019-09-30": "3132.70000", "2019-06-30": "3270.80000", "2019-03-31": "3402.50000", "2018-12-31": "3714.40000", "2018-09-30": "3740.00000", "2018-06-30": "3651.00000", "2018-03-31": "3910.60000", "2017-12-31": "3879.20000", "2017-09-30": "4249.50000", "2017-06-30": "3581.50000", "2017-03-31": "3746.20000", "2016-12-31": "3909.30000", "2016-09-30": "2107.70000", "2016-06-30": "1938.40000", "2016-03-31": "1899.10000", "2015-12-31": "1940.60000", "2015-09-30": "2038.00000", "2015-06-30": "1856.40000", "2015-03-31": "2497.00000", "2014-12-31": "2720.90000", "2014-09-30": "2699.90000", "2014-06-30": "2784.80000", "2014-03-31": "2697.00000", "2013-12-31": "2749.70000", "2013-09-30": "2643.80000", "2013-06-30": "2416.90000", "2013-03-31": "2292.10000", "2012-12-31": "", "2012-09-30": "", "2012-06-30": "", "2012-03-31": "", "2011-06-30": "2087.10000", "2010-06-30": ""}, "Property, Plant, And Equipment": {"2020-09-30": "1051.20000", "2020-06-30": "1081.60000", "2020-03-31": "1355.90000", "2019-12-31": "1461.70000", "2019-09-30": "1469.90000", "2019-06-30": "1332.70000", "2019-03-31": "1609.20000", "2018-12-31": "1625.70000", "2018-09-30": "1648.00000", "2018-06-30": "1680.80000", "2018-03-31": "1689.20000", "2017-12-31": "1647.30000", "2017-09-30": "1633.80000", "2017-06-30": "1632.10000", "2017-03-31": "1555.80000", "2016-12-31": "1418.70000", "2016-09-30": "665.70000", "2016-06-30": "638.60000", "2016-03-31": "605.70000", "2015-12-31": "486.90000", "2015-09-30": "483.60000", "2015-06-30": "500.20000", "2015-03-31": "473.60000", "2014-12-31": "500.50000", "2014-09-30": "518.60000", "2014-06-30": "540.30000", "2014-03-31": "526.90000", "2013-12-31": "529.50000", "2013-09-30": "513.20000", "2013-06-30": "500.70000", "2013-03-31": "467.50000", "2012-12-31": "", "2012-09-30": "", "2012-06-30": "", "2012-03-31": "", "2011-06-30": "1230.60000", "2010-06-30": ""}, "Long-Term Investments": {"2020-09-30": "", "2020-06-30": "", "2020-03-31": "", "2019-12-31": "", "2019-09-30": "", "2019-06-30": "", "2019-03-31": "", "2018-12-31": "", "2018-09-30": "", "2018-06-30": "", "2018-03-31": "", "2017-12-31": "", "2017-09-30": "", "2017-06-30": "", "2017-03-31": "", "2016-12-31": "", "2016-09-30": "", "2016-06-30": "", "2016-03-31": "", "2015-12-31": "", "2015-09-30": "", "2015-06-30": "", "2015-03-31": "", "2014-12-31": "", "2014-09-30": "", "2014-06-30": "", "2014-03-31": "", "2013-12-31": "", "2013-09-30": "", "2013-06-30": "", "2013-03-31": "", "2012-12-31": "", "2012-09-30": "", "2012-06-30": "", "2012-03-31": "", "2011-06-30": "", "2010-06-30": ""}, "Goodwill And Intangible Assets": {"2020-09-30": "8447.20000", "2020-06-30": "8346.00000", "2020-03-31": "12364.30000", "2019-12-31": "12008.50000", "2019-09-30": "11881.10000", "2019-06-30": "8698.10000", "2019-03-31": "15410.10000", "2018-12-31": "15594.40000", "2018-09-30": "16789.00000", "2018-06-30": "16891.50000", "2018-03-31": "17634.90000", "2017-12-31": "17415.60000", "2017-09-30": "17231.90000", "2017-06-30": "16980.70000", "2017-03-31": "17080.60000", "2016-12-31": "16206.70000", "2016-09-30": "4230.30000", "2016-06-30": "4262.80000", "2016-03-31": "4254.00000", "2015-12-31": "3387.20000", "2015-09-30": "3417.30000", "2015-06-30": "3444.30000", "2015-03-31": "3059.90000", "2014-12-31": "3091.50000", "2014-09-30": "3129.20000", "2014-06-30": "3179.90000", "2014-03-31": "3200.70000", "2013-12-31": "3503.90000", "2013-09-30": "3516.60000", "2013-06-30": "3499.80000", "2013-03-31": "3510.70000", "2012-12-31": "0.00000", "2012-09-30": "0.00000", "2012-06-30": "", "2012-03-31": "0.00000", "2011-06-30": "0.00000", "2010-06-30": "0.00000"}, "Other Long-Term Assets": {"2020-09-30": "70.00000", "2020-06-30": "72.40000", "2020-03-31": "155.30000", "2019-12-31": "172.10000", "2019-09-30": "151.90000", "2019-06-30": "4298.00000", "2019-03-31": "151.50000", "2018-12-31": "153.50000", "2018-09-30": "196.70000", "2018-06-30": "299.50000", "2018-03-31": "303.80000", "2017-12-31": "304.40000", "2017-09-30": "299.70000", "2017-06-30": "281.30000", "2017-03-31": "289.80000", "2016-12-31": "284.80000", "2016-09-30": "175.10000", "2016-06-30": "180.10000", "2016-03-31": "252.50000", "2015-12-31": "687.80000", "2015-09-30": "208.30000", "2015-06-30": "207.60000", "2015-03-31": "70.00000", "2014-12-31": "67.20000", "2014-09-30": "70.50000", "2014-06-30": "76.10000", "2014-03-31": "73.00000", "2013-12-31": "75.30000", "2013-09-30": "44.40000", "2013-06-30": "43.40000", "2013-03-31": "42.10000", "2012-12-31": "", "2012-09-30": "", "2012-06-30": "", "2012-03-31": "", "2011-06-30": "", "2010-06-30": ""}, "Total Long-Term Assets": {"2020-09-30": "10803.90000", "2020-06-30": "10233.80000", "2020-03-31": "14636.90000", "2019-12-31": "14337.60000", "2019-09-30": "14150.80000", "2019-06-30": "14439.20000", "2019-03-31": "17354.10000", "2018-12-31": "17556.30000", "2018-09-30": "18852.70000", "2018-06-30": "18979.20000", "2018-03-31": "19854.40000", "2017-12-31": "19566.40000", "2017-09-30": "19323.60000", "2017-06-30": "18966.70000", "2017-03-31": "19027.10000", "2016-12-31": "17981.70000", "2016-09-30": "5085.70000", "2016-06-30": "5097.20000", "2016-03-31": "5125.80000", "2015-12-31": "4571.10000", "2015-09-30": "4119.00000", "2015-06-30": "4162.50000", "2015-03-31": "3611.10000", "2014-12-31": "3668.40000", "2014-09-30": "3726.80000", "2014-06-30": "3807.70000", "2014-03-31": "3811.00000", "2013-12-31": "4119.30000", "2013-09-30": "4085.40000", "2013-06-30": "4053.10000", "2013-03-31": "4035.90000", "2012-12-31": "", "2012-09-30": "", "2012-06-30": "", "2012-03-31": "", "2011-06-30": "1230.60000", "2010-06-30": ""}, "Total Assets": {"2020-09-30": "17780.10000", "2020-06-30": "16728.80000", "2020-03-31": "18310.00000", "2019-12-31": "17360.90000", "2019-09-30": "17283.50000", "2019-06-30": "17710.00000", "2019-03-31": "20756.60000", "2018-12-31": "21270.70000", "2018-09-30": "22592.70000", "2018-06-30": "22630.20000", "2018-03-31": "23765.00000", "2017-12-31": "23445.60000", "2017-09-30": "23573.10000", "2017-06-30": "22548.20000", "2017-03-31": "22773.30000", "2016-12-31": "21891.00000", "2016-09-30": "7193.40000", "2016-06-30": "7035.60000", "2016-03-31": "7024.90000", "2015-12-31": "6511.70000", "2015-09-30": "6157.00000", "2015-06-30": "6018.90000", "2015-03-31": "6108.10000", "2014-12-31": "6389.30000", "2014-09-30": "6426.70000", "2014-06-30": "6592.50000", "2014-03-31": "6508.00000", "2013-12-31": "6869.00000", "2013-09-30": "6729.20000", "2013-06-30": "6470.00000", "2013-03-31": "6328.00000", "2012-12-31": "0.00000", "2012-09-30": "0.00000", "2012-06-30": "0.00000", "2012-03-31": "0.00000", "2011-06-30": "6813.90000", "2010-06-30": "0.00000"}, "Total Current Liabilities": {"2020-09-30": "3678.00000", "2020-06-30": "3585.70000", "2020-03-31": "3085.80000", "2019-12-31": "3513.60000", "2019-09-30": "3237.40000", "2019-06-30": "3475.20000", "2019-03-31": "3578.80000", "2018-12-31": "3865.00000", "2018-09-30": "3791.10000", "2018-06-30": "4044.00000", "2018-03-31": "3941.80000", "2017-12-31": "4155.80000", "2017-09-30": "3948.50000", "2017-06-30": "3803.60000", "2017-03-31": "3257.70000", "2016-12-31": "3137.80000", "2016-09-30": "1882.90000", "2016-06-30": "1855.20000", "2016-03-31": "1730.20000", "2015-12-31": "1712.90000", "2015-09-30": "1687.20000", "2015-06-30": "1526.20000", "2015-03-31": "1285.20000", "2014-12-31": "2225.50000", "2014-09-30": "2336.00000", "2014-06-30": "1597.30000", "2014-03-31": "1506.40000", "2013-12-31": "1661.90000", "2013-09-30": "1589.60000", "2013-06-30": "1463.20000", "2013-03-31": "1563.00000", "2012-12-31": "", "2012-09-30": "", "2012-06-30": "", "2012-03-31": "", "2011-06-30": "1831.50000", "2010-06-30": ""}, "Long Term Debt": {"2020-09-30": "8134.80000", "2020-06-30": "7892.10000", "2020-03-31": "9172.00000", "2019-12-31": "7233.80000", "2019-09-30": "7453.50000", "2019-06-30": "7469.90000", "2019-03-31": "7490.90000", "2018-12-31": "7560.90000", "2018-09-30": "7789.70000", "2018-06-30": "7305.40000", "2018-03-31": "7628.60000", "2017-12-31": "7145.80000", "2017-09-30": "7541.90000", "2017-06-30": "6928.30000", "2017-03-31": "6909.30000", "2016-12-31": "6308.40000", "2016-09-30": "4210.40000", "2016-06-30": "3936.40000", "2016-03-31": "3997.00000", "2015-12-31": "3570.90000", "2015-09-30": "2750.60000", "2015-06-30": "2605.90000", "2015-03-31": "3550.90000", "2014-12-31": "2713.50000", "2014-09-30": "2554.90000", "2014-06-30": "3260.10000", "2014-03-31": "2735.10000", "2013-12-31": "2580.10000", "2013-09-30": "2595.20000", "2013-06-30": "2590.10000", "2013-03-31": "2491.40000", "2012-12-31": "", "2012-09-30": "", "2012-06-30": "", "2012-03-31": "", "2011-06-30": "2575.10000", "2010-06-30": ""}, "Other Non-Current Liabilities": {"2020-09-30": "305.00000", "2020-06-30": "334.50000", "2020-03-31": "360.50000", "2019-12-31": "350.40000", "2019-09-30": "374.90000", "2019-06-30": "920.70000", "2019-03-31": "378.00000", "2018-12-31": "385.70000", "2018-09-30": "402.60000", "2018-06-30": "388.50000", "2018-03-31": "499.60000", "2017-12-31": "572.00000", "2017-09-30": "565.00000", "2017-06-30": "473.40000", "2017-03-31": "385.50000", "2016-12-31": "363.10000", "2016-09-30": "236.90000", "2016-06-30": "233.80000", "2016-03-31": "176.30000", "2015-12-31": "183.80000", "2015-09-30": "200.00000", "2015-06-30": "256.70000", "2015-03-31": "161.60000", "2014-12-31": "181.70000", "2014-09-30": "227.80000", "2014-06-30": "228.70000", "2014-03-31": "206.10000", "2013-12-31": "248.70000", "2013-09-30": "248.80000", "2013-06-30": "239.90000", "2013-03-31": "515.90000", "2012-12-31": "", "2012-09-30": "", "2012-06-30": "", "2012-03-31": "", "2011-06-30": "", "2010-06-30": ""}, "Total Long Term Liabilities": {"2020-09-30": "10676.50000", "2020-06-30": "9914.30000", "2020-03-31": "11263.10000", "2019-12-31": "9365.70000", "2019-09-30": "9581.80100", "2019-06-30": "9641.40000", "2019-03-31": "9675.30000", "2018-12-31": "9794.39900", "2018-09-30": "10188.50000", "2018-06-30": "9730.99900", "2018-03-31": "10323.60000", "2017-12-31": "9861.30000", "2017-09-30": "10170.90000", "2017-06-30": "9426.90000", "2017-03-31": "9885.00000", "2016-12-31": "8943.00000", "2016-09-30": "5044.39900", "2016-06-30": "4813.30000", "2016-03-31": "4839.70000", "2015-12-31": "4379.40000", "2015-09-30": "3576.50000", "2015-06-30": "3508.00000", "2015-03-31": "4294.50000", "2014-12-31": "3499.60000", "2014-09-30": "3390.50000", "2014-06-30": "4140.80000", "2014-03-31": "3601.20000", "2013-12-31": "3506.00000", "2013-09-30": "3555.30000", "2013-06-30": "3497.10000", "2013-03-31": "3664.10000", "2012-12-31": "", "2012-09-30": "", "2012-06-30": "", "2012-03-31": "", "2011-06-30": "2661.70000", "2010-06-30": ""}, "Total Liabilities": {"2020-09-30": "14354.50000", "2020-06-30": "13500.00000", "2020-03-31": "14348.90000", "2019-12-31": "12879.30000", "2019-09-30": "12819.20000", "2019-06-30": "13116.60000", "2019-03-31": "13254.10000", "2018-12-31": "13659.40000", "2018-09-30": "13979.60000", "2018-06-30": "13775.00000", "2018-03-31": "14265.40000", "2017-12-31": "14017.10000", "2017-09-30": "14119.40000", "2017-06-30": "13230.50000", "2017-03-31": "13142.70000", "2016-12-31": "12080.80000", "2016-09-30": "6927.30000", "2016-06-30": "6668.50000", "2016-03-31": "6569.90000", "2015-12-31": "6092.30000", "2015-09-30": "5263.70000", "2015-06-30": "5034.20000", "2015-03-31": "5579.70000", "2014-12-31": "5725.10000", "2014-09-30": "5726.50000", "2014-06-30": "5738.10000", "2014-03-31": "5107.60000", "2013-12-31": "5167.90000", "2013-09-30": "5144.90000", "2013-06-30": "4960.30000", "2013-03-31": "5227.10000", "2012-12-31": "0.00000", "2012-09-30": "0.00000", "2012-06-30": "", "2012-03-31": "0.00000", "2011-06-30": "5440.50000", "2010-06-30": "0.00000"}, "Common Stock Net": {"2020-09-30": "8.30000", "2020-06-30": "8.30000", "2020-03-31": "8.30000", "2019-12-31": "8.30000", "2019-09-30": "8.10000", "2019-06-30": "8.10000", "2019-03-31": "8.10000", "2018-12-31": "8.10000", "2018-09-30": "8.10000", "2018-06-30": "8.10000", "2018-03-31": "8.10000", "2017-12-31": "8.10000", "2017-09-30": "8.10000", "2017-06-30": "8.10000", "2017-03-31": "8.10000", "2016-12-31": "8.10000", "2016-09-30": "4.10000", "2016-06-30": "4.00000", "2016-03-31": "4.00000", "2015-12-31": "4.00000", "2015-09-30": "4.00000", "2015-06-30": "3.90000", "2015-03-31": "3.90000", "2014-12-31": "3.90000", "2014-09-30": "3.80000", "2014-06-30": "3.80000", "2014-03-31": "3.80000", "2013-12-31": "3.80000", "2013-09-30": "3.80000", "2013-06-30": "3.80000", "2013-03-31": "4.00000", "2012-12-31": "0.00000", "2012-09-30": "0.00000", "2012-06-30": "", "2012-03-31": "0.00000", "2011-06-30": "0.00000", "2010-06-30": "0.00000"}, "Retained Earnings (Accumulated Deficit)": {"2020-09-30": "-5332.90000", "2020-06-30": "-5548.60000", "2020-03-31": "-4782.30000", "2019-12-31": "-4510.70000", "2019-09-30": "-4489.60000", "2019-06-30": "-4541.20000", "2019-03-31": "-1741.80000", "2018-12-31": "-1729.70000", "2018-09-30": "-769.10000", "2018-06-30": "-626.20000", "2018-03-31": "-438.40000", "2017-12-31": "-361.40000", "2017-09-30": "-470.60000", "2017-06-30": "-459.20000", "2017-03-31": "-154.40000", "2016-12-31": "9.80000", "2016-09-30": "-37.00000", "2016-06-30": "-37.00000", "2016-03-31": "-6.00000", "2015-12-31": "20.80000", "2015-09-30": "-68.20000", "2015-06-30": "-193.90000", "2015-03-31": "-214.90000", "2014-12-31": "-290.40000", "2014-09-30": "-415.80000", "2014-06-30": "-426.40000", "2014-03-31": "-406.30000", "2013-12-31": "-153.00000", "2013-09-30": "-235.50000", "2013-06-30": "-329.00000", "2013-03-31": "-160.00000", "2012-12-31": "", "2012-09-30": "", "2012-06-30": "", "2012-03-31": "", "2011-06-30": "-65.90000", "2010-06-30": ""}, "Comprehensive Income": {"2020-09-30": "-462.10000", "2020-06-30": "-456.20000", "2020-03-31": "-478.50000", "2019-12-31": "-77.50000", "2019-09-30": "-183.40000", "2019-06-30": "-58.80000", "2019-03-31": "-1.50000", "2018-12-31": "33.60000", "2018-09-30": "110.80000", "2018-06-30": "158.80000", "2018-03-31": "536.10000", "2017-12-31": "283.90000", "2017-09-30": "243.50000", "2017-06-30": "4.40000", "2017-03-31": "-193.70000", "2016-12-31": "-283.50000", "2016-09-30": "-231.90000", "2016-06-30": "-239.70000", "2016-03-31": "-250.90000", "2015-12-31": "-285.00000", "2015-09-30": "-286.10000", "2015-06-30": "-274.00000", "2015-03-31": "-326.60000", "2014-12-31": "-203.80000", "2014-09-30": "-158.40000", "2014-06-30": "-85.10000", "2014-03-31": "-60.00000", "2013-12-31": "-60.20000", "2013-09-30": "-75.10000", "2013-06-30": "-118.60000", "2013-03-31": "-129.40000", "2012-12-31": "", "2012-09-30": "", "2012-06-30": "", "2012-03-31": "", "2011-06-30": "", "2010-06-30": ""}, "Other Share Holders Equity": {"2020-09-30": "", "2020-06-30": "", "2020-03-31": "", "2019-12-31": "", "2019-09-30": "", "2019-06-30": "", "2019-03-31": "", "2018-12-31": "", "2018-09-30": "", "2018-06-30": "", "2018-03-31": "", "2017-12-31": "", "2017-09-30": "", "2017-06-30": "", "2017-03-31": "", "2016-12-31": "", "2016-09-30": "", "2016-06-30": "", "2016-03-31": "", "2015-12-31": "", "2015-09-30": "", "2015-06-30": "", "2015-03-31": "", "2014-12-31": "", "2014-09-30": "", "2014-06-30": "", "2014-03-31": "", "2013-12-31": "", "2013-09-30": "", "2013-06-30": "", "2013-03-31": "", "2012-12-31": "0.00000", "2012-09-30": "0.00000", "2012-06-30": "", "2012-03-31": "0.00000", "2011-06-30": "0.00000", "2010-06-30": "0.00000"}, "Share Holder Equity": {"2020-09-30": "3425.60000", "2020-06-30": "3228.80000", "2020-03-31": "3961.10000", "2019-12-31": "4481.60000", "2019-09-30": "4464.30000", "2019-06-30": "4593.40000", "2019-03-31": "7502.50000", "2018-12-31": "7611.30000", "2018-09-30": "8613.10000", "2018-06-30": "8855.20000", "2018-03-31": "9499.60000", "2017-12-31": "9428.50000", "2017-09-30": "9453.70000", "2017-06-30": "9317.70000", "2017-03-31": "9630.60000", "2016-12-31": "9810.20000", "2016-09-30": "266.10000", "2016-06-30": "367.10000", "2016-03-31": "455.00000", "2015-12-31": "419.40000", "2015-09-30": "893.30000", "2015-06-30": "984.70000", "2015-03-31": "528.40000", "2014-12-31": "664.20000", "2014-09-30": "700.20000", "2014-06-30": "854.40000", "2014-03-31": "1400.40000", "2013-12-31": "1701.10000", "2013-09-30": "1584.30000", "2013-06-30": "1509.70000", "2013-03-31": "1100.90000", "2012-12-31": "0.00000", "2012-09-30": "0.00000", "2012-06-30": "", "2012-03-31": "0.00000", "2011-06-30": "1373.40000", "2010-06-30": "0.00000"}, "Total Liabilities And Share Holders Equity": {"2020-09-30": "17780.10000", "2020-06-30": "16728.80000", "2020-03-31": "18310.00000", "2019-12-31": "17360.90000", "2019-09-30": "17283.50000", "2019-06-30": "17710.00000", "2019-03-31": "20756.60000", "2018-12-31": "21270.70000", "2018-09-30": "22592.70000", "2018-06-30": "22630.20000", "2018-03-31": "23765.00000", "2017-12-31": "23445.60000", "2017-09-30": "23573.10000", "2017-06-30": "22548.20000", "2017-03-31": "22773.30000", "2016-12-31": "21891.00000", "2016-09-30": "7193.40000", "2016-06-30": "7035.60000", "2016-03-31": "7024.90000", "2015-12-31": "6511.70000", "2015-09-30": "6157.00000", "2015-06-30": "6018.90000", "2015-03-31": "6108.10000", "2014-12-31": "6389.30000", "2014-09-30": "6426.70000", "2014-06-30": "6592.50000", "2014-03-31": "6508.00000", "2013-12-31": "6869.00000", "2013-09-30": "6729.20000", "2013-06-30": "6470.00000", "2013-03-31": "6328.00000", "2012-12-31": "0.00000", "2012-09-30": "0.00000", "2012-06-30": "", "2012-03-31": "0.00000", "2011-06-30": "0.00000", "2010-06-30": "0.00000"}}, "cash flow statement": {"Net Income/Loss": {"2020-06-30": "-1002.70000", "2019-06-30": "-3769.60000", "2018-06-30": "-127.80000", "2017-06-30": "-398.50000", "2016-06-30": "179.20000", "2015-06-30": "259.40000", "2014-06-30": "-64.20000", "2013-06-30": "201.90000", "2012-06-30": "-293.30000", "2011-06-30": "89.90000", "2010-06-30": "87.30000"}, "Total Depreciation And Amortization - Cash Flow": {"2020-06-30": "716.50000", "2019-06-30": "736.00000", "2018-06-30": "737.00000", "2017-06-30": "555.10000", "2016-06-30": "232.00000", "2015-06-30": "230.90000", "2014-06-30": "250.70000", "2013-06-30": "259.60000", "2012-06-30": "246.00000", "2011-06-30": "213.40000", "2010-06-30": "199.20000"}, "Other Non-Cash Items": {"2020-06-30": "240.50000", "2019-06-30": "3755.70000", "2018-06-30": "23.40000", "2017-06-30": "-284.80000", "2016-06-30": "-102.10000", "2015-06-30": "45.70000", "2014-06-30": "346.40000", "2013-06-30": "175.80000", "2012-06-30": "584.60000", "2011-06-30": "61.50000", "2010-06-30": "-7.70000"}, "Total Non-Cash Items": {"2020-06-30": "956.99990", "2019-06-30": "4491.70000", "2018-06-30": "760.39990", "2017-06-30": "270.29990", "2016-06-30": "129.90000", "2015-06-30": "276.60000", "2014-06-30": "597.10000", "2013-06-30": "435.40000", "2012-06-30": "830.60000", "2011-06-30": "274.90000", "2010-06-30": "191.50000"}, "Change In Accounts Receivable": {"2020-06-30": "424.50000", "2019-06-30": "344.90000", "2018-06-30": "-79.60000", "2017-06-30": "-279.80000", "2016-06-30": "-44.50000", "2015-06-30": "-43.50000", "2014-06-30": "-31.10000", "2013-06-30": "-36.70000", "2012-06-30": "-42.90000", "2011-06-30": "15.70000", "2010-06-30": "-10.40000"}, "Change In Inventories": {"2020-06-30": "124.40000", "2019-06-30": "-21.90000", "2018-06-30": "-60.00000", "2017-06-30": "162.30000", "2016-06-30": "27.20000", "2015-06-30": "29.40000", "2014-06-30": "2.20000", "2013-06-30": "48.80000", "2012-06-30": "-15.70000", "2011-06-30": "-60.90000", "2010-06-30": "59.00000"}, "Change In Accounts Payable": {"2020-06-30": "-373.50000", "2019-06-30": "-127.30000", "2018-06-30": "159.50000", "2017-06-30": "540.90000", "2016-06-30": "148.20000", "2015-06-30": "7.00000", "2014-06-30": "72.40000", "2013-06-30": "2.40000", "2012-06-30": "63.60000", "2011-06-30": "54.70000", "2010-06-30": "53.60000"}, "Change In Assets/Liabilities": {"2020-06-30": "-174.10000", "2019-06-30": "-391.90000", "2018-06-30": "-155.50000", "2017-06-30": "358.10000", "2016-06-30": "32.90000", "2015-06-30": "-150.80000", "2014-06-30": "-23.00000", "2013-06-30": "-175.90000", "2012-06-30": "-2.30000", "2011-06-30": "-62.70000", "2010-06-30": "71.50000"}, "Total Change In Assets/Liabilities": {"2020-06-30": "-44.80000", "2019-06-30": "-129.80000", "2018-06-30": "-218.80000", "2017-06-30": "866.50000", "2016-06-30": "179.50000", "2015-06-30": "-30.20000", "2014-06-30": "-11.40000", "2013-06-30": "-168.10000", "2012-06-30": "33.20000", "2011-06-30": "36.40000", "2010-06-30": "218.70000"}, "Cash Flow From Operating Activities": {"2020-06-30": "-50.90000", "2019-06-30": "639.60000", "2018-06-30": "413.70000", "2017-06-30": "757.50000", "2016-06-30": "501.40000", "2015-06-30": "526.30000", "2014-06-30": "536.50000", "2013-06-30": "463.90000", "2012-06-30": "589.30000", "2011-06-30": "417.50000", "2010-06-30": "494.00000"}, "Net Change In Property, Plant, And Equipment": {"2020-06-30": "-266.80000", "2019-06-30": "-413.20000", "2018-06-30": "-409.60000", "2017-06-30": "-421.00000", "2016-06-30": "-120.90000", "2015-06-30": "-156.10000", "2014-06-30": "-198.10000", "2013-06-30": "-168.90000", "2012-06-30": "-174.80000", "2011-06-30": "-82.00000", "2010-06-30": "-86.70000"}, "Net Change In Intangible Assets": {"2020-06-30": "", "2019-06-30": "", "2018-06-30": "", "2017-06-30": "", "2016-06-30": "", "2015-06-30": "-30.00000", "2014-06-30": "-30.00000", "2013-06-30": "-30.00000", "2012-06-30": "-30.00000", "2011-06-30": "", "2010-06-30": "-28.80000"}, "Net Acquisitions/Divestitures": {"2020-06-30": "-566.60000", "2019-06-30": "-40.80000", "2018-06-30": "-278.00000", "2017-06-30": "-742.60000", "2016-06-30": "-908.70000", "2015-06-30": "11.70000", "2014-06-30": "-29.50000", "2013-06-30": "-31.00000", "2012-06-30": "-129.10000", "2011-06-30": "-2170.50000", "2010-06-30": "-34.40000"}, "Net Change In Short-term Investments": {"2020-06-30": "", "2019-06-30": "", "2018-06-30": "", "2017-06-30": "", "2016-06-30": "", "2015-06-30": "", "2014-06-30": "", "2013-06-30": "", "2012-06-30": "", "2011-06-30": "", "2010-06-30": ""}, "Net Change In Long-Term Investments": {"2020-06-30": "", "2019-06-30": "", "2018-06-30": "", "2017-06-30": "", "2016-06-30": "", "2015-06-30": "", "2014-06-30": "", "2013-06-30": "", "2012-06-30": "", "2011-06-30": "", "2010-06-30": ""}, "Net Change In Investments - Total": {"2020-06-30": "", "2019-06-30": "", "2018-06-30": "", "2017-06-30": "", "2016-06-30": "", "2015-06-30": "", "2014-06-30": "", "2013-06-30": "", "2012-06-30": "", "2011-06-30": "", "2010-06-30": ""}, "Investing Activities - Other": {"2020-06-30": "", "2019-06-30": "", "2018-06-30": "", "2017-06-30": "", "2016-06-30": "-29.60000", "2015-06-30": "3.20000", "2014-06-30": "", "2013-06-30": "", "2012-06-30": "", "2011-06-30": "", "2010-06-30": ""}, "Cash Flow From Investing Activities": {"2020-06-30": "-833.40000", "2019-06-30": "-454.00000", "2018-06-30": "-687.60000", "2017-06-30": "-1163.60000", "2016-06-30": "-1059.20000", "2015-06-30": "-171.20000", "2014-06-30": "-257.60000", "2013-06-30": "-229.90000", "2012-06-30": "-333.90000", "2011-06-30": "-2252.50000", "2010-06-30": "-149.90000"}, "Net Long-Term Debt": {"2020-06-30": "-186.40000", "2019-06-30": "-189.80000", "2018-06-30": "974.60010", "2017-06-30": "938.90000", "2016-06-30": "1006.80000", "2015-06-30": "16.30010", "2014-06-30": "625.00000", "2013-06-30": "", "2012-06-30": "100.00000", "2011-06-30": "335.00000", "2010-06-30": "286.30000"}, "Net Current Debt": {"2020-06-30": "632.60010", "2019-06-30": "432.90000", "2018-06-30": "-436.70000", "2017-06-30": "120.09990", "2016-06-30": "526.20000", "2015-06-30": "-754.20000", "2014-06-30": "37.40000", "2013-06-30": "168.40000", "2012-06-30": "-261.79990", "2011-06-30": "861.90000", "2010-06-30": "-244.70000"}, "Debt Issuance/Retirement Net - Total": {"2020-06-30": "446.20010", "2019-06-30": "243.10000", "2018-06-30": "537.90010", "2017-06-30": "1059.00000", "2016-06-30": "1533.00000", "2015-06-30": "-737.89990", "2014-06-30": "662.40000", "2013-06-30": "168.40000", "2012-06-30": "-161.79990", "2011-06-30": "1196.90000", "2010-06-30": "41.60000"}, "Net Common Equity Issued/Repurchased": {"2020-06-30": "-1.80000", "2019-06-30": "5.90000", "2018-06-30": "22.60000", "2017-06-30": "-13.50000", "2016-06-30": "-750.20000", "2015-06-30": "-244.10000", "2014-06-30": "-547.40000", "2013-06-30": "-1.30000", "2012-06-30": "127.00000", "2011-06-30": "778.50000", "2010-06-30": ""}, "Net Total Equity Issued/Repurchased": {"2020-06-30": "722.70000", "2019-06-30": "5.90000", "2018-06-30": "22.60000", "2017-06-30": "-13.50000", "2016-06-30": "-750.20000", "2015-06-30": "-244.10000", "2014-06-30": "-547.40000", "2013-06-30": "-1.30000", "2012-06-30": "127.00000", "2011-06-30": "778.50000", "2010-06-30": ""}, "Total Common And Preferred Stock Dividends Paid": {"2020-06-30": "-196.90000", "2019-06-30": "-346.20000", "2018-06-30": "-375.80000", "2017-06-30": "-372.60000", "2016-06-30": "-89.00000", "2015-06-30": "-71.00000", "2014-06-30": "-76.90000", "2013-06-30": "-57.40000", "2012-06-30": "", "2011-06-30": "-35.30000", "2010-06-30": ""}, "Financial Activities - Other": {"2020-06-30": "-94.70000", "2019-06-30": "-63.10000", "2018-06-30": "-115.40000", "2017-06-30": "-77.70000", "2016-06-30": "-101.20000", "2015-06-30": "-85.20000", "2014-06-30": "-43.80000", "2013-06-30": "-40.70000", "2012-06-30": "-62.90000", "2011-06-30": "-36.30000", "2010-06-30": "-48.60000"}, "Cash Flow From Financial Activities": {"2020-06-30": "877.30000", "2019-06-30": "-160.30000", "2018-06-30": "69.30000", "2017-06-30": "595.20000", "2016-06-30": "592.60000", "2015-06-30": "-1138.20000", "2014-06-30": "-5.70000", "2013-06-30": "69.00000", "2012-06-30": "-97.70000", "2011-06-30": "1903.80000", "2010-06-30": "-7.00000"}, "Net Cash Flow": {"2020-06-30": "-28.40000", "2019-06-30": "18.20000", "2018-06-30": "-208.50000", "2017-06-30": "198.30000", "2016-06-30": "31.10000", "2015-06-30": "-896.70000", "2014-06-30": "317.60000", "2013-06-30": "311.00000", "2012-06-30": "98.60000", "2011-06-30": "123.30000", "2010-06-30": "296.40000"}, "Stock-Based Compensation": {"2020-06-30": "29.80000", "2019-06-30": "14.80000", "2018-06-30": "30.60000", "2017-06-30": "24.60000", "2016-06-30": "22.20000", "2015-06-30": "30.60000", "2014-06-30": "46.80000", "2013-06-30": "144.40000", "2012-06-30": "142.60000", "2011-06-30": "88.50000", "2010-06-30": "65.90000"}, "Common Stock Dividends Paid": {"2020-06-30": "-196.90000", "2019-06-30": "-346.20000", "2018-06-30": "-375.80000", "2017-06-30": "-372.60000", "2016-06-30": "-89.00000", "2015-06-30": "-71.00000", "2014-06-30": "-76.90000", "2013-06-30": "-57.40000", "2012-06-30": "", "2011-06-30": "-35.30000", "2010-06-30": ""}}, "cash flow statement, quarterly": {"Net Income/Loss": {"2020-09-30": "227.30000", "2020-06-30": -778.2, "2020-03-31": -264.4, "2019-12-31": -16.4, "2019-09-30": "56.30000", "2019-06-30": -2799.5, "2019-03-31": -4, "2018-12-31": -956, "2018-09-30": "-10.10000", "2018-06-30": -170.2, "2018-03-31": -60.1, "2017-12-31": 118.6, "2017-09-30": "-16.10000", "2017-06-30": -301, "2017-03-31": -159.4, "2016-12-31": 52.1, "2016-09-30": "9.80000", "2016-06-30": -31.2, "2016-03-31": -20.3, "2015-12-31": 97.6, "2015-09-30": "133.10000", "2015-06-30": 25.6, "2015-03-31": 82.2, "2014-12-31": 134.9, "2014-09-30": "16.70000", "2014-06-30": -12.8, "2014-03-31": -246.7, "2013-12-31": 93.1, "2013-09-30": "102.20000", "2013-06-30": -56.2, "2013-03-31": 29.9, "2012-12-31": 133.4, "2012-09-30": "94.80000", "2012-06-30": -351.3, "2012-03-31": 58, "2011-06-30": 0, "2010-06-30": 0}, "Total Depreciation And Amortization - Cash Flow": {"2020-09-30": "146.20000", "2020-06-30": 168.8, "2020-03-31": 190.4, "2019-12-31": 178.1, "2019-09-30": "179.20000", "2019-06-30": 185.7, "2019-03-31": 182.6, "2018-12-31": 182.1, "2018-09-30": "185.60000", "2018-06-30": 193.5, "2018-03-31": 193, "2017-12-31": 181.8, "2017-09-30": "168.70000", "2017-06-30": 140.2, "2017-03-31": 184.6, "2016-12-31": 170.4, "2016-09-30": "59.90000", "2016-06-30": 61, "2016-03-31": 58.1, "2015-12-31": 55.4, "2015-09-30": "57.50000", "2015-06-30": 58.3, "2015-03-31": 55.9, "2014-12-31": 57.9, "2014-09-30": "58.80000", "2014-06-30": 62.5, "2014-03-31": 61.6, "2013-12-31": 61.8, "2013-09-30": "64.80000", "2013-06-30": 68.7, "2013-03-31": 65.9, "2012-12-31": 63.6, "2012-09-30": "61.40000", "2012-06-30": 67.3, "2012-03-31": 178.7, "2011-06-30": 0, "2010-06-30": 0}, "Other Non-Cash Items": {"2020-09-30": "-175.40000", "2020-06-30": 247, "2020-03-31": 15.8, "2019-12-31": 41.7, "2019-09-30": "-64.00000", "2019-06-30": 2764.5, "2019-03-31": 9.8, "2018-12-31": 1047, "2018-09-30": "-65.60000", "2018-06-30": 105.4, "2018-03-31": -54.5, "2017-12-31": 26.9, "2017-09-30": "-54.40000", "2017-06-30": -73.6, "2017-03-31": -143.4, "2016-12-31": -73, "2016-09-30": "5.20000", "2016-06-30": -37.7, "2016-03-31": -0.7, "2015-12-31": 14.8, "2015-09-30": "-78.50000", "2015-06-30": -80, "2015-03-31": 26.6, "2014-12-31": 15.9, "2014-09-30": "83.20000", "2014-06-30": -20.6, "2014-03-31": 335.6, "2013-12-31": -21.2, "2013-09-30": "52.60000", "2013-06-30": 77.9, "2013-03-31": 50.8, "2012-12-31": 1.7, "2012-09-30": "45.40000", "2012-06-30": -168.7, "2012-03-31": 168.7, "2011-06-30": 0, "2010-06-30": 0}, "Total Non-Cash Items": {"2020-09-30": "-29.20000", "2020-06-30": 415.7999, "2020-03-31": 206.2, "2019-12-31": 219.8, "2019-09-30": "115.20000", "2019-06-30": 2950.2, "2019-03-31": 192.4, "2018-12-31": 1229.1, "2018-09-30": "120.00000", "2018-06-30": 298.8999, "2018-03-31": 138.5, "2017-12-31": 208.7, "2017-09-30": "114.30000", "2017-06-30": 66.5999, "2017-03-31": 41.2, "2016-12-31": 97.4, "2016-09-30": "65.10000", "2016-06-30": 23.3, "2016-03-31": 57.4, "2015-12-31": 70.2, "2015-09-30": "-21.00000", "2015-06-30": -21.7, "2015-03-31": 82.5, "2014-12-31": 73.8, "2014-09-30": "142.00000", "2014-06-30": 41.9, "2014-03-31": 397.2, "2013-12-31": 40.6, "2013-09-30": "117.40000", "2013-06-30": 146.6, "2013-03-31": 116.7, "2012-12-31": 65.3, "2012-09-30": "106.80000", "2012-06-30": -101.4, "2012-03-31": 347.4, "2011-06-30": 0, "2010-06-30": 0}, "Change In Accounts Receivable": {"2020-09-30": "-149.70000", "2020-06-30": 218.5, "2020-03-31": 193.7, "2019-12-31": -59.4, "2019-09-30": "71.70000", "2019-06-30": 54.8, "2019-03-31": 335.6, "2018-12-31": -81.1, "2018-09-30": "35.60000", "2018-06-30": -46.1, "2018-03-31": 213.1, "2017-12-31": -122.6, "2017-09-30": "-124.00000", "2017-06-30": -63.6, "2017-03-31": 77.5, "2016-12-31": -206.8, "2016-09-30": "-86.90000", "2016-06-30": -43.6, "2016-03-31": 44.8, "2015-12-31": 59, "2015-09-30": "-104.70000", "2015-06-30": -9.5, "2015-03-31": 96.7, "2014-12-31": 36.3, "2014-09-30": "-167.00000", "2014-06-30": 2.3, "2014-03-31": 109.1, "2013-12-31": 13.5, "2013-09-30": "-156.00000", "2013-06-30": -4.5, "2013-03-31": 134.6, "2012-12-31": 78.3, "2012-09-30": "-245.10000", "2012-06-30": 128.1, "2012-03-31": -128.1, "2011-06-30": 0, "2010-06-30": 0}, "Change In Inventories": {"2020-09-30": "-15.50000", "2020-06-30": 27.2, "2020-03-31": 11.9, "2019-12-31": 158.2, "2019-09-30": "-72.90000", "2019-06-30": 37.5, "2019-03-31": -24.2, "2018-12-31": 74.3, "2018-09-30": "-109.50000", "2018-06-30": 41.3, "2018-03-31": -79.1, "2017-12-31": 75.3, "2017-09-30": "-97.50000", "2017-06-30": -10.3, "2017-03-31": 69.3, "2016-12-31": 152, "2016-09-30": "-48.70000", "2016-06-30": 2.2, "2016-03-31": -10.1, "2015-12-31": 69.2, "2015-09-30": "-34.10000", "2015-06-30": -7.3, "2015-03-31": -11.9, "2014-12-31": 94.6, "2014-09-30": "-46.00000", "2014-06-30": -31.7, "2014-03-31": -25.8, "2013-12-31": 104.9, "2013-09-30": "-45.20000", "2013-06-30": 1.2, "2013-03-31": 4.9, "2012-12-31": 125.1, "2012-09-30": "-82.40000", "2012-06-30": -36.8, "2012-03-31": 36.8, "2011-06-30": 0, "2010-06-30": 0}, "Change In Accounts Payable": {"2020-09-30": "-103.90000", "2020-06-30": -127.5, "2020-03-31": -127.1, "2019-12-31": -15.7, "2019-09-30": "-103.20000", "2019-06-30": -122, "2019-03-31": 23.3, "2018-12-31": 54.6, "2018-09-30": "-83.20000", "2018-06-30": 239.7, "2018-03-31": -98.9, "2017-12-31": -0.6, "2017-09-30": "19.30000", "2017-06-30": 201.6, "2017-03-31": 16.7, "2016-12-31": 262.4, "2016-09-30": "60.20000", "2016-06-30": 97.8, "2016-03-31": -14.3, "2015-12-31": 21.4, "2015-09-30": "43.30000", "2015-06-30": 89.1, "2015-03-31": -53.1, "2014-12-31": -64.7, "2014-09-30": "35.70000", "2014-06-30": 69.3, "2014-03-31": -27.1, "2013-12-31": -10.1, "2013-09-30": "40.30000", "2013-06-30": 136.7, "2013-03-31": -51.1, "2012-12-31": -82.8, "2012-09-30": "-0.40000", "2012-06-30": 50, "2012-03-31": -50, "2011-06-30": 0, "2010-06-30": 0}, "Change In Assets/Liabilities": {"2020-09-30": "107.30000", "2020-06-30": 7.2, "2020-03-31": -283.2, "2019-12-31": 143.9, "2019-09-30": "-42.00000", "2019-06-30": -22, "2019-03-31": -294.7, "2018-12-31": -21.4, "2018-09-30": "-53.80000", "2018-06-30": 24.4, "2018-03-31": -298.1, "2017-12-31": 90.5, "2017-09-30": "27.70000", "2017-06-30": 55.8, "2017-03-31": -66.2, "2016-12-31": 370.5, "2016-09-30": "-2.00000", "2016-06-30": -38.8, "2016-03-31": -115, "2015-12-31": 83.8, "2015-09-30": "102.90000", "2015-06-30": -124, "2015-03-31": -155.4, "2014-12-31": 65.4, "2014-09-30": "63.20000", "2014-06-30": 34.8, "2014-03-31": -156.6, "2013-12-31": 55.3, "2013-09-30": "43.50000", "2013-06-30": -73.3, "2013-03-31": -132.6, "2012-12-31": -32.4, "2012-09-30": "62.40000", "2012-06-30": 16.2, "2012-03-31": -16.2, "2011-06-30": 0, "2010-06-30": 0}, "Total Change In Assets/Liabilities": {"2020-09-30": "-165.20000", "2020-06-30": 105.1, "2020-03-31": -211.2, "2019-12-31": 203.3, "2019-09-30": "-142.00000", "2019-06-30": 18.5, "2019-03-31": 23.4, "2018-12-31": 31.6, "2018-09-30": "-203.30000", "2018-06-30": 111.5, "2018-03-31": -217.9, "2017-12-31": -3.4, "2017-09-30": "-109.00000", "2017-06-30": 265.4, "2017-03-31": 159.4, "2016-12-31": 537.8, "2016-09-30": "-96.10000", "2016-06-30": 64.3, "2016-03-31": -96.4, "2015-12-31": 214.4, "2015-09-30": "-2.80000", "2015-06-30": 118.7, "2015-03-31": -126, "2014-12-31": 115.6, "2014-09-30": "-138.50000", "2014-06-30": 47.9, "2014-03-31": -143.3, "2013-12-31": 204.9, "2013-09-30": "-120.90000", "2013-06-30": 15.3, "2013-03-31": -76.3, "2012-12-31": 120.1, "2012-09-30": "-227.20000", "2012-06-30": 44.9, "2012-03-31": -11.7, "2011-06-30": 0, "2010-06-30": 0}, "Cash Flow From Operating Activities": {"2020-09-30": "42.60000", "2020-06-30": -255.4, "2020-03-31": -257.5, "2019-12-31": 422.1, "2019-09-30": "39.90000", "2019-06-30": 188.2, "2019-03-31": 213.7, "2018-12-31": 319.6, "2018-09-30": "-81.90000", "2018-06-30": 224.8, "2018-03-31": -118.9, "2017-12-31": 316.7, "2017-09-30": "-8.90000", "2017-06-30": 50.8, "2017-03-31": 43.3, "2016-12-31": 678.4, "2016-09-30": "-15.00000", "2016-06-30": 56.1, "2016-03-31": -71.8, "2015-12-31": 400.4, "2015-09-30": "116.70000", "2015-06-30": 138.1, "2015-03-31": 33.2, "2014-12-31": 328.8, "2014-09-30": "26.20000", "2014-06-30": 93.4, "2014-03-31": -4.2, "2013-12-31": 346.1, "2013-09-30": "101.20000", "2013-06-30": 101.4, "2013-03-31": 67.3, "2012-12-31": 319.9, "2012-09-30": "-24.70000", "2012-06-30": 182.6, "2012-03-31": 406.7, "2011-06-30": 0, "2010-06-30": 0}, "Net Change In Property, Plant, And Equipment": {"2020-09-30": "-70.90000", "2020-06-30": -60.6, "2020-03-31": -61.2, "2019-12-31": -58.6, "2019-09-30": "-86.40000", "2019-06-30": -83, "2019-03-31": -70.9, "2018-12-31": -125.7, "2018-09-30": "-133.60000", "2018-06-30": -94.4, "2018-03-31": -85.8, "2017-12-31": -120.9, "2017-09-30": "-108.50000", "2017-06-30": -107.5, "2017-03-31": -115.3, "2016-12-31": -111.4, "2016-09-30": "-86.80000", "2016-06-30": -5.8, "2016-03-31": -36.8, "2015-12-31": -35.8, "2015-09-30": "-42.50000", "2015-06-30": -35.5, "2015-03-31": -31.7, "2014-12-31": -29.1, "2014-09-30": "-59.80000", "2014-06-30": -33.3, "2014-03-31": -48.7, "2013-12-31": -50.5, "2013-09-30": "-65.60000", "2013-06-30": -40.4, "2013-03-31": -48.6, "2012-12-31": -19.9, "2012-09-30": "-60.00000", "2012-06-30": -40.6, "2012-03-31": -134.2, "2011-06-30": 0, "2010-06-30": 0}, "Net Change In Intangible Assets": {"2020-09-30": "", "2020-06-30": 0, "2020-03-31": 0, "2019-12-31": 0, "2019-09-30": "", "2019-06-30": 0, "2019-03-31": 0, "2018-12-31": 0, "2018-09-30": "", "2018-06-30": 0, "2018-03-31": 0, "2017-12-31": 0, "2017-09-30": "", "2017-06-30": 0, "2017-03-31": 0, "2016-12-31": 0, "2016-09-30": "", "2016-06-30": 0, "2016-03-31": 0, "2015-12-31": 0, "2015-09-30": "", "2015-06-30": 0, "2015-03-31": -30, "2014-12-31": 0, "2014-09-30": "", "2014-06-30": 0, "2014-03-31": -30, "2013-12-31": 0, "2013-09-30": "", "2013-06-30": 0, "2013-03-31": -30, "2012-12-31": 0, "2012-09-30": "", "2012-06-30": 30, "2012-03-31": -30, "2011-06-30": 0, "2010-06-30": 0}, "Net Acquisitions/Divestitures": {"2020-09-30": "27.00000", "2020-06-30": 0, "2020-03-31": -592.2, "2019-12-31": 0, "2019-09-30": "25.60000", "2019-06-30": 0, "2019-03-31": 0, "2018-12-31": 0, "2018-09-30": "-40.80000", "2018-06-30": -12.5, "2018-03-31": -0.9, "2017-12-31": -257.1, "2017-09-30": "-7.50000", "2017-06-30": 0, "2017-03-31": -598.8, "2016-12-31": -143.8, "2016-09-30": "", "2016-06-30": -11.4, "2016-03-31": -450, "2015-12-31": -447.3, "2015-09-30": "", "2015-06-30": 12.3, "2015-03-31": 0, "2014-12-31": 0, "2014-09-30": "-0.60000", "2014-06-30": 0, "2014-03-31": -4.5, "2013-12-31": 0, "2013-09-30": "-25.00000", "2013-06-30": -4.8, "2013-03-31": 0, "2012-12-31": -18.2, "2012-09-30": "-8.00000", "2012-06-30": 0, "2012-03-31": -129.1, "2011-06-30": 0, "2010-06-30": 0}, "Net Change In Short-term Investments": {"2020-09-30": "", "2020-06-30": 0, "2020-03-31": 0, "2019-12-31": 0, "2019-09-30": "", "2019-06-30": 0, "2019-03-31": 0, "2018-12-31": 0, "2018-09-30": "", "2018-06-30": 0, "2018-03-31": 0, "2017-12-31": 0, "2017-09-30": "", "2017-06-30": 0, "2017-03-31": 0, "2016-12-31": 0, "2016-09-30": "", "2016-06-30": 0, "2016-03-31": 0, "2015-12-31": 0, "2015-09-30": "", "2015-06-30": 0, "2015-03-31": 0, "2014-12-31": 0, "2014-09-30": "", "2014-06-30": 0, "2014-03-31": 0, "2013-12-31": 0, "2013-09-30": "", "2013-06-30": 0, "2013-03-31": 0, "2012-12-31": 0, "2012-09-30": "", "2012-06-30": 0, "2012-03-31": 0, "2011-06-30": 0, "2010-06-30": 0}, "Net Change In Long-Term Investments": {"2020-09-30": "", "2020-06-30": 0, "2020-03-31": 0, "2019-12-31": 0, "2019-09-30": "", "2019-06-30": 0, "2019-03-31": 0, "2018-12-31": 0, "2018-09-30": "", "2018-06-30": 0, "2018-03-31": 0, "2017-12-31": 0, "2017-09-30": "", "2017-06-30": 0, "2017-03-31": 0, "2016-12-31": 0, "2016-09-30": "", "2016-06-30": 0, "2016-03-31": 0, "2015-12-31": 0, "2015-09-30": "", "2015-06-30": 0, "2015-03-31": 0, "2014-12-31": 0, "2014-09-30": "", "2014-06-30": 0, "2014-03-31": 0, "2013-12-31": 0, "2013-09-30": "", "2013-06-30": 0, "2013-03-31": 0, "2012-12-31": 0, "2012-09-30": "", "2012-06-30": 0, "2012-03-31": 0, "2011-06-30": 0, "2010-06-30": 0}, "Net Change In Investments - Total": {"2020-09-30": "", "2020-06-30": 0, "2020-03-31": 0, "2019-12-31": 0, "2019-09-30": "", "2019-06-30": 0, "2019-03-31": 0, "2018-12-31": 0, "2018-09-30": "", "2018-06-30": 0, "2018-03-31": 0, "2017-12-31": 0, "2017-09-30": "", "2017-06-30": 0, "2017-03-31": 0, "2016-12-31": 0, "2016-09-30": "", "2016-06-30": 0, "2016-03-31": 0, "2015-12-31": 0, "2015-09-30": "", "2015-06-30": 0, "2015-03-31": 0, "2014-12-31": 0, "2014-09-30": "", "2014-06-30": 0, "2014-03-31": 0, "2013-12-31": 0, "2013-09-30": "", "2013-06-30": 0, "2013-03-31": 0, "2012-12-31": 0, "2012-09-30": "", "2012-06-30": 0, "2012-03-31": 0, "2011-06-30": 0, "2010-06-30": 0}, "Investing Activities - Other": {"2020-09-30": "-37.60000", "2020-06-30": 0, "2020-03-31": 0, "2019-12-31": 0, "2019-09-30": "", "2019-06-30": 0, "2019-03-31": 0, "2018-12-31": 0, "2018-09-30": "", "2018-06-30": 0, "2018-03-31": 0, "2017-12-31": 0, "2017-09-30": "", "2017-06-30": 0, "2017-03-31": 0, "2016-12-31": 0, "2016-09-30": "", "2016-06-30": 0, "2016-03-31": -11.5, "2015-12-31": -18.1, "2015-09-30": "", "2015-06-30": 3.2, "2015-03-31": 0, "2014-12-31": 0, "2014-09-30": "", "2014-06-30": 0, "2014-03-31": 0, "2013-12-31": 0, "2013-09-30": "", "2013-06-30": 0, "2013-03-31": 0, "2012-12-31": 0, "2012-09-30": "", "2012-06-30": -29.8, "2012-03-31": -0.2, "2011-06-30": 28.8, "2010-06-30": -28.8}, "Cash Flow From Investing Activities": {"2020-09-30": "-81.50000", "2020-06-30": -60.6, "2020-03-31": -653.4, "2019-12-31": -58.6, "2019-09-30": "-60.80000", "2019-06-30": -83, "2019-03-31": -70.9, "2018-12-31": -125.7, "2018-09-30": "-174.40000", "2018-06-30": -106.9, "2018-03-31": -86.7, "2017-12-31": -378, "2017-09-30": "-116.00000", "2017-06-30": -107.5, "2017-03-31": -714.1, "2016-12-31": -255.2, "2016-09-30": "-86.80000", "2016-06-30": -17.2, "2016-03-31": -498.3, "2015-12-31": -501.2, "2015-09-30": "-42.50000", "2015-06-30": -20, "2015-03-31": -61.7, "2014-12-31": -29.1, "2014-09-30": "-60.40000", "2014-06-30": -33.3, "2014-03-31": -83.2, "2013-12-31": -50.5, "2013-09-30": "-90.60000", "2013-06-30": -45.2, "2013-03-31": -78.6, "2012-12-31": -38.1, "2012-09-30": "-68.00000", "2012-06-30": -40.4, "2012-03-31": -293.5, "2011-06-30": 28.8, "2010-06-30": -28.8}, "Net Long-Term Debt": {"2020-09-30": "-48.30000", "2020-06-30": -47, "2020-03-31": -46.4, "2019-12-31": -46.9, "2019-09-30": "-46.10000", "2019-06-30": -47.3, "2019-03-31": -46.9, "2018-12-31": -47.5, "2018-09-30": "-48.10000", "2018-06-30": 2510.4001, "2018-03-31": -1440.3, "2017-12-31": -54.9, "2017-09-30": "-40.60000", "2017-06-30": -40.4, "2017-03-31": -40, "2016-12-31": 1047.2, "2016-09-30": "-27.90000", "2016-06-30": 501.8999, "2016-03-31": 0.3, "2015-12-31": 504.6001, "2015-09-30": "", "2015-06-30": 0, "2015-03-31": 600.0001, "2014-12-31": 0, "2014-09-30": "-583.70000", "2014-06-30": 625, "2014-03-31": 0, "2013-12-31": 0, "2013-09-30": "", "2013-06-30": 93.8, "2013-03-31": -31.3, "2012-12-31": -31.2, "2012-09-30": "-31.30000", "2012-06-30": -100, "2012-03-31": 100, "2011-06-30": 0, "2010-06-30": 0}, "Net Current Debt": {"2020-09-30": "84.80000", "2020-06-30": -1318.2999, "2020-03-31": 2047.2001, "2019-12-31": -289.0001, "2019-09-30": "192.70000", "2019-06-30": -30.6, "2019-03-31": -8.0001, "2018-12-31": -42.7999, "2018-09-30": "514.30000", "2018-06-30": -2589.3, "2018-03-31": 1810.5, "2017-12-31": -285.8, "2017-09-30": "627.90000", "2017-06-30": -16.0001, "2017-03-31": 625.8, "2016-12-31": -769.9, "2016-09-30": "280.20000", "2016-06-30": -444.7, "2016-03-31": 443.3, "2015-12-31": 368.6, "2015-09-30": "159.00000", "2015-06-30": -952.3, "2015-03-31": -417.3999, "2014-12-31": 170.9999, "2014-09-30": "444.50000", "2014-06-30": -76.7, "2014-03-31": 136.2, "2013-12-31": -18.2, "2013-09-30": "-3.90000", "2013-06-30": 2.6, "2013-03-31": 97.6, "2012-12-31": -7.6, "2012-09-30": "75.80000", "2012-06-30": -16.3, "2012-03-31": -245.5, "2011-06-30": 0, "2010-06-30": 0}, "Debt Issuance/Retirement Net - Total": {"2020-09-30": "36.50000", "2020-06-30": -1365.2999, "2020-03-31": 2000.8, "2019-12-31": -335.9, "2019-09-30": "146.60000", "2019-06-30": -77.9, "2019-03-31": -54.9001, "2018-12-31": -90.2999, "2018-09-30": "466.20000", "2018-06-30": -78.8999, "2018-03-31": 370.2, "2017-12-31": -340.7, "2017-09-30": "587.30000", "2017-06-30": -56.4, "2017-03-31": 585.8, "2016-12-31": 277.3, "2016-09-30": "252.30000", "2016-06-30": 57.2, "2016-03-31": 443.6, "2015-12-31": 873.2, "2015-09-30": "159.00000", "2015-06-30": -952.2999, "2015-03-31": 182.6, "2014-12-31": 171, "2014-09-30": "-139.20000", "2014-06-30": 548.3, "2014-03-31": 136.2, "2013-12-31": -18.2, "2013-09-30": "-3.90000", "2013-06-30": 96.4, "2013-03-31": 66.3, "2012-12-31": -38.8, "2012-09-30": "44.50000", "2012-06-30": 245.5, "2012-03-31": -145.5, "2011-06-30": -499.8, "2010-06-30": 499.8}, "Net Common Equity Issued/Repurchased": {"2020-09-30": "", "2020-06-30": 0, "2020-03-31": 0.6, "2019-12-31": 1.5, "2019-09-30": "-3.90000", "2019-06-30": 3.9, "2019-03-31": 1.1, "2018-12-31": 0.2, "2018-09-30": "0.70000", "2018-06-30": 2.6, "2018-03-31": 6.3, "2017-12-31": 2.5, "2017-09-30": "11.20000", "2017-06-30": 3.3, "2017-03-31": 5.9, "2016-12-31": 7.5, "2016-09-30": "-30.20000", "2016-06-30": -59.1, "2016-03-31": 16.7, "2015-12-31": -561.9, "2015-09-30": "-145.90000", "2015-06-30": 4, "2015-03-31": -91.8, "2014-12-31": -164.1, "2014-09-30": "7.80000", "2014-06-30": -491.7, "2014-03-31": -59.2, "2013-12-31": 2.1, "2013-09-30": "1.40000", "2013-06-30": -4.6, "2013-03-31": 4.1, "2012-12-31": -1.4, "2012-09-30": "0.60000", "2012-06-30": -127, "2012-03-31": 127, "2011-06-30": 0, "2010-06-30": 0}, "Net Total Equity Issued/Repurchased": {"2020-09-30": "227.20000", "2020-06-30": 724.5, "2020-03-31": 0.6, "2019-12-31": 1.5, "2019-09-30": "-3.90000", "2019-06-30": 3.9, "2019-03-31": 1.1, "2018-12-31": 0.2, "2018-09-30": "0.70000", "2018-06-30": 2.6, "2018-03-31": 6.3, "2017-12-31": 2.5, "2017-09-30": "11.20000", "2017-06-30": 3.3, "2017-03-31": 5.9, "2016-12-31": 7.5, "2016-09-30": "-30.20000", "2016-06-30": -59.1, "2016-03-31": 16.7, "2015-12-31": -561.9, "2015-09-30": "-145.90000", "2015-06-30": 4, "2015-03-31": -91.8, "2014-12-31": -164.1, "2014-09-30": "7.80000", "2014-06-30": -491.7, "2014-03-31": -59.2, "2013-12-31": 2.1, "2013-09-30": "1.40000", "2013-06-30": -4.6, "2013-03-31": 4.1, "2012-12-31": -1.4, "2012-09-30": "0.60000", "2012-06-30": 0, "2012-03-31": 127, "2011-06-30": 0, "2010-06-30": 0}, "Total Common And Preferred Stock Dividends Paid": {"2020-09-30": "-0.80000", "2020-06-30": 0, "2020-03-31": -66.5, "2019-12-31": -67.1, "2019-09-30": "-63.30000", "2019-06-30": -63.4, "2019-03-31": -94.4, "2018-12-31": -94.6, "2018-09-30": "-93.80000", "2018-06-30": -93.9, "2018-03-31": -93.8, "2017-12-31": -93.8, "2017-09-30": "-94.30000", "2017-06-30": -93.4, "2017-03-31": -93.4, "2016-12-31": -93.4, "2016-09-30": "-92.40000", "2016-06-30": 0, "2016-03-31": 0, "2015-12-31": -89, "2015-09-30": "", "2015-06-30": 0, "2015-03-31": 0, "2014-12-31": -71, "2014-09-30": "", "2014-06-30": 0, "2014-03-31": 0, "2013-12-31": -76.9, "2013-09-30": "", "2013-06-30": 0, "2013-03-31": 0, "2012-12-31": -57.4, "2012-09-30": "", "2012-06-30": 0, "2012-03-31": 0, "2011-06-30": 0, "2010-06-30": 0}, "Financial Activities - Other": {"2020-09-30": "1.30000", "2020-06-30": -11.7, "2020-03-31": -24.4, "2019-12-31": -15.9, "2019-09-30": "-42.70000", "2019-06-30": -6.2, "2019-03-31": -22.2, "2018-12-31": -13.4, "2018-09-30": "-21.30000", "2018-06-30": -51.4, "2018-03-31": -25, "2017-12-31": -27.2, "2017-09-30": "-11.80000", "2017-06-30": -39.4, "2017-03-31": -16.4, "2016-12-31": -23.6, "2016-09-30": "1.70000", "2016-06-30": -27.2, "2016-03-31": -32.5, "2015-12-31": -35, "2015-09-30": "-6.50000", "2015-06-30": -27.6, "2015-03-31": -42.3, "2014-12-31": 1.3, "2014-09-30": "-16.60000", "2014-06-30": -29.7, "2014-03-31": -3.5, "2013-12-31": -3.4, "2013-09-30": "-7.20000", "2013-06-30": -19.2, "2013-03-31": -6, "2012-12-31": -5.5, "2012-09-30": "-10.00000", "2012-06-30": -12.2, "2012-03-31": -50.7, "2011-06-30": 0, "2010-06-30": 0}, "Cash Flow From Financial Activities": {"2020-09-30": "264.20000", "2020-06-30": -652.5, "2020-03-31": 1910.5, "2019-12-31": -417.4, "2019-09-30": "36.70000", "2019-06-30": -143.6, "2019-03-31": -170.4, "2018-12-31": -198.1, "2018-09-30": "351.80000", "2018-06-30": -221.6, "2018-03-31": 257.7, "2017-12-31": -459.2, "2017-09-30": "492.40000", "2017-06-30": -185.9, "2017-03-31": 481.9, "2016-12-31": 167.8, "2016-09-30": "131.40000", "2016-06-30": -29.1, "2016-03-31": 427.8, "2015-12-31": 187.3, "2015-09-30": "6.60000", "2015-06-30": -975.9, "2015-03-31": 48.5, "2014-12-31": -62.8, "2014-09-30": "-148.00000", "2014-06-30": 26.9, "2014-03-31": 73.5, "2013-12-31": -96.4, "2013-09-30": "-9.70000", "2013-06-30": 72.6, "2013-03-31": 64.4, "2012-12-31": -103.1, "2012-09-30": "35.10000", "2012-06-30": -28.5, "2012-03-31": -69.2, "2011-06-30": -499.8, "2010-06-30": 499.8}, "Net Cash Flow": {"2020-09-30": "223.30000", "2020-06-30": -959.6, "2020-03-31": 972.1, "2019-12-31": -41.9, "2019-09-30": "1.00000", "2019-06-30": -39.8, "2019-03-31": -24.8, "2018-12-31": -8.2, "2018-09-30": "91.00000", "2018-06-30": -124.3, "2018-03-31": 60.8, "2017-12-31": -518.9, "2017-09-30": "373.90000", "2017-06-30": -221.3, "2017-03-31": -172.2, "2016-12-31": 561.2, "2016-09-30": "30.60000", "2016-06-30": 5.8, "2016-03-31": -116.1, "2015-12-31": 66.7, "2015-09-30": "74.70000", "2015-06-30": -802.8, "2015-03-31": -59.1, "2014-12-31": 200.5, "2014-09-30": "-235.30000", "2014-06-30": 90.8, "2014-03-31": -6.8, "2013-12-31": 207.2, "2013-09-30": "26.40000", "2013-06-30": 137.5, "2013-03-31": 30.8, "2012-12-31": 183.7, "2012-09-30": "-41.00000", "2012-06-30": 89, "2012-03-31": 9.6, "2011-06-30": -471, "2010-06-30": 471}, "Stock-Based Compensation": {"2020-09-30": "7.00000", "2020-06-30": 11.7, "2020-03-31": 1.6, "2019-12-31": 10.3, "2019-09-30": "6.20000", "2019-06-30": 7, "2019-03-31": -0.4, "2018-12-31": 1.8, "2018-09-30": "6.40000", "2018-06-30": 4.5, "2018-03-31": 9.9, "2017-12-31": 9.3, "2017-09-30": "6.90000", "2017-06-30": 5.5, "2017-03-31": 10, "2016-12-31": 6, "2016-09-30": "3.10000", "2016-06-30": 3.8, "2016-03-31": 6.4, "2015-12-31": 2.5, "2015-09-30": "9.50000", "2015-06-30": 24.7, "2015-03-31": -2.2, "2014-12-31": 8, "2014-09-30": "0.10000", "2014-06-30": 11.1, "2014-03-31": 12.2, "2013-12-31": 9.3, "2013-09-30": "14.20000", "2013-06-30": 37.7, "2013-03-31": 61.6, "2012-12-31": 10.1, "2012-09-30": "35.00000", "2012-06-30": -132.9, "2012-03-31": 132.9, "2011-06-30": 0, "2010-06-30": 0}, "Common Stock Dividends Paid": {"2020-09-30": "-0.80000", "2020-06-30": 0, "2020-03-31": -66.5, "2019-12-31": -67.1, "2019-09-30": "-63.30000", "2019-06-30": -63.4, "2019-03-31": -94.4, "2018-12-31": -94.6, "2018-09-30": "-93.80000", "2018-06-30": -93.9, "2018-03-31": -93.8, "2017-12-31": -93.8, "2017-09-30": "-94.30000", "2017-06-30": -93.4, "2017-03-31": -93.4, "2016-12-31": -93.4, "2016-09-30": "-92.40000", "2016-06-30": 0, "2016-03-31": 0, "2015-12-31": -89, "2015-09-30": "0.00000", "2015-06-30": 0, "2015-03-31": 0, "2014-12-31": -71, "2014-09-30": "", "2014-06-30": 0, "2014-03-31": 0, "2013-12-31": -76.9, "2013-09-30": "", "2013-06-30": 0, "2013-03-31": 0, "2012-12-31": -57.4, "2012-09-30": "", "2012-06-30": 0, "2012-03-31": 0, "2011-06-30": 0, "2010-06-30": 0}}, "financial ratios": {"Current Ratio": {"2020-06-30": "1.81140", "2019-06-30": "0.94120", "2018-06-30": "0.90280", "2017-06-30": "0.94160", "2016-06-30": "1.04480", "2015-06-30": "1.21640", "2014-06-30": "1.74340", "2013-06-30": "1.65180", "2012-06-30": "1.11790", "2011-06-30": "1.13960", "2010-06-30": ""}, "Long-term Debt / Capital": {"2020-06-30": "0.70970", "2019-06-30": "0.61920", "2018-06-30": "0.45210", "2017-06-30": "0.42650", "2016-06-30": "0.91470", "2015-06-30": "0.72580", "2014-06-30": "0.79230", "2013-06-30": "0.63180", "2012-06-30": "0.72310", "2011-06-30": "0.65220", "2010-06-30": ""}, "Debt/Equity Ratio": {"2020-06-30": "2.50260", "2019-06-30": "1.66840", "2018-06-30": "0.84970", "2017-06-30": "0.76600", "2016-06-30": "11.16370", "2015-06-30": "2.67560", "2014-06-30": "3.85480", "2013-06-30": "1.74220", "2012-06-30": "2.83050", "2011-06-30": "1.90940", "2010-06-30": ""}, "Gross Margin": {"2020-06-30": "57.79390", "2019-06-30": "60.26500", "2018-06-30": "60.27070", "2017-06-30": "60.41590", "2016-06-30": "59.85380", "2015-06-30": "60.02460", "2014-06-30": "59.01000", "2013-06-30": "59.98580", "2012-06-30": "60.44500", "2011-06-30": "59.86390", "2010-06-30": "57.70190"}, "Operating Margin": {"2020-06-30": "-26.20930", "2019-06-30": "-58.65870", "2018-06-30": "-2.27280", "2017-06-30": "-5.50170", "2016-06-30": "5.84490", "2015-06-30": "8.98940", "2014-06-30": "0.56460", "2013-06-30": "8.48340", "2012-06-30": "-4.54320", "2011-06-30": "6.87450", "2010-06-30": "5.29730"}, "EBIT Margin": {"2020-06-30": "-26.20930", "2019-06-30": "-58.65870", "2018-06-30": "-2.27280", "2017-06-30": "-5.50170", "2016-06-30": "5.84490", "2015-06-30": "8.98940", "2014-06-30": "0.56460", "2013-06-30": "8.48340", "2012-06-30": "-4.54320", "2011-06-30": "6.87450", "2010-06-30": "5.29730"}, "EBITDA Margin": {"2020-06-30": "-11.02210", "2019-06-30": "-46.95370", "2018-06-30": "8.49920", "2017-06-30": "1.75420", "2016-06-30": "11.17930", "2015-06-30": "14.24280", "2014-06-30": "6.07260", "2013-06-30": "14.06720", "2012-06-30": "0.79150", "2011-06-30": "12.09710", "2010-06-30": "11.01670"}, "Pre-Tax Profit Margin": {"2020-06-30": "-31.10770", "2019-06-30": "-62.74590", "2018-06-30": "-5.76600", "2017-06-30": "-8.60100", "2016-06-30": "3.19150", "2015-06-30": "5.30810", "2014-06-30": "-0.96890", "2013-06-30": "6.85510", "2012-06-30": "-7.18020", "2011-06-30": "4.52750", "2010-06-30": "3.43680"}, "Net Profit Margin": {"2020-06-30": "-21.47610", "2019-06-30": "-60.18230", "2018-06-30": "-2.46720", "2017-06-30": "-5.51870", "2016-06-30": "3.60760", "2015-06-30": "5.28990", "2014-06-30": "-2.13990", "2013-06-30": "3.61360", "2012-06-30": "-7.03490", "2011-06-30": "1.51000", "2010-06-30": "1.77150"}, "Asset Turnover": {"2020-06-30": "0.28200", "2019-06-30": "0.35500", "2018-06-30": "0.30230", "2017-06-30": "0.33930", "2016-06-30": "0.61820", "2015-06-30": "0.73020", "2014-06-30": "0.69040", "2013-06-30": "0.71860", "2012-06-30": "0.74580", "2011-06-30": "0.59970", "2010-06-30": ""}, "Inventory Turnover Ratio": {"2020-06-30": "2.93600", "2019-06-30": "2.90490", "2018-06-30": "2.36590", "2017-06-30": "2.87700", "2016-06-30": "3.08590", "2015-06-30": "3.14990", "2014-06-30": "3.02190", "2013-06-30": "3.05870", "2012-06-30": "2.81350", "2011-06-30": "2.42140", "2010-06-30": ""}, "Receiveable Turnover": {"2020-06-30": "10.71980", "2019-06-30": "7.32090", "2018-06-30": "4.45430", "2017-06-30": "5.20320", "2016-06-30": "6.36860", "2015-06-30": "6.46730", "2014-06-30": "6.84660", "2013-06-30": "7.46600", "2012-06-30": "7.94370", "2011-06-30": "6.83410", "2010-06-30": ""}, "Days Sales In Receivables": {"2020-06-30": "34.04900", "2019-06-30": "49.85740", "2018-06-30": "81.94340", "2017-06-30": "70.14880", "2016-06-30": "57.31270", "2015-06-30": "56.43750", "2014-06-30": "53.31140", "2013-06-30": "48.88810", "2012-06-30": "45.94850", "2011-06-30": "53.40880", "2010-06-30": ""}, "ROE - Return On Equity": {"2020-06-30": "-33.75560", "2019-06-30": "-84.70160", "2018-06-30": "-4.09140", "2017-06-30": "-4.27680", "2016-06-30": "48.81500", "2015-06-30": "26.34300", "2014-06-30": "-7.51400", "2013-06-30": "13.37350", "2012-06-30": "-33.74370", "2011-06-30": "6.54580", "2010-06-30": ""}, "Return On Tangible Equity": {"2020-06-30": "21.29880", "2019-06-30": "94.78410", "2018-06-30": "4.50830", "2017-06-30": "5.20030", "2016-06-30": "-4.59990", "2015-06-30": "-10.54640", "2014-06-30": "2.76070", "2013-06-30": "-10.14520", "2012-06-30": "11.04630", "2011-06-30": "-3.15510", "2010-06-30": ""}, "ROA - Return On Assets": {"2020-06-30": "-6.51510", "2019-06-30": "-21.96840", "2018-06-30": "-1.60100", "2017-06-30": "-1.76730", "2016-06-30": "2.54700", "2015-06-30": "4.30980", "2014-06-30": "-0.97380", "2013-06-30": "3.12060", "2012-06-30": "-4.74330", "2011-06-30": "1.31940", "2010-06-30": ""}, "ROI - Return On Investment": {"2020-06-30": "-9.80050", "2019-06-30": "-32.25150", "2018-06-30": "-2.24190", "2017-06-30": "-2.45290", "2016-06-30": "4.16410", "2015-06-30": "7.22440", "2014-06-30": "-1.56030", "2013-06-30": "4.92460", "2012-06-30": "-9.34260", "2011-06-30": "2.27680", "2010-06-30": ""}, "Book Value Per Share": {"2020-06-30": "4.22010", "2019-06-30": "6.09040", "2018-06-30": "11.79590", "2017-06-30": "12.45850", "2016-06-30": "1.08900", "2015-06-30": "2.72920", "2014-06-30": "2.41420", "2013-06-30": "3.93360", "2012-06-30": "2.27600", "2011-06-30": "3.71190", "2010-06-30": ""}, "Operating Cash Flow Per Share": {"2020-06-30": -0.9185, "2019-06-30": 0.2996, "2018-06-30": -0.6266, "2017-06-30": -0.2372, "2016-06-30": -0.0347, "2015-06-30": 0.0447, "2014-06-30": 0.2353, "2013-06-30": -0.4096, "2012-06-30": 0.3487, "2011-06-30": -0.5318, "2010-06-30": 1.763}, "Free Cash Flow Per Share": {"2020-06-30": -0.7199, "2019-06-30": 0.2959, "2018-06-30": -0.518, "2017-06-30": -0.5508, "2016-06-30": 0.0542, "2015-06-30": 0.1335, "2014-06-30": 0.1424, "2013-06-30": -0.3671, "2012-06-30": 0.1219, "2011-06-30": -0.4642, "2010-06-30": 1.4536}}, "financial ratios, quarterly": {"Current Ratio": {"2020-09-30": "1.89670", "2020-06-30": "1.81140", "2020-03-31": "1.19030", "2019-12-31": "0.86050", "2019-09-30": "0.96770", "2019-06-30": "0.94120", "2019-03-31": "0.95070", "2018-12-31": "0.96100", "2018-09-30": "0.98650", "2018-06-30": "0.90280", "2018-03-31": "0.99210", "2017-12-31": "0.93340", "2017-09-30": "1.07620", "2017-06-30": "0.94160", "2017-03-31": "1.15000", "2016-12-31": "1.24590", "2016-09-30": "1.11940", "2016-06-30": "1.04480", "2016-03-31": "1.09760", "2015-12-31": "1.13290", "2015-09-30": "1.20790", "2015-06-30": "1.21640", "2015-03-31": "1.94290", "2014-12-31": "1.22260", "2014-09-30": "1.15580", "2014-06-30": "1.74340", "2014-03-31": "1.79040", "2013-12-31": "1.65460", "2013-09-30": "1.66320", "2013-06-30": "1.65180", "2013-03-31": "1.46650", "2012-12-31": "", "2012-09-30": "", "2012-06-30": "", "2012-03-31": "", "2011-06-30": "", "2010-06-30": ""}, "Long-term Debt / Capital": {"2020-09-30": "0.70370", "2020-06-30": "0.70970", "2020-03-31": "0.69840", "2019-12-31": "0.61750", "2019-09-30": "0.62540", "2019-06-30": "0.61920", "2019-03-31": "0.49960", "2018-12-31": "0.49830", "2018-09-30": "0.47490", "2018-06-30": "0.45210", "2018-03-31": "0.44540", "2017-12-31": "0.43110", "2017-09-30": "0.44380", "2017-06-30": "0.42650", "2017-03-31": "0.41770", "2016-12-31": "0.39140", "2016-09-30": "0.94060", "2016-06-30": "0.91470", "2016-03-31": "0.89780", "2015-12-31": "0.89490", "2015-09-30": "0.75490", "2015-06-30": "0.72580", "2015-03-31": "0.87050", "2014-12-31": "0.80340", "2014-09-30": "0.78490", "2014-06-30": "0.79230", "2014-03-31": "0.66140", "2013-12-31": "0.60270", "2013-09-30": "0.62090", "2013-06-30": "0.63180", "2013-03-31": "0.69350", "2012-12-31": "", "2012-09-30": "", "2012-06-30": "", "2012-03-31": "", "2011-06-30": "", "2010-06-30": ""}, "Debt/Equity Ratio": {"2020-09-30": "2.43170", "2020-06-30": "2.50260", "2020-03-31": "2.36250", "2019-12-31": "1.65610", "2019-09-30": "1.71110", "2019-06-30": "1.66840", "2019-03-31": "1.02470", "2018-12-31": "1.02700", "2018-09-30": "0.92770", "2018-06-30": "0.84970", "2018-03-31": "0.82740", "2017-12-31": "0.78930", "2017-09-30": "0.82140", "2017-06-30": "0.76600", "2017-03-31": "0.73750", "2016-12-31": "0.66210", "2016-09-30": "16.41110", "2016-06-30": "11.16370", "2016-03-31": "9.07800", "2015-12-31": "8.71840", "2015-09-30": "3.12610", "2015-06-30": "2.67560", "2015-03-31": "6.78730", "2014-12-31": "5.12660", "2014-09-30": "4.62430", "2014-06-30": "3.85480", "2014-03-31": "1.96020", "2013-12-31": "1.53380", "2013-09-30": "1.65800", "2013-06-30": "1.74220", "2013-03-31": "2.30140", "2012-12-31": "", "2012-09-30": "", "2012-06-30": "", "2012-03-31": "", "2011-06-30": "", "2010-06-30": ""}, "Gross Margin": {"2020-09-30": "58.64250", "2020-06-30": "40.00710", "2020-03-31": "59.61390", "2019-12-31": "63.35610", "2019-09-30": "60.18280", "2019-06-30": "60.93480", "2019-03-31": "62.76500", "2018-12-31": "61.90270", "2018-09-30": "60.16840", "2018-06-30": "102.64770", "2018-03-31": "63.45440", "2017-12-31": "61.14270", "2017-09-30": "60.94360", "2017-06-30": "60.95570", "2017-03-31": "59.83960", "2016-12-31": "61.14860", "2016-09-30": "58.82250", "2016-06-30": "56.71250", "2016-03-31": "61.18650", "2015-12-31": "61.36310", "2015-09-30": "60.10970", "2015-06-30": "59.38200", "2015-03-31": "62.32600", "2014-12-31": "59.59830", "2014-09-30": "59.21510", "2014-06-30": "56.90830", "2014-03-31": "60.78120", "2013-12-31": "58.48700", "2013-09-30": "59.93890", "2013-06-30": "58.59460", "2013-03-31": "61.65180", "2012-12-31": "59.19540", "2012-09-30": "60.72870", "2012-06-30": "", "2012-03-31": "", "2011-06-30": "", "2010-06-30": ""}, "Operating Margin": {"2020-09-30": "-5.87140", "2020-06-30": "-164.25770", "2020-03-31": "-16.93720", "2019-12-31": "1.50960", "2019-09-30": "4.53510", "2019-06-30": "-182.20690", "2019-03-31": "4.29520", "2018-12-31": "-32.04050", "2018-09-30": "-1.01900", "2018-06-30": "148.32540", "2018-03-31": "0.93130", "2017-12-31": "6.64240", "2017-09-30": "1.31800", "2017-06-30": "-11.69410", "2017-03-31": "-9.47300", "2016-12-31": "-0.55300", "2016-09-30": "4.29550", "2016-06-30": "-0.26960", "2016-03-31": "2.41930", "2015-12-31": "12.58980", "2015-09-30": "7.34510", "2015-06-30": "-2.29520", "2015-03-31": "12.28310", "2014-12-31": "14.58400", "2014-09-30": "10.15820", "2014-06-30": "-1.09450", "2014-03-31": "-26.96540", "2013-12-31": "10.84490", "2013-09-30": "14.05530", "2013-06-30": "-2.25730", "2013-03-31": "3.01690", "2012-12-31": "16.11450", "2012-09-30": "13.67570", "2012-06-30": "", "2012-03-31": "", "2011-06-30": "", "2010-06-30": ""}, "EBIT Margin": {"2020-09-30": "-5.87140", "2020-06-30": "-164.25770", "2020-03-31": "-16.93720", "2019-12-31": "1.50960", "2019-09-30": "4.53510", "2019-06-30": "-182.20690", "2019-03-31": "4.29520", "2018-12-31": "-32.04050", "2018-09-30": "-1.01900", "2018-06-30": "148.32530", "2018-03-31": "0.93130", "2017-12-31": "6.64240", "2017-09-30": "1.31800", "2017-06-30": "-11.69410", "2017-03-31": "-9.47300", "2016-12-31": "-0.55300", "2016-09-30": "4.29550", "2016-06-30": "-0.26960", "2016-03-31": "2.41930", "2015-12-31": "12.58980", "2015-09-30": "7.34510", "2015-06-30": "-2.29520", "2015-03-31": "12.28310", "2014-12-31": "14.58400", "2014-09-30": "10.15820", "2014-06-30": "-1.09450", "2014-03-31": "-26.96540", "2013-12-31": "10.84490", "2013-09-30": "14.05530", "2013-06-30": "-2.25730", "2013-03-31": "3.01690", "2012-12-31": "16.11450", "2012-09-30": "13.67570", "2012-06-30": "", "2012-03-31": "", "2011-06-30": "", "2010-06-30": ""}, "EBITDA Margin": {"2020-09-30": "", "2020-06-30": "", "2020-03-31": "", "2019-12-31": "", "2019-09-30": "", "2019-06-30": "", "2019-03-31": "", "2018-12-31": "", "2018-09-30": "", "2018-06-30": "", "2018-03-31": "", "2017-12-31": "", "2017-09-30": "", "2017-06-30": "", "2017-03-31": "", "2016-12-31": "", "2016-09-30": "", "2016-06-30": "", "2016-03-31": "", "2015-12-31": "", "2015-09-30": "", "2015-06-30": "", "2015-03-31": "", "2014-12-31": "", "2014-09-30": "", "2014-06-30": "", "2014-03-31": "", "2013-12-31": "", "2013-09-30": "", "2013-06-30": "", "2013-03-31": "", "2012-12-31": "", "2012-09-30": "", "2012-06-30": "", "2012-03-31": "", "2011-06-30": "", "2010-06-30": ""}, "Pre-Tax Profit Margin": {"2020-09-30": "-10.87980", "2020-06-30": "-171.71660", "2020-03-31": "-21.78670", "2019-12-31": "-1.57780", "2019-09-30": "-0.09920", "2019-06-30": "-186.38300", "2019-03-31": "-0.20090", "2018-12-31": "-34.95140", "2018-09-30": "-4.30760", "2018-06-30": "158.91710", "2018-03-31": "-2.50600", "2017-12-31": "4.19700", "2017-09-30": "-1.84960", "2017-06-30": "-15.16530", "2017-03-31": "-12.44030", "2016-12-31": "-3.04790", "2016-09-30": "0.43510", "2016-06-30": "-2.70550", "2016-03-31": "-0.91510", "2015-12-31": "9.13670", "2015-09-30": "5.93370", "2015-06-30": "-3.95290", "2015-03-31": "10.45190", "2014-12-31": "13.04380", "2014-09-30": "0.98960", "2014-06-30": "-3.08210", "2014-03-31": "-28.47230", "2013-12-31": "9.58280", "2013-09-30": "12.59550", "2013-06-30": "-4.22180", "2013-03-31": "1.01230", "2012-12-31": "14.79520", "2012-09-30": "12.29910", "2012-06-30": "", "2012-03-31": "", "2011-06-30": "", "2010-06-30": ""}, "Net Profit Margin": {"2020-09-30": "17.84540", "2020-06-30": "-124.23270", "2020-03-31": "-17.77490", "2019-12-31": "-0.89980", "2019-09-30": "3.70610", "2019-06-30": "-184.76960", "2019-03-31": "-0.60790", "2018-12-31": "-38.25260", "2018-09-30": "-0.59570", "2018-06-30": "70.59950", "2018-03-31": "-3.46430", "2017-12-31": "4.14010", "2017-09-30": "-0.88010", "2017-06-30": "-13.59930", "2017-03-31": "-8.08030", "2016-12-31": "2.03770", "2016-09-30": "", "2016-06-30": "-2.88210", "2016-03-31": "-2.81900", "2015-12-31": "7.35230", "2015-09-30": "11.30090", "2015-06-30": "2.05980", "2015-03-31": "8.08520", "2014-12-31": "9.95550", "2014-09-30": "0.89660", "2014-06-30": "-1.92990", "2014-03-31": "-25.11150", "2013-12-31": "6.23490", "2013-09-30": "7.93580", "2013-06-30": "-5.88400", "2013-03-31": "2.04470", "2012-12-31": "8.93080", "2012-09-30": "7.14700", "2012-06-30": "", "2012-03-31": "", "2011-06-30": "", "2010-06-30": ""}, "Asset Turnover": {"2020-09-30": "0.06320", "2020-06-30": "0.03350", "2020-03-31": "0.08350", "2019-12-31": "0.13510", "2019-09-30": "0.08170", "2019-06-30": "0.08500", "2019-03-31": "0.09590", "2018-12-31": "0.11810", "2018-09-30": "0.08990", "2018-06-30": "-0.01130", "2018-03-31": "0.09350", "2017-12-31": "0.11250", "2017-09-30": "0.09500", "2017-06-30": "0.09940", "2017-03-31": "0.08920", "2016-12-31": "0.10490", "2016-09-30": "0.15020", "2016-06-30": "0.15290", "2016-03-31": "0.13530", "2015-12-31": "0.18590", "2015-09-30": "0.18070", "2015-06-30": "0.16940", "2015-03-31": "0.15290", "2014-12-31": "0.19710", "2014-09-30": "0.18400", "2014-06-30": "0.15800", "2014-03-31": "0.15500", "2013-12-31": "0.19260", "2013-09-30": "0.17510", "2013-06-30": "0.16360", "2013-03-31": "0.15770", "2012-12-31": "", "2012-09-30": "", "2012-06-30": "", "2012-03-31": "", "2011-06-30": "", "2010-06-30": ""}, "Inventory Turnover Ratio": {"2020-09-30": "0.63890", "2020-06-30": "0.49570", "2020-03-31": "0.64290", "2019-12-31": "0.84590", "2019-09-30": "0.48830", "2019-06-30": "0.68410", "2019-03-31": "0.62630", "2018-12-31": "0.82150", "2018-09-30": "0.64670", "2018-06-30": "0.00590", "2018-03-31": "0.64550", "2017-12-31": "0.88710", "2017-09-30": "0.74590", "2017-06-30": "0.83140", "2017-03-31": "0.78900", "2016-12-31": "0.87930", "2016-09-30": "0.72130", "2016-06-30": "0.82290", "2016-03-31": "0.63720", "2015-12-31": "0.92450", "2015-09-30": "0.75730", "2015-06-30": "0.74240", "2015-03-31": "0.68520", "2014-12-31": "0.96620", "2014-09-30": "0.75500", "2014-06-30": "0.72690", "2014-03-31": "0.67180", "2013-12-31": "0.98110", "2013-09-30": "0.71010", "2013-06-30": "0.72080", "2013-03-31": "0.62670", "2012-12-31": "", "2012-09-30": "", "2012-06-30": "", "2012-03-31": "", "2011-06-30": "", "2010-06-30": ""}, "Receiveable Turnover": {"2020-09-30": "2.15470", "2020-06-30": "1.27330", "2020-03-31": "1.81000", "2019-12-31": "2.11260", "2019-09-30": "1.36140", "2019-06-30": "1.75360", "2019-03-31": "1.64300", "2018-12-31": "1.62780", "2018-09-30": "1.36840", "2018-06-30": "-0.16720", "2018-03-31": "1.42900", "2017-12-31": "1.51250", "2017-09-30": "1.39070", "2017-06-30": "1.52440", "2017-03-31": "1.47160", "2016-12-31": "1.58360", "2016-09-30": "1.40560", "2016-06-30": "1.57500", "2016-03-31": "1.43720", "2015-12-31": "1.73620", "2015-09-30": "1.43910", "2015-06-30": "1.50010", "2015-03-31": "1.52960", "2014-12-31": "1.70980", "2014-09-30": "1.46810", "2014-06-30": "1.56660", "2014-03-31": "1.51730", "2013-12-31": "1.69860", "2013-09-30": "1.49200", "2013-06-30": "1.70030", "2013-03-31": "1.60790", "2012-12-31": "", "2012-09-30": "", "2012-06-30": "", "2012-03-31": "", "2011-06-30": "", "2010-06-30": ""}, "Days Sales In Receivables": {"2020-09-30": "41.76940", "2020-06-30": "70.67990", "2020-03-31": "49.72380", "2019-12-31": "42.60130", "2019-09-30": "66.10970", "2019-06-30": "51.32190", "2019-03-31": "54.77950", "2018-12-31": "55.28950", "2018-09-30": "65.76870", "2018-06-30": "-538.31660", "2018-03-31": "62.98020", "2017-12-31": "59.50520", "2017-09-30": "64.71650", "2017-06-30": "59.04030", "2017-03-31": "61.15890", "2016-12-31": "56.83240", "2016-09-30": "64.02980", "2016-06-30": "57.14110", "2016-03-31": "62.62230", "2015-12-31": "51.83640", "2015-09-30": "62.53800", "2015-06-30": "59.99410", "2015-03-31": "58.84020", "2014-12-31": "52.63810", "2014-09-30": "61.30170", "2014-06-30": "57.44790", "2014-03-31": "59.31600", "2013-12-31": "52.98520", "2013-09-30": "60.32340", "2013-06-30": "52.93070", "2013-03-31": "55.97370", "2012-12-31": "", "2012-09-30": "", "2012-06-30": "", "2012-03-31": "", "2011-06-30": "", "2010-06-30": ""}, "ROE - Return On Equity": {"2020-09-30": "3.57890", "2020-06-30": "-21.72940", "2020-03-31": "-6.67490", "2019-12-31": "-0.36590", "2019-09-30": "0.37630", "2019-06-30": "-60.59040", "2019-03-31": "-0.05330", "2018-12-31": "-12.56030", "2018-09-30": "-0.11730", "2018-06-30": "-4.57020", "2018-03-31": "-0.63270", "2017-12-31": "1.25790", "2017-09-30": "-0.17030", "2017-06-30": "-3.23040", "2017-03-31": "-1.65510", "2016-12-31": "0.53110", "2016-09-30": "3.68280", "2016-06-30": "-8.49900", "2016-03-31": "-4.46150", "2015-12-31": "23.27130", "2015-09-30": "14.89980", "2015-06-30": "2.59980", "2015-03-31": "15.55640", "2014-12-31": "20.31020", "2014-09-30": "2.38500", "2014-06-30": "-1.49810", "2014-03-31": "-17.61640", "2013-12-31": "5.47290", "2013-09-30": "6.45080", "2013-06-30": "-3.72260", "2013-03-31": "2.71600", "2012-12-31": "", "2012-09-30": "", "2012-06-30": "", "2012-03-31": "", "2011-06-30": "", "2010-06-30": ""}, "Return On Tangible Equity": {"2020-09-30": "-2.44150", "2020-06-30": "13.71060", "2020-03-31": "3.14640", "2019-12-31": "0.21790", "2019-09-30": "-0.22650", "2019-06-30": "67.80280", "2019-03-31": "0.05060", "2018-12-31": "11.97530", "2018-09-30": "0.12350", "2018-06-30": "5.03590", "2018-03-31": "0.73880", "2017-12-31": "-1.48490", "2017-09-30": "0.20700", "2017-06-30": "3.92800", "2017-03-31": "2.13960", "2016-12-31": "-0.81450", "2016-09-30": "-0.24720", "2016-06-30": "0.80090", "2016-03-31": "0.53440", "2015-12-31": "-3.28860", "2015-09-30": "-5.27340", "2015-06-30": "-1.04080", "2015-03-31": "-3.24710", "2014-12-31": "-5.55760", "2014-09-30": "-0.68750", "2014-06-30": "0.55040", "2014-03-31": "13.70330", "2013-12-31": "-5.16420", "2013-09-30": "-5.28900", "2013-06-30": "2.82400", "2013-03-31": "-1.24080", "2012-12-31": "", "2012-09-30": "", "2012-06-30": "", "2012-03-31": "", "2011-06-30": "", "2010-06-30": ""}, "ROA - Return On Assets": {"2020-09-30": "0.68950", "2020-06-30": "-4.19400", "2020-03-31": "-1.44400", "2019-12-31": "-0.09450", "2019-09-30": "0.09720", "2019-06-30": "-15.71490", "2019-03-31": "-0.01930", "2018-12-31": "-4.49440", "2018-09-30": "-0.04470", "2018-06-30": "-1.78830", "2018-03-31": "-0.25290", "2017-12-31": "0.50590", "2017-09-30": "-0.06830", "2017-06-30": "-1.33490", "2017-03-31": "-0.69990", "2016-12-31": "0.23800", "2016-09-30": "0.13620", "2016-06-30": "-0.44350", "2016-03-31": "-0.28900", "2015-12-31": "1.49880", "2015-09-30": "2.16180", "2015-06-30": "0.42530", "2015-03-31": "1.34580", "2014-12-31": "2.11130", "2014-09-30": "0.25990", "2014-06-30": "-0.19420", "2014-03-31": "-3.79070", "2013-12-31": "1.35540", "2013-09-30": "1.51880", "2013-06-30": "-0.86860", "2013-03-31": "0.47250", "2012-12-31": "", "2012-09-30": "", "2012-06-30": "", "2012-03-31": "", "2011-06-30": "", "2010-06-30": ""}, "ROI - Return On Investment": {"2020-09-30": "1.06050", "2020-06-30": "-6.30880", "2020-03-31": "-2.01320", "2019-12-31": "-0.14000", "2019-09-30": "0.14100", "2019-06-30": "-23.07080", "2019-03-31": "-0.02670", "2018-12-31": "-6.30100", "2018-09-30": "-0.06160", "2018-06-30": "-2.50420", "2018-03-31": "-0.35090", "2017-12-31": "0.71560", "2017-09-30": "-0.09470", "2017-06-30": "-1.85280", "2017-03-31": "-0.96370", "2016-12-31": "0.32320", "2016-09-30": "0.21890", "2016-06-30": "-0.72500", "2016-03-31": "-0.45600", "2015-12-31": "2.44590", "2015-09-30": "3.65270", "2015-06-30": "0.71300", "2015-03-31": "2.01510", "2014-12-31": "3.99380", "2014-09-30": "0.51300", "2014-06-30": "-0.31110", "2014-03-31": "-5.96540", "2013-12-31": "2.17460", "2013-09-30": "2.44530", "2013-06-30": "-1.37080", "2013-03-31": "0.83230", "2012-12-31": "", "2012-09-30": "", "2012-06-30": "", "2012-03-31": "", "2011-06-30": "", "2010-06-30": ""}, "Book Value Per Share": {"2020-09-30": "4.47380", "2020-06-30": "4.22010", "2020-03-31": "5.19080", "2019-12-31": "5.89300", "2019-09-30": "5.89740", "2019-06-30": "6.09040", "2019-03-31": "9.98470", "2018-12-31": "10.13220", "2018-09-30": "11.47190", "2018-06-30": "11.79590", "2018-03-31": "12.65770", "2017-12-31": "12.57470", "2017-09-30": "12.61500", "2017-06-30": "12.45850", "2017-03-31": "12.88200", "2016-12-31": "13.13280", "2016-09-30": "0.79100", "2016-06-30": "1.08900", "2016-03-31": "1.34300", "2015-12-31": "1.24450", "2015-09-30": "2.50580", "2015-06-30": "2.72920", "2015-03-31": "1.53290", "2014-12-31": "1.90810", "2014-09-30": "1.97300", "2014-06-30": "2.41420", "2014-03-31": "3.67370", "2013-12-31": "4.42420", "2013-09-30": "4.12470", "2013-06-30": "3.93360", "2013-03-31": "2.87590", "2012-12-31": "", "2012-09-30": "", "2012-06-30": "", "2012-03-31": "", "2011-06-30": "", "2010-06-30": ""}, "Operating Cash Flow Per Share": {"2020-09-30": "0.04650", "2020-06-30": -0.3355, "2020-03-31": -0.3406, "2019-12-31": 0.5568, "2019-09-30": "0.05260", "2019-06-30": 0.2503, "2019-03-31": 0.2842, "2018-12-31": 0.4256, "2018-09-30": "-0.10910", "2018-06-30": 0.3, "2018-03-31": -0.1571, "2017-12-31": 0.4208, "2017-09-30": "-0.01190", "2017-06-30": 0.2327, "2017-03-31": 0.064, "2016-12-31": 0.9263, "2016-09-30": "-0.04460", "2016-06-30": 0.0978, "2016-03-31": -0.1417, "2015-12-31": 1.144, "2015-09-30": "0.31550", "2015-06-30": 0.3562, "2015-03-31": 0.1151, "2014-12-31": 0.9071, "2014-09-30": "0.07190", "2014-06-30": 0.2517, "2014-03-31": 0.0166, "2013-12-31": 0.8801, "2013-09-30": "0.25720", "2013-06-30": 0.2565, "2013-03-31": 0.1715, "2012-12-31": 0.8047, "2012-09-30": "-0.06240", "2012-06-30": 0, "2012-03-31": 0, "2011-06-30": 0, "2010-06-30": 0}, "Free Cash Flow Per Share": {"2020-09-30": "-0.03090", "2020-06-30": -0.414, "2020-03-31": -0.4204, "2019-12-31": 0.4795, "2019-09-30": "-0.06130", "2019-06-30": 0.1399, "2019-03-31": 0.1901, "2018-12-31": 0.2582, "2018-09-30": "-0.28700", "2018-06-30": 0.1739, "2018-03-31": -0.2726, "2017-12-31": 0.261, "2017-09-30": "-0.15680", "2017-06-30": -0.0027, "2017-03-31": -0.0921, "2016-12-31": 0.921, "2016-09-30": "-0.30270", "2016-06-30": 0.0971, "2016-03-31": -0.2613, "2015-12-31": 1.0379, "2015-09-30": "0.20060", "2015-06-30": 0.2659, "2015-03-31": 0.0203, "2014-12-31": 0.8261, "2014-09-30": "-0.09220", "2014-06-30": 0.1619, "2014-03-31": -0.1174, "2013-12-31": 0.7516, "2013-09-30": "0.09050", "2013-06-30": 0.1543, "2013-03-31": 0.0485, "2012-12-31": 0.7554, "2012-09-30": "-0.21400", "2012-06-30": 0, "2012-03-31": 0, "2011-06-30": 0, "2010-06-30": 0}}, "revenue": {"Coty Annual Revenue (Millions of US $)": {"2020": "$4,718", "2019": "$6,288", "2018": "$6,842", "2017": "$7,650", "2016": "$4,349", "2015": "$4,395", "2014": "$4,552", "2013": "$4,649", "2012": "$4,611", "2011": "$4,086", "2010": "$3,483"}, "Coty Quarterly Revenue (Millions of US $)": {"2020-09-30": "$1,124", "2020-06-30": "$560", "2020-03-31": "$1,528", "2019-12-31": "$2,345", "2019-09-30": "$1,411", "2019-06-30": "$1,506", "2019-03-31": "$1,991", "2018-12-31": "$2,511", "2018-09-30": "$2,031", "2018-06-30": "$-257", "2018-03-31": "$2,223", "2017-12-31": "$2,638", "2017-09-30": "$2,238", "2017-06-30": "$2,241", "2017-03-31": "$2,032", "2016-12-31": "$2,297", "2016-09-30": "$1,080", "2016-06-30": "$1,076", "2016-03-31": "$951", "2015-12-31": "$1,211", "2015-09-30": "$1,112", "2015-06-30": "$1,020", "2015-03-31": "$934", "2014-12-31": "$1,260", "2014-09-30": "$1,182", "2014-06-30": "$1,042", "2014-03-31": "$1,009", "2013-12-31": "$1,323", "2013-09-30": "$1,178", "2013-06-30": "$1,059", "2013-03-31": "$998", "2012-12-31": "$1,380", "2012-09-30": "$1,213", "2012-06-30": "", "2012-03-31": "", "2011-06-30": "", "2010-06-30": ""}}, "gross-profit": {"Coty Annual Gross Profit (Millions of US $)": {"2020": "$2,727", "2019": "$3,789", "2018": "$4,124", "2017": "$4,622", "2016": "$2,603", "2015": "$2,638", "2014": "$2,686", "2013": "$2,789", "2012": "$2,787", "2011": "$2,446", "2010": "$2,010"}, "Coty Quarterly Gross Profit (Millions of US $)": {"2020-09-30": "$659", "2020-06-30": "$224", "2020-03-31": "$911", "2019-12-31": "$1,486", "2019-09-30": "$849", "2019-06-30": "$918", "2019-03-31": "$1,249", "2018-12-31": "$1,555", "2018-09-30": "$1,222", "2018-06-30": "$-264", "2018-03-31": "$1,410", "2017-12-31": "$1,613", "2017-09-30": "$1,364", "2017-06-30": "$1,366", "2017-03-31": "$1,216", "2016-12-31": "$1,404", "2016-09-30": "$635", "2016-06-30": "$610", "2016-03-31": "$582", "2015-12-31": "$743", "2015-09-30": "$669", "2015-06-30": "$605", "2015-03-31": "$582", "2014-12-31": "$751", "2014-09-30": "$700", "2014-06-30": "$593", "2014-03-31": "$613", "2013-12-31": "$774", "2013-09-30": "$706", "2013-06-30": "$620", "2013-03-31": "$615", "2012-12-31": "$817", "2012-09-30": "$737", "2012-06-30": "", "2012-03-31": "", "2011-06-30": "", "2010-06-30": ""}}, "operating-income": {"Coty Annual Operating Income (Millions of US $)": {"2020": "$-1,237", "2019": "$-3,688", "2018": "$-156", "2017": "$-421", "2016": "$254", "2015": "$395", "2014": "$26", "2013": "$394", "2012": "$-210", "2011": "$281", "2010": "$185"}, "Coty Quarterly Operating Income (Millions of US $)": {"2020-09-30": "$-66", "2020-06-30": "$-921", "2020-03-31": "$-259", "2019-12-31": "$35", "2019-09-30": "$64", "2019-06-30": "$-2,744", "2019-03-31": "$86", "2018-12-31": "$-805", "2018-09-30": "$-21", "2018-06-30": "$-381", "2018-03-31": "$21", "2017-12-31": "$175", "2017-09-30": "$30", "2017-06-30": "$-262", "2017-03-31": "$-193", "2016-12-31": "$-13", "2016-09-30": "$46", "2016-06-30": "$-3", "2016-03-31": "$23", "2015-12-31": "$152", "2015-09-30": "$82", "2015-06-30": "$-23", "2015-03-31": "$115", "2014-12-31": "$184", "2014-09-30": "$120", "2014-06-30": "$-11", "2014-03-31": "$-272", "2013-12-31": "$144", "2013-09-30": "$166", "2013-06-30": "$-24", "2013-03-31": "$30", "2012-12-31": "$222", "2012-09-30": "$166", "2012-06-30": "", "2012-03-31": "", "2011-06-30": "", "2010-06-30": ""}}, "ebitda": {"Coty Annual EBITDA (Millions of US $)": {"2020": "$-520", "2019": "$-2,952", "2018": "$582", "2017": "$134", "2016": "$486", "2015": "$626", "2014": "$276", "2013": "$654", "2012": "$37", "2011": "$494", "2010": "$384"}, "Coty Quarterly EBITDA (Millions of US $)": {"2020-09-30": "$80", "2020-06-30": "$-752", "2020-03-31": "$-68", "2019-12-31": "$214", "2019-09-30": "$243", "2019-06-30": "$-2,559", "2019-03-31": "$268", "2018-12-31": "$-623", "2018-09-30": "$165", "2018-06-30": "$-187", "2018-03-31": "$214", "2017-12-31": "$357", "2017-09-30": "$198", "2017-06-30": "$-122", "2017-03-31": "$-8", "2016-12-31": "$158", "2016-09-30": "$106", "2016-06-30": "$58", "2016-03-31": "$81", "2015-12-31": "$208", "2015-09-30": "$139", "2015-06-30": "$35", "2015-03-31": "$171", "2014-12-31": "$242", "2014-09-30": "$179", "2014-06-30": "$51", "2014-03-31": "$-210", "2013-12-31": "$205", "2013-09-30": "$230", "2013-06-30": "$45", "2013-03-31": "$96", "2012-12-31": "$286", "2012-09-30": "$227", "2012-06-30": "", "2012-03-31": "", "2011-06-30": "", "2010-06-30": ""}}, "net-income": {"Coty Annual Net Income (Millions of US $)": {"2020": "$-1,013", "2019": "$-3,784", "2018": "$-169", "2017": "$-422", "2016": "$157", "2015": "$233", "2014": "$-97", "2013": "$168", "2012": "$-324", "2011": "$62", "2010": "$62"}, "Coty Quarterly Net Income (Millions of US $)": {"2020-09-30": "$201", "2020-06-30": "$-696", "2020-03-31": "$-272", "2019-12-31": "$-21", "2019-09-30": "$52", "2019-06-30": "$-2,783", "2019-03-31": "$-12", "2018-12-31": "$-961", "2018-09-30": "$-12", "2018-06-30": "$-181", "2018-03-31": "$-77", "2017-12-31": "$109", "2017-09-30": "$-20", "2017-06-30": "$-305", "2017-03-31": "$-164", "2016-12-31": "$47", "2016-09-30": "", "2016-06-30": "$-31", "2016-03-31": "$-27", "2015-12-31": "$89", "2015-09-30": "$126", "2015-06-30": "$21", "2015-03-31": "$76", "2014-12-31": "$125", "2014-09-30": "$11", "2014-06-30": "$-20", "2014-03-31": "$-253", "2013-12-31": "$83", "2013-09-30": "$94", "2013-06-30": "$-62", "2013-03-31": "$20", "2012-12-31": "$123", "2012-09-30": "$87", "2012-06-30": "", "2012-03-31": "", "2011-06-30": "", "2010-06-30": ""}}, "eps-earnings-per-share-diluted": {"Coty Annual EPS": {"2020": "$-1.33", "2019": "$-5.04", "2018": "$-0.23", "2017": "$-0.66", "2016": "$0.44", "2015": "$0.64", "2014": "$-0.26", "2013": "$0.42", "2012": "$-0.87", "2011": "$0.18", "2010": "$0.22"}, "Coty Quarterly EPS": {"2020-09-30": "$0.24", "2020-06-30": "$-1.01", "2020-03-31": "$-0.36", "2019-12-31": "$-0.03", "2019-09-30": "$0.07", "2019-06-30": "$-3.72", "2019-03-31": "$-0.02", "2018-12-31": "$-1.28", "2018-09-30": "$-0.02", "2018-06-30": "$-0.25", "2018-03-31": "$-0.10", "2017-12-31": "$0.15", "2017-09-30": "$-0.03", "2017-06-30": "$-0.50", "2017-03-31": "$-0.22", "2016-12-31": "$0.06", "2016-09-30": "$0.00", "2016-06-30": "$-0.07", "2016-03-31": "$-0.08", "2015-12-31": "$0.25", "2015-09-30": "$0.34", "2015-06-30": "$0.05", "2015-03-31": "$0.21", "2014-12-31": "$0.35", "2014-09-30": "$0.03", "2014-06-30": "$-0.05", "2014-03-31": "$-0.66", "2013-12-31": "$0.21", "2013-09-30": "$0.24", "2013-06-30": "$-0.16", "2013-03-31": "$0.05", "2012-12-31": "$0.31", "2012-09-30": "$0.22", "2012-06-30": "$0.00", "2012-03-31": "$0.00", "2011-06-30": "$0.00", "2010-06-30": "$0.00"}}, "shares-outstanding": {"Coty Annual Shares Outstanding (Millions of Shares)": {"2020": "759", "2019": "751", "2018": "750", "2017": "643", "2016": "354", "2015": "363", "2014": "382", "2013": "396", "2012": "373", "2011": "339", "2010": "280"}, "Coty Quarterly Shares Outstanding (Millions of Shares)": {"2020-09-30": "917", "2020-06-30": "763", "2020-03-31": "761", "2019-12-31": "758", "2019-09-30": "759", "2019-06-30": "752", "2019-03-31": "751", "2018-12-31": "751", "2018-09-30": "751", "2018-06-30": "750", "2018-03-31": "750", "2017-12-31": "753", "2017-09-30": "749", "2017-06-30": "643", "2017-03-31": "747", "2016-12-31": "752", "2016-09-30": "336", "2016-06-30": "354", "2016-03-31": "338", "2015-12-31": "354", "2015-09-30": "370", "2015-06-30": "363", "2015-03-31": "355", "2014-12-31": "363", "2014-09-30": "364", "2014-06-30": "382", "2014-03-31": "384", "2013-12-31": "393", "2013-09-30": "394", "2013-06-30": "396", "2013-03-31": "397", "2012-12-31": "398", "2012-09-30": "396", "2012-06-30": "", "2012-03-31": "", "2011-06-30": "", "2010-06-30": ""}}, "total-assets": {"Coty Annual Total Assets (Millions of US $)": {"2020": "$16,729", "2019": "$17,710", "2018": "$22,630", "2017": "$22,548", "2016": "$7,036", "2015": "$6,019", "2014": "$6,593", "2013": "$6,470", "2012": "$6,183", "2011": "$6,814", "2010": "$0"}, "Coty Quarterly Total Assets (Millions of US $)": {"2020-09-30": "$17,780", "2020-06-30": "$16,729", "2020-03-31": "$18,310", "2019-12-31": "$17,361", "2019-09-30": "$17,284", "2019-06-30": "$17,710", "2019-03-31": "$20,757", "2018-12-31": "$21,271", "2018-09-30": "$22,593", "2018-06-30": "$22,630", "2018-03-31": "$23,765", "2017-12-31": "$23,446", "2017-09-30": "$23,573", "2017-06-30": "$22,548", "2017-03-31": "$22,773", "2016-12-31": "$21,891", "2016-09-30": "$7,193", "2016-06-30": "$7,036", "2016-03-31": "$7,025", "2015-12-31": "$6,512", "2015-09-30": "$6,157", "2015-06-30": "$6,019", "2015-03-31": "$6,108", "2014-12-31": "$6,389", "2014-09-30": "$6,427", "2014-06-30": "$6,593", "2014-03-31": "$6,508", "2013-12-31": "$6,869", "2013-09-30": "$6,729", "2013-06-30": "$6,470", "2013-03-31": "$6,328", "2012-12-31": "$0", "2012-09-30": "$0", "2012-06-30": "$0", "2012-03-31": "$0", "2011-06-30": "$6,814", "2010-06-30": "$0"}}, "cash-on-hand": {"Coty Annual Cash on Hand (Millions of US $)": {"2020": "$352", "2019": "$380", "2018": "$362", "2017": "$571", "2016": "$372", "2015": "$341", "2014": "$1,238", "2013": "$920", "2012": "$609", "2011": "$511", "2010": "$"}, "Coty Quarterly Cash on Hand (Millions of US $)": {"2020-09-30": "$575", "2020-06-30": "$352", "2020-03-31": "$1,312", "2019-12-31": "$340", "2019-09-30": "$381", "2019-06-30": "$380", "2019-03-31": "$420", "2018-12-31": "$445", "2018-09-30": "$453", "2018-06-30": "$362", "2018-03-31": "$487", "2017-12-31": "$426", "2017-09-30": "$945", "2017-06-30": "$571", "2017-03-31": "$792", "2016-12-31": "$939", "2016-09-30": "$378", "2016-06-30": "$372", "2016-03-31": "$367", "2015-12-31": "$483", "2015-09-30": "$416", "2015-06-30": "$341", "2015-03-31": "$1,144", "2014-12-31": "$1,203", "2014-09-30": "$1,003", "2014-06-30": "$1,238", "2014-03-31": "$1,147", "2013-12-31": "$1,154", "2013-09-30": "$947", "2013-06-30": "$920", "2013-03-31": "$783", "2012-12-31": "", "2012-09-30": "", "2012-06-30": "", "2012-03-31": "", "2011-06-30": "$511", "2010-06-30": ""}}, "long-term-debt": {"Coty Annual Long Term Debt (Millions of US $)": {"2020": "$7,892", "2019": "$7,470", "2018": "$7,305", "2017": "$6,928", "2016": "$3,936", "2015": "$2,606", "2014": "$3,260", "2013": "$2,590", "2012": "$2,270", "2011": "$2,575", "2010": "$"}, "Coty Quarterly Long Term Debt (Millions of US $)": {"2020-09-30": "$8,135", "2020-06-30": "$7,892", "2020-03-31": "$9,172", "2019-12-31": "$7,234", "2019-09-30": "$7,454", "2019-06-30": "$7,470", "2019-03-31": "$7,491", "2018-12-31": "$7,561", "2018-09-30": "$7,790", "2018-06-30": "$7,305", "2018-03-31": "$7,629", "2017-12-31": "$7,146", "2017-09-30": "$7,542", "2017-06-30": "$6,928", "2017-03-31": "$6,909", "2016-12-31": "$6,308", "2016-09-30": "$4,210", "2016-06-30": "$3,936", "2016-03-31": "$3,997", "2015-12-31": "$3,571", "2015-09-30": "$2,751", "2015-06-30": "$2,606", "2015-03-31": "$3,551", "2014-12-31": "$2,714", "2014-09-30": "$2,555", "2014-06-30": "$3,260", "2014-03-31": "$2,735", "2013-12-31": "$2,580", "2013-09-30": "$2,595", "2013-06-30": "$2,590", "2013-03-31": "$2,491", "2012-12-31": "", "2012-09-30": "", "2012-06-30": "", "2012-03-31": "", "2011-06-30": "$2,575", "2010-06-30": ""}}, "total-liabilities": {"Coty Annual Total Liabilities (Millions of US $)": {"2020": "$13,500", "2019": "$13,117", "2018": "$13,775", "2017": "$13,231", "2016": "$6,669", "2015": "$5,034", "2014": "$5,738", "2013": "$4,960", "2012": "$5,314", "2011": "$5,441", "2010": "$0"}, "Coty Quarterly Total Liabilities (Millions of US $)": {"2020-09-30": "$14,355", "2020-06-30": "$13,500", "2020-03-31": "$14,349", "2019-12-31": "$12,879", "2019-09-30": "$12,819", "2019-06-30": "$13,117", "2019-03-31": "$13,254", "2018-12-31": "$13,659", "2018-09-30": "$13,980", "2018-06-30": "$13,775", "2018-03-31": "$14,265", "2017-12-31": "$14,017", "2017-09-30": "$14,119", "2017-06-30": "$13,231", "2017-03-31": "$13,143", "2016-12-31": "$12,081", "2016-09-30": "$6,927", "2016-06-30": "$6,669", "2016-03-31": "$6,570", "2015-12-31": "$6,092", "2015-09-30": "$5,264", "2015-06-30": "$5,034", "2015-03-31": "$5,580", "2014-12-31": "$5,725", "2014-09-30": "$5,727", "2014-06-30": "$5,738", "2014-03-31": "$5,108", "2013-12-31": "$5,168", "2013-09-30": "$5,145", "2013-06-30": "$4,960", "2013-03-31": "$5,227", "2012-12-31": "$0", "2012-09-30": "$0", "2012-06-30": "", "2012-03-31": "$0", "2011-06-30": "$5,441", "2010-06-30": "$0"}}, "total-share-holder-equity": {"Coty Annual Share Holder Equity (Millions of US $)": {"2020": "$3,229", "2019": "$4,593", "2018": "$8,855", "2017": "$9,318", "2016": "$367", "2015": "$985", "2014": "$854", "2013": "$1,510", "2012": "$869", "2011": "$1,373", "2010": "$0"}, "Coty Quarterly Share Holder Equity (Millions of US $)": {"2020-09-30": "$3,426", "2020-06-30": "$3,229", "2020-03-31": "$3,961", "2019-12-31": "$4,482", "2019-09-30": "$4,464", "2019-06-30": "$4,593", "2019-03-31": "$7,503", "2018-12-31": "$7,611", "2018-09-30": "$8,613", "2018-06-30": "$8,855", "2018-03-31": "$9,500", "2017-12-31": "$9,429", "2017-09-30": "$9,454", "2017-06-30": "$9,318", "2017-03-31": "$9,631", "2016-12-31": "$9,810", "2016-09-30": "$266", "2016-06-30": "$367", "2016-03-31": "$455", "2015-12-31": "$419", "2015-09-30": "$893", "2015-06-30": "$985", "2015-03-31": "$528", "2014-12-31": "$664", "2014-09-30": "$700", "2014-06-30": "$854", "2014-03-31": "$1,400", "2013-12-31": "$1,701", "2013-09-30": "$1,584", "2013-06-30": "$1,510", "2013-03-31": "$1,101", "2012-12-31": "$0", "2012-09-30": "$0", "2012-06-30": "", "2012-03-31": "$0", "2011-06-30": "$1,373", "2010-06-30": "$0"}}, "profit-margins": {"current": "-15.56%"}, "gross margin": {"2020-09-30": "59.02%", "2020-06-30": "59.38%", "2020-03-31": "61.33%", "2019-12-31": "62.07%", "2019-09-30": "61.61%", "2019-06-30": "61.50%", "2019-03-31": "59.94%", "2018-12-31": "60.28%", "2018-09-30": "60.00%", "2018-06-30": "60.26%", "2018-03-31": "61.60%", "2017-12-31": "60.76%", "2017-09-30": "60.74%", "2017-06-30": "60.41%", "2017-03-31": "59.60%", "2016-12-31": "59.79%", "2016-09-30": "59.52%", "2016-06-30": "59.86%", "2016-03-31": "60.53%", "2015-12-31": "60.77%", "2015-09-30": "60.26%", "2015-06-30": "60.01%", "2015-03-31": "59.44%", "2014-12-31": "59.14%", "2014-09-30": "58.82%", "2014-06-30": "59.01%", "2014-03-31": "59.38%", "2013-12-31": "59.57%", "2013-09-30": "59.76%", "2013-06-30": "59.98%"}, "operating margin": {"2020-09-30": "-21.79%", "2020-06-30": "-18.50%", "2020-03-31": "-42.77%", "2019-12-31": "-35.28%", "2019-09-30": "-45.81%", "2019-06-30": "-43.34%", "2019-03-31": "-17.86%", "2018-12-31": "-18.22%", "2018-09-30": "-3.10%", "2018-06-30": "-2.27%", "2018-03-31": "-0.39%", "2017-12-31": "-2.72%", "2017-09-30": "-4.96%", "2017-06-30": "-5.50%", "2017-03-31": "-2.50%", "2016-12-31": "0.98%", "2016-09-30": "5.05%", "2016-06-30": "5.84%", "2016-03-31": "5.45%", "2015-12-31": "7.62%", "2015-09-30": "8.28%", "2015-06-30": "9.01%", "2015-03-31": "9.23%", "2014-12-31": "0.47%", "2014-09-30": "-0.42%", "2014-06-30": "0.59%", "2014-03-31": "0.31%", "2013-12-31": "6.93%", "2013-09-30": "8.54%", "2013-06-30": "8.47%"}, "ebitda margin": {"2020-09-30": "-9.47%", "2020-06-30": "-6.21%", "2020-03-31": "-31.96%", "2019-12-31": "-25.29%", "2019-09-30": "-35.99%", "2019-06-30": "-34.18%", "2019-03-31": "-5.99%", "2018-12-31": "-6.61%", "2018-09-30": "8.27%", "2018-06-30": "8.51%", "2018-03-31": "6.93%", "2017-12-31": "4.65%", "2017-09-30": "2.57%", "2017-06-30": "1.75%", "2017-03-31": "4.84%", "2016-12-31": "7.46%", "2016-09-30": "10.49%", "2016-06-30": "11.17%", "2016-03-31": "10.78%", "2015-12-31": "12.93%", "2015-09-30": "13.57%", "2015-06-30": "14.26%", "2015-03-31": "14.55%", "2014-12-31": "5.83%", "2014-09-30": "4.94%", "2014-06-30": "6.06%", "2014-03-31": "5.91%", "2013-12-31": "12.64%", "2013-09-30": "14.24%", "2013-06-30": "14.06%"}, "pre tax profit margin": {"2020-09-30": "-26.17%", "2020-06-30": "-22.81%", "2020-03-31": "-46.80%", "2019-12-31": "-39.28%", "2019-09-30": "-49.74%", "2019-06-30": "-46.98%", "2019-03-31": "-21.96%", "2018-12-31": "-21.97%", "2018-09-30": "-6.65%", "2018-06-30": "-5.76%", "2018-03-31": "-3.49%", "2017-12-31": "-5.72%", "2017-09-30": "-7.99%", "2017-06-30": "-8.60%", "2017-03-31": "-5.35%", "2016-12-31": "-1.91%", "2016-09-30": "1.81%", "2016-06-30": "3.20%", "2016-03-31": "2.98%", "2015-12-31": "5.49%", "2015-09-30": "6.66%", "2015-06-30": "5.32%", "2015-03-31": "5.48%", "2014-12-31": "-3.18%", "2014-09-30": "-3.95%", "2014-06-30": "-0.97%", "2014-03-31": "-1.25%", "2013-12-31": "5.27%", "2013-09-30": "6.87%", "2013-06-30": "6.84%"}, "net profit margin": {"2020-09-30": "-14.18%", "2020-06-30": "-16.03%", "2020-03-31": "-44.54%", "2019-12-31": "-38.11%", "2019-09-30": "-49.93%", "2019-06-30": "-46.87%", "2019-03-31": "-18.58%", "2018-12-31": "-18.92%", "2018-09-30": "-2.43%", "2018-06-30": "-2.47%", "2018-03-31": "-3.14%", "2017-12-31": "-4.15%", "2017-09-30": "-5.02%", "2017-06-30": "-5.52%", "2017-03-31": "-2.28%", "2016-12-31": "-0.20%", "2016-09-30": "0.72%", "2016-06-30": "3.61%", "2016-03-31": "4.87%", "2015-12-31": "7.29%", "2015-09-30": "8.04%", "2015-06-30": "5.30%", "2015-03-31": "4.35%", "2014-12-31": "-3.05%", "2014-09-30": "-3.93%", "2014-06-30": "-2.11%", "2014-03-31": "-3.02%", "2013-12-31": "2.96%", "2013-09-30": "3.79%", "2013-06-30": "3.61%"}, "pe ratio": {"current": "0.00", "2021-02-05": "0.00", "2020-09-30": "0.00", "2020-06-30": "0.00", "2020-03-31": "0.00", "2019-12-31": "0.00", "2019-09-30": "0.00", "2019-06-30": "0.00", "2019-03-31": "0.00", "2018-12-31": "0.00", "2018-09-30": "0.00", "2018-06-30": "0.00", "2018-03-31": "0.00", "2017-12-31": "0.00", "2017-09-30": "0.00", "2017-06-30": "0.00", "2017-03-31": "0.00", "2016-12-31": "0.00", "2016-09-30": "258.18", "2016-06-30": "53.85", "2016-03-31": "43.25", "2015-12-31": "26.24", "2015-09-30": "24.79", "2015-06-30": "43.05", "2015-03-31": "38.73", "2014-12-31": "0.00", "2014-09-30": "0.00", "2014-06-30": "0.00", "2014-03-31": "0.00"}, "price sales": {"2021-02-05": "1.08", "2020-09-30": "0.38", "2020-06-30": "0.58", "2020-03-31": "0.58", "2019-12-31": "1.16", "2019-09-30": "1.04", "2019-06-30": "1.21", "2019-03-31": "1.32", "2018-12-31": "0.72", "2018-09-30": "1.33", "2018-06-30": "1.43", "2018-03-31": "1.29", "2017-12-31": "1.43", "2017-09-30": "1.22", "2017-06-30": "1.35", "2017-03-31": "1.34", "2016-12-31": "1.34", "2016-09-30": "1.66", "2016-06-30": "1.84", "2016-03-31": "2.01", "2015-12-31": "1.88", "2015-09-30": "1.98", "2015-06-30": "2.27", "2015-03-31": "1.73", "2014-12-31": "1.47", "2014-09-30": "1.19", "2014-06-30": "1.26", "2014-03-31": "1.11"}, "price book": {"current": "1.71", "2021-02-05": "1.71", "2020-09-30": "0.60", "2020-06-30": "1.06", "2020-03-31": "0.99", "2019-12-31": "1.89", "2019-09-30": "1.74", "2019-06-30": "2.13", "2019-03-31": "1.10", "2018-12-31": "0.61", "2018-09-30": "1.02", "2018-06-30": "1.10", "2018-03-31": "1.32", "2017-12-31": "1.44", "2017-09-30": "1.18", "2017-06-30": "1.35", "2017-03-31": "1.25", "2016-12-31": "1.23", "2016-09-30": "26.11", "2016-06-30": "20.77", "2016-03-31": "18.03", "2015-12-31": "17.92", "2015-09-30": "9.40", "2015-06-30": "10.10", "2015-03-31": "13.64", "2014-12-31": "9.33", "2014-09-30": "7.23", "2014-06-30": "6.12", "2014-03-31": "3.51", "2013-12-31": "2.97", "2013-09-30": "3.34", "2013-06-30": "3.72"}, "price fcf": {"2021-02-05": "", "2020-09-30": "$-0.39", "2020-06-30": "$-0.42", "2020-03-31": "$0.14", "2019-12-31": "$0.75", "2019-09-30": "$0.53", "2019-06-30": "$0.30", "2019-03-31": "$0.34", "2018-12-31": "$-0.13", "2018-09-30": "$-0.12", "2018-06-30": "$0.01", "2018-03-31": "$-0.17", "2017-12-31": "$0.01", "2017-09-30": "$0.67", "2017-06-30": "$0.52", "2017-03-31": "$0.62", "2016-12-31": "$0.45", "2016-09-30": "$0.57", "2016-06-30": "$1.07", "2016-03-31": "$1.24", "2015-12-31": "$1.52", "2015-09-30": "$1.31", "2015-06-30": "$1.02", "2015-03-31": "$0.92", "2014-12-31": "$0.78", "2014-09-30": "$0.70", "2014-06-30": "$0.89", "2014-03-31": "$1.47"}, "net worth": {"value": "$5.85B"}, "current ratio": {"current": "1.90", "2020-09-30": "1.90", "2020-06-30": "1.81", "2020-03-31": "1.19", "2019-12-31": "0.86", "2019-09-30": "0.97", "2019-06-30": "0.94", "2019-03-31": "0.95", "2018-12-31": "0.96", "2018-09-30": "0.99", "2018-06-30": "0.90", "2018-03-31": "0.99", "2017-12-31": "0.93", "2017-09-30": "1.08", "2017-06-30": "0.94", "2017-03-31": "1.15", "2016-12-31": "1.25", "2016-09-30": "1.12", "2016-06-30": "1.05", "2016-03-31": "1.10", "2015-12-31": "1.13", "2015-09-30": "1.21", "2015-06-30": "1.22", "2015-03-31": "1.94", "2014-12-31": "1.22", "2014-09-30": "1.16", "2014-06-30": "1.74", "2014-03-31": "1.79", "2013-12-31": "1.66", "2013-09-30": "1.66", "2013-06-30": "1.65", "2013-03-31": "1.47", "2012-12-31": "0.00", "2012-09-30": "0.00", "2012-06-30": "0.00", "2012-03-31": "0.00", "2011-06-30": "1.14", "2010-06-30": "0.00"}, "quick ratio": {"2020-09-30": "1.70", "2020-06-30": "1.62", "2020-03-31": "0.88", "2019-12-31": "0.57", "2019-09-30": "0.61", "2019-06-30": "0.69", "2019-03-31": "0.62", "2018-12-31": "0.66", "2018-09-30": "0.66", "2018-06-30": "0.62", "2018-03-31": "0.67", "2017-12-31": "0.66", "2017-09-30": "0.78", "2017-06-30": "0.67", "2017-03-31": "0.83", "2016-12-31": "0.92", "2016-09-30": "0.79", "2016-06-30": "0.74", "2016-03-31": "0.76", "2015-12-31": "0.84", "2015-09-30": "0.86", "2015-06-30": "0.85", "2015-03-31": "1.54", "2014-12-31": "0.99", "2014-09-30": "0.88", "2014-06-30": "1.36", "2014-03-31": "1.40", "2013-12-31": "1.32", "2013-09-30": "1.25", "2013-06-30": "1.24", "2013-03-31": "1.08", "2012-12-31": "0.00", "2012-09-30": "0.00", "2012-06-30": "0.00", "2012-03-31": "0.00", "2011-06-30": "0.77", "2010-06-30": "0.00"}, "debt equity ratio": {"current": "2.37", "2020-09-30": "4.19", "2020-06-30": "4.18", "2020-03-31": "3.62", "2019-12-31": "2.87", "2019-09-30": "2.87", "2019-06-30": "2.86", "2019-03-31": "1.77", "2018-12-31": "1.80", "2018-09-30": "1.62", "2018-06-30": "1.56", "2018-03-31": "1.50", "2017-12-31": "1.49", "2017-09-30": "1.49", "2017-06-30": "1.42", "2017-03-31": "1.37", "2016-12-31": "1.23", "2016-09-30": "26.03", "2016-06-30": "18.17", "2016-03-31": "14.44", "2015-12-31": "14.53", "2015-09-30": "5.89", "2015-06-30": "5.11", "2015-03-31": "10.56", "2014-12-31": "8.62", "2014-09-30": "8.18", "2014-06-30": "6.72", "2014-03-31": "3.65", "2013-12-31": "3.04", "2013-09-30": "3.25", "2013-06-30": "3.29", "2013-03-31": "4.75", "2012-12-31": "0.00", "2012-09-30": "0.00", "2012-06-30": "0.00", "2012-03-31": "0.00", "2011-06-30": "3.96", "2010-06-30": "0.00"}, "return on equity": {"2020-09-30": "-20.88%", "2020-06-30": "-23.23%", "2020-03-31": "-69.12%", "2019-12-31": "-52.54%", "2019-09-30": "-61.30%", "2019-06-30": "-53.22%", "2019-03-31": "-14.31%", "2018-12-31": "-14.24%", "2018-09-30": "-1.77%", "2018-06-30": "-1.82%", "2018-03-31": "-3.11%", "2017-12-31": "-4.02%", "2017-09-30": "-4.63%", "2017-03-31": "-2.95%", "2016-12-31": "-0.40%", "2016-06-30": "29.43%", "2016-03-31": "30.38%", "2015-12-31": "44.18%", "2015-09-30": "45.34%", "2015-06-30": "32.39%", "2015-03-31": "27.97%", "2014-12-31": "-15.15%", "2014-09-30": "-15.38%", "2014-06-30": "-6.93%", "2014-03-31": "-8.91%", "2013-12-31": "9.16%", "2013-09-30": "16.69%", "2013-06-30": "25.74%"}, "return on assets": {"2020-09-30": "-4.49%", "2020-06-30": "-5.38%", "2020-03-31": "-17.12%", "2019-12-31": "-15.12%", "2019-09-30": "-19.24%", "2019-06-30": "-18.31%", "2019-03-31": "-5.35%", "2018-12-31": "-5.46%", "2018-09-30": "-0.70%", "2018-06-30": "-0.72%", "2018-03-31": "-1.26%", "2017-12-31": "-1.65%", "2017-09-30": "-1.95%", "2017-03-31": "-1.01%", "2016-12-31": "-0.10%", "2016-06-30": "2.35%", "2016-03-31": "3.25%", "2015-12-31": "5.03%", "2015-09-30": "5.64%", "2015-06-30": "3.74%", "2015-03-31": "3.01%", "2014-12-31": "-2.11%", "2014-09-30": "-2.71%", "2014-06-30": "-1.44%", "2014-03-31": "-2.08%", "2013-12-31": "2.05%", "2013-09-30": "3.58%", "2013-06-30": "5.25%"}, "return on investments": {"2020-09-30": "-10.19%", "2020-06-30": "-9.03%", "2020-03-31": "-23.79%", "2019-12-31": "-20.19%", "2019-09-30": "-25.11%", "2019-06-30": "-23.77%", "2019-03-31": "-7.15%", "2018-12-31": "-7.31%", "2018-09-30": "-1.24%", "2018-06-30": "-0.93%", "2018-03-31": "-0.22%", "2017-12-31": "-1.50%", "2017-09-30": "-2.65%", "2017-06-30": "-3.15%", "2017-03-31": "-1.56%", "2016-12-31": "0.72%", "2016-09-30": "5.06%", "2016-06-30": "6.20%", "2016-03-31": "5.97%", "2015-12-31": "8.52%", "2015-09-30": "9.75%", "2015-06-30": "11.07%", "2015-03-31": "11.01%", "2014-12-31": "0.56%", "2014-09-30": "-0.48%", "2014-06-30": "0.65%", "2014-03-31": "0.34%", "2013-12-31": "7.83%", "2013-09-30": "13.27%", "2013-06-30": "20.49%"}, "return on tangible equity": {"2020-09-30": "12.09%", "2020-06-30": "13.17%", "2020-03-31": "44.06%", "2019-12-31": "41.01%", "2019-09-30": "54.05%", "2019-06-30": "53.50%", "2019-03-31": "14.53%", "2018-12-31": "15.23%", "2018-09-30": "1.99%", "2018-06-30": "2.12%", "2018-03-31": "3.71%", "2017-12-31": "4.92%", "2017-09-30": "6.04%", "2017-03-31": "2.73%", "2016-12-31": "0.24%", "2016-06-30": "-4.76%", "2016-03-31": "-7.11%", "2015-12-31": "-11.90%", "2015-09-30": "-14.00%", "2015-06-30": "-9.46%", "2015-03-31": "-7.91%", "2014-12-31": "6.10%", "2014-09-30": "8.57%", "2014-06-30": "4.88%", "2014-03-31": "7.34%", "2013-12-31": "-6.64%", "2013-09-30": "-11.05%", "2013-06-30": "-15.27%"}, "dividend yield history": {"last payout": "$0.00", "last yield": "0.00%"}}