{"ticker": "CPB", "price": {"title": "Campbell Soup Historical Annual Stock Price Data", "value": 46.97, "historical": {"2021": {"Average Stock Price": "47.4029", "Year Open": "48.5300", "Year High": "52.7100", "Year Low": "45.4300", "Year Close": "46.9700", "Annual % Change": "-2.85%"}, "2020": {"Average Stock Price": "48.8524", "Year Open": "48.4900", "Year High": "53.8400", "Year Low": "41.4100", "Year Close": "48.3500", "Annual % Change": "-2.17%"}, "2019": {"Average Stock Price": "41.3644", "Year Open": "32.2600", "Year High": "49.4600", "Year Low": "32.2600", "Year Close": "49.4200", "Annual % Change": "49.80%"}, "2018": {"Average Stock Price": "40.5959", "Year Open": "47.3900", "Year High": "47.7000", "Year Low": "32.9900", "Year Close": "32.9900", "Annual % Change": "-31.43%"}, "2017": {"Average Stock Price": "53.7975", "Year Open": "60.6400", "Year High": "63.8400", "Year Low": "45.1300", "Year Close": "48.1100", "Annual % Change": "-20.44%"}, "2016": {"Average Stock Price": "59.5370", "Year Open": "51.6600", "Year High": "67.5500", "Year Low": "50.8200", "Year Close": "60.4700", "Annual % Change": "15.07%"}, "2015": {"Average Stock Price": "48.3315", "Year Open": "44.0000", "Year High": "53.7200", "Year Low": "43.0400", "Year Close": "52.5500", "Annual % Change": "19.43%"}, "2014": {"Average Stock Price": "43.8692", "Year Open": "43.0400", "Year High": "46.6100", "Year Low": "39.8400", "Year Close": "44.0000", "Annual % Change": "1.66%"}, "2013": {"Average Stock Price": "42.7272", "Year Open": "35.9200", "Year High": "48.1400", "Year Low": "34.9900", "Year Close": "43.2800", "Annual % Change": "24.05%"}, "2012": {"Average Stock Price": "33.7802", "Year Open": "32.9800", "Year High": "36.9500", "Year Low": "31.3300", "Year Close": "34.8900", "Annual % Change": "4.96%"}, "2011": {"Average Stock Price": "33.3085", "Year Open": "34.6900", "Year High": "35.3400", "Year Low": "29.7700", "Year Close": "33.2400", "Annual % Change": "-4.35%"}, "2010": {"Average Stock Price": "35.3183", "Year Open": "33.8700", "Year High": "37.4900", "Year Low": "32.4400", "Year Close": "34.7500", "Annual % Change": "2.81%"}, "2009": {"Average Stock Price": "30.1581", "Year Open": "30.4300", "Year High": "35.5600", "Year Low": "24.8700", "Year Close": "33.8000", "Annual % Change": "12.63%"}, "2008": {"Average Stock Price": "34.4087", "Year Open": "34.9800", "Year High": "40.1500", "Year Low": "27.8000", "Year Close": "30.0100", "Annual % Change": "-16.01%"}, "2007": {"Average Stock Price": "37.8879", "Year Open": "38.8000", "Year High": "42.3900", "Year Low": "34.5300", "Year Close": "35.7300", "Annual % Change": "-8.13%"}, "2006": {"Average Stock Price": "34.8659", "Year Open": "30.0000", "Year High": "39.7600", "Year Low": "29.1000", "Year Close": "38.8900", "Annual % Change": "30.63%"}, "2005": {"Average Stock Price": "29.6987", "Year Open": "29.7100", "Year High": "31.4500", "Year Low": "27.5400", "Year Close": "29.7700", "Annual % Change": "-0.40%"}, "2004": {"Average Stock Price": "26.9437", "Year Open": "26.7100", "Year High": "30.3100", "Year Low": "25.1200", "Year Close": "29.8900", "Annual % Change": "11.53%"}, "2003": {"Average Stock Price": "24.2963", "Year Open": "24.1800", "Year High": "27.8400", "Year Low": "19.9900", "Year Close": "26.8000", "Annual % Change": "14.19%"}, "2002": {"Average Stock Price": "25.2008", "Year Open": "29.8500", "Year High": "29.8500", "Year Low": "19.7900", "Year Close": "23.4700", "Annual % Change": "-21.43%"}, "2001": {"Average Stock Price": "29.2707", "Year Open": "34.7500", "Year High": "34.7500", "Year Low": "25.7500", "Year Close": "29.8700", "Annual % Change": "-13.75%"}, "2000": {"Average Stock Price": "29.2296", "Year Open": "37.2500", "Year High": "37.2500", "Year Low": "24.6900", "Year Close": "34.6300", "Annual % Change": "-10.49%"}, "1999": {"Average Stock Price": "42.9633", "Year Open": "53.9400", "Year High": "55.3800", "Year Low": "37.6300", "Year Close": "38.6900", "Annual % Change": "-29.65%"}, "1998": {"Average Stock Price": "54.6982", "Year Open": "59.3800", "Year High": "62.7500", "Year Low": "47.7500", "Year Close": "55.0000", "Annual % Change": "-5.38%"}, "1997": {"Average Stock Price": "48.8876", "Year Open": "39.9400", "Year High": "59.2500", "Year Low": "39.9400", "Year Close": "58.1300", "Annual % Change": "44.87%"}, "1996": {"Average Stock Price": "34.6025", "Year Open": "29.9400", "Year High": "41.6250", "Year Low": "28.5625", "Year Close": "40.1250", "Annual % Change": "33.75%"}, "1995": {"Average Stock Price": "24.4674", "Year Open": "22.1250", "Year High": "30.6250", "Year Low": "20.6900", "Year Close": "30.0000", "Annual % Change": "36.36%"}, "1994": {"Average Stock Price": "19.6958", "Year Open": "20.0000", "Year High": "22.8150", "Year Low": "17.1900", "Year Close": "22.0000", "Annual % Change": "7.32%"}, "1993": {"Average Stock Price": "20.1272", "Year Open": "21.1250", "Year High": "22.5650", "Year Low": "17.6900", "Year Close": "20.5000", "Annual % Change": "-2.68%"}, "1992": {"Average Stock Price": "19.1234", "Year Open": "21.3150", "Year High": "22.5000", "Year Low": "16.0000", "Year Close": "21.0650", "Annual % Change": "-0.87%"}, "1991": {"Average Stock Price": "18.8748", "Year Open": "14.3750", "Year High": "21.5625", "Year Low": "13.5625", "Year Close": "21.2500", "Annual % Change": "45.30%"}, "1990": {"Average Stock Price": "13.0167", "Year Open": "13.8125", "Year High": "15.3125", "Year Low": "11.0950", "Year Close": "14.6250", "Annual % Change": "-0.20%"}, "1989": {"Average Stock Price": "10.9727", "Year Open": "7.7200", "Year High": "15.0000", "Year Low": "7.6550", "Year Close": "14.6550", "Annual % Change": "86.10%"}, "1988": {"Average Stock Price": "7.0513", "Year Open": "6.8750", "Year High": "8.6875", "Year Low": "6.0300", "Year Close": "7.8750", "Annual % Change": "12.98%"}, "1987": {"Average Stock Price": "7.8384", "Year Open": "7.1875", "Year High": "8.7975", "Year Low": "6.2350", "Year Close": "6.9700", "Annual % Change": "-2.18%"}, "1986": {"Average Stock Price": "7.1493", "Year Open": "6.1725", "Year High": "8.4063", "Year Low": "5.5000", "Year Close": "7.1250", "Annual % Change": "15.43%"}}}, "market cap": {"value": "$14.24B"}, "income statement": {"Revenue": {"2020-07-31": "8691.00000", "2019-07-31": "8107.00000", "2018-07-31": "6615.00000", "2017-07-31": "5837.00000", "2016-07-31": "7961.00000", "2015-07-31": "8082.00000", "2014-07-31": "8268.00000", "2013-07-31": "8052.00000", "2012-07-31": "7175.00000", "2011-07-31": "7143.00000", "2010-07-31": "7676.00000", "2009-07-31": "7586.00000", "2008-07-31": "7998.00000", "2007-07-31": "7385.00000", "2006-07-31": "6894.00000", "2005-07-31": "7072.00000"}, "Cost Of Goods Sold": {"2020-07-31": "5692.00000", "2019-07-31": "5414.00000", "2018-07-31": "4241.00000", "2017-07-31": "3395.00000", "2016-07-31": "5033.00000", "2015-07-31": "5300.00000", "2014-07-31": "5297.00000", "2013-07-31": "5140.00000", "2012-07-31": "4365.00000", "2011-07-31": "4255.00000", "2010-07-31": "4526.00000", "2009-07-31": "4558.00000", "2008-07-31": "4827.00000", "2007-07-31": "4384.00000", "2006-07-31": "4100.00000", "2005-07-31": "4179.00000"}, "Gross Profit": {"2020-07-31": "2999.00000", "2019-07-31": "2693.00000", "2018-07-31": "2374.00000", "2017-07-31": "2442.00000", "2016-07-31": "2928.00000", "2015-07-31": "2782.00000", "2014-07-31": "2971.00000", "2013-07-31": "2912.00000", "2012-07-31": "2810.00000", "2011-07-31": "2888.00000", "2010-07-31": "3150.00000", "2009-07-31": "3028.00000", "2008-07-31": "3171.00000", "2007-07-31": "3001.00000", "2006-07-31": "2794.00000", "2005-07-31": "2893.00000"}, "Research And Development Expenses": {"2020-07-31": "93.00000", "2019-07-31": "91.00000", "2018-07-31": "91.00000", "2017-07-31": "93.00000", "2016-07-31": "105.00000", "2015-07-31": "117.00000", "2014-07-31": "122.00000", "2013-07-31": "128.00000", "2012-07-31": "116.00000", "2011-07-31": "120.00000", "2010-07-31": "123.00000", "2009-07-31": "114.00000", "2008-07-31": "115.00000", "2007-07-31": "111.00000", "2006-07-31": "103.00000", "2005-07-31": "93.00000"}, "SG&A Expenses": {"2020-07-31": "1569.00000", "2019-07-31": "1452.00000", "2018-07-31": "1291.00000", "2017-07-31": "1123.00000", "2016-07-31": "1427.00000", "2015-07-31": "1485.00000", "2014-07-31": "1505.00000", "2013-07-31": "1624.00000", "2012-07-31": "1521.00000", "2011-07-31": "1486.00000", "2010-07-31": "1663.00000", "2009-07-31": "1668.00000", "2008-07-31": "1770.00000", "2007-07-31": "1677.00000", "2006-07-31": "1585.00000", "2005-07-31": "1673.00000"}, "Other Operating Income Or Expenses": {"2020-07-31": "-221.00000", "2019-07-31": "-140.00000", "2018-07-31": "73.00000", "2017-07-31": "216.00000", "2016-07-31": "-405.00000", "2015-07-31": "-24.00000", "2014-07-31": "-22.00000", "2013-07-31": "-29.00000", "2012-07-31": "-11.00000", "2011-07-31": "-10.00000", "2010-07-31": "-4.00000", "2009-07-31": "-61.00000", "2008-07-31": "-13.00000", "2007-07-31": "30.00000", "2006-07-31": "-9.00000", "2005-07-31": "5.00000"}, "Operating Expenses": {"2020-07-31": "7584.00000", "2019-07-31": "7128.00000", "2018-07-31": "5605.00000", "2017-07-31": "4406.00000", "2016-07-31": "7001.00000", "2015-07-31": "7028.00000", "2014-07-31": "7001.00000", "2013-07-31": "6972.00000", "2012-07-31": "6020.00000", "2011-07-31": "5931.00000", "2010-07-31": "6328.00000", "2009-07-31": "6401.00000", "2008-07-31": "6900.00000", "2007-07-31": "6142.00000", "2006-07-31": "5797.00000", "2005-07-31": "5940.00000"}, "Operating Income": {"2020-07-31": "1107.00000", "2019-07-31": "979.00000", "2018-07-31": "1010.00000", "2017-07-31": "1431.00000", "2016-07-31": "960.00000", "2015-07-31": "1054.00000", "2014-07-31": "1267.00000", "2013-07-31": "1080.00000", "2012-07-31": "1155.00000", "2011-07-31": "1212.00000", "2010-07-31": "1348.00000", "2009-07-31": "1185.00000", "2008-07-31": "1098.00000", "2007-07-31": "1243.00000", "2006-07-31": "1097.00000", "2005-07-31": "1132.00000"}, "Total Non-Operating Income/Expense": {"2020-07-31": "-341.00000", "2019-07-31": "-354.00000", "2018-07-31": "-180.00000", "2017-07-31": "-115.00000", "2016-07-31": "-111.00000", "2015-07-31": "-105.00000", "2014-07-31": "-119.00000", "2013-07-31": "-125.00000", "2012-07-31": "-106.00000", "2011-07-31": "-112.00000", "2010-07-31": "-106.00000", "2009-07-31": "-106.00000", "2008-07-31": "-159.00000", "2007-07-31": "-144.00000", "2006-07-31": "-150.00000", "2005-07-31": "-180.00000"}, "Pre-Tax Income": {"2020-07-31": "766.00000", "2019-07-31": "625.00000", "2018-07-31": "830.00000", "2017-07-31": "1316.00000", "2016-07-31": "849.00000", "2015-07-31": "949.00000", "2014-07-31": "1148.00000", "2013-07-31": "955.00000", "2012-07-31": "1049.00000", "2011-07-31": "1100.00000", "2010-07-31": "1242.00000", "2009-07-31": "1079.00000", "2008-07-31": "939.00000", "2007-07-31": "1099.00000", "2006-07-31": "947.00000", "2005-07-31": "952.00000"}, "Income Taxes": {"2020-07-31": "174.00000", "2019-07-31": "151.00000", "2018-07-31": "106.00000", "2017-07-31": "392.00000", "2016-07-31": "286.00000", "2015-07-31": "283.00000", "2014-07-31": "374.00000", "2013-07-31": "275.00000", "2012-07-31": "325.00000", "2011-07-31": "351.00000", "2010-07-31": "398.00000", "2009-07-31": "347.00000", "2008-07-31": "268.00000", "2007-07-31": "307.00000", "2006-07-31": "227.00000", "2005-07-31": "308.00000"}, "Income After Taxes": {"2020-07-31": "592.00000", "2019-07-31": "474.00000", "2018-07-31": "724.00000", "2017-07-31": "924.00000", "2016-07-31": "563.00000", "2015-07-31": "666.00000", "2014-07-31": "774.00000", "2013-07-31": "680.00000", "2012-07-31": "724.00000", "2011-07-31": "749.00000", "2010-07-31": "844.00000", "2009-07-31": "732.00000", "2008-07-31": "671.00000", "2007-07-31": "792.00000", "2006-07-31": "720.00000", "2005-07-31": "644.00000"}, "Other Income": {"2020-07-31": "", "2019-07-31": "", "2018-07-31": "", "2017-07-31": "", "2016-07-31": "", "2015-07-31": "", "2014-07-31": "", "2013-07-31": "", "2012-07-31": "", "2011-07-31": "", "2010-07-31": "", "2009-07-31": "", "2008-07-31": "", "2007-07-31": "", "2006-07-31": "", "2005-07-31": ""}, "Income From Continuous Operations": {"2020-07-31": "592.00000", "2019-07-31": "474.00000", "2018-07-31": "724.00000", "2017-07-31": "924.00000", "2016-07-31": "563.00000", "2015-07-31": "666.00000", "2014-07-31": "774.00000", "2013-07-31": "680.00000", "2012-07-31": "724.00000", "2011-07-31": "749.00000", "2010-07-31": "844.00000", "2009-07-31": "732.00000", "2008-07-31": "671.00000", "2007-07-31": "792.00000", "2006-07-31": "720.00000", "2005-07-31": "644.00000"}, "Income From Discontinued Operations": {"2020-07-31": "1036.00000", "2019-07-31": "-263.00000", "2018-07-31": "-463.00000", "2017-07-31": "-37.00000", "2016-07-31": "", "2015-07-31": "", "2014-07-31": "81.00000", "2013-07-31": "-231.00000", "2012-07-31": "40.00000", "2011-07-31": "53.00000", "2010-07-31": "", "2009-07-31": "4.00000", "2008-07-31": "494.00000", "2007-07-31": "62.00000", "2006-07-31": "46.00000", "2005-07-31": "63.00000"}, "Net Income": {"2020-07-31": "1628.00000", "2019-07-31": "211.00000", "2018-07-31": "261.00000", "2017-07-31": "887.00000", "2016-07-31": "563.00000", "2015-07-31": "666.00000", "2014-07-31": "866.00000", "2013-07-31": "458.00000", "2012-07-31": "774.00000", "2011-07-31": "805.00000", "2010-07-31": "830.00000", "2009-07-31": "724.00000", "2008-07-31": "1143.00000", "2007-07-31": "854.00000", "2006-07-31": "766.00000", "2005-07-31": "707.00000"}, "EBITDA": {"2020-07-31": "1435.00000", "2019-07-31": "1425.00000", "2018-07-31": "1446.00000", "2017-07-31": "1749.00000", "2016-07-31": "1268.00000", "2015-07-31": "1357.00000", "2014-07-31": "1572.00000", "2013-07-31": "1487.00000", "2012-07-31": "1417.00000", "2011-07-31": "1480.00000", "2010-07-31": "1599.00000", "2009-07-31": "1449.00000", "2008-07-31": "1392.00000", "2007-07-31": "1526.00000", "2006-07-31": "1386.00000", "2005-07-31": "1411.00000"}, "EBIT": {"2020-07-31": "1107.00000", "2019-07-31": "979.00000", "2018-07-31": "1010.00000", "2017-07-31": "1431.00000", "2016-07-31": "960.00000", "2015-07-31": "1054.00000", "2014-07-31": "1267.00000", "2013-07-31": "1080.00000", "2012-07-31": "1155.00000", "2011-07-31": "1212.00000", "2010-07-31": "1348.00000", "2009-07-31": "1185.00000", "2008-07-31": "1098.00000", "2007-07-31": "1243.00000", "2006-07-31": "1097.00000", "2005-07-31": "1132.00000"}, "Basic Shares Outstanding": {"2020-07-31": "302.00000", "2019-07-31": "301.00000", "2018-07-31": "301.00000", "2017-07-31": "305.00000", "2016-07-31": "309.00000", "2015-07-31": "312.00000", "2014-07-31": "314.00000", "2013-07-31": "314.00000", "2012-07-31": "317.00000", "2011-07-31": "326.00000", "2010-07-31": "340.00000", "2009-07-31": "352.00000", "2008-07-31": "373.00000", "2007-07-31": "386.00000", "2006-07-31": "407.00000", "2005-07-31": "409.00000"}, "Shares Outstanding": {"2020-07-31": "304.00000", "2019-07-31": "302.00000", "2018-07-31": "302.00000", "2017-07-31": "307.00000", "2016-07-31": "311.00000", "2015-07-31": "313.00000", "2014-07-31": "316.00000", "2013-07-31": "317.00000", "2012-07-31": "319.00000", "2011-07-31": "329.00000", "2010-07-31": "343.00000", "2009-07-31": "354.00000", "2008-07-31": "377.00000", "2007-07-31": "396.00000", "2006-07-31": "414.00000", "2005-07-31": "413.00000"}, "Basic EPS": {"2020-07-31": "5.39000", "2019-07-31": "0.70000", "2018-07-31": "0.87000", "2017-07-31": "2.91000", "2016-07-31": "1.82000", "2015-07-31": "2.13000", "2014-07-31": "2.76000", "2013-07-31": "1.46000", "2012-07-31": "2.43000", "2011-07-31": "2.44000", "2010-07-31": "2.44000", "2009-07-31": "2.06000", "2008-07-31": "3.06000", "2007-07-31": "2.21000", "2006-07-31": "1.88000", "2005-07-31": "1.73000"}, "EPS - Earnings Per Share": {"2020-07-31": "5.36000", "2019-07-31": "0.70000", "2018-07-31": "0.86000", "2017-07-31": "2.89000", "2016-07-31": "1.81000", "2015-07-31": "2.13000", "2014-07-31": "2.74000", "2013-07-31": "1.44000", "2012-07-31": "2.41000", "2011-07-31": "2.42000", "2010-07-31": "2.42000", "2009-07-31": "2.05000", "2008-07-31": "3.03000", "2007-07-31": "2.16000", "2006-07-31": "1.85000", "2005-07-31": "1.71000"}}, "income statement, quarterly": {"Revenue": {"2020-10-31": "2340.00000", "2020-07-31": "2108.00000", "2020-04-30": "2238.00000", "2020-01-31": "2162.00000", "2019-10-31": "2183.00000", "2019-07-31": "1780.00000", "2019-04-30": "1953.00000", "2019-01-31": "2172.00000", "2018-10-31": "2202.00000", "2018-07-31": "2219.00000", "2018-04-30": "1878.00000", "2018-01-31": "2180.00000", "2017-10-31": "2161.00000", "2017-07-31": "1664.00000", "2017-04-30": "1853.00000", "2017-01-31": "2171.00000", "2016-10-31": "2202.00000", "2016-07-31": "1687.00000", "2016-04-30": "1870.00000", "2016-01-31": "2201.00000", "2015-10-31": "2203.00000", "2015-07-31": "1693.00000", "2015-04-30": "1900.00000", "2015-01-31": "2234.00000", "2014-10-31": "2255.00000", "2014-07-31": "1852.00000", "2014-04-30": "1970.00000", "2014-01-31": "2281.00000", "2013-10-31": "2165.00000", "2013-07-31": "1723.00000", "2013-04-30": "1962.00000", "2013-01-31": "2162.00000", "2012-10-31": "2205.00000", "2012-07-31": "1081.00000", "2012-04-30": "1821.00000", "2012-01-31": "2112.00000", "2011-10-31": "2161.00000", "2011-07-31": "1031.00000", "2011-04-30": "1813.00000", "2011-01-31": "2127.00000", "2010-10-31": "2172.00000", "2010-07-31": "1518.00000", "2010-04-30": "1802.00000", "2010-01-31": "2153.00000", "2009-10-31": "2203.00000", "2009-07-31": "1528.00000", "2009-04-30": "1686.00000", "2009-01-31": "2122.00000", "2008-10-31": "2250.00000", "2008-07-31": "1715.00000", "2008-04-30": "1880.00000", "2008-01-31": "2218.00000", "2007-10-31": "2185.00000", "2007-07-31": "1418.00000", "2007-04-30": "1750.00000", "2007-01-31": "2064.00000", "2006-10-31": "2153.00000", "2006-07-31": "1005.00000", "2006-04-30": "1728.00000", "2006-01-31": "2159.00000", "2005-10-31": "2002.00000", "2005-07-31": "1022.00000", "2005-04-30": "1736.00000", "2005-01-31": "2223.00000"}, "Cost Of Goods Sold": {"2020-10-31": "1527.00000", "2020-07-31": "1361.00000", "2020-04-30": "1466.00000", "2020-01-31": "1420.00000", "2019-10-31": "1445.00000", "2019-07-31": "1174.00000", "2019-04-30": "1298.00000", "2019-01-31": "1466.00000", "2018-10-31": "1476.00000", "2018-07-31": "1570.00000", "2018-04-30": "1263.00000", "2018-01-31": "1414.00000", "2017-10-31": "1378.00000", "2017-07-31": "1066.00000", "2017-04-30": "1188.00000", "2017-01-31": "1360.00000", "2016-10-31": "1351.00000", "2016-07-31": "1141.00000", "2016-04-30": "1210.00000", "2016-01-31": "1382.00000", "2015-10-31": "1448.00000", "2015-07-31": "1131.00000", "2015-04-30": "1218.00000", "2015-01-31": "1491.00000", "2014-10-31": "1460.00000", "2014-07-31": "1148.00000", "2014-04-30": "1294.00000", "2014-01-31": "1467.00000", "2013-10-31": "1388.00000", "2013-07-31": "1100.00000", "2013-04-30": "1256.00000", "2013-01-31": "1400.00000", "2012-10-31": "1384.00000", "2012-07-31": "642.00000", "2012-04-30": "1115.00000", "2012-01-31": "1301.00000", "2011-10-31": "1307.00000", "2011-07-31": "607.00000", "2011-04-30": "1081.00000", "2011-01-31": "1289.00000", "2010-10-31": "1278.00000", "2010-07-31": "905.00000", "2010-04-30": "1059.00000", "2010-01-31": "1282.00000", "2009-10-31": "1280.00000", "2009-07-31": "893.00000", "2009-04-30": "1001.00000", "2009-01-31": "1285.00000", "2008-10-31": "1379.00000", "2008-07-31": "1051.00000", "2008-04-30": "1154.00000", "2008-01-31": "1329.00000", "2007-10-31": "1293.00000", "2007-07-31": "883.00000", "2007-04-30": "1052.00000", "2007-01-31": "1213.00000", "2006-10-31": "1236.00000", "2006-07-31": "672.00000", "2006-04-30": "1021.00000", "2006-01-31": "1251.00000", "2005-10-31": "1156.00000", "2005-07-31": "578.00000", "2005-04-30": "1035.00000", "2005-01-31": "1321.00000"}, "Gross Profit": {"2020-10-31": "813.00000", "2020-07-31": "747.00000", "2020-04-30": "772.00000", "2020-01-31": "742.00000", "2019-10-31": "738.00000", "2019-07-31": "606.00000", "2019-04-30": "655.00000", "2019-01-31": "706.00000", "2018-10-31": "726.00000", "2018-07-31": "649.00000", "2018-04-30": "615.00000", "2018-01-31": "766.00000", "2017-10-31": "783.00000", "2017-07-31": "598.00000", "2017-04-30": "665.00000", "2017-01-31": "811.00000", "2016-10-31": "851.00000", "2016-07-31": "546.00000", "2016-04-30": "660.00000", "2016-01-31": "819.00000", "2015-10-31": "755.00000", "2015-07-31": "562.00000", "2015-04-30": "682.00000", "2015-01-31": "743.00000", "2014-10-31": "795.00000", "2014-07-31": "704.00000", "2014-04-30": "676.00000", "2014-01-31": "814.00000", "2013-10-31": "777.00000", "2013-07-31": "623.00000", "2013-04-30": "706.00000", "2013-01-31": "762.00000", "2012-10-31": "821.00000", "2012-07-31": "439.00000", "2012-04-30": "706.00000", "2012-01-31": "811.00000", "2011-10-31": "854.00000", "2011-07-31": "424.00000", "2011-04-30": "732.00000", "2011-01-31": "838.00000", "2010-10-31": "894.00000", "2010-07-31": "613.00000", "2010-04-30": "743.00000", "2010-01-31": "871.00000", "2009-10-31": "923.00000", "2009-07-31": "635.00000", "2009-04-30": "685.00000", "2009-01-31": "837.00000", "2008-10-31": "871.00000", "2008-07-31": "664.00000", "2008-04-30": "726.00000", "2008-01-31": "889.00000", "2007-10-31": "892.00000", "2007-07-31": "535.00000", "2007-04-30": "698.00000", "2007-01-31": "851.00000", "2006-10-31": "917.00000", "2006-07-31": "333.00000", "2006-04-30": "707.00000", "2006-01-31": "908.00000", "2005-10-31": "846.00000", "2005-07-31": "444.00000", "2005-04-30": "701.00000", "2005-01-31": "902.00000"}, "Research And Development Expenses": {"2020-10-31": "20.00000", "2020-07-31": "24.00000", "2020-04-30": "25.00000", "2020-01-31": "22.00000", "2019-10-31": "22.00000", "2019-07-31": "25.00000", "2019-04-30": "23.00000", "2019-01-31": "20.00000", "2018-10-31": "23.00000", "2018-07-31": "26.00000", "2018-04-30": "25.00000", "2018-01-31": "27.00000", "2017-10-31": "30.00000", "2017-07-31": "31.00000", "2017-04-30": "28.00000", "2017-01-31": "25.00000", "2016-10-31": "27.00000", "2016-07-31": "38.00000", "2016-04-30": "31.00000", "2016-01-31": "23.00000", "2015-10-31": "32.00000", "2015-07-31": "34.00000", "2015-04-30": "30.00000", "2015-01-31": "25.00000", "2014-10-31": "28.00000", "2014-07-31": "34.00000", "2014-04-30": "30.00000", "2014-01-31": "27.00000", "2013-10-31": "31.00000", "2013-07-31": "34.00000", "2013-04-30": "35.00000", "2013-01-31": "32.00000", "2012-10-31": "27.00000", "2012-07-31": "25.00000", "2012-04-30": "32.00000", "2012-01-31": "29.00000", "2011-10-31": "30.00000", "2011-07-31": "25.00000", "2011-04-30": "33.00000", "2011-01-31": "31.00000", "2010-10-31": "31.00000", "2010-07-31": "35.00000", "2010-04-30": "31.00000", "2010-01-31": "28.00000", "2009-10-31": "29.00000", "2009-07-31": "31.00000", "2009-04-30": "27.00000", "2009-01-31": "27.00000", "2008-10-31": "29.00000", "2008-07-31": "33.00000", "2008-04-30": "30.00000", "2008-01-31": "25.00000", "2007-10-31": "27.00000", "2007-07-31": "34.00000", "2007-04-30": "26.00000", "2007-01-31": "25.00000", "2006-10-31": "26.00000", "2006-07-31": "29.00000", "2006-04-30": "26.00000", "2006-01-31": "24.00000", "2005-10-31": "24.00000", "2005-07-31": "25.00000", "2005-04-30": "24.00000", "2005-01-31": "24.00000"}, "SG&A Expenses": {"2020-10-31": "349.00000", "2020-07-31": "451.00000", "2020-04-30": "393.00000", "2020-01-31": "385.00000", "2019-10-31": "340.00000", "2019-07-31": "361.00000", "2019-04-30": "365.00000", "2019-01-31": "367.00000", "2018-10-31": "359.00000", "2018-07-31": "400.00000", "2018-04-30": "373.00000", "2018-01-31": "393.00000", "2017-10-31": "368.00000", "2017-07-31": "315.00000", "2017-04-30": "354.00000", "2017-01-31": "381.00000", "2016-10-31": "355.00000", "2016-07-31": "401.00000", "2016-04-30": "382.00000", "2016-01-31": "369.00000", "2015-10-31": "382.00000", "2015-07-31": "382.00000", "2015-04-30": "355.00000", "2015-01-31": "374.00000", "2014-10-31": "374.00000", "2014-07-31": "335.00000", "2014-04-30": "351.00000", "2014-01-31": "410.00000", "2013-10-31": "409.00000", "2013-07-31": "386.00000", "2013-04-30": "409.00000", "2013-01-31": "438.00000", "2012-10-31": "391.00000", "2012-07-31": "266.00000", "2012-04-30": "400.00000", "2012-01-31": "449.00000", "2011-10-31": "406.00000", "2011-07-31": "233.00000", "2011-04-30": "391.00000", "2011-01-31": "445.00000", "2010-10-31": "417.00000", "2010-07-31": "388.00000", "2010-04-30": "408.00000", "2010-01-31": "450.00000", "2009-10-31": "417.00000", "2009-07-31": "393.00000", "2009-04-30": "375.00000", "2009-01-31": "453.00000", "2008-10-31": "447.00000", "2008-07-31": "431.00000", "2008-04-30": "442.00000", "2008-01-31": "460.00000", "2007-10-31": "437.00000", "2007-07-31": "376.00000", "2007-04-30": "405.00000", "2007-01-31": "445.00000", "2006-10-31": "451.00000", "2006-07-31": "211.00000", "2006-04-30": "431.00000", "2006-01-31": "500.00000", "2005-10-31": "443.00000", "2005-07-31": "319.00000", "2005-04-30": "420.00000", "2005-01-31": "491.00000"}, "Other Operating Income Or Expenses": {"2020-10-31": "18.00000", "2020-07-31": "-106.00000", "2020-04-30": "-81.00000", "2020-01-31": "22.00000", "2019-10-31": "-56.00000", "2019-07-31": "-128.00000", "2019-04-30": "-20.00000", "2019-01-31": "8.00000", "2018-10-31": "", "2018-07-31": "69.00000", "2018-04-30": "-35.00000", "2018-01-31": "-70.00000", "2017-10-31": "29.00000", "2017-07-31": "206.00000", "2017-04-30": "15.00000", "2017-01-31": "-201.00000", "2016-10-31": "-11.00000", "2016-07-31": "-145.00000", "2016-04-30": "23.00000", "2016-01-31": "-4.00000", "2015-10-31": "-5.00000", "2015-07-31": "-10.00000", "2015-04-30": "-3.00000", "2015-01-31": "-7.00000", "2014-10-31": "-4.00000", "2014-07-31": "-6.00000", "2014-04-30": "-2.00000", "2014-01-31": "-3.00000", "2013-10-31": "-11.00000", "2013-07-31": "-5.00000", "2013-04-30": "-4.00000", "2013-01-31": "-7.00000", "2012-10-31": "-13.00000", "2012-07-31": "-4.00000", "2012-04-30": "-6.00000", "2012-01-31": "-1.00000", "2011-10-31": "0.00000", "2011-07-31": "-4.00000", "2011-04-30": "-1.00000", "2011-01-31": "-3.00000", "2010-10-31": "-2.00000", "2010-07-31": "-3.00000", "2010-04-30": "0.00000", "2010-01-31": "-2.00000", "2009-10-31": "1.00000", "2009-07-31": "-66.00000", "2009-04-30": "3.00000", "2009-01-31": "-2.00000", "2008-10-31": "4.00000", "2008-07-31": "-9.00000", "2008-04-30": "", "2008-01-31": "-4.00000", "2007-10-31": "", "2007-07-31": "12.00000", "2007-04-30": "2.00000", "2007-01-31": "18.00000", "2006-10-31": "-2.00000", "2006-07-31": "-8.00000", "2006-04-30": "-2.00000", "2006-01-31": "-1.00000", "2005-10-31": "2.00000", "2005-07-31": "3.00000", "2005-04-30": "2.00000", "2005-01-31": "2.00000"}, "Operating Expenses": {"2020-10-31": "1879.00000", "2020-07-31": "1941.00000", "2020-04-30": "1965.00000", "2020-01-31": "1812.00000", "2019-10-31": "1866.00000", "2019-07-31": "1697.00000", "2019-04-30": "1708.00000", "2019-01-31": "1847.00000", "2018-10-31": "1876.00000", "2018-07-31": "1930.00000", "2018-04-30": "1720.00000", "2018-01-31": "1937.00000", "2017-10-31": "1749.00000", "2017-07-31": "1224.00000", "2017-04-30": "1555.00000", "2017-01-31": "1966.00000", "2016-10-31": "1745.00000", "2016-07-31": "1724.00000", "2016-04-30": "1602.00000", "2016-01-31": "1787.00000", "2015-10-31": "1888.00000", "2015-07-31": "1650.00000", "2015-04-30": "1615.00000", "2015-01-31": "1897.00000", "2014-10-31": "1866.00000", "2014-07-31": "1543.00000", "2014-04-30": "1678.00000", "2014-01-31": "1920.00000", "2013-10-31": "1860.00000", "2013-07-31": "1545.00000", "2013-04-30": "1705.00000", "2013-01-31": "1885.00000", "2012-10-31": "1837.00000", "2012-07-31": "935.00000", "2012-04-30": "1557.00000", "2012-01-31": "1783.00000", "2011-10-31": "1745.00000", "2011-07-31": "929.00000", "2011-04-30": "1506.00000", "2011-01-31": "1768.00000", "2010-10-31": "1728.00000", "2010-07-31": "1331.00000", "2010-04-30": "1510.00000", "2010-01-31": "1762.00000", "2009-10-31": "1725.00000", "2009-07-31": "1383.00000", "2009-04-30": "1400.00000", "2009-01-31": "1767.00000", "2008-10-31": "1851.00000", "2008-07-31": "1527.00000", "2008-04-30": "1798.00000", "2008-01-31": "1818.00000", "2007-10-31": "1757.00000", "2007-07-31": "1281.00000", "2007-04-30": "1481.00000", "2007-01-31": "1665.00000", "2006-10-31": "1715.00000", "2006-07-31": "920.00000", "2006-04-30": "1480.00000", "2006-01-31": "1776.00000", "2005-10-31": "1621.00000", "2005-07-31": "919.00000", "2005-04-30": "1477.00000", "2005-01-31": "1834.00000"}, "Operating Income": {"2020-10-31": "461.00000", "2020-07-31": "167.00000", "2020-04-30": "273.00000", "2020-01-31": "350.00000", "2019-10-31": "317.00000", "2019-07-31": "83.00000", "2019-04-30": "245.00000", "2019-01-31": "325.00000", "2018-10-31": "326.00000", "2018-07-31": "289.00000", "2018-04-30": "158.00000", "2018-01-31": "243.00000", "2017-10-31": "412.00000", "2017-07-31": "440.00000", "2017-04-30": "298.00000", "2017-01-31": "205.00000", "2016-10-31": "457.00000", "2016-07-31": "-37.00000", "2016-04-30": "268.00000", "2016-01-31": "414.00000", "2015-10-31": "315.00000", "2015-07-31": "43.00000", "2015-04-30": "285.00000", "2015-01-31": "337.00000", "2014-10-31": "389.00000", "2014-07-31": "309.00000", "2014-04-30": "292.00000", "2014-01-31": "361.00000", "2013-10-31": "305.00000", "2013-07-31": "178.00000", "2013-04-30": "257.00000", "2013-01-31": "277.00000", "2012-10-31": "368.00000", "2012-07-31": "146.00000", "2012-04-30": "264.00000", "2012-01-31": "329.00000", "2011-10-31": "416.00000", "2011-07-31": "102.00000", "2011-04-30": "307.00000", "2011-01-31": "359.00000", "2010-10-31": "444.00000", "2010-07-31": "187.00000", "2010-04-30": "292.00000", "2010-01-31": "391.00000", "2009-10-31": "478.00000", "2009-07-31": "145.00000", "2009-04-30": "286.00000", "2009-01-31": "355.00000", "2008-10-31": "399.00000", "2008-07-31": "188.00000", "2008-04-30": "82.00000", "2008-01-31": "400.00000", "2007-10-31": "428.00000", "2007-07-31": "137.00000", "2007-04-30": "269.00000", "2007-01-31": "399.00000", "2006-10-31": "438.00000", "2006-07-31": "85.00000", "2006-04-30": "248.00000", "2006-01-31": "383.00000", "2005-10-31": "381.00000", "2005-07-31": "103.00000", "2005-04-30": "259.00000", "2005-01-31": "389.00000"}, "Total Non-Operating Income/Expense": {"2020-10-31": "-55.00000", "2020-07-31": "-60.00000", "2020-04-30": "-55.00000", "2020-01-31": "-146.00000", "2019-10-31": "-80.00000", "2019-07-31": "-84.00000", "2019-04-30": "-89.00000", "2019-01-31": "-91.00000", "2018-10-31": "-90.00000", "2018-07-31": "-93.00000", "2018-04-30": "-42.00000", "2018-01-31": "-32.00000", "2017-10-31": "-30.00000", "2017-07-31": "-23.00000", "2017-04-30": "-28.00000", "2017-01-31": "-28.00000", "2016-10-31": "-28.00000", "2016-07-31": "-28.00000", "2016-04-30": "-28.00000", "2016-01-31": "-27.00000", "2015-10-31": "-28.00000", "2015-07-31": "-27.00000", "2015-04-30": "-28.00000", "2015-01-31": "-25.00000", "2014-10-31": "-25.00000", "2014-07-31": "-30.00000", "2014-04-30": "-30.00000", "2014-01-31": "-29.00000", "2013-10-31": "-30.00000", "2013-07-31": "-30.00000", "2013-04-30": "-31.00000", "2013-01-31": "-31.00000", "2012-10-31": "-33.00000", "2012-07-31": "-25.00000", "2012-04-30": "-27.00000", "2012-01-31": "-26.00000", "2011-10-31": "-28.00000", "2011-07-31": "-27.00000", "2011-04-30": "-24.00000", "2011-01-31": "-31.00000", "2010-10-31": "-30.00000", "2010-07-31": "-26.00000", "2010-04-30": "-27.00000", "2010-01-31": "-26.00000", "2009-10-31": "-27.00000", "2009-07-31": "-23.00000", "2009-04-30": "-26.00000", "2009-01-31": "-25.00000", "2008-10-31": "-32.00000", "2008-07-31": "-38.00000", "2008-04-30": "-37.00000", "2008-01-31": "-42.00000", "2007-10-31": "-42.00000", "2007-07-31": "-38.00000", "2007-04-30": "-27.00000", "2007-01-31": "-38.00000", "2006-10-31": "-41.00000", "2006-07-31": "-41.00000", "2006-04-30": "-40.00000", "2006-01-31": "-43.00000", "2005-10-31": "-26.00000", "2005-07-31": "-46.00000", "2005-04-30": "-45.00000", "2005-01-31": "-45.00000"}, "Pre-Tax Income": {"2020-10-31": "406.00000", "2020-07-31": "107.00000", "2020-04-30": "218.00000", "2020-01-31": "204.00000", "2019-10-31": "237.00000", "2019-07-31": "-1.00000", "2019-04-30": "156.00000", "2019-01-31": "234.00000", "2018-10-31": "236.00000", "2018-07-31": "196.00000", "2018-04-30": "116.00000", "2018-01-31": "211.00000", "2017-10-31": "382.00000", "2017-07-31": "417.00000", "2017-04-30": "270.00000", "2017-01-31": "177.00000", "2016-10-31": "429.00000", "2016-07-31": "-65.00000", "2016-04-30": "240.00000", "2016-01-31": "387.00000", "2015-10-31": "287.00000", "2015-07-31": "16.00000", "2015-04-30": "257.00000", "2015-01-31": "312.00000", "2014-10-31": "364.00000", "2014-07-31": "279.00000", "2014-04-30": "262.00000", "2014-01-31": "332.00000", "2013-10-31": "275.00000", "2013-07-31": "148.00000", "2013-04-30": "226.00000", "2013-01-31": "246.00000", "2012-10-31": "335.00000", "2012-07-31": "121.00000", "2012-04-30": "237.00000", "2012-01-31": "303.00000", "2011-10-31": "388.00000", "2011-07-31": "75.00000", "2011-04-30": "283.00000", "2011-01-31": "328.00000", "2010-10-31": "414.00000", "2010-07-31": "161.00000", "2010-04-30": "265.00000", "2010-01-31": "365.00000", "2009-10-31": "451.00000", "2009-07-31": "122.00000", "2009-04-30": "260.00000", "2009-01-31": "330.00000", "2008-10-31": "367.00000", "2008-07-31": "150.00000", "2008-04-30": "45.00000", "2008-01-31": "358.00000", "2007-10-31": "386.00000", "2007-07-31": "99.00000", "2007-04-30": "242.00000", "2007-01-31": "361.00000", "2006-10-31": "397.00000", "2006-07-31": "44.00000", "2006-04-30": "208.00000", "2006-01-31": "340.00000", "2005-10-31": "355.00000", "2005-07-31": "57.00000", "2005-04-30": "214.00000", "2005-01-31": "344.00000"}, "Income Taxes": {"2020-10-31": "97.00000", "2020-07-31": "21.00000", "2020-04-30": "52.00000", "2020-01-31": "33.00000", "2019-10-31": "68.00000", "2019-07-31": "4.00000", "2019-04-30": "33.00000", "2019-01-31": "58.00000", "2018-10-31": "56.00000", "2018-07-31": "102.00000", "2018-04-30": "43.00000", "2018-01-31": "-74.00000", "2017-10-31": "107.00000", "2017-07-31": "99.00000", "2017-04-30": "94.00000", "2017-01-31": "76.00000", "2016-10-31": "137.00000", "2016-07-31": "16.00000", "2016-04-30": "55.00000", "2016-01-31": "122.00000", "2015-10-31": "93.00000", "2015-07-31": "-1.00000", "2015-04-30": "78.00000", "2015-01-31": "90.00000", "2014-10-31": "116.00000", "2014-07-31": "96.00000", "2014-04-30": "79.00000", "2014-01-31": "104.00000", "2013-10-31": "95.00000", "2013-07-31": "33.00000", "2013-04-30": "59.00000", "2013-01-31": "78.00000", "2012-10-31": "105.00000", "2012-07-31": "36.00000", "2012-04-30": "62.00000", "2012-01-31": "102.00000", "2011-10-31": "125.00000", "2011-07-31": "30.00000", "2011-04-30": "97.00000", "2011-01-31": "89.00000", "2010-10-31": "135.00000", "2010-07-31": "48.00000", "2010-04-30": "97.00000", "2010-01-31": "106.00000", "2009-10-31": "147.00000", "2009-07-31": "53.00000", "2009-04-30": "86.00000", "2009-01-31": "101.00000", "2008-10-31": "107.00000", "2008-07-31": "61.00000", "2008-04-30": "-9.00000", "2008-01-31": "98.00000", "2007-10-31": "118.00000", "2007-07-31": "43.00000", "2007-04-30": "32.00000", "2007-01-31": "104.00000", "2006-10-31": "128.00000", "2006-07-31": "-5.00000", "2006-04-30": "62.00000", "2006-01-31": "101.00000", "2005-10-31": "69.00000", "2005-07-31": "24.00000", "2005-04-30": "68.00000", "2005-01-31": "109.00000"}, "Income After Taxes": {"2020-10-31": "309.00000", "2020-07-31": "86.00000", "2020-04-30": "166.00000", "2020-01-31": "171.00000", "2019-10-31": "169.00000", "2019-07-31": "-5.00000", "2019-04-30": "123.00000", "2019-01-31": "176.00000", "2018-10-31": "180.00000", "2018-07-31": "94.00000", "2018-04-30": "73.00000", "2018-01-31": "285.00000", "2017-10-31": "275.00000", "2017-07-31": "318.00000", "2017-04-30": "176.00000", "2017-01-31": "101.00000", "2016-10-31": "292.00000", "2016-07-31": "-81.00000", "2016-04-30": "185.00000", "2016-01-31": "265.00000", "2015-10-31": "194.00000", "2015-07-31": "17.00000", "2015-04-30": "179.00000", "2015-01-31": "222.00000", "2014-10-31": "248.00000", "2014-07-31": "183.00000", "2014-04-30": "183.00000", "2014-01-31": "228.00000", "2013-10-31": "180.00000", "2013-07-31": "115.00000", "2013-04-30": "167.00000", "2013-01-31": "168.00000", "2012-10-31": "230.00000", "2012-07-31": "85.00000", "2012-04-30": "175.00000", "2012-01-31": "201.00000", "2011-10-31": "263.00000", "2011-07-31": "45.00000", "2011-04-30": "186.00000", "2011-01-31": "239.00000", "2010-10-31": "279.00000", "2010-07-31": "113.00000", "2010-04-30": "168.00000", "2010-01-31": "259.00000", "2009-10-31": "304.00000", "2009-07-31": "69.00000", "2009-04-30": "174.00000", "2009-01-31": "229.00000", "2008-10-31": "260.00000", "2008-07-31": "89.00000", "2008-04-30": "54.00000", "2008-01-31": "260.00000", "2007-10-31": "268.00000", "2007-07-31": "56.00000", "2007-04-30": "210.00000", "2007-01-31": "257.00000", "2006-10-31": "269.00000", "2006-07-31": "49.00000", "2006-04-30": "146.00000", "2006-01-31": "239.00000", "2005-10-31": "286.00000", "2005-07-31": "33.00000", "2005-04-30": "146.00000", "2005-01-31": "235.00000"}, "Other Income": {"2020-10-31": "", "2020-07-31": "", "2020-04-30": "", "2020-01-31": "", "2019-10-31": "", "2019-07-31": "", "2019-04-30": "", "2019-01-31": "", "2018-10-31": "", "2018-07-31": "", "2018-04-30": "", "2018-01-31": "", "2017-10-31": "", "2017-07-31": "", "2017-04-30": "", "2017-01-31": "", "2016-10-31": "", "2016-07-31": "", "2016-04-30": "", "2016-01-31": "", "2015-10-31": "", "2015-07-31": "", "2015-04-30": "", "2015-01-31": "", "2014-10-31": "", "2014-07-31": "", "2014-04-30": "", "2014-01-31": "", "2013-10-31": "", "2013-07-31": "", "2013-04-30": "", "2013-01-31": "", "2012-10-31": "", "2012-07-31": "", "2012-04-30": "", "2012-01-31": "", "2011-10-31": "", "2011-07-31": "", "2011-04-30": "", "2011-01-31": "", "2010-10-31": "", "2010-07-31": "", "2010-04-30": "", "2010-01-31": "", "2009-10-31": "", "2009-07-31": "", "2009-04-30": "", "2009-01-31": "", "2008-10-31": "", "2008-07-31": "", "2008-04-30": "", "2008-01-31": "", "2007-10-31": "", "2007-07-31": "", "2007-04-30": "", "2007-01-31": "", "2006-10-31": "", "2006-07-31": "", "2006-04-30": "", "2006-01-31": "", "2005-10-31": "", "2005-07-31": "", "2005-04-30": "", "2005-01-31": ""}, "Income From Continuous Operations": {"2020-10-31": "309.00000", "2020-07-31": "86.00000", "2020-04-30": "166.00000", "2020-01-31": "171.00000", "2019-10-31": "169.00000", "2019-07-31": "-5.00000", "2019-04-30": "123.00000", "2019-01-31": "176.00000", "2018-10-31": "180.00000", "2018-07-31": "94.00000", "2018-04-30": "73.00000", "2018-01-31": "285.00000", "2017-10-31": "275.00000", "2017-07-31": "318.00000", "2017-04-30": "176.00000", "2017-01-31": "101.00000", "2016-10-31": "292.00000", "2016-07-31": "-81.00000", "2016-04-30": "185.00000", "2016-01-31": "265.00000", "2015-10-31": "194.00000", "2015-07-31": "17.00000", "2015-04-30": "179.00000", "2015-01-31": "222.00000", "2014-10-31": "248.00000", "2014-07-31": "183.00000", "2014-04-30": "183.00000", "2014-01-31": "228.00000", "2013-10-31": "180.00000", "2013-07-31": "115.00000", "2013-04-30": "167.00000", "2013-01-31": "168.00000", "2012-10-31": "230.00000", "2012-07-31": "85.00000", "2012-04-30": "175.00000", "2012-01-31": "201.00000", "2011-10-31": "263.00000", "2011-07-31": "45.00000", "2011-04-30": "186.00000", "2011-01-31": "239.00000", "2010-10-31": "279.00000", "2010-07-31": "113.00000", "2010-04-30": "168.00000", "2010-01-31": "259.00000", "2009-10-31": "304.00000", "2009-07-31": "69.00000", "2009-04-30": "174.00000", "2009-01-31": "229.00000", "2008-10-31": "260.00000", "2008-07-31": "89.00000", "2008-04-30": "54.00000", "2008-01-31": "260.00000", "2007-10-31": "268.00000", "2007-07-31": "56.00000", "2007-04-30": "210.00000", "2007-01-31": "257.00000", "2006-10-31": "269.00000", "2006-07-31": "49.00000", "2006-04-30": "146.00000", "2006-01-31": "239.00000", "2005-10-31": "286.00000", "2005-07-31": "33.00000", "2005-04-30": "146.00000", "2005-01-31": "235.00000"}, "Income From Discontinued Operations": {"2020-10-31": "", "2020-07-31": "", "2020-04-30": "2.00000", "2020-01-31": "1037.00000", "2019-10-31": "-3.00000", "2019-07-31": "-3.00000", "2019-04-30": "-39.00000", "2019-01-31": "-235.00000", "2018-10-31": "14.00000", "2018-07-31": "3.00000", "2018-04-30": "-466.00000", "2018-01-31": "", "2017-10-31": "", "2017-07-31": "", "2017-04-30": "", "2017-01-31": "", "2016-10-31": "", "2016-07-31": "", "2016-04-30": "", "2016-01-31": "", "2015-10-31": "", "2015-07-31": "", "2015-04-30": "", "2015-01-31": "", "2014-10-31": "", "2014-07-31": "", "2014-04-30": "0.00000", "2014-01-31": "90.00000", "2013-10-31": "-9.00000", "2013-07-31": "-275.00000", "2013-04-30": "12.00000", "2013-01-31": "19.00000", "2012-10-31": "13.00000", "2012-07-31": "", "2012-04-30": "", "2012-01-31": "", "2011-10-31": "", "2011-07-31": "", "2011-04-30": "", "2011-01-31": "", "2010-10-31": "", "2010-07-31": "", "2010-04-30": "", "2010-01-31": "", "2009-10-31": "", "2009-07-31": "", "2009-04-30": "", "2009-01-31": "4.00000", "2008-10-31": "", "2008-07-31": "", "2008-04-30": "478.00000", "2008-01-31": "14.00000", "2007-10-31": "2.00000", "2007-07-31": "5.00000", "2007-04-30": "7.00000", "2007-01-31": "28.00000", "2006-10-31": "22.00000", "2006-07-31": "-5.00000", "2006-04-30": "20.00000", "2006-01-31": "15.00000", "2005-10-31": "16.00000", "2005-07-31": "", "2005-04-30": "", "2005-01-31": ""}, "Net Income": {"2020-10-31": "309.00000", "2020-07-31": "86.00000", "2020-04-30": "168.00000", "2020-01-31": "1208.00000", "2019-10-31": "166.00000", "2019-07-31": "-8.00000", "2019-04-30": "84.00000", "2019-01-31": "-59.00000", "2018-10-31": "194.00000", "2018-07-31": "94.00000", "2018-04-30": "-393.00000", "2018-01-31": "285.00000", "2017-10-31": "275.00000", "2017-07-31": "318.00000", "2017-04-30": "176.00000", "2017-01-31": "101.00000", "2016-10-31": "292.00000", "2016-07-31": "-81.00000", "2016-04-30": "185.00000", "2016-01-31": "265.00000", "2015-10-31": "194.00000", "2015-07-31": "17.00000", "2015-04-30": "179.00000", "2015-01-31": "222.00000", "2014-10-31": "248.00000", "2014-07-31": "185.00000", "2014-04-30": "184.00000", "2014-01-31": "325.00000", "2013-10-31": "172.00000", "2013-07-31": "-158.00000", "2013-04-30": "181.00000", "2013-01-31": "190.00000", "2012-10-31": "245.00000", "2012-07-31": "130.00000", "2012-04-30": "176.00000", "2012-01-31": "205.00000", "2011-10-31": "263.00000", "2011-07-31": "100.00000", "2011-04-30": "187.00000", "2011-01-31": "239.00000", "2010-10-31": "279.00000", "2010-07-31": "108.00000", "2010-04-30": "168.00000", "2010-01-31": "254.00000", "2009-10-31": "300.00000", "2009-07-31": "66.00000", "2009-04-30": "174.00000", "2009-01-31": "229.00000", "2008-10-31": "255.00000", "2008-07-31": "67.00000", "2008-04-30": "532.00000", "2008-01-31": "274.00000", "2007-10-31": "270.00000", "2007-07-31": "61.00000", "2007-04-30": "217.00000", "2007-01-31": "285.00000", "2006-10-31": "291.00000", "2006-07-31": "44.00000", "2006-04-30": "166.00000", "2006-01-31": "254.00000", "2005-10-31": "302.00000", "2005-07-31": "96.00000", "2005-04-30": "146.00000", "2005-01-31": "235.00000"}, "EBITDA": {"2020-10-31": "537.00000", "2020-07-31": "254.00000", "2020-04-30": "352.00000", "2020-01-31": "431.00000", "2019-10-31": "398.00000", "2019-07-31": "180.00000", "2019-04-30": "353.00000", "2019-01-31": "444.00000", "2018-10-31": "448.00000", "2018-07-31": "422.00000", "2018-04-30": "300.00000", "2018-01-31": "322.00000", "2017-10-31": "494.00000", "2017-07-31": "524.00000", "2017-04-30": "378.00000", "2017-01-31": "282.00000", "2016-10-31": "534.00000", "2016-07-31": "43.00000", "2016-04-30": "344.00000", "2016-01-31": "492.00000", "2015-10-31": "389.00000", "2015-07-31": "123.00000", "2015-04-30": "359.00000", "2015-01-31": "411.00000", "2014-10-31": "464.00000", "2014-07-31": "392.00000", "2014-04-30": "366.00000", "2014-01-31": "435.00000", "2013-10-31": "379.00000", "2013-07-31": "267.00000", "2013-04-30": "356.00000", "2013-01-31": "398.00000", "2012-10-31": "466.00000", "2012-07-31": "219.00000", "2012-04-30": "329.00000", "2012-01-31": "390.00000", "2011-10-31": "479.00000", "2011-07-31": "176.00000", "2011-04-30": "372.00000", "2011-01-31": "423.00000", "2010-10-31": "509.00000", "2010-07-31": "253.00000", "2010-04-30": "355.00000", "2010-01-31": "453.00000", "2009-10-31": "538.00000", "2009-07-31": "214.00000", "2009-04-30": "348.00000", "2009-01-31": "422.00000", "2008-10-31": "465.00000", "2008-07-31": "274.00000", "2008-04-30": "152.00000", "2008-01-31": "470.00000", "2007-10-31": "496.00000", "2007-07-31": "219.00000", "2007-04-30": "338.00000", "2007-01-31": "467.00000", "2006-10-31": "502.00000", "2006-07-31": "162.00000", "2006-04-30": "323.00000", "2006-01-31": "451.00000", "2005-10-31": "450.00000", "2005-07-31": "175.00000", "2005-04-30": "330.00000", "2005-01-31": "457.00000"}, "EBIT": {"2020-10-31": "461.00000", "2020-07-31": "167.00000", "2020-04-30": "273.00000", "2020-01-31": "350.00000", "2019-10-31": "317.00000", "2019-07-31": "83.00000", "2019-04-30": "245.00000", "2019-01-31": "325.00000", "2018-10-31": "326.00000", "2018-07-31": "289.00000", "2018-04-30": "158.00000", "2018-01-31": "243.00000", "2017-10-31": "412.00000", "2017-07-31": "440.00000", "2017-04-30": "298.00000", "2017-01-31": "205.00000", "2016-10-31": "457.00000", "2016-07-31": "-37.00000", "2016-04-30": "268.00000", "2016-01-31": "414.00000", "2015-10-31": "315.00000", "2015-07-31": "43.00000", "2015-04-30": "285.00000", "2015-01-31": "337.00000", "2014-10-31": "389.00000", "2014-07-31": "309.00000", "2014-04-30": "292.00000", "2014-01-31": "361.00000", "2013-10-31": "305.00000", "2013-07-31": "178.00000", "2013-04-30": "257.00000", "2013-01-31": "277.00000", "2012-10-31": "368.00000", "2012-07-31": "146.00000", "2012-04-30": "264.00000", "2012-01-31": "329.00000", "2011-10-31": "416.00000", "2011-07-31": "102.00000", "2011-04-30": "307.00000", "2011-01-31": "359.00000", "2010-10-31": "444.00000", "2010-07-31": "187.00000", "2010-04-30": "292.00000", "2010-01-31": "391.00000", "2009-10-31": "478.00000", "2009-07-31": "145.00000", "2009-04-30": "286.00000", "2009-01-31": "355.00000", "2008-10-31": "399.00000", "2008-07-31": "188.00000", "2008-04-30": "82.00000", "2008-01-31": "400.00000", "2007-10-31": "428.00000", "2007-07-31": "137.00000", "2007-04-30": "269.00000", "2007-01-31": "399.00000", "2006-10-31": "438.00000", "2006-07-31": "85.00000", "2006-04-30": "248.00000", "2006-01-31": "383.00000", "2005-10-31": "381.00000", "2005-07-31": "103.00000", "2005-04-30": "259.00000", "2005-01-31": "389.00000"}, "Basic Shares Outstanding": {"2020-10-31": "302.00000", "2020-07-31": "302.00000", "2020-04-30": "302.00000", "2020-01-31": "302.00000", "2019-10-31": "301.00000", "2019-07-31": "301.00000", "2019-04-30": "301.00000", "2019-01-31": "301.00000", "2018-10-31": "301.00000", "2018-07-31": "301.00000", "2018-04-30": "301.00000", "2018-01-31": "301.00000", "2017-10-31": "301.00000", "2017-07-31": "303.00000", "2017-04-30": "304.00000", "2017-01-31": "306.00000", "2016-10-31": "308.00000", "2016-07-31": "308.00000", "2016-04-30": "309.00000", "2016-01-31": "310.00000", "2015-10-31": "310.00000", "2015-07-31": "312.00000", "2015-04-30": "311.00000", "2015-01-31": "313.00000", "2014-10-31": "314.00000", "2014-07-31": "314.00000", "2014-04-30": "314.00000", "2014-01-31": "314.00000", "2013-10-31": "314.00000", "2013-07-31": "314.00000", "2013-04-30": "314.00000", "2013-01-31": "314.00000", "2012-10-31": "314.00000", "2012-07-31": "317.00000", "2012-04-30": "316.00000", "2012-01-31": "318.00000", "2011-10-31": "320.00000", "2011-07-31": "326.00000", "2011-04-30": "321.00000", "2011-01-31": "330.00000", "2010-10-31": "335.00000", "2010-07-31": "340.00000", "2010-04-30": "339.00000", "2010-01-31": "341.00000", "2009-10-31": "343.00000", "2009-07-31": "352.00000", "2009-04-30": "350.00000", "2009-01-31": "355.00000", "2008-10-31": "357.00000", "2008-07-31": "373.00000", "2008-04-30": "373.00000", "2008-01-31": "377.00000", "2007-10-31": "379.00000", "2007-07-31": "386.00000", "2007-04-30": "384.00000", "2007-01-31": "384.00000", "2006-10-31": "395.00000", "2006-07-31": "407.00000", "2006-04-30": "406.00000", "2006-01-31": "408.00000", "2005-10-31": "409.00000", "2005-07-31": "409.00000", "2005-04-30": "409.00000", "2005-01-31": "409.00000"}, "Shares Outstanding": {"2020-10-31": "304.00000", "2020-07-31": "304.00000", "2020-04-30": "304.00000", "2020-01-31": "304.00000", "2019-10-31": "303.00000", "2019-07-31": "302.00000", "2019-04-30": "302.00000", "2019-01-31": "302.00000", "2018-10-31": "302.00000", "2018-07-31": "302.00000", "2018-04-30": "301.00000", "2018-01-31": "301.00000", "2017-10-31": "302.00000", "2017-07-31": "305.00000", "2017-04-30": "306.00000", "2017-01-31": "309.00000", "2016-10-31": "310.00000", "2016-07-31": "310.00000", "2016-04-30": "311.00000", "2016-01-31": "312.00000", "2015-10-31": "312.00000", "2015-07-31": "313.00000", "2015-04-30": "312.00000", "2015-01-31": "314.00000", "2014-10-31": "316.00000", "2014-07-31": "316.00000", "2014-04-30": "316.00000", "2014-01-31": "316.00000", "2013-10-31": "317.00000", "2013-07-31": "317.00000", "2013-04-30": "317.00000", "2013-01-31": "316.00000", "2012-10-31": "316.00000", "2012-07-31": "319.00000", "2012-04-30": "318.00000", "2012-01-31": "320.00000", "2011-10-31": "322.00000", "2011-07-31": "329.00000", "2011-04-30": "323.00000", "2011-01-31": "332.00000", "2010-10-31": "338.00000", "2010-07-31": "343.00000", "2010-04-30": "342.00000", "2010-01-31": "344.00000", "2009-10-31": "346.00000", "2009-07-31": "354.00000", "2009-04-30": "351.00000", "2009-01-31": "358.00000", "2008-10-31": "362.00000", "2008-07-31": "377.00000", "2008-04-30": "381.00000", "2008-01-31": "386.00000", "2007-10-31": "388.00000", "2007-07-31": "396.00000", "2007-04-30": "395.00000", "2007-01-31": "395.00000", "2006-10-31": "405.00000", "2006-07-31": "414.00000", "2006-04-30": "413.00000", "2006-01-31": "414.00000", "2005-10-31": "414.00000", "2005-07-31": "413.00000", "2005-04-30": "414.00000", "2005-01-31": "414.00000"}, "Basic EPS": {"2020-10-31": "1.02000", "2020-07-31": "0.28000", "2020-04-30": "0.56000", "2020-01-31": "4.00000", "2019-10-31": "0.55000", "2019-07-31": "-0.02000", "2019-04-30": "0.28000", "2019-01-31": "-0.20000", "2018-10-31": "0.64000", "2018-07-31": "0.31000", "2018-04-30": "-1.31000", "2018-01-31": "0.95000", "2017-10-31": "0.91000", "2017-07-31": "1.05000", "2017-04-30": "0.58000", "2017-01-31": "0.33000", "2016-10-31": "0.95000", "2016-07-31": "-0.26000", "2016-04-30": "0.60000", "2016-01-31": "0.85000", "2015-10-31": "0.63000", "2015-07-31": "0.05000", "2015-04-30": "0.58000", "2015-01-31": "0.71000", "2014-10-31": "0.79000", "2014-07-31": "0.58000", "2014-04-30": "0.59000", "2014-01-31": "1.04000", "2013-10-31": "0.55000", "2013-07-31": "-0.51000", "2013-04-30": "0.58000", "2013-01-31": "0.61000", "2012-10-31": "0.78000", "2012-07-31": "0.41000", "2012-04-30": "0.56000", "2012-01-31": "0.64000", "2011-10-31": "0.82000", "2011-07-31": "0.32000", "2011-04-30": "0.58000", "2011-01-31": "0.72000", "2010-10-31": "0.82000", "2010-07-31": "0.34000", "2010-04-30": "0.49000", "2010-01-31": "0.74000", "2009-10-31": "0.87000", "2009-07-31": "0.22000", "2009-04-30": "0.49000", "2009-01-31": "0.64000", "2008-10-31": "0.71000", "2008-07-31": "0.19000", "2008-04-30": "1.43000", "2008-01-31": "0.73000", "2007-10-31": "0.71000", "2007-07-31": "0.16000", "2007-04-30": "0.57000", "2007-01-31": "0.74000", "2006-10-31": "0.74000", "2006-07-31": "0.11000", "2006-04-30": "0.41000", "2006-01-31": "0.62000", "2005-10-31": "0.74000", "2005-07-31": "0.24000", "2005-04-30": "0.36000", "2005-01-31": "0.57000"}, "EPS - Earnings Per Share": {"2020-10-31": "1.02000", "2020-07-31": "0.29000", "2020-04-30": "0.55000", "2020-01-31": "3.97000", "2019-10-31": "0.55000", "2019-07-31": "-0.02000", "2019-04-30": "0.28000", "2019-01-31": "-0.20000", "2018-10-31": "0.64000", "2018-07-31": "0.31000", "2018-04-30": "-1.31000", "2018-01-31": "0.95000", "2017-10-31": "0.91000", "2017-07-31": "1.04000", "2017-04-30": "0.58000", "2017-01-31": "0.33000", "2016-10-31": "0.94000", "2016-07-31": "-0.26000", "2016-04-30": "0.59000", "2016-01-31": "0.85000", "2015-10-31": "0.62000", "2015-07-31": "0.07000", "2015-04-30": "0.57000", "2015-01-31": "0.71000", "2014-10-31": "0.78000", "2014-07-31": "0.59000", "2014-04-30": "0.58000", "2014-01-31": "1.03000", "2013-10-31": "0.54000", "2013-07-31": "-0.51000", "2013-04-30": "0.57000", "2013-01-31": "0.60000", "2012-10-31": "0.78000", "2012-07-31": "0.40000", "2012-04-30": "0.55000", "2012-01-31": "0.64000", "2011-10-31": "0.82000", "2011-07-31": "0.32000", "2011-04-30": "0.57000", "2011-01-31": "0.71000", "2010-10-31": "0.82000", "2010-07-31": "0.32000", "2010-04-30": "0.49000", "2010-01-31": "0.74000", "2009-10-31": "0.87000", "2009-07-31": "0.22000", "2009-04-30": "0.49000", "2009-01-31": "0.64000", "2008-10-31": "0.70000", "2008-07-31": "0.22000", "2008-04-30": "1.40000", "2008-01-31": "0.71000", "2007-10-31": "0.70000", "2007-07-31": "0.17000", "2007-04-30": "0.55000", "2007-01-31": "0.72000", "2006-10-31": "0.72000", "2006-07-31": "0.11000", "2006-04-30": "0.40000", "2006-01-31": "0.61000", "2005-10-31": "0.73000", "2005-07-31": "0.23000", "2005-04-30": "0.35000", "2005-01-31": "0.57000"}}, "balance sheet": {"Cash On Hand": {"2020-07-31": "859.00000", "2019-07-31": "31.00000", "2018-07-31": "49.00000", "2017-07-31": "319.00000", "2016-07-31": "296.00000", "2015-07-31": "253.00000", "2014-07-31": "232.00000", "2013-07-31": "333.00000", "2012-07-31": "335.00000", "2011-07-31": "484.00000", "2010-07-31": "254.00000", "2009-07-31": "51.00000", "2008-07-31": "81.00000", "2007-07-31": "71.00000", "2006-07-31": "657.00000", "2005-07-31": "40.00000"}, "Receivables": {"2020-07-31": "575.00000", "2019-07-31": "574.00000", "2018-07-31": "563.00000", "2017-07-31": "605.00000", "2016-07-31": "626.00000", "2015-07-31": "647.00000", "2014-07-31": "670.00000", "2013-07-31": "635.00000", "2012-07-31": "553.00000", "2011-07-31": "560.00000", "2010-07-31": "512.00000", "2009-07-31": "528.00000", "2008-07-31": "570.00000", "2007-07-31": "581.00000", "2006-07-31": "494.00000", "2005-07-31": "509.00000"}, "Inventory": {"2020-07-31": "871.00000", "2019-07-31": "863.00000", "2018-07-31": "887.00000", "2017-07-31": "902.00000", "2016-07-31": "940.00000", "2015-07-31": "995.00000", "2014-07-31": "1016.00000", "2013-07-31": "925.00000", "2012-07-31": "714.00000", "2011-07-31": "767.00000", "2010-07-31": "724.00000", "2009-07-31": "824.00000", "2008-07-31": "829.00000", "2007-07-31": "775.00000", "2006-07-31": "728.00000", "2005-07-31": "753.00000"}, "Pre-Paid Expenses": {"2020-07-31": "", "2019-07-31": "", "2018-07-31": "", "2017-07-31": "", "2016-07-31": "", "2015-07-31": "", "2014-07-31": "", "2013-07-31": "", "2012-07-31": "", "2011-07-31": "", "2010-07-31": "", "2009-07-31": "", "2008-07-31": "", "2007-07-31": "", "2006-07-31": "", "2005-07-31": ""}, "Other Current Assets": {"2020-07-31": "80.00000", "2019-07-31": "71.00000", "2018-07-31": "71.00000", "2017-07-31": "74.00000", "2016-07-31": "46.00000", "2015-07-31": "198.00000", "2014-07-31": "182.00000", "2013-07-31": "135.00000", "2012-07-31": "169.00000", "2011-07-31": "152.00000", "2010-07-31": "197.00000", "2009-07-31": "148.00000", "2008-07-31": "213.00000", "2007-07-31": "151.00000", "2006-07-31": "133.00000", "2005-07-31": "181.00000"}, "Total Current Assets": {"2020-07-31": "2385.00000", "2019-07-31": "1967.00000", "2018-07-31": "2296.00000", "2017-07-31": "1900.00000", "2016-07-31": "1908.00000", "2015-07-31": "2093.00000", "2014-07-31": "2100.00000", "2013-07-31": "2221.00000", "2012-07-31": "1771.00000", "2011-07-31": "1963.00000", "2010-07-31": "1687.00000", "2009-07-31": "1551.00000", "2008-07-31": "1693.00000", "2007-07-31": "1578.00000", "2006-07-31": "2112.00000", "2005-07-31": "1483.00000"}, "Property, Plant, And Equipment": {"2020-07-31": "2368.00000", "2019-07-31": "2455.00000", "2018-07-31": "2466.00000", "2017-07-31": "2454.00000", "2016-07-31": "2407.00000", "2015-07-31": "2347.00000", "2014-07-31": "2318.00000", "2013-07-31": "2260.00000", "2012-07-31": "2127.00000", "2011-07-31": "2103.00000", "2010-07-31": "2051.00000", "2009-07-31": "1977.00000", "2008-07-31": "1939.00000", "2007-07-31": "2042.00000", "2006-07-31": "1954.00000", "2005-07-31": "1987.00000"}, "Long-Term Investments": {"2020-07-31": "", "2019-07-31": "", "2018-07-31": "", "2017-07-31": "", "2016-07-31": "", "2015-07-31": "", "2014-07-31": "", "2013-07-31": "", "2012-07-31": "", "2011-07-31": "", "2010-07-31": "", "2009-07-31": "", "2008-07-31": "", "2007-07-31": "", "2006-07-31": "", "2005-07-31": ""}, "Goodwill And Intangible Assets": {"2020-07-31": "7336.00000", "2019-07-31": "7432.00000", "2018-07-31": "7528.00000", "2017-07-31": "3233.00000", "2016-07-31": "3415.00000", "2015-07-31": "3549.00000", "2014-07-31": "3608.00000", "2013-07-31": "3318.00000", "2012-07-31": "2509.00000", "2011-07-31": "2660.00000", "2010-07-31": "2428.00000", "2009-07-31": "2423.00000", "2008-07-31": "2603.00000", "2007-07-31": "2487.00000", "2006-07-31": "2361.00000", "2005-07-31": "3009.00000"}, "Other Long-Term Assets": {"2020-07-31": "283.00000", "2019-07-31": "127.00000", "2018-07-31": "189.00000", "2017-07-31": "139.00000", "2016-07-31": "107.00000", "2015-07-31": "88.00000", "2014-07-31": "87.00000", "2013-07-31": "131.00000", "2012-07-31": "123.00000", "2011-07-31": "136.00000", "2010-07-31": "110.00000", "2009-07-31": "105.00000", "2008-07-31": "239.00000", "2007-07-31": "338.00000", "2006-07-31": "480.00000", "2005-07-31": "297.00000"}, "Total Long-Term Assets": {"2020-07-31": "9987.00000", "2019-07-31": "11181.00000", "2018-07-31": "12233.00000", "2017-07-31": "5826.00000", "2016-07-31": "5929.00000", "2015-07-31": "5984.00000", "2014-07-31": "6013.00000", "2013-07-31": "6102.00000", "2012-07-31": "4759.00000", "2011-07-31": "4899.00000", "2010-07-31": "4589.00000", "2009-07-31": "4505.00000", "2008-07-31": "4781.00000", "2007-07-31": "4867.00000", "2006-07-31": "5633.00000", "2005-07-31": "5293.00000"}, "Total Assets": {"2020-07-31": "12372.00000", "2019-07-31": "13148.00000", "2018-07-31": "14529.00000", "2017-07-31": "7726.00000", "2016-07-31": "7837.00000", "2015-07-31": "8077.00000", "2014-07-31": "8113.00000", "2013-07-31": "8323.00000", "2012-07-31": "6530.00000", "2011-07-31": "6862.00000", "2010-07-31": "6276.00000", "2009-07-31": "6056.00000", "2008-07-31": "6474.00000", "2007-07-31": "6445.00000", "2006-07-31": "7745.00000", "2005-07-31": "6776.00000"}, "Total Current Liabilities": {"2020-07-31": "3075.00000", "2019-07-31": "3385.00000", "2018-07-31": "3594.00000", "2017-07-31": "2395.00000", "2016-07-31": "2555.00000", "2015-07-31": "2806.00000", "2014-07-31": "2989.00000", "2013-07-31": "3282.00000", "2012-07-31": "2070.00000", "2011-07-31": "1989.00000", "2010-07-31": "2065.00000", "2009-07-31": "1628.00000", "2008-07-31": "2403.00000", "2007-07-31": "2030.00000", "2006-07-31": "2881.00000", "2005-07-31": "2002.00000"}, "Long Term Debt": {"2020-07-31": "4994.00000", "2019-07-31": "7103.00000", "2018-07-31": "7991.00000", "2017-07-31": "2499.00000", "2016-07-31": "2314.00000", "2015-07-31": "2539.00000", "2014-07-31": "2244.00000", "2013-07-31": "2544.00000", "2012-07-31": "2004.00000", "2011-07-31": "2427.00000", "2010-07-31": "1945.00000", "2009-07-31": "2246.00000", "2008-07-31": "1633.00000", "2007-07-31": "2074.00000", "2006-07-31": "2116.00000", "2005-07-31": "2542.00000"}, "Other Non-Current Liabilities": {"2020-07-31": "820.00000", "2019-07-31": "624.00000", "2018-07-31": "547.00000", "2017-07-31": "697.00000", "2016-07-31": "1039.00000", "2015-07-31": "850.00000", "2014-07-31": "729.00000", "2013-07-31": "776.00000", "2012-07-31": "1260.00000", "2011-07-31": "983.00000", "2010-07-31": "1079.00000", "2009-07-31": "1214.00000", "2008-07-31": "1120.00000", "2007-07-31": "1046.00000", "2006-07-31": "955.00000", "2005-07-31": "684.00000"}, "Total Long Term Liabilities": {"2020-07-31": "6728.00000", "2019-07-31": "8651.00000", "2018-07-31": "9562.00000", "2017-07-31": "3686.00000", "2016-07-31": "3749.00000", "2015-07-31": "3894.00000", "2014-07-31": "3521.00000", "2013-07-31": "3831.00000", "2012-07-31": "3562.00000", "2011-07-31": "3777.00000", "2010-07-31": "3282.00000", "2009-07-31": "3697.00000", "2008-07-31": "2753.00000", "2007-07-31": "3120.00000", "2006-07-31": "3096.00000", "2005-07-31": "3504.00000"}, "Total Liabilities": {"2020-07-31": "9803.00000", "2019-07-31": "12036.00000", "2018-07-31": "13156.00000", "2017-07-31": "6081.00000", "2016-07-31": "6304.00000", "2015-07-31": "6700.00000", "2014-07-31": "6510.00000", "2013-07-31": "7113.00000", "2012-07-31": "5632.00000", "2011-07-31": "5766.00000", "2010-07-31": "5347.00000", "2009-07-31": "5325.00000", "2008-07-31": "5156.00000", "2007-07-31": "5150.00000", "2006-07-31": "5977.00000", "2005-07-31": "5506.00000"}, "Common Stock Net": {"2020-07-31": "12.00000", "2019-07-31": "12.00000", "2018-07-31": "12.00000", "2017-07-31": "12.00000", "2016-07-31": "12.00000", "2015-07-31": "12.00000", "2014-07-31": "12.00000", "2013-07-31": "12.00000", "2012-07-31": "20.00000", "2011-07-31": "20.00000", "2010-07-31": "20.00000", "2009-07-31": "20.00000", "2008-07-31": "20.00000", "2007-07-31": "20.00000", "2006-07-31": "20.00000", "2005-07-31": "20.00000"}, "Retained Earnings (Accumulated Deficit)": {"2020-07-31": "3190.00000", "2019-07-31": "1993.00000", "2018-07-31": "2224.00000", "2017-07-31": "2385.00000", "2016-07-31": "1927.00000", "2015-07-31": "1754.00000", "2014-07-31": "2198.00000", "2013-07-31": "1772.00000", "2012-07-31": "9584.00000", "2011-07-31": "9185.00000", "2010-07-31": "8760.00000", "2009-07-31": "8288.00000", "2008-07-31": "7909.00000", "2007-07-31": "7082.00000", "2006-07-31": "6539.00000", "2005-07-31": "6069.00000"}, "Comprehensive Income": {"2020-07-31": "-10.00000", "2019-07-31": "-198.00000", "2018-07-31": "-118.00000", "2017-07-31": "-53.00000", "2016-07-31": "-104.00000", "2015-07-31": "-168.00000", "2014-07-31": "-569.00000", "2013-07-31": "-565.00000", "2012-07-31": "-776.00000", "2011-07-31": "-427.00000", "2010-07-31": "-736.00000", "2009-07-31": "-718.00000", "2008-07-31": "-136.00000", "2007-07-31": "-123.00000", "2006-07-31": "4.00000", "2005-07-31": "-223.00000"}, "Other Share Holders Equity": {"2020-07-31": "", "2019-07-31": "", "2018-07-31": "", "2017-07-31": "", "2016-07-31": "", "2015-07-31": "", "2014-07-31": "", "2013-07-31": "", "2012-07-31": "", "2011-07-31": "", "2010-07-31": "", "2009-07-31": "", "2008-07-31": "", "2007-07-31": "", "2006-07-31": "", "2005-07-31": ""}, "Share Holder Equity": {"2020-07-31": "2569.00000", "2019-07-31": "1112.00000", "2018-07-31": "1373.00000", "2017-07-31": "1645.00000", "2016-07-31": "1533.00000", "2015-07-31": "1377.00000", "2014-07-31": "1603.00000", "2013-07-31": "1210.00000", "2012-07-31": "898.00000", "2011-07-31": "1096.00000", "2010-07-31": "929.00000", "2009-07-31": "731.00000", "2008-07-31": "1318.00000", "2007-07-31": "1295.00000", "2006-07-31": "1768.00000", "2005-07-31": "1270.00000"}, "Total Liabilities And Share Holders Equity": {"2020-07-31": "12372.00000", "2019-07-31": "13148.00000", "2018-07-31": "14529.00000", "2017-07-31": "7726.00000", "2016-07-31": "7837.00000", "2015-07-31": "8077.00000", "2014-07-31": "8113.00000", "2013-07-31": "8323.00000", "2012-07-31": "6530.00000", "2011-07-31": "6862.00000", "2010-07-31": "6276.00000", "2009-07-31": "6056.00000", "2008-07-31": "6474.00000", "2007-07-31": "6445.00000", "2006-07-31": "7745.00000", "2005-07-31": "6776.00000"}}, "balance sheet, quarterly": {"Cash On Hand": {"2020-10-31": "722.00000", "2020-07-31": "859.00000", "2020-04-30": "1242.00000", "2020-01-31": "58.00000", "2019-10-31": "61.00000", "2019-07-31": "31.00000", "2019-04-30": "202.00000", "2019-01-31": "203.00000", "2018-10-31": "205.00000", "2018-07-31": "49.00000", "2018-04-30": "199.00000", "2018-01-31": "196.00000", "2017-10-31": "163.00000", "2017-07-31": "319.00000", "2017-04-30": "313.00000", "2017-01-31": "309.00000", "2016-10-31": "290.00000", "2016-07-31": "296.00000", "2016-04-30": "383.00000", "2016-01-31": "306.00000", "2015-10-31": "263.00000", "2015-07-31": "253.00000", "2015-04-30": "230.00000", "2015-01-31": "201.00000", "2014-10-31": "239.00000", "2014-07-31": "232.00000", "2014-04-30": "222.00000", "2014-01-31": "293.00000", "2013-10-31": "305.00000", "2013-07-31": "333.00000", "2013-04-30": "453.00000", "2013-01-31": "410.00000", "2012-10-31": "361.00000", "2012-07-31": "335.00000", "2012-04-30": "383.00000", "2012-01-31": "322.00000", "2011-10-31": "285.00000", "2011-07-31": "484.00000", "2011-04-30": "449.00000", "2011-01-31": "325.00000", "2010-10-31": "291.00000", "2010-07-31": "254.00000", "2010-04-30": "80.00000", "2010-01-31": "113.00000", "2009-10-31": "76.00000", "2009-07-31": "51.00000", "2009-04-30": "61.00000", "2009-01-31": "80.00000", "2008-10-31": "63.00000", "2008-07-31": "81.00000", "2008-04-30": "50.00000", "2008-01-31": "95.00000", "2007-10-31": "77.00000", "2007-07-31": "71.00000", "2007-04-30": "274.00000", "2007-01-31": "483.00000", "2006-10-31": "230.00000", "2006-07-31": "657.00000", "2006-04-30": "530.00000", "2006-01-31": "267.00000", "2005-10-31": "45.00000", "2005-07-31": "40.00000", "2005-04-30": "32.00000", "2005-01-31": "51.00000"}, "Receivables": {"2020-10-31": "765.00000", "2020-07-31": "575.00000", "2020-04-30": "662.00000", "2020-01-31": "660.00000", "2019-10-31": "729.00000", "2019-07-31": "574.00000", "2019-04-30": "753.00000", "2019-01-31": "927.00000", "2018-10-31": "995.00000", "2018-07-31": "563.00000", "2018-04-30": "873.00000", "2018-01-31": "738.00000", "2017-10-31": "766.00000", "2017-07-31": "605.00000", "2017-04-30": "618.00000", "2017-01-31": "714.00000", "2016-10-31": "841.00000", "2016-07-31": "626.00000", "2016-04-30": "648.00000", "2016-01-31": "770.00000", "2015-10-31": "829.00000", "2015-07-31": "647.00000", "2015-04-30": "641.00000", "2015-01-31": "794.00000", "2014-10-31": "840.00000", "2014-07-31": "670.00000", "2014-04-30": "669.00000", "2014-01-31": "783.00000", "2013-10-31": "804.00000", "2013-07-31": "635.00000", "2013-04-30": "674.00000", "2013-01-31": "799.00000", "2012-10-31": "892.00000", "2012-07-31": "553.00000", "2012-04-30": "564.00000", "2012-01-31": "683.00000", "2011-10-31": "788.00000", "2011-07-31": "560.00000", "2011-04-30": "604.00000", "2011-01-31": "712.00000", "2010-10-31": "805.00000", "2010-07-31": "512.00000", "2010-04-30": "543.00000", "2010-01-31": "679.00000", "2009-10-31": "790.00000", "2009-07-31": "528.00000", "2009-04-30": "518.00000", "2009-01-31": "658.00000", "2008-10-31": "784.00000", "2008-07-31": "570.00000", "2008-04-30": "655.00000", "2008-01-31": "813.00000", "2007-10-31": "862.00000", "2007-07-31": "581.00000", "2007-04-30": "575.00000", "2007-01-31": "747.00000", "2006-10-31": "802.00000", "2006-07-31": "494.00000", "2006-04-30": "579.00000", "2006-01-31": "719.00000", "2005-10-31": "788.00000", "2005-07-31": "509.00000", "2005-04-30": "539.00000", "2005-01-31": "718.00000"}, "Inventory": {"2020-10-31": "910.00000", "2020-07-31": "871.00000", "2020-04-30": "731.00000", "2020-01-31": "779.00000", "2019-10-31": "887.00000", "2019-07-31": "863.00000", "2019-04-30": "884.00000", "2019-01-31": "1076.00000", "2018-10-31": "1226.00000", "2018-07-31": "887.00000", "2018-04-30": "1076.00000", "2018-01-31": "869.00000", "2017-10-31": "1001.00000", "2017-07-31": "902.00000", "2017-04-30": "791.00000", "2017-01-31": "820.00000", "2016-10-31": "964.00000", "2016-07-31": "940.00000", "2016-04-30": "829.00000", "2016-01-31": "855.00000", "2015-10-31": "1049.00000", "2015-07-31": "995.00000", "2015-04-30": "876.00000", "2015-01-31": "916.00000", "2014-10-31": "1105.00000", "2014-07-31": "1016.00000", "2014-04-30": "858.00000", "2014-01-31": "891.00000", "2013-10-31": "1079.00000", "2013-07-31": "925.00000", "2013-04-30": "888.00000", "2013-01-31": "886.00000", "2012-10-31": "963.00000", "2012-07-31": "714.00000", "2012-04-30": "673.00000", "2012-01-31": "746.00000", "2011-10-31": "889.00000", "2011-07-31": "767.00000", "2011-04-30": "639.00000", "2011-01-31": "703.00000", "2010-10-31": "838.00000", "2010-07-31": "724.00000", "2010-04-30": "639.00000", "2010-01-31": "700.00000", "2009-10-31": "839.00000", "2009-07-31": "824.00000", "2009-04-30": "720.00000", "2009-01-31": "751.00000", "2008-10-31": "896.00000", "2008-07-31": "829.00000", "2008-04-30": "666.00000", "2008-01-31": "735.00000", "2007-10-31": "917.00000", "2007-07-31": "775.00000", "2007-04-30": "680.00000", "2007-01-31": "730.00000", "2006-10-31": "859.00000", "2006-07-31": "728.00000", "2006-04-30": "650.00000", "2006-01-31": "755.00000", "2005-10-31": "894.00000", "2005-07-31": "753.00000", "2005-04-30": "706.00000", "2005-01-31": "762.00000"}, "Pre-Paid Expenses": {"2020-10-31": "", "2020-07-31": "", "2020-04-30": "", "2020-01-31": "", "2019-10-31": "", "2019-07-31": "", "2019-04-30": "", "2019-01-31": "", "2018-10-31": "", "2018-07-31": "", "2018-04-30": "", "2018-01-31": "", "2017-10-31": "", "2017-07-31": "", "2017-04-30": "", "2017-01-31": "", "2016-10-31": "", "2016-07-31": "", "2016-04-30": "", "2016-01-31": "", "2015-10-31": "", "2015-07-31": "", "2015-04-30": "", "2015-01-31": "", "2014-10-31": "", "2014-07-31": "", "2014-04-30": "", "2014-01-31": "", "2013-10-31": "", "2013-07-31": "", "2013-04-30": "", "2013-01-31": "", "2012-10-31": "", "2012-07-31": "", "2012-04-30": "", "2012-01-31": "", "2011-10-31": "", "2011-07-31": "", "2011-04-30": "", "2011-01-31": "", "2010-10-31": "", "2010-07-31": "", "2010-04-30": "", "2010-01-31": "", "2009-10-31": "", "2009-07-31": "", "2009-04-30": "", "2009-01-31": "", "2008-10-31": "", "2008-07-31": "", "2008-04-30": "", "2008-01-31": "", "2007-10-31": "", "2007-07-31": "", "2007-04-30": "", "2007-01-31": "", "2006-10-31": "", "2006-07-31": "", "2006-04-30": "", "2006-01-31": "", "2005-10-31": "", "2005-07-31": "", "2005-04-30": "", "2005-01-31": ""}, "Other Current Assets": {"2020-10-31": "66.00000", "2020-07-31": "80.00000", "2020-04-30": "111.00000", "2020-01-31": "59.00000", "2019-10-31": "61.00000", "2019-07-31": "71.00000", "2019-04-30": "102.00000", "2019-01-31": "89.00000", "2018-10-31": "95.00000", "2018-07-31": "71.00000", "2018-04-30": "181.00000", "2018-01-31": "125.00000", "2017-10-31": "66.00000", "2017-07-31": "74.00000", "2017-04-30": "68.00000", "2017-01-31": "53.00000", "2016-10-31": "51.00000", "2016-07-31": "46.00000", "2016-04-30": "182.00000", "2016-01-31": "201.00000", "2015-10-31": "196.00000", "2015-07-31": "198.00000", "2015-04-30": "155.00000", "2015-01-31": "179.00000", "2014-10-31": "174.00000", "2014-07-31": "182.00000", "2014-04-30": "198.00000", "2014-01-31": "207.00000", "2013-10-31": "206.00000", "2013-07-31": "135.00000", "2013-04-30": "162.00000", "2013-01-31": "169.00000", "2012-10-31": "185.00000", "2012-07-31": "169.00000", "2012-04-30": "147.00000", "2012-01-31": "167.00000", "2011-10-31": "161.00000", "2011-07-31": "152.00000", "2011-04-30": "150.00000", "2011-01-31": "174.00000", "2010-10-31": "190.00000", "2010-07-31": "197.00000", "2010-04-30": "169.00000", "2010-01-31": "140.00000", "2009-10-31": "147.00000", "2009-07-31": "148.00000", "2009-04-30": "149.00000", "2009-01-31": "149.00000", "2008-10-31": "173.00000", "2008-07-31": "213.00000", "2008-04-30": "213.00000", "2008-01-31": "112.00000", "2007-10-31": "162.00000", "2007-07-31": "151.00000", "2007-04-30": "165.00000", "2007-01-31": "190.00000", "2006-10-31": "201.00000", "2006-07-31": "133.00000", "2006-04-30": "163.00000", "2006-01-31": "173.00000", "2005-10-31": "183.00000", "2005-07-31": "181.00000", "2005-04-30": "142.00000", "2005-01-31": "143.00000"}, "Total Current Assets": {"2020-10-31": "2463.00000", "2020-07-31": "2385.00000", "2020-04-30": "2746.00000", "2020-01-31": "1556.00000", "2019-10-31": "2053.00000", "2019-07-31": "1967.00000", "2019-04-30": "2161.00000", "2019-01-31": "2295.00000", "2018-10-31": "2521.00000", "2018-07-31": "2296.00000", "2018-04-30": "2329.00000", "2018-01-31": "1928.00000", "2017-10-31": "1996.00000", "2017-07-31": "1900.00000", "2017-04-30": "1790.00000", "2017-01-31": "1896.00000", "2016-10-31": "2146.00000", "2016-07-31": "1908.00000", "2016-04-30": "2042.00000", "2016-01-31": "2132.00000", "2015-10-31": "2337.00000", "2015-07-31": "2093.00000", "2015-04-30": "1902.00000", "2015-01-31": "2090.00000", "2014-10-31": "2358.00000", "2014-07-31": "2100.00000", "2014-04-30": "1947.00000", "2014-01-31": "2174.00000", "2013-10-31": "2587.00000", "2013-07-31": "2221.00000", "2013-04-30": "2177.00000", "2013-01-31": "2264.00000", "2012-10-31": "2401.00000", "2012-07-31": "1771.00000", "2012-04-30": "1767.00000", "2012-01-31": "1918.00000", "2011-10-31": "2123.00000", "2011-07-31": "1963.00000", "2011-04-30": "1842.00000", "2011-01-31": "1914.00000", "2010-10-31": "2124.00000", "2010-07-31": "1687.00000", "2010-04-30": "1431.00000", "2010-01-31": "1632.00000", "2009-10-31": "1852.00000", "2009-07-31": "1551.00000", "2009-04-30": "1448.00000", "2009-01-31": "1638.00000", "2008-10-31": "1916.00000", "2008-07-31": "1693.00000", "2008-04-30": "1610.00000", "2008-01-31": "1878.00000", "2007-10-31": "2018.00000", "2007-07-31": "1578.00000", "2007-04-30": "1694.00000", "2007-01-31": "2150.00000", "2006-10-31": "2092.00000", "2006-07-31": "2112.00000", "2006-04-30": "1922.00000", "2006-01-31": "1914.00000", "2005-10-31": "1910.00000", "2005-07-31": "1483.00000", "2005-04-30": "1419.00000", "2005-01-31": "1674.00000"}, "Property, Plant, And Equipment": {"2020-10-31": "2352.00000", "2020-07-31": "2368.00000", "2020-04-30": "2340.00000", "2020-01-31": "2336.00000", "2019-10-31": "2352.00000", "2019-07-31": "2455.00000", "2019-04-30": "2769.00000", "2019-01-31": "3036.00000", "2018-10-31": "3162.00000", "2018-07-31": "2466.00000", "2018-04-30": "3174.00000", "2018-01-31": "2518.00000", "2017-10-31": "2417.00000", "2017-07-31": "2454.00000", "2017-04-30": "2372.00000", "2017-01-31": "2375.00000", "2016-10-31": "2380.00000", "2016-07-31": "2407.00000", "2016-04-30": "2371.00000", "2016-01-31": "2340.00000", "2015-10-31": "2340.00000", "2015-07-31": "2347.00000", "2015-04-30": "2292.00000", "2015-01-31": "2257.00000", "2014-10-31": "2286.00000", "2014-07-31": "2318.00000", "2014-04-30": "2263.00000", "2014-01-31": "2241.00000", "2013-10-31": "2283.00000", "2013-07-31": "2260.00000", "2013-04-30": "2356.00000", "2013-01-31": "2361.00000", "2012-10-31": "2409.00000", "2012-07-31": "2127.00000", "2012-04-30": "2054.00000", "2012-01-31": "2047.00000", "2011-10-31": "2057.00000", "2011-07-31": "2103.00000", "2011-04-30": "2060.00000", "2011-01-31": "2018.00000", "2010-10-31": "2042.00000", "2010-07-31": "2051.00000", "2010-04-30": "1995.00000", "2010-01-31": "1969.00000", "2009-10-31": "1985.00000", "2009-07-31": "1977.00000", "2009-04-30": "1812.00000", "2009-01-31": "1760.00000", "2008-10-31": "1776.00000", "2008-07-31": "1939.00000", "2008-04-30": "1892.00000", "2008-01-31": "1930.00000", "2007-10-31": "2064.00000", "2007-07-31": "2042.00000", "2007-04-30": "1978.00000", "2007-01-31": "1943.00000", "2006-10-31": "1939.00000", "2006-07-31": "1954.00000", "2006-04-30": "1944.00000", "2006-01-31": "1940.00000", "2005-10-31": "1957.00000", "2005-07-31": "1987.00000", "2005-04-30": "1911.00000", "2005-01-31": "1917.00000"}, "Long-Term Investments": {"2020-10-31": "", "2020-07-31": "", "2020-04-30": "", "2020-01-31": "", "2019-10-31": "", "2019-07-31": "", "2019-04-30": "", "2019-01-31": "", "2018-10-31": "", "2018-07-31": "", "2018-04-30": "", "2018-01-31": "", "2017-10-31": "", "2017-07-31": "", "2017-04-30": "", "2017-01-31": "", "2016-10-31": "", "2016-07-31": "", "2016-04-30": "", "2016-01-31": "", "2015-10-31": "", "2015-07-31": "", "2015-04-30": "", "2015-01-31": "", "2014-10-31": "", "2014-07-31": "", "2014-04-30": "", "2014-01-31": "", "2013-10-31": "", "2013-07-31": "", "2013-04-30": "", "2013-01-31": "", "2012-10-31": "", "2012-07-31": "", "2012-04-30": "", "2012-01-31": "", "2011-10-31": "", "2011-07-31": "", "2011-04-30": "", "2011-01-31": "", "2010-10-31": "", "2010-07-31": "", "2010-04-30": "", "2010-01-31": "", "2009-10-31": "", "2009-07-31": "", "2009-04-30": "", "2009-01-31": "", "2008-10-31": "", "2008-07-31": "", "2008-04-30": "", "2008-01-31": "", "2007-10-31": "", "2007-07-31": "", "2007-04-30": "", "2007-01-31": "", "2006-10-31": "", "2006-07-31": "", "2006-04-30": "", "2006-01-31": "", "2005-10-31": "", "2005-07-31": "", "2005-04-30": "", "2005-01-31": ""}, "Goodwill And Intangible Assets": {"2020-10-31": "7327.00000", "2020-07-31": "7336.00000", "2020-04-30": "7343.00000", "2020-01-31": "7361.00000", "2019-10-31": "7371.00000", "2019-07-31": "7432.00000", "2019-04-30": "8289.00000", "2019-01-31": "8473.00000", "2018-10-31": "8680.00000", "2018-07-31": "7528.00000", "2018-04-30": "8881.00000", "2018-01-31": "3744.00000", "2017-10-31": "3198.00000", "2017-07-31": "3233.00000", "2017-04-30": "3170.00000", "2017-01-31": "3179.00000", "2016-10-31": "3404.00000", "2016-07-31": "3415.00000", "2016-04-30": "3574.00000", "2016-01-31": "3511.00000", "2015-10-31": "3531.00000", "2015-07-31": "3549.00000", "2015-04-30": "3414.00000", "2015-01-31": "3410.00000", "2014-10-31": "3539.00000", "2014-07-31": "3608.00000", "2014-04-30": "3616.00000", "2014-01-31": "3569.00000", "2013-10-31": "3655.00000", "2013-07-31": "3318.00000", "2013-04-30": "3786.00000", "2013-01-31": "3827.00000", "2012-10-31": "3802.00000", "2012-07-31": "2509.00000", "2012-04-30": "2558.00000", "2012-01-31": "2569.00000", "2011-10-31": "2619.00000", "2011-07-31": "2660.00000", "2011-04-30": "2684.00000", "2011-01-31": "2535.00000", "2010-10-31": "2538.00000", "2010-07-31": "2428.00000", "2010-04-30": "2457.00000", "2010-01-31": "2442.00000", "2009-10-31": "2494.00000", "2009-07-31": "2423.00000", "2009-04-30": "2292.00000", "2009-01-31": "2189.00000", "2008-10-31": "2217.00000", "2008-07-31": "2603.00000", "2008-04-30": "2624.00000", "2008-01-31": "2566.00000", "2007-10-31": "2598.00000", "2007-07-31": "2487.00000", "2007-04-30": "2466.00000", "2007-01-31": "2372.00000", "2006-10-31": "2362.00000", "2006-07-31": "2361.00000", "2006-04-30": "3085.00000", "2006-01-31": "3011.00000", "2005-10-31": "3006.00000", "2005-07-31": "3009.00000", "2005-04-30": "3153.00000", "2005-01-31": "3156.00000"}, "Other Long-Term Assets": {"2020-10-31": "275.00000", "2020-07-31": "283.00000", "2020-04-30": "289.00000", "2020-01-31": "401.00000", "2019-10-31": "390.00000", "2019-07-31": "127.00000", "2019-04-30": "203.00000", "2019-01-31": "220.00000", "2018-10-31": "224.00000", "2018-07-31": "189.00000", "2018-04-30": "182.00000", "2018-01-31": "146.00000", "2017-10-31": "135.00000", "2017-07-31": "139.00000", "2017-04-30": "119.00000", "2017-01-31": "120.00000", "2016-10-31": "109.00000", "2016-07-31": "107.00000", "2016-04-30": "94.00000", "2016-01-31": "96.00000", "2015-10-31": "96.00000", "2015-07-31": "88.00000", "2015-04-30": "151.00000", "2015-01-31": "146.00000", "2014-10-31": "114.00000", "2014-07-31": "87.00000", "2014-04-30": "138.00000", "2014-01-31": "135.00000", "2013-10-31": "123.00000", "2013-07-31": "131.00000", "2013-04-30": "134.00000", "2013-01-31": "141.00000", "2012-10-31": "135.00000", "2012-07-31": "123.00000", "2012-04-30": "113.00000", "2012-01-31": "131.00000", "2011-10-31": "149.00000", "2011-07-31": "136.00000", "2011-04-30": "114.00000", "2011-01-31": "113.00000", "2010-10-31": "114.00000", "2010-07-31": "110.00000", "2010-04-30": "103.00000", "2010-01-31": "109.00000", "2009-10-31": "100.00000", "2009-07-31": "105.00000", "2009-04-30": "290.00000", "2009-01-31": "324.00000", "2008-10-31": "287.00000", "2008-07-31": "239.00000", "2008-04-30": "381.00000", "2008-01-31": "384.00000", "2007-10-31": "378.00000", "2007-07-31": "338.00000", "2007-04-30": "616.00000", "2007-01-31": "620.00000", "2006-10-31": "631.00000", "2006-07-31": "480.00000", "2006-04-30": "301.00000", "2006-01-31": "281.00000", "2005-10-31": "291.00000", "2005-07-31": "297.00000", "2005-04-30": "330.00000", "2005-01-31": "327.00000"}, "Total Long-Term Assets": {"2020-10-31": "9954.00000", "2020-07-31": "9987.00000", "2020-04-30": "9972.00000", "2020-01-31": "10098.00000", "2019-10-31": "11057.00000", "2019-07-31": "11181.00000", "2019-04-30": "11607.00000", "2019-01-31": "11729.00000", "2018-10-31": "12066.00000", "2018-07-31": "12233.00000", "2018-04-30": "12237.00000", "2018-01-31": "6408.00000", "2017-10-31": "5750.00000", "2017-07-31": "5826.00000", "2017-04-30": "5661.00000", "2017-01-31": "5674.00000", "2016-10-31": "5893.00000", "2016-07-31": "5929.00000", "2016-04-30": "6039.00000", "2016-01-31": "5947.00000", "2015-10-31": "5967.00000", "2015-07-31": "5984.00000", "2015-04-30": "5857.00000", "2015-01-31": "5813.00000", "2014-10-31": "5939.00000", "2014-07-31": "6013.00000", "2014-04-30": "6017.00000", "2014-01-31": "5945.00000", "2013-10-31": "6468.00000", "2013-07-31": "6102.00000", "2013-04-30": "6276.00000", "2013-01-31": "6329.00000", "2012-10-31": "6346.00000", "2012-07-31": "4759.00000", "2012-04-30": "4725.00000", "2012-01-31": "4747.00000", "2011-10-31": "4825.00000", "2011-07-31": "4899.00000", "2011-04-30": "4858.00000", "2011-01-31": "4666.00000", "2010-10-31": "4694.00000", "2010-07-31": "4589.00000", "2010-04-30": "4555.00000", "2010-01-31": "4520.00000", "2009-10-31": "4579.00000", "2009-07-31": "4505.00000", "2009-04-30": "4394.00000", "2009-01-31": "4273.00000", "2008-10-31": "4280.00000", "2008-07-31": "4781.00000", "2008-04-30": "4897.00000", "2008-01-31": "4998.00000", "2007-10-31": "5040.00000", "2007-07-31": "4867.00000", "2007-04-30": "5060.00000", "2007-01-31": "4935.00000", "2006-10-31": "4932.00000", "2006-07-31": "5633.00000", "2006-04-30": "5330.00000", "2006-01-31": "5232.00000", "2005-10-31": "5254.00000", "2005-07-31": "5293.00000", "2005-04-30": "5394.00000", "2005-01-31": "5400.00000"}, "Total Assets": {"2020-10-31": "12417.00000", "2020-07-31": "12372.00000", "2020-04-30": "12718.00000", "2020-01-31": "11654.00000", "2019-10-31": "13110.00000", "2019-07-31": "13148.00000", "2019-04-30": "13768.00000", "2019-01-31": "14024.00000", "2018-10-31": "14587.00000", "2018-07-31": "14529.00000", "2018-04-30": "14566.00000", "2018-01-31": "8336.00000", "2017-10-31": "7746.00000", "2017-07-31": "7726.00000", "2017-04-30": "7451.00000", "2017-01-31": "7570.00000", "2016-10-31": "8039.00000", "2016-07-31": "7837.00000", "2016-04-30": "8081.00000", "2016-01-31": "8079.00000", "2015-10-31": "8304.00000", "2015-07-31": "8077.00000", "2015-04-30": "7759.00000", "2015-01-31": "7903.00000", "2014-10-31": "8297.00000", "2014-07-31": "8113.00000", "2014-04-30": "7964.00000", "2014-01-31": "8119.00000", "2013-10-31": "9055.00000", "2013-07-31": "8323.00000", "2013-04-30": "8453.00000", "2013-01-31": "8593.00000", "2012-10-31": "8747.00000", "2012-07-31": "6530.00000", "2012-04-30": "6492.00000", "2012-01-31": "6665.00000", "2011-10-31": "6948.00000", "2011-07-31": "6862.00000", "2011-04-30": "6700.00000", "2011-01-31": "6580.00000", "2010-10-31": "6818.00000", "2010-07-31": "6276.00000", "2010-04-30": "5986.00000", "2010-01-31": "6152.00000", "2009-10-31": "6431.00000", "2009-07-31": "6056.00000", "2009-04-30": "5842.00000", "2009-01-31": "5911.00000", "2008-10-31": "6196.00000", "2008-07-31": "6474.00000", "2008-04-30": "6507.00000", "2008-01-31": "6876.00000", "2007-10-31": "7058.00000", "2007-07-31": "6445.00000", "2007-04-30": "6754.00000", "2007-01-31": "7085.00000", "2006-10-31": "7024.00000", "2006-07-31": "7745.00000", "2006-04-30": "7252.00000", "2006-01-31": "7146.00000", "2005-10-31": "7164.00000", "2005-07-31": "6776.00000", "2005-04-30": "6813.00000", "2005-01-31": "7074.00000"}, "Total Current Liabilities": {"2020-10-31": "2906.00000", "2020-07-31": "3075.00000", "2020-04-30": "3269.00000", "2020-01-31": "2536.00000", "2019-10-31": "3435.00000", "2019-07-31": "3385.00000", "2019-04-30": "3511.00000", "2019-01-31": "3299.00000", "2018-10-31": "3662.00000", "2018-07-31": "3594.00000", "2018-04-30": "3403.00000", "2018-01-31": "3012.00000", "2017-10-31": "2583.00000", "2017-07-31": "2395.00000", "2017-04-30": "2352.00000", "2017-01-31": "2436.00000", "2016-10-31": "2760.00000", "2016-07-31": "2555.00000", "2016-04-30": "2377.00000", "2016-01-31": "2566.00000", "2015-10-31": "2904.00000", "2015-07-31": "2806.00000", "2015-04-30": "2323.00000", "2015-01-31": "2850.00000", "2014-10-31": "3168.00000", "2014-07-31": "2989.00000", "2014-04-30": "2817.00000", "2014-01-31": "3189.00000", "2013-10-31": "4104.00000", "2013-07-31": "3282.00000", "2013-04-30": "2604.00000", "2013-01-31": "2891.00000", "2012-10-31": "3092.00000", "2012-07-31": "2070.00000", "2012-04-30": "1908.00000", "2012-01-31": "2152.00000", "2011-10-31": "2033.00000", "2011-07-31": "1989.00000", "2011-04-30": "1837.00000", "2011-01-31": "2415.00000", "2010-10-31": "2479.00000", "2010-07-31": "2065.00000", "2010-04-30": "2114.00000", "2010-01-31": "1633.00000", "2009-10-31": "1984.00000", "2009-07-31": "1628.00000", "2009-04-30": "1633.00000", "2009-01-31": "1865.00000", "2008-10-31": "2439.00000", "2008-07-31": "2403.00000", "2008-04-30": "1663.00000", "2008-01-31": "2360.00000", "2007-10-31": "2612.00000", "2007-07-31": "2030.00000", "2007-04-30": "1964.00000", "2007-01-31": "2499.00000", "2006-10-31": "2637.00000", "2006-07-31": "2881.00000", "2006-04-30": "2626.00000", "2006-01-31": "2303.00000", "2005-10-31": "2438.00000", "2005-07-31": "2002.00000", "2005-04-30": "1900.00000", "2005-01-31": "2219.00000"}, "Long Term Debt": {"2020-10-31": "4996.00000", "2020-07-31": "4994.00000", "2020-04-30": "5191.00000", "2020-01-31": "4919.00000", "2019-10-31": "6706.00000", "2019-07-31": "7103.00000", "2019-04-30": "7507.00000", "2019-01-31": "8003.00000", "2018-10-31": "8001.00000", "2018-07-31": "7991.00000", "2018-04-30": "8080.00000", "2018-01-31": "2247.00000", "2017-10-31": "2269.00000", "2017-07-31": "2499.00000", "2017-04-30": "2270.00000", "2017-01-31": "2293.00000", "2016-10-31": "2298.00000", "2016-07-31": "2314.00000", "2016-04-30": "2552.00000", "2016-01-31": "2551.00000", "2015-10-31": "2551.00000", "2015-07-31": "2539.00000", "2015-04-30": "2553.00000", "2015-01-31": "2253.00000", "2014-10-31": "2244.00000", "2014-07-31": "2244.00000", "2014-04-30": "2247.00000", "2014-01-31": "2247.00000", "2013-10-31": "2247.00000", "2013-07-31": "2544.00000", "2013-04-30": "2944.00000", "2013-01-31": "2940.00000", "2012-10-31": "2940.00000", "2012-07-31": "2004.00000", "2012-04-30": "2006.00000", "2012-01-31": "2008.00000", "2011-10-31": "2422.00000", "2011-07-31": "2427.00000", "2011-04-30": "2431.00000", "2011-01-31": "1937.00000", "2010-10-31": "1946.00000", "2010-07-31": "1945.00000", "2010-04-30": "1542.00000", "2010-01-31": "2250.00000", "2009-10-31": "2249.00000", "2009-07-31": "2246.00000", "2009-04-30": "1954.00000", "2009-01-31": "1957.00000", "2008-10-31": "1635.00000", "2008-07-31": "1633.00000", "2008-04-30": "1767.00000", "2008-01-31": "1780.00000", "2007-10-31": "1773.00000", "2007-07-31": "2074.00000", "2007-04-30": "2123.00000", "2007-01-31": "2111.00000", "2006-10-31": "2116.00000", "2006-07-31": "2116.00000", "2006-04-30": "1904.00000", "2006-01-31": "2219.00000", "2005-10-31": "2225.00000", "2005-07-31": "2542.00000", "2005-04-30": "2541.00000", "2005-01-31": "2552.00000"}, "Other Non-Current Liabilities": {"2020-10-31": "803.00000", "2020-07-31": "820.00000", "2020-04-30": "718.00000", "2020-01-31": "744.00000", "2019-10-31": "737.00000", "2019-07-31": "624.00000", "2019-04-30": "519.00000", "2019-01-31": "540.00000", "2018-10-31": "549.00000", "2018-07-31": "547.00000", "2018-04-30": "736.00000", "2018-01-31": "745.00000", "2017-10-31": "674.00000", "2017-07-31": "697.00000", "2017-04-30": "927.00000", "2017-01-31": "960.00000", "2016-10-31": "969.00000", "2016-07-31": "1039.00000", "2016-04-30": "993.00000", "2016-01-31": "959.00000", "2015-10-31": "977.00000", "2015-07-31": "850.00000", "2015-04-30": "725.00000", "2015-01-31": "739.00000", "2014-10-31": "719.00000", "2014-07-31": "729.00000", "2014-04-30": "728.00000", "2014-01-31": "729.00000", "2013-10-31": "741.00000", "2013-07-31": "776.00000", "2013-04-30": "1114.00000", "2013-01-31": "1128.00000", "2012-10-31": "1157.00000", "2012-07-31": "1260.00000", "2012-04-30": "867.00000", "2012-01-31": "883.00000", "2011-10-31": "924.00000", "2011-07-31": "983.00000", "2011-04-30": "1009.00000", "2011-01-31": "989.00000", "2010-10-31": "989.00000", "2010-07-31": "1079.00000", "2010-04-30": "937.00000", "2010-01-31": "954.00000", "2009-10-31": "956.00000", "2009-07-31": "1214.00000", "2009-04-30": "1125.00000", "2009-01-31": "1052.00000", "2008-10-31": "1051.00000", "2008-07-31": "1120.00000", "2008-04-30": "1178.00000", "2008-01-31": "1129.00000", "2007-10-31": "1168.00000", "2007-07-31": "1046.00000", "2007-04-30": "777.00000", "2007-01-31": "745.00000", "2006-10-31": "728.00000", "2006-07-31": "955.00000", "2006-04-30": "666.00000", "2006-01-31": "726.00000", "2005-10-31": "710.00000", "2005-07-31": "684.00000", "2005-04-30": "714.00000", "2005-01-31": "672.00000"}, "Total Long Term Liabilities": {"2020-10-31": "6738.00000", "2020-07-31": "6728.00000", "2020-04-30": "6868.00000", "2020-01-31": "6619.00000", "2019-10-31": "8426.00000", "2019-07-31": "8651.00000", "2019-04-30": "9020.00000", "2019-01-31": "9447.00000", "2018-10-31": "9510.00000", "2018-07-31": "9562.00000", "2018-04-30": "9752.00000", "2018-01-31": "3375.00000", "2017-10-31": "3474.00000", "2017-07-31": "3686.00000", "2017-04-30": "3609.00000", "2017-01-31": "3655.00000", "2016-10-31": "3681.00000", "2016-07-31": "3749.00000", "2016-04-30": "4030.00000", "2016-01-31": "3989.00000", "2015-10-31": "3990.00000", "2015-07-31": "3894.00000", "2015-04-30": "3851.00000", "2015-01-31": "3539.00000", "2014-10-31": "3523.00000", "2014-07-31": "3521.00000", "2014-04-30": "3556.00000", "2014-01-31": "3531.00000", "2013-10-31": "3606.00000", "2013-07-31": "3831.00000", "2013-04-30": "4536.00000", "2013-01-31": "4547.00000", "2012-10-31": "4558.00000", "2012-07-31": "3562.00000", "2012-04-30": "3312.00000", "2012-01-31": "3316.00000", "2011-10-31": "3748.00000", "2011-07-31": "3777.00000", "2011-04-30": "3792.00000", "2011-01-31": "3273.00000", "2010-10-31": "3235.00000", "2010-07-31": "3282.00000", "2010-04-30": "2776.00000", "2010-01-31": "3493.00000", "2009-10-31": "3492.00000", "2009-07-31": "3697.00000", "2009-04-30": "3079.00000", "2009-01-31": "3009.00000", "2008-10-31": "2686.00000", "2008-07-31": "2753.00000", "2008-04-30": "2948.00000", "2008-01-31": "2921.00000", "2007-10-31": "2941.00000", "2007-07-31": "3120.00000", "2007-04-30": "3173.00000", "2007-01-31": "3131.00000", "2006-10-31": "3119.00000", "2006-07-31": "3096.00000", "2006-04-30": "2846.00000", "2006-01-31": "3222.00000", "2005-10-31": "3213.00000", "2005-07-31": "3504.00000", "2005-04-30": "3545.00000", "2005-01-31": "3516.00000"}, "Total Liabilities": {"2020-10-31": "9644.00000", "2020-07-31": "9803.00000", "2020-04-30": "10137.00000", "2020-01-31": "9155.00000", "2019-10-31": "11861.00000", "2019-07-31": "12036.00000", "2019-04-30": "12531.00000", "2019-01-31": "12746.00000", "2018-10-31": "13172.00000", "2018-07-31": "13156.00000", "2018-04-30": "13155.00000", "2018-01-31": "6387.00000", "2017-10-31": "6057.00000", "2017-07-31": "6081.00000", "2017-04-30": "5961.00000", "2017-01-31": "6091.00000", "2016-10-31": "6441.00000", "2016-07-31": "6304.00000", "2016-04-30": "6407.00000", "2016-01-31": "6555.00000", "2015-10-31": "6894.00000", "2015-07-31": "6700.00000", "2015-04-30": "6174.00000", "2015-01-31": "6389.00000", "2014-10-31": "6691.00000", "2014-07-31": "6510.00000", "2014-04-30": "6373.00000", "2014-01-31": "6720.00000", "2013-10-31": "7710.00000", "2013-07-31": "7113.00000", "2013-04-30": "7140.00000", "2013-01-31": "7438.00000", "2012-10-31": "7650.00000", "2012-07-31": "5632.00000", "2012-04-30": "5220.00000", "2012-01-31": "5468.00000", "2011-10-31": "5781.00000", "2011-07-31": "5766.00000", "2011-04-30": "5629.00000", "2011-01-31": "5688.00000", "2010-10-31": "5714.00000", "2010-07-31": "5347.00000", "2010-04-30": "4890.00000", "2010-01-31": "5126.00000", "2009-10-31": "5476.00000", "2009-07-31": "5325.00000", "2009-04-30": "4712.00000", "2009-01-31": "4874.00000", "2008-10-31": "5125.00000", "2008-07-31": "5156.00000", "2008-04-30": "4611.00000", "2008-01-31": "5281.00000", "2007-10-31": "5553.00000", "2007-07-31": "5150.00000", "2007-04-30": "5137.00000", "2007-01-31": "5630.00000", "2006-10-31": "5756.00000", "2006-07-31": "5977.00000", "2006-04-30": "5472.00000", "2006-01-31": "5525.00000", "2005-10-31": "5651.00000", "2005-07-31": "5506.00000", "2005-04-30": "5445.00000", "2005-01-31": "5735.00000"}, "Common Stock Net": {"2020-10-31": "12.00000", "2020-07-31": "12.00000", "2020-04-30": "12.00000", "2020-01-31": "12.00000", "2019-10-31": "12.00000", "2019-07-31": "12.00000", "2019-04-30": "12.00000", "2019-01-31": "12.00000", "2018-10-31": "12.00000", "2018-07-31": "12.00000", "2018-04-30": "12.00000", "2018-01-31": "12.00000", "2017-10-31": "12.00000", "2017-07-31": "12.00000", "2017-04-30": "12.00000", "2017-01-31": "12.00000", "2016-10-31": "12.00000", "2016-07-31": "12.00000", "2016-04-30": "12.00000", "2016-01-31": "12.00000", "2015-10-31": "12.00000", "2015-07-31": "12.00000", "2015-04-30": "12.00000", "2015-01-31": "12.00000", "2014-10-31": "12.00000", "2014-07-31": "12.00000", "2014-04-30": "12.00000", "2014-01-31": "12.00000", "2013-10-31": "12.00000", "2013-07-31": "12.00000", "2013-04-30": "12.00000", "2013-01-31": "12.00000", "2012-10-31": "20.00000", "2012-07-31": "20.00000", "2012-04-30": "20.00000", "2012-01-31": "20.00000", "2011-10-31": "20.00000", "2011-07-31": "20.00000", "2011-04-30": "20.00000", "2011-01-31": "20.00000", "2010-10-31": "20.00000", "2010-07-31": "20.00000", "2010-04-30": "20.00000", "2010-01-31": "20.00000", "2009-10-31": "20.00000", "2009-07-31": "20.00000", "2009-04-30": "20.00000", "2009-01-31": "20.00000", "2008-10-31": "20.00000", "2008-07-31": "20.00000", "2008-04-30": "20.00000", "2008-01-31": "20.00000", "2007-10-31": "20.00000", "2007-07-31": "20.00000", "2007-04-30": "20.00000", "2007-01-31": "20.00000", "2006-10-31": "20.00000", "2006-07-31": "20.00000", "2006-04-30": "20.00000", "2006-01-31": "20.00000", "2005-10-31": "20.00000", "2005-07-31": "20.00000", "2005-04-30": "20.00000", "2005-01-31": "20.00000"}, "Retained Earnings (Accumulated Deficit)": {"2020-10-31": "3387.00000", "2020-07-31": "3190.00000", "2020-04-30": "3212.00000", "2020-01-31": "3151.00000", "2019-10-31": "2050.00000", "2019-07-31": "1993.00000", "2019-04-30": "2107.00000", "2019-01-31": "2130.00000", "2018-10-31": "2295.00000", "2018-07-31": "2224.00000", "2018-04-30": "2236.00000", "2018-01-31": "2734.00000", "2017-10-31": "2555.00000", "2017-07-31": "2385.00000", "2017-04-30": "2173.00000", "2017-01-31": "2102.00000", "2016-10-31": "2112.00000", "2016-07-31": "1927.00000", "2016-04-30": "2105.00000", "2016-01-31": "2017.00000", "2015-10-31": "1850.00000", "2015-07-31": "1754.00000", "2015-04-30": "2526.00000", "2015-01-31": "2441.00000", "2014-10-31": "2332.00000", "2014-07-31": "2198.00000", "2014-04-30": "2159.00000", "2014-01-31": "2073.00000", "2013-10-31": "1847.00000", "2013-07-31": "1772.00000", "2013-04-30": "2022.00000", "2013-01-31": "1841.00000", "2012-10-31": "9736.00000", "2012-07-31": "9584.00000", "2012-04-30": "9550.00000", "2012-01-31": "9466.00000", "2011-10-31": "9355.00000", "2011-07-31": "9185.00000", "2011-04-30": "9180.00000", "2011-01-31": "9087.00000", "2010-10-31": "8945.00000", "2010-07-31": "8760.00000", "2010-04-30": "8742.00000", "2010-01-31": "8668.00000", "2009-10-31": "8505.00000", "2009-07-31": "8288.00000", "2009-04-30": "8307.00000", "2009-01-31": "8221.00000", "2008-10-31": "8078.00000", "2008-07-31": "7909.00000", "2008-04-30": "7900.00000", "2008-01-31": "7451.00000", "2007-10-31": "7261.00000", "2007-07-31": "7082.00000", "2007-04-30": "7099.00000", "2007-01-31": "6960.00000", "2006-10-31": "6752.00000", "2006-07-31": "6539.00000", "2006-04-30": "6569.00000", "2006-01-31": "6477.00000", "2005-10-31": "6297.00000", "2005-07-31": "6069.00000", "2005-04-30": "6043.00000", "2005-01-31": "5967.00000"}, "Comprehensive Income": {"2020-10-31": "-9.00000", "2020-07-31": "-10.00000", "2020-04-30": "-7.00000", "2020-01-31": "5.00000", "2019-10-31": "-126.00000", "2019-07-31": "-198.00000", "2019-04-30": "-174.00000", "2019-01-31": "-143.00000", "2018-10-31": "-156.00000", "2018-07-31": "-118.00000", "2018-04-30": "-76.00000", "2018-01-31": "-21.00000", "2017-10-31": "-85.00000", "2017-07-31": "-53.00000", "2017-04-30": "-118.00000", "2017-01-31": "-113.00000", "2016-10-31": "-107.00000", "2016-07-31": "-104.00000", "2016-04-30": "-144.00000", "2016-01-31": "-223.00000", "2015-10-31": "-200.00000", "2015-07-31": "-168.00000", "2015-04-30": "-765.00000", "2015-01-31": "-795.00000", "2014-10-31": "-634.00000", "2014-07-31": "-569.00000", "2014-04-30": "-527.00000", "2014-01-31": "-616.00000", "2013-10-31": "-506.00000", "2013-07-31": "-565.00000", "2013-04-30": "-709.00000", "2013-01-31": "-700.00000", "2012-10-31": "-745.00000", "2012-07-31": "-776.00000", "2012-04-30": "-485.00000", "2012-01-31": "-485.00000", "2011-10-31": "-466.00000", "2011-07-31": "-427.00000", "2011-04-30": "-433.00000", "2011-01-31": "-595.00000", "2010-10-31": "-613.00000", "2010-07-31": "-736.00000", "2010-04-30": "-620.00000", "2010-01-31": "-655.00000", "2009-10-31": "-632.00000", "2009-07-31": "-718.00000", "2009-04-30": "-434.00000", "2009-01-31": "-535.00000", "2008-10-31": "-508.00000", "2008-07-31": "-136.00000", "2008-04-30": "19.00000", "2008-01-31": "-41.00000", "2007-10-31": "-32.00000", "2007-07-31": "-123.00000", "2007-04-30": "48.00000", "2007-01-31": "-9.00000", "2006-10-31": "-10.00000", "2006-07-31": "4.00000", "2006-04-30": "-180.00000", "2006-01-31": "-221.00000", "2005-10-31": "-232.00000", "2005-07-31": "-223.00000", "2005-04-30": "-106.00000", "2005-01-31": "-98.00000"}, "Other Share Holders Equity": {"2020-10-31": "", "2020-07-31": "", "2020-04-30": "", "2020-01-31": "", "2019-10-31": "", "2019-07-31": "", "2019-04-30": "", "2019-01-31": "", "2018-10-31": "", "2018-07-31": "", "2018-04-30": "", "2018-01-31": "", "2017-10-31": "", "2017-07-31": "", "2017-04-30": "", "2017-01-31": "", "2016-10-31": "", "2016-07-31": "", "2016-04-30": "", "2016-01-31": "", "2015-10-31": "", "2015-07-31": "", "2015-04-30": "", "2015-01-31": "", "2014-10-31": "", "2014-07-31": "", "2014-04-30": "", "2014-01-31": "", "2013-10-31": "", "2013-07-31": "", "2013-04-30": "", "2013-01-31": "", "2012-10-31": "", "2012-07-31": "", "2012-04-30": "", "2012-01-31": "", "2011-10-31": "", "2011-07-31": "", "2011-04-30": "", "2011-01-31": "", "2010-10-31": "", "2010-07-31": "", "2010-04-30": "", "2010-01-31": "", "2009-10-31": "", "2009-07-31": "", "2009-04-30": "", "2009-01-31": "", "2008-10-31": "", "2008-07-31": "", "2008-04-30": "", "2008-01-31": "", "2007-10-31": "", "2007-07-31": "", "2007-04-30": "", "2007-01-31": "", "2006-10-31": "", "2006-07-31": "", "2006-04-30": "", "2006-01-31": "", "2005-10-31": "", "2005-07-31": "", "2005-04-30": "", "2005-01-31": ""}, "Share Holder Equity": {"2020-10-31": "2773.00000", "2020-07-31": "2569.00000", "2020-04-30": "2581.00000", "2020-01-31": "2499.00000", "2019-10-31": "1249.00000", "2019-07-31": "1112.00000", "2019-04-30": "1237.00000", "2019-01-31": "1278.00000", "2018-10-31": "1415.00000", "2018-07-31": "1373.00000", "2018-04-30": "1411.00000", "2018-01-31": "1949.00000", "2017-10-31": "1689.00000", "2017-07-31": "1645.00000", "2017-04-30": "1490.00000", "2017-01-31": "1479.00000", "2016-10-31": "1598.00000", "2016-07-31": "1533.00000", "2016-04-30": "1674.00000", "2016-01-31": "1524.00000", "2015-10-31": "1410.00000", "2015-07-31": "1377.00000", "2015-04-30": "1585.00000", "2015-01-31": "1514.00000", "2014-10-31": "1606.00000", "2014-07-31": "1603.00000", "2014-04-30": "1591.00000", "2014-01-31": "1399.00000", "2013-10-31": "1345.00000", "2013-07-31": "1210.00000", "2013-04-30": "1313.00000", "2013-01-31": "1155.00000", "2012-10-31": "1097.00000", "2012-07-31": "898.00000", "2012-04-30": "1272.00000", "2012-01-31": "1197.00000", "2011-10-31": "1167.00000", "2011-07-31": "1096.00000", "2011-04-30": "1071.00000", "2011-01-31": "892.00000", "2010-10-31": "1104.00000", "2010-07-31": "929.00000", "2010-04-30": "1096.00000", "2010-01-31": "1026.00000", "2009-10-31": "955.00000", "2009-07-31": "731.00000", "2009-04-30": "1130.00000", "2009-01-31": "1037.00000", "2008-10-31": "1071.00000", "2008-07-31": "1318.00000", "2008-04-30": "1896.00000", "2008-01-31": "1595.00000", "2007-10-31": "1505.00000", "2007-07-31": "1295.00000", "2007-04-30": "1617.00000", "2007-01-31": "1455.00000", "2006-10-31": "1268.00000", "2006-07-31": "1768.00000", "2006-04-30": "1780.00000", "2006-01-31": "1621.00000", "2005-10-31": "1513.00000", "2005-07-31": "1270.00000", "2005-04-30": "1368.00000", "2005-01-31": "1339.00000"}, "Total Liabilities And Share Holders Equity": {"2020-10-31": "12417.00000", "2020-07-31": "12372.00000", "2020-04-30": "12718.00000", "2020-01-31": "11654.00000", "2019-10-31": "13110.00000", "2019-07-31": "13148.00000", "2019-04-30": "13768.00000", "2019-01-31": "14024.00000", "2018-10-31": "14587.00000", "2018-07-31": "14529.00000", "2018-04-30": "14566.00000", "2018-01-31": "8336.00000", "2017-10-31": "7746.00000", "2017-07-31": "7726.00000", "2017-04-30": "7451.00000", "2017-01-31": "7570.00000", "2016-10-31": "8039.00000", "2016-07-31": "7837.00000", "2016-04-30": "8081.00000", "2016-01-31": "8079.00000", "2015-10-31": "8304.00000", "2015-07-31": "8077.00000", "2015-04-30": "7759.00000", "2015-01-31": "7903.00000", "2014-10-31": "8297.00000", "2014-07-31": "8113.00000", "2014-04-30": "7964.00000", "2014-01-31": "8119.00000", "2013-10-31": "9055.00000", "2013-07-31": "8323.00000", "2013-04-30": "8453.00000", "2013-01-31": "8593.00000", "2012-10-31": "8747.00000", "2012-07-31": "6530.00000", "2012-04-30": "6492.00000", "2012-01-31": "6665.00000", "2011-10-31": "6948.00000", "2011-07-31": "6862.00000", "2011-04-30": "6700.00000", "2011-01-31": "6580.00000", "2010-10-31": "6818.00000", "2010-07-31": "6276.00000", "2010-04-30": "5986.00000", "2010-01-31": "6152.00000", "2009-10-31": "6431.00000", "2009-07-31": "6056.00000", "2009-04-30": "5842.00000", "2009-01-31": "5911.00000", "2008-10-31": "6196.00000", "2008-07-31": "6474.00000", "2008-04-30": "6507.00000", "2008-01-31": "6876.00000", "2007-10-31": "7058.00000", "2007-07-31": "6445.00000", "2007-04-30": "6754.00000", "2007-01-31": "7085.00000", "2006-10-31": "7024.00000", "2006-07-31": "7745.00000", "2006-04-30": "7252.00000", "2006-01-31": "7146.00000", "2005-10-31": "7164.00000", "2005-07-31": "6776.00000", "2005-04-30": "6813.00000", "2005-01-31": "7074.00000"}}, "cash flow statement": {"Net Income/Loss": {"2020-07-31": "1628.00000", "2019-07-31": "211.00000", "2018-07-31": "261.00000", "2017-07-31": "887.00000", "2016-07-31": "563.00000", "2015-07-31": "666.00000", "2014-07-31": "855.00000", "2013-07-31": "449.00000", "2012-07-31": "764.00000", "2011-07-31": "802.00000", "2010-07-31": "844.00000", "2009-07-31": "736.00000", "2008-07-31": "1165.00000", "2007-07-31": "854.00000", "2006-07-31": "766.00000", "2005-07-31": "707.00000"}, "Total Depreciation And Amortization - Cash Flow": {"2020-07-31": "328.00000", "2019-07-31": "446.00000", "2018-07-31": "436.00000", "2017-07-31": "318.00000", "2016-07-31": "308.00000", "2015-07-31": "303.00000", "2014-07-31": "305.00000", "2013-07-31": "407.00000", "2012-07-31": "262.00000", "2011-07-31": "268.00000", "2010-07-31": "251.00000", "2009-07-31": "264.00000", "2008-07-31": "294.00000", "2007-07-31": "283.00000", "2006-07-31": "289.00000", "2005-07-31": "279.00000"}, "Other Non-Cash Items": {"2020-07-31": "-593.00000", "2019-07-31": "656.00000", "2018-07-31": "585.00000", "2017-07-31": "139.00000", "2016-07-31": "573.00000", "2015-07-31": "260.00000", "2014-07-31": "72.00000", "2013-07-31": "566.00000", "2012-07-31": "259.00000", "2011-07-31": "307.00000", "2010-07-31": "233.00000", "2009-07-31": "308.00000", "2008-07-31": "-425.00000", "2007-07-31": "-142.00000", "2006-07-31": "119.00000", "2005-07-31": "137.00000"}, "Total Non-Cash Items": {"2020-07-31": "-265.00000", "2019-07-31": "1102.00000", "2018-07-31": "1021.00000", "2017-07-31": "457.00000", "2016-07-31": "881.00000", "2015-07-31": "563.00000", "2014-07-31": "377.00000", "2013-07-31": "973.00000", "2012-07-31": "521.00000", "2011-07-31": "575.00000", "2010-07-31": "484.00000", "2009-07-31": "572.00000", "2008-07-31": "-131.00000", "2007-07-31": "141.00000", "2006-07-31": "408.00000", "2005-07-31": "416.00000"}, "Change In Accounts Receivable": {"2020-07-31": "-30.00000", "2019-07-31": "-11.00000", "2018-07-31": "56.00000", "2017-07-31": "28.00000", "2016-07-31": "24.00000", "2015-07-31": "12.00000", "2014-07-31": "-38.00000", "2013-07-31": "-48.00000", "2012-07-31": "-18.00000", "2011-07-31": "-15.00000", "2010-07-31": "21.00000", "2009-07-31": "27.00000", "2008-07-31": "-53.00000", "2007-07-31": "-68.00000", "2006-07-31": "-18.00000", "2005-07-31": "-10.00000"}, "Change In Inventories": {"2020-07-31": "-20.00000", "2019-07-31": "36.00000", "2018-07-31": "-84.00000", "2017-07-31": "46.00000", "2016-07-31": "59.00000", "2015-07-31": "-18.00000", "2014-07-31": "-80.00000", "2013-07-31": "-146.00000", "2012-07-31": "32.00000", "2011-07-31": "-14.00000", "2010-07-31": "105.00000", "2009-07-31": "-14.00000", "2008-07-31": "-91.00000", "2007-07-31": "-29.00000", "2006-07-31": "-2.00000", "2005-07-31": "21.00000"}, "Change In Accounts Payable": {"2020-07-31": "", "2019-07-31": "", "2018-07-31": "", "2017-07-31": "", "2016-07-31": "", "2015-07-31": "", "2014-07-31": "", "2013-07-31": "", "2012-07-31": "", "2011-07-31": "", "2010-07-31": "", "2009-07-31": "", "2008-07-31": "", "2007-07-31": "", "2006-07-31": "", "2005-07-31": ""}, "Change In Assets/Liabilities": {"2020-07-31": "-3.00000", "2019-07-31": "-1.00000", "2018-07-31": "27.00000", "2017-07-31": "-27.00000", "2016-07-31": "9.00000", "2015-07-31": "5.00000", "2014-07-31": "-69.00000", "2013-07-31": "-82.00000", "2012-07-31": "-74.00000", "2011-07-31": "-125.00000", "2010-07-31": "-293.00000", "2009-07-31": "15.00000", "2008-07-31": "-100.00000", "2007-07-31": "-35.00000", "2006-07-31": "-52.00000", "2005-07-31": "-78.00000"}, "Total Change In Assets/Liabilities": {"2020-07-31": "92.00000", "2019-07-31": "149.00000", "2018-07-31": "77.00000", "2017-07-31": "-1.00000", "2016-07-31": "107.00000", "2015-07-31": "29.00000", "2014-07-31": "-280.00000", "2013-07-31": "-345.00000", "2012-07-31": "-79.00000", "2011-07-31": "-180.00000", "2010-07-31": "-201.00000", "2009-07-31": "-97.00000", "2008-07-31": "-221.00000", "2007-07-31": "-260.00000", "2006-07-31": "96.00000", "2005-07-31": "-93.00000"}, "Cash Flow From Operating Activities": {"2020-07-31": "1396.00000", "2019-07-31": "1398.00000", "2018-07-31": "1305.00000", "2017-07-31": "1288.00000", "2016-07-31": "1491.00000", "2015-07-31": "1206.00000", "2014-07-31": "899.00000", "2013-07-31": "1019.00000", "2012-07-31": "1120.00000", "2011-07-31": "1142.00000", "2010-07-31": "1057.00000", "2009-07-31": "1166.00000", "2008-07-31": "766.00000", "2007-07-31": "674.00000", "2006-07-31": "1226.00000", "2005-07-31": "990.00000"}, "Net Change In Property, Plant, And Equipment": {"2020-07-31": "-299.00000", "2019-07-31": "-384.00000", "2018-07-31": "-407.00000", "2017-07-31": "-338.00000", "2016-07-31": "-336.00000", "2015-07-31": "-365.00000", "2014-07-31": "-325.00000", "2013-07-31": "-331.00000", "2012-07-31": "-322.00000", "2011-07-31": "-263.00000", "2010-07-31": "-302.00000", "2009-07-31": "-344.00000", "2008-07-31": "-295.00000", "2007-07-31": "-311.00000", "2006-07-31": "-307.00000", "2005-07-31": "-321.00000"}, "Net Change In Intangible Assets": {"2020-07-31": "", "2019-07-31": "", "2018-07-31": "", "2017-07-31": "", "2016-07-31": "", "2015-07-31": "", "2014-07-31": "", "2013-07-31": "", "2012-07-31": "", "2011-07-31": "", "2010-07-31": "", "2009-07-31": "", "2008-07-31": "", "2007-07-31": "", "2006-07-31": "", "2005-07-31": ""}, "Net Acquisitions/Divestitures": {"2020-07-31": "2537.00000", "2019-07-31": "523.00000", "2018-07-31": "-6771.00000", "2017-07-31": "", "2016-07-31": "", "2015-07-31": "-232.00000", "2014-07-31": "191.00000", "2013-07-31": "-1806.00000", "2012-07-31": "", "2011-07-31": "", "2010-07-31": "", "2009-07-31": "-28.00000", "2008-07-31": "819.00000", "2007-07-31": "906.00000", "2006-07-31": "", "2005-07-31": ""}, "Net Change In Short-term Investments": {"2020-07-31": "", "2019-07-31": "", "2018-07-31": "", "2017-07-31": "", "2016-07-31": "", "2015-07-31": "", "2014-07-31": "", "2013-07-31": "", "2012-07-31": "", "2011-07-31": "", "2010-07-31": "", "2009-07-31": "", "2008-07-31": "", "2007-07-31": "", "2006-07-31": "", "2005-07-31": ""}, "Net Change In Long-Term Investments": {"2020-07-31": "30.00000", "2019-07-31": "", "2018-07-31": "", "2017-07-31": "", "2016-07-31": "", "2015-07-31": "", "2014-07-31": "", "2013-07-31": "", "2012-07-31": "", "2011-07-31": "", "2010-07-31": "", "2009-07-31": "", "2008-07-31": "", "2007-07-31": "", "2006-07-31": "", "2005-07-31": ""}, "Net Change In Investments - Total": {"2020-07-31": "30.00000", "2019-07-31": "", "2018-07-31": "", "2017-07-31": "", "2016-07-31": "", "2015-07-31": "", "2014-07-31": "", "2013-07-31": "", "2012-07-31": "", "2011-07-31": "", "2010-07-31": "", "2009-07-31": "", "2008-07-31": "", "2007-07-31": "", "2006-07-31": "", "2005-07-31": ""}, "Investing Activities - Other": {"2020-07-31": "4.00000", "2019-07-31": "14.00000", "2018-07-31": "-19.00000", "2017-07-31": "-30.00000", "2016-07-31": "-18.00000", "2015-07-31": "-6.00000", "2014-07-31": "", "2013-07-31": "-17.00000", "2012-07-31": "-1.00000", "2011-07-31": "2.00000", "2010-07-31": "2.00000", "2009-07-31": "-6.00000", "2008-07-31": "7.00000", "2007-07-31": "8.00000", "2006-07-31": "13.00000", "2005-07-31": "7.00000"}, "Cash Flow From Investing Activities": {"2020-07-31": "2272.00000", "2019-07-31": "153.00000", "2018-07-31": "-7197.00000", "2017-07-31": "-368.00000", "2016-07-31": "-354.00000", "2015-07-31": "-603.00000", "2014-07-31": "-134.00000", "2013-07-31": "-2154.00000", "2012-07-31": "-323.00000", "2011-07-31": "-261.00000", "2010-07-31": "-300.00000", "2009-07-31": "-378.00000", "2008-07-31": "531.00000", "2007-07-31": "603.00000", "2006-07-31": "-294.00000", "2005-07-31": "-314.00000"}, "Net Long-Term Debt": {"2020-07-31": "501.00000", "2019-07-31": "-702.00000", "2018-07-31": "6161.00000", "2017-07-31": "-279.00000", "2016-07-31": "215.00000", "2015-07-31": "300.00000", "2014-07-31": "-2.00000", "2013-07-31": "1250.00000", "2012-07-31": "", "2011-07-31": "500.00000", "2010-07-31": "400.00000", "2009-07-31": "600.00000", "2008-07-31": "-181.00000", "2007-07-31": "-62.00000", "2006-07-31": "202.00000", "2005-07-31": ""}, "Net Current Debt": {"2020-07-31": "-1292.00000", "2019-07-31": "-457.00000", "2018-07-31": "278.00000", "2017-07-31": "245.00000", "2016-07-31": "-762.00000", "2015-07-31": "-209.00000", "2014-07-31": "-492.00000", "2013-07-31": "425.00000", "2012-07-31": "-257.00000", "2011-07-31": "-205.00000", "2010-07-31": "-265.00000", "2009-07-31": "-620.00000", "2008-07-31": "58.00000", "2007-07-31": "-543.00000", "2006-07-31": "31.00000", "2005-07-31": "-354.00000"}, "Debt Issuance/Retirement Net - Total": {"2020-07-31": "-791.00000", "2019-07-31": "-1159.00000", "2018-07-31": "6439.00000", "2017-07-31": "-34.00000", "2016-07-31": "-547.00000", "2015-07-31": "91.00000", "2014-07-31": "-494.00000", "2013-07-31": "1675.00000", "2012-07-31": "-257.00000", "2011-07-31": "295.00000", "2010-07-31": "135.00000", "2009-07-31": "-20.00000", "2008-07-31": "-123.00000", "2007-07-31": "-605.00000", "2006-07-31": "233.00000", "2005-07-31": "-354.00000"}, "Net Common Equity Issued/Repurchased": {"2020-07-31": "23.00000", "2019-07-31": "", "2018-07-31": "-86.00000", "2017-07-31": "-435.00000", "2016-07-31": "-141.00000", "2015-07-31": "-235.00000", "2014-07-31": "-58.00000", "2013-07-31": "-70.00000", "2012-07-31": "-300.00000", "2011-07-31": "-632.00000", "2010-07-31": "-333.00000", "2009-07-31": "-455.00000", "2008-07-31": "-856.00000", "2007-07-31": "-975.00000", "2006-07-31": "-270.00000", "2005-07-31": "-39.00000"}, "Net Total Equity Issued/Repurchased": {"2020-07-31": "23.00000", "2019-07-31": "", "2018-07-31": "-86.00000", "2017-07-31": "-435.00000", "2016-07-31": "-141.00000", "2015-07-31": "-235.00000", "2014-07-31": "-58.00000", "2013-07-31": "-70.00000", "2012-07-31": "-300.00000", "2011-07-31": "-632.00000", "2010-07-31": "-333.00000", "2009-07-31": "-455.00000", "2008-07-31": "-856.00000", "2007-07-31": "-975.00000", "2006-07-31": "-270.00000", "2005-07-31": "-39.00000"}, "Total Common And Preferred Stock Dividends Paid": {"2020-07-31": "-426.00000", "2019-07-31": "-423.00000", "2018-07-31": "-426.00000", "2017-07-31": "-420.00000", "2016-07-31": "-390.00000", "2015-07-31": "-394.00000", "2014-07-31": "-391.00000", "2013-07-31": "-367.00000", "2012-07-31": "-373.00000", "2011-07-31": "-378.00000", "2010-07-31": "-365.00000", "2009-07-31": "-350.00000", "2008-07-31": "-329.00000", "2007-07-31": "-308.00000", "2006-07-31": "-292.00000", "2005-07-31": "-275.00000"}, "Financial Activities - Other": {"2020-07-31": "-1793.00000", "2019-07-31": "-9.00000", "2018-07-31": "-120.00000", "2017-07-31": "-19.00000", "2016-07-31": "-21.00000", "2015-07-31": "-12.00000", "2014-07-31": "18.00000", "2013-07-31": "-1.00000", "2012-07-31": "10.00000", "2011-07-31": "15.00000", "2010-07-31": "7.00000", "2009-07-31": "11.00000", "2008-07-31": "8.00000", "2007-07-31": "25.00000", "2006-07-31": "11.00000", "2005-07-31": ""}, "Cash Flow From Financial Activities": {"2020-07-31": "-2987.00000", "2019-07-31": "-1591.00000", "2018-07-31": "5807.00000", "2017-07-31": "-908.00000", "2016-07-31": "-1099.00000", "2015-07-31": "-550.00000", "2014-07-31": "-925.00000", "2013-07-31": "1237.00000", "2012-07-31": "-920.00000", "2011-07-31": "-700.00000", "2010-07-31": "-556.00000", "2009-07-31": "-814.00000", "2008-07-31": "-1300.00000", "2007-07-31": "-1863.00000", "2006-07-31": "-318.00000", "2005-07-31": "-668.00000"}, "Net Cash Flow": {"2020-07-31": "680.00000", "2019-07-31": "-47.00000", "2018-07-31": "-93.00000", "2017-07-31": "23.00000", "2016-07-31": "43.00000", "2015-07-31": "21.00000", "2014-07-31": "-169.00000", "2013-07-31": "66.00000", "2012-07-31": "-149.00000", "2011-07-31": "230.00000", "2010-07-31": "203.00000", "2009-07-31": "-30.00000", "2008-07-31": "10.00000", "2007-07-31": "-586.00000", "2006-07-31": "617.00000", "2005-07-31": "8.00000"}, "Stock-Based Compensation": {"2020-07-31": "61.00000", "2019-07-31": "58.00000", "2018-07-31": "61.00000", "2017-07-31": "60.00000", "2016-07-31": "64.00000", "2015-07-31": "57.00000", "2014-07-31": "57.00000", "2013-07-31": "113.00000", "2012-07-31": "79.00000", "2011-07-31": "87.00000", "2010-07-31": "88.00000", "2009-07-31": "84.00000", "2008-07-31": "88.00000", "2007-07-31": "83.00000", "2006-07-31": "85.00000", "2005-07-31": "28.00000"}, "Common Stock Dividends Paid": {"2020-07-31": "-426.00000", "2019-07-31": "-423.00000", "2018-07-31": "-426.00000", "2017-07-31": "-420.00000", "2016-07-31": "-390.00000", "2015-07-31": "-394.00000", "2014-07-31": "-391.00000", "2013-07-31": "-367.00000", "2012-07-31": "-373.00000", "2011-07-31": "-378.00000", "2010-07-31": "-365.00000", "2009-07-31": "-350.00000", "2008-07-31": "-329.00000", "2007-07-31": "-308.00000", "2006-07-31": "-292.00000", "2005-07-31": "-275.00000"}}, "cash flow statement, quarterly": {"Net Income/Loss": {"2020-10-31": "309.00000", "2020-07-31": 86, "2020-04-30": 168, "2020-01-31": 1208, "2019-10-31": "166.00000", "2019-07-31": -8, "2019-04-30": 84, "2019-01-31": -59, "2018-10-31": "194.00000", "2018-07-31": 94, "2018-04-30": -393, "2018-01-31": 285, "2017-10-31": "275.00000", "2017-07-31": 318, "2017-04-30": 176, "2017-01-31": 101, "2016-10-31": "292.00000", "2016-07-31": -81, "2016-04-30": 185, "2016-01-31": 265, "2015-10-31": "194.00000", "2015-07-31": 17, "2015-04-30": 179, "2015-01-31": 222, "2014-10-31": "248.00000", "2014-07-31": 183, "2014-04-30": 183, "2014-01-31": 318, "2013-10-31": "171.00000", "2013-07-31": -160, "2013-04-30": 179, "2013-01-31": 187, "2012-10-31": "243.00000", "2012-07-31": 125, "2012-04-30": 175, "2012-01-31": 201, "2011-10-31": "263.00000", "2011-07-31": 98, "2011-04-30": 186, "2011-01-31": 239, "2010-10-31": "279.00000", "2010-07-31": 113, "2010-04-30": 168, "2010-01-31": 259, "2009-10-31": "304.00000", "2009-07-31": 69, "2009-04-30": 174, "2009-01-31": 233, "2008-10-31": "260.00000", "2008-07-31": 89, "2008-04-30": 532, "2008-01-31": 274, "2007-10-31": "270.00000", "2007-07-31": 61, "2007-04-30": 217, "2007-01-31": 285, "2006-10-31": "291.00000", "2006-07-31": 44, "2006-04-30": 166, "2006-01-31": 254, "2005-10-31": "302.00000", "2005-07-31": 96, "2005-04-30": 146, "2005-01-31": 465}, "Total Depreciation And Amortization - Cash Flow": {"2020-10-31": "76.00000", "2020-07-31": 87, "2020-04-30": 79, "2020-01-31": 81, "2019-10-31": "81.00000", "2019-07-31": 97, "2019-04-30": 108, "2019-01-31": 119, "2018-10-31": "122.00000", "2018-07-31": 133, "2018-04-30": 142, "2018-01-31": 79, "2017-10-31": "82.00000", "2017-07-31": 84, "2017-04-30": 80, "2017-01-31": 77, "2016-10-31": "77.00000", "2016-07-31": 80, "2016-04-30": 76, "2016-01-31": 78, "2015-10-31": "74.00000", "2015-07-31": 80, "2015-04-30": 74, "2015-01-31": 74, "2014-10-31": "75.00000", "2014-07-31": 83, "2014-04-30": 74, "2014-01-31": 74, "2013-10-31": "74.00000", "2013-07-31": 89, "2013-04-30": 99, "2013-01-31": 121, "2012-10-31": "98.00000", "2012-07-31": 73, "2012-04-30": 65, "2012-01-31": 61, "2011-10-31": "63.00000", "2011-07-31": 74, "2011-04-30": 65, "2011-01-31": 64, "2010-10-31": "65.00000", "2010-07-31": 66, "2010-04-30": 63, "2010-01-31": 62, "2009-10-31": "60.00000", "2009-07-31": 69, "2009-04-30": 62, "2009-01-31": 67, "2008-10-31": "66.00000", "2008-07-31": 86, "2008-04-30": 70, "2008-01-31": 70, "2007-10-31": "68.00000", "2007-07-31": 82, "2007-04-30": 69, "2007-01-31": 68, "2006-10-31": "64.00000", "2006-07-31": 77, "2006-04-30": 75, "2006-01-31": 68, "2005-10-31": "69.00000", "2005-07-31": 72, "2005-04-30": 71, "2005-01-31": 136}, "Other Non-Cash Items": {"2020-10-31": "43.00000", "2020-07-31": 103, "2020-04-30": 120, "2020-01-31": -938, "2019-10-31": "122.00000", "2019-07-31": 156, "2019-04-30": 139, "2019-01-31": 300, "2018-10-31": "61.00000", "2018-07-31": 14, "2018-04-30": 580, "2018-01-31": -23, "2017-10-31": "14.00000", "2017-07-31": -112, "2017-04-30": 23, "2017-01-31": 209, "2016-10-31": "19.00000", "2016-07-31": 313, "2016-04-30": 97, "2016-01-31": 29, "2015-10-31": "134.00000", "2015-07-31": 142, "2015-04-30": 62, "2015-01-31": 38, "2014-10-31": "18.00000", "2014-07-31": 28, "2014-04-30": 79, "2014-01-31": -124, "2013-10-31": "89.00000", "2013-07-31": 329, "2013-04-30": 93, "2013-01-31": 63, "2012-10-31": "81.00000", "2012-07-31": 19, "2012-04-30": 84, "2012-01-31": 80, "2011-10-31": "76.00000", "2011-07-31": 90, "2011-04-30": 39, "2011-01-31": 97, "2010-10-31": "81.00000", "2010-07-31": 23, "2010-04-30": 54, "2010-01-31": 54, "2009-10-31": "102.00000", "2009-07-31": 120, "2009-04-30": 114, "2009-01-31": 38, "2008-10-31": "36.00000", "2008-07-31": 78, "2008-04-30": -583, "2008-01-31": 41, "2007-10-31": "39.00000", "2007-07-31": 32, "2007-04-30": -3, "2007-01-31": -28, "2006-10-31": "-143.00000", "2006-07-31": 50, "2006-04-30": 56, "2006-01-31": 51, "2005-10-31": "-38.00000", "2005-07-31": 46, "2005-04-30": 41, "2005-01-31": 50}, "Total Non-Cash Items": {"2020-10-31": "119.00000", "2020-07-31": 190, "2020-04-30": 199, "2020-01-31": -857, "2019-10-31": "203.00000", "2019-07-31": 253, "2019-04-30": 247, "2019-01-31": 419, "2018-10-31": "183.00000", "2018-07-31": 147, "2018-04-30": 722, "2018-01-31": 56, "2017-10-31": "96.00000", "2017-07-31": -28, "2017-04-30": 103, "2017-01-31": 286, "2016-10-31": "96.00000", "2016-07-31": 393, "2016-04-30": 173, "2016-01-31": 107, "2015-10-31": "208.00000", "2015-07-31": 222, "2015-04-30": 136, "2015-01-31": 112, "2014-10-31": "93.00000", "2014-07-31": 111, "2014-04-30": 153, "2014-01-31": -50, "2013-10-31": "163.00000", "2013-07-31": 418, "2013-04-30": 192, "2013-01-31": 184, "2012-10-31": "179.00000", "2012-07-31": 92, "2012-04-30": 149, "2012-01-31": 141, "2011-10-31": "139.00000", "2011-07-31": 164, "2011-04-30": 104, "2011-01-31": 161, "2010-10-31": "146.00000", "2010-07-31": 89, "2010-04-30": 117, "2010-01-31": 116, "2009-10-31": "162.00000", "2009-07-31": 189, "2009-04-30": 176, "2009-01-31": 105, "2008-10-31": "102.00000", "2008-07-31": 164, "2008-04-30": -513, "2008-01-31": 111, "2007-10-31": "107.00000", "2007-07-31": 114, "2007-04-30": 66, "2007-01-31": 40, "2006-10-31": "-79.00000", "2006-07-31": 127, "2006-04-30": 131, "2006-01-31": 119, "2005-10-31": "31.00000", "2005-07-31": 118, "2005-04-30": 112, "2005-01-31": 186}, "Change In Accounts Receivable": {"2020-10-31": "-189.00000", "2020-07-31": 91, "2020-04-30": -9, "2020-01-31": 62, "2019-10-31": "-174.00000", "2019-07-31": 52, "2019-04-30": 87, "2019-01-31": 73, "2018-10-31": "-223.00000", "2018-07-31": 74, "2018-04-30": 95, "2018-01-31": 54, "2017-10-31": "-167.00000", "2017-07-31": 27, "2017-04-30": 96, "2017-01-31": 123, "2016-10-31": "-218.00000", "2016-07-31": 19, "2016-04-30": 135, "2016-01-31": 54, "2015-10-31": "-184.00000", "2015-07-31": -7, "2015-04-30": 144, "2015-01-31": 50, "2014-10-31": "-175.00000", "2014-07-31": 17, "2014-04-30": 122, "2014-01-31": 9, "2013-10-31": "-186.00000", "2013-07-31": -8, "2013-04-30": 118, "2013-01-31": 100, "2012-10-31": "-258.00000", "2012-07-31": 5, "2012-04-30": 117, "2012-01-31": 98, "2011-10-31": "-238.00000", "2011-07-31": 43, "2011-04-30": 128, "2011-01-31": 94, "2010-10-31": "-280.00000", "2010-07-31": 27, "2010-04-30": 141, "2010-01-31": 106, "2009-10-31": "-253.00000", "2009-07-31": 17, "2009-04-30": 154, "2009-01-31": 116, "2008-10-31": "-260.00000", "2008-07-31": 15, "2008-04-30": 173, "2008-01-31": 18, "2007-10-31": "-259.00000", "2007-07-31": -2, "2007-04-30": 193, "2007-01-31": 41, "2006-10-31": "-300.00000", "2006-07-31": 44, "2006-04-30": 147, "2006-01-31": 71, "2005-10-31": "-280.00000", "2005-07-31": 18, "2005-04-30": 175, "2005-01-31": -203}, "Change In Inventories": {"2020-10-31": "-38.00000", "2020-07-31": -138, "2020-04-30": 45, "2020-01-31": 110, "2019-10-31": "-37.00000", "2019-07-31": -120, "2019-04-30": 34, "2019-01-31": 155, "2018-10-31": "-33.00000", "2018-07-31": -134, "2018-04-30": -34, "2018-01-31": 189, "2017-10-31": "-105.00000", "2017-07-31": -98, "2017-04-30": 27, "2017-01-31": 144, "2016-10-31": "-27.00000", "2016-07-31": -113, "2016-04-30": 39, "2016-01-31": 189, "2015-10-31": "-56.00000", "2015-07-31": -127, "2015-04-30": 36, "2015-01-31": 168, "2014-10-31": "-95.00000", "2014-07-31": -184, "2014-04-30": 39, "2014-01-31": 175, "2013-10-31": "-110.00000", "2013-07-31": -94, "2013-04-30": -6, "2013-01-31": 79, "2012-10-31": "-125.00000", "2012-07-31": -48, "2012-04-30": 74, "2012-01-31": 137, "2011-10-31": "-131.00000", "2011-07-31": -130, "2011-04-30": 84, "2011-01-31": 133, "2010-10-31": "-101.00000", "2010-07-31": -88, "2010-04-30": 67, "2010-01-31": 133, "2009-10-31": "-7.00000", "2009-07-31": -81, "2009-04-30": 44, "2009-01-31": 141, "2008-10-31": "-118.00000", "2008-07-31": -172, "2008-04-30": 78, "2008-01-31": 127, "2007-10-31": "-124.00000", "2007-07-31": -91, "2007-04-30": 65, "2007-01-31": 129, "2006-10-31": "-132.00000", "2006-07-31": -129, "2006-04-30": 80, "2006-01-31": 147, "2005-10-31": "-100.00000", "2005-07-31": -98, "2005-04-30": 63, "2005-01-31": 56}, "Change In Accounts Payable": {"2020-10-31": "", "2020-07-31": 0, "2020-04-30": 0, "2020-01-31": 0, "2019-10-31": "", "2019-07-31": 0, "2019-04-30": 0, "2019-01-31": 0, "2018-10-31": "", "2018-07-31": 0, "2018-04-30": 0, "2018-01-31": 0, "2017-10-31": "", "2017-07-31": 0, "2017-04-30": 0, "2017-01-31": 0, "2016-10-31": "", "2016-07-31": 0, "2016-04-30": 0, "2016-01-31": 0, "2015-10-31": "", "2015-07-31": 0, "2015-04-30": 0, "2015-01-31": 0, "2014-10-31": "", "2014-07-31": 0, "2014-04-30": 0, "2014-01-31": 0, "2013-10-31": "", "2013-07-31": 0, "2013-04-30": 0, "2013-01-31": 0, "2012-10-31": "", "2012-07-31": 0, "2012-04-30": 0, "2012-01-31": 0, "2011-10-31": "", "2011-07-31": 0, "2011-04-30": 0, "2011-01-31": 0, "2010-10-31": "", "2010-07-31": 0, "2010-04-30": 0, "2010-01-31": 0, "2009-10-31": "", "2009-07-31": 0, "2009-04-30": 0, "2009-01-31": 0, "2008-10-31": "", "2008-07-31": 0, "2008-04-30": 0, "2008-01-31": 0, "2007-10-31": "", "2007-07-31": 0, "2007-04-30": 0, "2007-01-31": 0, "2006-10-31": "", "2006-07-31": 0, "2006-04-30": 0, "2006-01-31": 0, "2005-10-31": "", "2005-07-31": 0, "2005-04-30": 0, "2005-01-31": 0}, "Change In Assets/Liabilities": {"2020-10-31": "8.00000", "2020-07-31": 1, "2020-04-30": -15, "2020-01-31": 5, "2019-10-31": "6.00000", "2019-07-31": 18, "2019-04-30": -17, "2019-01-31": 8, "2018-10-31": "-10.00000", "2018-07-31": 111, "2018-04-30": -59, "2018-01-31": -41, "2017-10-31": "16.00000", "2017-07-31": -7, "2017-04-30": -11, "2017-01-31": -3, "2016-10-31": "-6.00000", "2016-07-31": 2, "2016-04-30": 9, "2016-01-31": 5, "2015-10-31": "-7.00000", "2015-07-31": -6, "2015-04-30": 14, "2015-01-31": 3, "2014-10-31": "-6.00000", "2014-07-31": 1, "2014-04-30": -9, "2014-01-31": 4, "2013-10-31": "-65.00000", "2013-07-31": 0, "2013-04-30": -6, "2013-01-31": 14, "2012-10-31": "-90.00000", "2012-07-31": -6, "2012-04-30": -5, "2012-01-31": 11, "2011-10-31": "-74.00000", "2011-07-31": -10, "2011-04-30": 11, "2011-01-31": 13, "2010-10-31": "-139.00000", "2010-07-31": -20, "2010-04-30": -1, "2010-01-31": 2, "2009-10-31": "-274.00000", "2009-07-31": 1, "2009-04-30": -4, "2009-01-31": 8, "2008-10-31": "10.00000", "2008-07-31": -47, "2008-04-30": -33, "2008-01-31": 30, "2007-10-31": "-50.00000", "2007-07-31": -10, "2007-04-30": 8, "2007-01-31": 2, "2006-10-31": "-35.00000", "2006-07-31": -11, "2006-04-30": -9, "2006-01-31": 7, "2005-10-31": "-39.00000", "2005-07-31": -24, "2005-04-30": -5, "2005-01-31": -49}, "Total Change In Assets/Liabilities": {"2020-10-31": "-247.00000", "2020-07-31": 7, "2020-04-30": 122, "2020-01-31": 136, "2019-10-31": "-173.00000", "2019-07-31": 15, "2019-04-30": -6, "2019-01-31": 276, "2018-10-31": "-136.00000", "2018-07-31": 51, "2018-04-30": 38, "2018-01-31": 160, "2017-10-31": "-172.00000", "2017-07-31": -10, "2017-04-30": 96, "2017-01-31": 68, "2016-10-31": "-155.00000", "2016-07-31": -18, "2016-04-30": 127, "2016-01-31": 147, "2015-10-31": "-149.00000", "2015-07-31": 0, "2015-04-30": 100, "2015-01-31": 73, "2014-10-31": "-144.00000", "2014-07-31": -149, "2014-04-30": 84, "2014-01-31": 69, "2013-10-31": "-284.00000", "2013-07-31": -89, "2013-04-30": 19, "2013-01-31": 55, "2012-10-31": "-330.00000", "2012-07-31": 72, "2012-04-30": 91, "2012-01-31": 75, "2011-10-31": "-317.00000", "2011-07-31": 30, "2011-04-30": 109, "2011-01-31": 119, "2010-10-31": "-438.00000", "2010-07-31": 10, "2010-04-30": 113, "2010-01-31": 168, "2009-10-31": "-492.00000", "2009-07-31": 114, "2009-04-30": 61, "2009-01-31": 99, "2008-10-31": "-371.00000", "2008-07-31": -54, "2008-04-30": 141, "2008-01-31": -9, "2007-10-31": "-299.00000", "2007-07-31": -111, "2007-04-30": 98, "2007-01-31": 40, "2006-10-31": "-287.00000", "2006-07-31": 82, "2006-04-30": 56, "2006-01-31": 170, "2005-10-31": "-212.00000", "2005-07-31": -13, "2005-04-30": 38, "2005-01-31": -118}, "Cash Flow From Operating Activities": {"2020-10-31": "180.00000", "2020-07-31": 271, "2020-04-30": 462, "2020-01-31": 481, "2019-10-31": "182.00000", "2019-07-31": 250, "2019-04-30": 302, "2019-01-31": 615, "2018-10-31": "231.00000", "2018-07-31": 281, "2018-04-30": 364, "2018-01-31": 472, "2017-10-31": "188.00000", "2017-07-31": 277, "2017-04-30": 344, "2017-01-31": 446, "2016-10-31": "221.00000", "2016-07-31": 280, "2016-04-30": 457, "2016-01-31": 510, "2015-10-31": "244.00000", "2015-07-31": 235, "2015-04-30": 387, "2015-01-31": 396, "2014-10-31": "188.00000", "2014-07-31": 136, "2014-04-30": 400, "2014-01-31": 325, "2013-10-31": "38.00000", "2013-07-31": 155, "2013-04-30": 365, "2013-01-31": 418, "2012-10-31": "81.00000", "2012-07-31": 282, "2012-04-30": 360, "2012-01-31": 405, "2011-10-31": "73.00000", "2011-07-31": 284, "2011-04-30": 375, "2011-01-31": 512, "2010-10-31": "-29.00000", "2010-07-31": 198, "2010-04-30": 363, "2010-01-31": 532, "2009-10-31": "-36.00000", "2009-07-31": 360, "2009-04-30": 388, "2009-01-31": 433, "2008-10-31": "-15.00000", "2008-07-31": 192, "2008-04-30": 132, "2008-01-31": 368, "2007-10-31": "74.00000", "2007-07-31": 51, "2007-04-30": 295, "2007-01-31": 416, "2006-10-31": "-88.00000", "2006-07-31": 249, "2006-04-30": 328, "2006-01-31": 536, "2005-10-31": "113.00000", "2005-07-31": 218, "2005-04-30": 272, "2005-01-31": 500}, "Net Change In Property, Plant, And Equipment": {"2020-10-31": "-71.00000", "2020-07-31": -87, "2020-04-30": -50, "2020-01-31": -66, "2019-10-31": "-96.00000", "2019-07-31": -139, "2019-04-30": -72, "2019-01-31": -62, "2018-10-31": "-111.00000", "2018-07-31": -184, "2018-04-30": -91, "2018-01-31": -74, "2017-10-31": "-58.00000", "2017-07-31": -143, "2017-04-30": -76, "2017-01-31": -71, "2016-10-31": "-48.00000", "2016-07-31": -116, "2016-04-30": -71, "2016-01-31": -80, "2015-10-31": "-69.00000", "2015-07-31": -132, "2015-04-30": -98, "2015-01-31": -79, "2014-10-31": "-56.00000", "2014-07-31": -146, "2014-04-30": -72, "2014-01-31": -55, "2013-10-31": "-52.00000", "2013-07-31": -130, "2013-04-30": -94, "2013-01-31": -69, "2012-10-31": "-38.00000", "2012-07-31": -150, "2012-04-30": -76, "2012-01-31": -61, "2011-10-31": "-35.00000", "2011-07-31": -139, "2011-04-30": -59, "2011-01-31": -45, "2010-10-31": "-20.00000", "2010-07-31": -130, "2010-04-30": -74, "2010-01-31": -54, "2009-10-31": "-44.00000", "2009-07-31": -169, "2009-04-30": -77, "2009-01-31": -95, "2008-10-31": "-3.00000", "2008-07-31": -143, "2008-04-30": -64, "2008-01-31": -48, "2007-10-31": "-40.00000", "2007-07-31": -146, "2007-04-30": -66, "2007-01-31": -53, "2006-10-31": "-46.00000", "2006-07-31": -162, "2006-04-30": -61, "2006-01-31": -46, "2005-10-31": "-38.00000", "2005-07-31": -163, "2005-04-30": -62, "2005-01-31": -96}, "Net Change In Intangible Assets": {"2020-10-31": "", "2020-07-31": 0, "2020-04-30": 0, "2020-01-31": 0, "2019-10-31": "", "2019-07-31": 0, "2019-04-30": 0, "2019-01-31": 0, "2018-10-31": "", "2018-07-31": 0, "2018-04-30": 0, "2018-01-31": 0, "2017-10-31": "", "2017-07-31": 0, "2017-04-30": 0, "2017-01-31": 0, "2016-10-31": "", "2016-07-31": 0, "2016-04-30": 0, "2016-01-31": 0, "2015-10-31": "", "2015-07-31": 0, "2015-04-30": 0, "2015-01-31": 0, "2014-10-31": "", "2014-07-31": 0, "2014-04-30": 0, "2014-01-31": 0, "2013-10-31": "", "2013-07-31": 0, "2013-04-30": 0, "2013-01-31": 0, "2012-10-31": "", "2012-07-31": 0, "2012-04-30": 0, "2012-01-31": 0, "2011-10-31": "", "2011-07-31": 0, "2011-04-30": 0, "2011-01-31": 0, "2010-10-31": "", "2010-07-31": 0, "2010-04-30": 0, "2010-01-31": 0, "2009-10-31": "", "2009-07-31": 0, "2009-04-30": 0, "2009-01-31": 0, "2008-10-31": "", "2008-07-31": 0, "2008-04-30": 0, "2008-01-31": 0, "2007-10-31": "", "2007-07-31": 0, "2007-04-30": 0, "2007-01-31": 0, "2006-10-31": "", "2006-07-31": 0, "2006-04-30": 0, "2006-01-31": 0, "2005-10-31": "", "2005-07-31": 0, "2005-04-30": 0, "2005-01-31": 0}, "Net Acquisitions/Divestitures": {"2020-10-31": "-1.00000", "2020-07-31": 10, "2020-04-30": 0, "2020-01-31": 2162, "2019-10-31": "365.00000", "2019-07-31": 514, "2019-04-30": 50, "2019-01-31": -42, "2018-10-31": "1.00000", "2018-07-31": 2, "2018-04-30": -6091, "2018-01-31": -682, "2017-10-31": "", "2017-07-31": 0, "2017-04-30": 0, "2017-01-31": 0, "2016-10-31": "", "2016-07-31": 0, "2016-04-30": 0, "2016-01-31": 0, "2015-10-31": "", "2015-07-31": -232, "2015-04-30": 0, "2015-01-31": 0, "2014-10-31": "", "2014-07-31": 0, "2014-04-30": -14, "2014-01-31": 534, "2013-10-31": "-329.00000", "2013-07-31": -248, "2013-04-30": 9, "2013-01-31": 0, "2012-10-31": "-1567.00000", "2012-07-31": 0, "2012-04-30": 0, "2012-01-31": 0, "2011-10-31": "", "2011-07-31": 0, "2011-04-30": 0, "2011-01-31": 0, "2010-10-31": "", "2010-07-31": 0, "2010-04-30": 0, "2010-01-31": 0, "2009-10-31": "", "2009-07-31": -66, "2009-04-30": 0, "2009-01-31": 38, "2008-10-31": "", "2008-07-31": -1, "2008-04-30": 820, "2008-01-31": 0, "2007-10-31": "", "2007-07-31": 22, "2007-04-30": 0, "2007-01-31": 18, "2006-10-31": "866.00000", "2006-07-31": 0, "2006-04-30": 0, "2006-01-31": 0, "2005-10-31": "", "2005-07-31": 0, "2005-04-30": 0, "2005-01-31": 0}, "Net Change In Short-term Investments": {"2020-10-31": "", "2020-07-31": 0, "2020-04-30": 0, "2020-01-31": 0, "2019-10-31": "", "2019-07-31": 0, "2019-04-30": 0, "2019-01-31": 0, "2018-10-31": "", "2018-07-31": 0, "2018-04-30": 0, "2018-01-31": 0, "2017-10-31": "", "2017-07-31": 0, "2017-04-30": 0, "2017-01-31": 0, "2016-10-31": "", "2016-07-31": 0, "2016-04-30": 0, "2016-01-31": 0, "2015-10-31": "", "2015-07-31": 0, "2015-04-30": 0, "2015-01-31": 0, "2014-10-31": "", "2014-07-31": 0, "2014-04-30": 0, "2014-01-31": 0, "2013-10-31": "", "2013-07-31": 0, "2013-04-30": 0, "2013-01-31": 0, "2012-10-31": "", "2012-07-31": 0, "2012-04-30": 0, "2012-01-31": 0, "2011-10-31": "", "2011-07-31": 0, "2011-04-30": 0, "2011-01-31": 0, "2010-10-31": "", "2010-07-31": 0, "2010-04-30": 0, "2010-01-31": 0, "2009-10-31": "", "2009-07-31": 0, "2009-04-30": 0, "2009-01-31": 0, "2008-10-31": "", "2008-07-31": 0, "2008-04-30": 0, "2008-01-31": 0, "2007-10-31": "", "2007-07-31": 0, "2007-04-30": 0, "2007-01-31": 0, "2006-10-31": "", "2006-07-31": 0, "2006-04-30": 0, "2006-01-31": 0, "2005-10-31": "", "2005-07-31": 0, "2005-04-30": 0, "2005-01-31": 0}, "Net Change In Long-Term Investments": {"2020-10-31": "", "2020-07-31": 30, "2020-04-30": 0, "2020-01-31": 0, "2019-10-31": "", "2019-07-31": 0, "2019-04-30": 0, "2019-01-31": 0, "2018-10-31": "", "2018-07-31": 0, "2018-04-30": 0, "2018-01-31": 0, "2017-10-31": "", "2017-07-31": 0, "2017-04-30": 0, "2017-01-31": 0, "2016-10-31": "", "2016-07-31": 0, "2016-04-30": 0, "2016-01-31": 0, "2015-10-31": "", "2015-07-31": 0, "2015-04-30": 0, "2015-01-31": 0, "2014-10-31": "", "2014-07-31": 0, "2014-04-30": 0, "2014-01-31": 0, "2013-10-31": "", "2013-07-31": 0, "2013-04-30": 0, "2013-01-31": 0, "2012-10-31": "", "2012-07-31": 0, "2012-04-30": 0, "2012-01-31": 0, "2011-10-31": "", "2011-07-31": 0, "2011-04-30": 0, "2011-01-31": 0, "2010-10-31": "", "2010-07-31": 0, "2010-04-30": 0, "2010-01-31": 0, "2009-10-31": "", "2009-07-31": 0, "2009-04-30": 0, "2009-01-31": 0, "2008-10-31": "", "2008-07-31": 0, "2008-04-30": 0, "2008-01-31": 0, "2007-10-31": "", "2007-07-31": 0, "2007-04-30": 0, "2007-01-31": 0, "2006-10-31": "", "2006-07-31": 0, "2006-04-30": 0, "2006-01-31": 0, "2005-10-31": "", "2005-07-31": 0, "2005-04-30": 0, "2005-01-31": 0}, "Net Change In Investments - Total": {"2020-10-31": "", "2020-07-31": 30, "2020-04-30": 0, "2020-01-31": 0, "2019-10-31": "", "2019-07-31": 0, "2019-04-30": 0, "2019-01-31": 0, "2018-10-31": "", "2018-07-31": 0, "2018-04-30": 0, "2018-01-31": 0, "2017-10-31": "", "2017-07-31": 0, "2017-04-30": 0, "2017-01-31": 0, "2016-10-31": "", "2016-07-31": 0, "2016-04-30": 0, "2016-01-31": 0, "2015-10-31": "", "2015-07-31": 0, "2015-04-30": 0, "2015-01-31": 0, "2014-10-31": "", "2014-07-31": 0, "2014-04-30": 0, "2014-01-31": 0, "2013-10-31": "", "2013-07-31": 0, "2013-04-30": 0, "2013-01-31": 0, "2012-10-31": "", "2012-07-31": 0, "2012-04-30": 0, "2012-01-31": 0, "2011-10-31": "", "2011-07-31": 0, "2011-04-30": 0, "2011-01-31": 0, "2010-10-31": "", "2010-07-31": 0, "2010-04-30": 0, "2010-01-31": 0, "2009-10-31": "", "2009-07-31": 0, "2009-04-30": 0, "2009-01-31": 0, "2008-10-31": "", "2008-07-31": 0, "2008-04-30": 0, "2008-01-31": 0, "2007-10-31": "", "2007-07-31": 0, "2007-04-30": 0, "2007-01-31": 0, "2006-10-31": "", "2006-07-31": 0, "2006-04-30": 0, "2006-01-31": 0, "2005-10-31": "", "2005-07-31": 0, "2005-04-30": 0, "2005-01-31": 0}, "Investing Activities - Other": {"2020-10-31": "", "2020-07-31": 1, "2020-04-30": 0, "2020-01-31": 3, "2019-10-31": "", "2019-07-31": 0, "2019-04-30": 3, "2019-01-31": 1, "2018-10-31": "10.00000", "2018-07-31": -7, "2018-04-30": -1, "2018-01-31": -6, "2017-10-31": "-5.00000", "2017-07-31": -16, "2017-04-30": -1, "2017-01-31": -9, "2016-10-31": "-4.00000", "2016-07-31": -4, "2016-04-30": -24, "2016-01-31": 9, "2015-10-31": "1.00000", "2015-07-31": 1, "2015-04-30": 1, "2015-01-31": 0, "2014-10-31": "-8.00000", "2014-07-31": 1, "2014-04-30": 0, "2014-01-31": -1, "2013-10-31": "", "2013-07-31": -2, "2013-04-30": -4, "2013-01-31": -2, "2012-10-31": "-9.00000", "2012-07-31": -7, "2012-04-30": 5, "2012-01-31": 0, "2011-10-31": "1.00000", "2011-07-31": 1, "2011-04-30": 1, "2011-01-31": 0, "2010-10-31": "", "2010-07-31": -1, "2010-04-30": 1, "2010-01-31": 1, "2009-10-31": "1.00000", "2009-07-31": 0, "2009-04-30": -4, "2009-01-31": -2, "2008-10-31": "", "2008-07-31": 0, "2008-04-30": 5, "2008-01-31": 3, "2007-10-31": "-1.00000", "2007-07-31": 0, "2007-04-30": 0, "2007-01-31": 8, "2006-10-31": "", "2006-07-31": 6, "2006-04-30": 7, "2006-01-31": 0, "2005-10-31": "", "2005-07-31": 0, "2005-04-30": 7, "2005-01-31": 0}, "Cash Flow From Investing Activities": {"2020-10-31": "-72.00000", "2020-07-31": -46, "2020-04-30": -50, "2020-01-31": 2099, "2019-10-31": "269.00000", "2019-07-31": 375, "2019-04-30": -19, "2019-01-31": -103, "2018-10-31": "-100.00000", "2018-07-31": -189, "2018-04-30": -6183, "2018-01-31": -762, "2017-10-31": "-63.00000", "2017-07-31": -159, "2017-04-30": -77, "2017-01-31": -80, "2016-10-31": "-52.00000", "2016-07-31": -120, "2016-04-30": -95, "2016-01-31": -71, "2015-10-31": "-68.00000", "2015-07-31": -363, "2015-04-30": -97, "2015-01-31": -79, "2014-10-31": "-64.00000", "2014-07-31": -145, "2014-04-30": -86, "2014-01-31": 478, "2013-10-31": "-381.00000", "2013-07-31": -380, "2013-04-30": -89, "2013-01-31": -71, "2012-10-31": "-1614.00000", "2012-07-31": -157, "2012-04-30": -71, "2012-01-31": -61, "2011-10-31": "-34.00000", "2011-07-31": -138, "2011-04-30": -58, "2011-01-31": -45, "2010-10-31": "-20.00000", "2010-07-31": -131, "2010-04-30": -73, "2010-01-31": -53, "2009-10-31": "-43.00000", "2009-07-31": -235, "2009-04-30": -81, "2009-01-31": -59, "2008-10-31": "-3.00000", "2008-07-31": -144, "2008-04-30": 761, "2008-01-31": -45, "2007-10-31": "-41.00000", "2007-07-31": -124, "2007-04-30": -66, "2007-01-31": -27, "2006-10-31": "820.00000", "2006-07-31": -156, "2006-04-30": -54, "2006-01-31": -46, "2005-10-31": "-38.00000", "2005-07-31": -163, "2005-04-30": -55, "2005-01-31": -96}, "Net Long-Term Debt": {"2020-10-31": "", "2020-07-31": 0, "2020-04-30": 2765, "2020-01-31": -1865, "2019-10-31": "-399.00000", "2019-07-31": -402, "2019-04-30": -300, "2019-01-31": 0, "2018-10-31": "", "2018-07-31": 4, "2018-04-30": 6173, "2018-01-31": -16, "2017-10-31": "", "2017-07-31": -203, "2017-04-30": -15, "2017-01-31": -34, "2016-10-31": "-27.00000", "2016-07-31": 215, "2016-04-30": 0, "2016-01-31": 0, "2015-10-31": "", "2015-07-31": 0, "2015-04-30": 300, "2015-01-31": 0, "2014-10-31": "", "2014-07-31": -2, "2014-04-30": 0, "2014-01-31": 0, "2013-10-31": "", "2013-07-31": 0, "2013-04-30": 0, "2013-01-31": 0, "2012-10-31": "1250.00000", "2012-07-31": 0, "2012-04-30": 0, "2012-01-31": 0, "2011-10-31": "", "2011-07-31": 0, "2011-04-30": 500, "2011-01-31": 0, "2010-10-31": "", "2010-07-31": 400, "2010-04-30": 0, "2010-01-31": 0, "2009-10-31": "", "2009-07-31": 300, "2009-04-30": 0, "2009-01-31": 300, "2008-10-31": "", "2008-07-31": -131, "2008-04-30": -10, "2008-01-31": -12, "2007-10-31": "-28.00000", "2007-07-31": -46, "2007-04-30": -8, "2007-01-31": 0, "2006-10-31": "-8.00000", "2006-07-31": 202, "2006-04-30": 0, "2006-01-31": 0, "2005-10-31": "", "2005-07-31": 0, "2005-04-30": 0, "2005-01-31": 0}, "Net Current Debt": {"2020-10-31": "-123.00000", "2020-07-31": -497, "2020-04-30": -125, "2020-01-31": -731, "2019-10-31": "61.00000", "2019-07-31": -143, "2019-04-30": 129, "2019-01-31": -408, "2018-10-31": "-35.00000", "2018-07-31": 44, "2018-04-30": -145, "2018-01-31": 439, "2017-10-31": "-60.00000", "2017-07-31": 311, "2017-04-30": -68, "2017-01-31": -84, "2016-10-31": "86.00000", "2016-07-31": -337, "2016-04-30": -173, "2016-01-31": -241, "2015-10-31": "-11.00000", "2015-07-31": 324, "2015-04-30": -404, "2015-01-31": -181, "2014-10-31": "52.00000", "2014-07-31": 111, "2014-04-30": -299, "2014-01-31": -645, "2013-10-31": "341.00000", "2013-07-31": 212, "2013-04-30": -183, "2013-01-31": -15, "2012-10-31": "411.00000", "2012-07-31": 45, "2012-04-30": -111, "2012-01-31": -126, "2011-10-31": "-65.00000", "2011-07-31": -29, "2011-04-30": -527, "2011-01-31": 57, "2010-10-31": "294.00000", "2010-07-31": -104, "2010-04-30": -169, "2010-01-31": -261, "2009-10-31": "269.00000", "2009-07-31": -239, "2009-04-30": -128, "2009-01-31": -389, "2008-10-31": "136.00000", "2008-07-31": 632, "2008-04-30": -634, "2008-01-31": -81, "2007-10-31": "141.00000", "2007-07-31": 141, "2007-04-30": -301, "2007-01-31": -14, "2006-10-31": "-369.00000", "2006-07-31": 86, "2006-04-30": 50, "2006-01-31": -87, "2005-10-31": "-18.00000", "2005-07-31": 39, "2005-04-30": -120, "2005-01-31": -273}, "Debt Issuance/Retirement Net - Total": {"2020-10-31": "-123.00000", "2020-07-31": -497, "2020-04-30": 2640, "2020-01-31": -2596, "2019-10-31": "-338.00000", "2019-07-31": -545, "2019-04-30": -171, "2019-01-31": -408, "2018-10-31": "-35.00000", "2018-07-31": 48, "2018-04-30": 6028, "2018-01-31": 423, "2017-10-31": "-60.00000", "2017-07-31": 108, "2017-04-30": -83, "2017-01-31": -118, "2016-10-31": "59.00000", "2016-07-31": -122, "2016-04-30": -173, "2016-01-31": -241, "2015-10-31": "-11.00000", "2015-07-31": 324, "2015-04-30": -104, "2015-01-31": -181, "2014-10-31": "52.00000", "2014-07-31": 109, "2014-04-30": -299, "2014-01-31": -645, "2013-10-31": "341.00000", "2013-07-31": 212, "2013-04-30": -183, "2013-01-31": -15, "2012-10-31": "1661.00000", "2012-07-31": 45, "2012-04-30": -111, "2012-01-31": -126, "2011-10-31": "-65.00000", "2011-07-31": -29, "2011-04-30": -27, "2011-01-31": 57, "2010-10-31": "294.00000", "2010-07-31": 296, "2010-04-30": -169, "2010-01-31": -261, "2009-10-31": "269.00000", "2009-07-31": 61, "2009-04-30": -128, "2009-01-31": -89, "2008-10-31": "136.00000", "2008-07-31": 501, "2008-04-30": -644, "2008-01-31": -93, "2007-10-31": "113.00000", "2007-07-31": 95, "2007-04-30": -309, "2007-01-31": -14, "2006-10-31": "-377.00000", "2006-07-31": 288, "2006-04-30": 50, "2006-01-31": -87, "2005-10-31": "-18.00000", "2005-07-31": 39, "2005-04-30": -120, "2005-01-31": -273}, "Net Common Equity Issued/Repurchased": {"2020-10-31": "", "2020-07-31": 0, "2020-04-30": 19, "2020-01-31": 3, "2019-10-31": "1.00000", "2019-07-31": 0, "2019-04-30": 0, "2019-01-31": 0, "2018-10-31": "", "2018-07-31": 0, "2018-04-30": 0, "2018-01-31": 0, "2017-10-31": "-86.00000", "2017-07-31": -132, "2017-04-30": -71, "2017-01-31": -120, "2016-10-31": "-112.00000", "2016-07-31": -25, "2016-04-30": -32, "2016-01-31": -53, "2015-10-31": "-31.00000", "2015-07-31": -52, "2015-04-30": -58, "2015-01-31": -58, "2014-10-31": "-67.00000", "2014-07-31": 4, "2014-04-30": 7, "2014-01-31": -71, "2013-10-31": "2.00000", "2013-07-31": -9, "2013-04-30": -48, "2013-01-31": -16, "2012-10-31": "3.00000", "2012-07-31": -122, "2012-04-30": -28, "2012-01-31": -81, "2011-10-31": "-69.00000", "2011-07-31": 10, "2011-04-30": -107, "2011-01-31": -401, "2010-10-31": "-134.00000", "2010-07-31": -93, "2010-04-30": -63, "2010-01-31": -96, "2009-10-31": "-81.00000", "2009-07-31": -115, "2009-04-30": -114, "2009-01-31": -174, "2008-10-31": "-52.00000", "2008-07-31": -451, "2008-04-30": -221, "2008-01-31": -114, "2007-10-31": "-70.00000", "2007-07-31": -150, "2007-04-30": -64, "2007-01-31": -47, "2006-10-31": "-714.00000", "2006-07-31": -187, "2006-04-30": 6, "2006-01-31": -107, "2005-10-31": "18.00000", "2005-07-31": -14, "2005-04-30": -47, "2005-01-31": 22}, "Net Total Equity Issued/Repurchased": {"2020-10-31": "", "2020-07-31": 0, "2020-04-30": 19, "2020-01-31": 3, "2019-10-31": "1.00000", "2019-07-31": 0, "2019-04-30": 0, "2019-01-31": 0, "2018-10-31": "", "2018-07-31": 0, "2018-04-30": 0, "2018-01-31": 0, "2017-10-31": "-86.00000", "2017-07-31": -132, "2017-04-30": -71, "2017-01-31": -120, "2016-10-31": "-112.00000", "2016-07-31": -25, "2016-04-30": -32, "2016-01-31": -53, "2015-10-31": "-31.00000", "2015-07-31": -52, "2015-04-30": -58, "2015-01-31": -58, "2014-10-31": "-67.00000", "2014-07-31": 4, "2014-04-30": 7, "2014-01-31": -71, "2013-10-31": "2.00000", "2013-07-31": -9, "2013-04-30": -48, "2013-01-31": -16, "2012-10-31": "3.00000", "2012-07-31": -122, "2012-04-30": -28, "2012-01-31": -81, "2011-10-31": "-69.00000", "2011-07-31": 10, "2011-04-30": -107, "2011-01-31": -401, "2010-10-31": "-134.00000", "2010-07-31": -93, "2010-04-30": -63, "2010-01-31": -96, "2009-10-31": "-81.00000", "2009-07-31": -115, "2009-04-30": -114, "2009-01-31": -174, "2008-10-31": "-52.00000", "2008-07-31": -451, "2008-04-30": -221, "2008-01-31": -114, "2007-10-31": "-70.00000", "2007-07-31": -150, "2007-04-30": -64, "2007-01-31": -47, "2006-10-31": "-714.00000", "2006-07-31": -187, "2006-04-30": 6, "2006-01-31": -107, "2005-10-31": "18.00000", "2005-07-31": -14, "2005-04-30": -47, "2005-01-31": 22}, "Total Common And Preferred Stock Dividends Paid": {"2020-10-31": "-108.00000", "2020-07-31": -426, "2020-04-30": 213, "2020-01-31": -106, "2019-10-31": "-107.00000", "2019-07-31": -423, "2019-04-30": 212, "2019-01-31": -105, "2018-10-31": "-107.00000", "2018-07-31": -105, "2018-04-30": -105, "2018-01-31": -105, "2017-10-31": "-111.00000", "2017-07-31": -106, "2017-04-30": -107, "2017-01-31": -107, "2016-10-31": "-100.00000", "2016-07-31": -96, "2016-04-30": -97, "2016-01-31": -97, "2015-10-31": "-100.00000", "2015-07-31": -97, "2015-04-30": -98, "2015-01-31": -98, "2014-10-31": "-101.00000", "2014-07-31": -98, "2014-04-30": -98, "2014-01-31": -98, "2013-10-31": "-97.00000", "2013-07-31": -1, "2013-04-30": 0, "2013-01-31": -274, "2012-10-31": "-92.00000", "2012-07-31": -92, "2012-04-30": -93, "2012-01-31": -93, "2011-10-31": "-95.00000", "2011-07-31": -94, "2011-04-30": -96, "2011-01-31": -94, "2010-10-31": "-94.00000", "2010-07-31": -95, "2010-04-30": -95, "2010-01-31": -87, "2009-10-31": "-88.00000", "2009-07-31": -89, "2009-04-30": -90, "2009-01-31": -91, "2008-10-31": "-80.00000", "2008-07-31": -83, "2008-04-30": -84, "2008-01-31": -85, "2007-10-31": "-77.00000", "2007-07-31": -78, "2007-04-30": -77, "2007-01-31": -79, "2006-10-31": "-74.00000", "2006-07-31": -74, "2006-04-30": -74, "2006-01-31": -74, "2005-10-31": "-70.00000", "2005-07-31": -70, "2005-04-30": -70, "2005-01-31": -135}, "Financial Activities - Other": {"2020-10-31": "-14.00000", "2020-07-31": 314, "2020-04-30": -2098, "2020-01-31": 0, "2019-10-31": "-9.00000", "2019-07-31": 318, "2019-04-30": -319, "2019-01-31": -2, "2018-10-31": "-6.00000", "2018-07-31": -1, "2018-04-30": -96, "2018-01-31": -1, "2017-10-31": "-22.00000", "2017-07-31": 2, "2017-04-30": -1, "2017-01-31": 0, "2016-10-31": "-20.00000", "2016-07-31": 0, "2016-04-30": -1, "2016-01-31": 0, "2015-10-31": "-20.00000", "2015-07-31": -14, "2015-04-30": -3, "2015-01-31": 0, "2014-10-31": "5.00000", "2014-07-31": 2, "2014-04-30": 1, "2014-01-31": 0, "2013-10-31": "15.00000", "2013-07-31": 4, "2013-04-30": 5, "2013-01-31": 4, "2012-10-31": "-14.00000", "2012-07-31": 4, "2012-04-30": 6, "2012-01-31": 0, "2011-10-31": "", "2011-07-31": 4, "2011-04-30": 5, "2011-01-31": 3, "2010-10-31": "3.00000", "2010-07-31": 1, "2010-04-30": 2, "2010-01-31": 3, "2009-10-31": "1.00000", "2009-07-31": -2, "2009-04-30": 0, "2009-01-31": -2, "2008-10-31": "15.00000", "2008-07-31": 2, "2008-04-30": 2, "2008-01-31": 2, "2007-10-31": "2.00000", "2007-07-31": 0, "2007-04-30": 14, "2007-01-31": 6, "2006-10-31": "5.00000", "2006-07-31": 6, "2006-04-30": 4, "2006-01-31": 0, "2005-10-31": "1.00000", "2005-07-31": 0, "2005-04-30": 0, "2005-01-31": 0}, "Cash Flow From Financial Activities": {"2020-10-31": "-245.00000", "2020-07-31": -609, "2020-04-30": 774, "2020-01-31": -2699, "2019-10-31": "-453.00000", "2019-07-31": -650, "2019-04-30": -278, "2019-01-31": -515, "2018-10-31": "-148.00000", "2018-07-31": -58, "2018-04-30": 5827, "2018-01-31": 317, "2017-10-31": "-279.00000", "2017-07-31": -128, "2017-04-30": -262, "2017-01-31": -345, "2016-10-31": "-173.00000", "2016-07-31": -243, "2016-04-30": -303, "2016-01-31": -391, "2015-10-31": "-162.00000", "2015-07-31": 161, "2015-04-30": -263, "2015-01-31": -337, "2014-10-31": "-111.00000", "2014-07-31": 17, "2014-04-30": -389, "2014-01-31": -814, "2013-10-31": "261.00000", "2013-07-31": 206, "2013-04-30": -226, "2013-01-31": -301, "2012-10-31": "1558.00000", "2012-07-31": -165, "2012-04-30": -226, "2012-01-31": -300, "2011-10-31": "-229.00000", "2011-07-31": -109, "2011-04-30": -225, "2011-01-31": -435, "2010-10-31": "69.00000", "2010-07-31": 109, "2010-04-30": -325, "2010-01-31": -441, "2009-10-31": "101.00000", "2009-07-31": -145, "2009-04-30": -332, "2009-01-31": -356, "2008-10-31": "19.00000", "2008-07-31": -31, "2008-04-30": -947, "2008-01-31": -290, "2007-10-31": "-32.00000", "2007-07-31": -133, "2007-04-30": -436, "2007-01-31": -134, "2006-10-31": "-1160.00000", "2006-07-31": 33, "2006-04-30": -14, "2006-01-31": -268, "2005-10-31": "-69.00000", "2005-07-31": -45, "2005-04-30": -237, "2005-01-31": -386}, "Net Cash Flow": {"2020-10-31": "-137.00000", "2020-07-31": -383, "2020-04-30": 1184, "2020-01-31": -118, "2019-10-31": "-3.00000", "2019-07-31": -27, "2019-04-30": 3, "2019-01-31": -2, "2018-10-31": "-21.00000", "2018-07-31": 26, "2018-04-30": 4, "2018-01-31": 33, "2017-10-31": "-156.00000", "2017-07-31": 6, "2017-04-30": 4, "2017-01-31": 19, "2016-10-31": "-6.00000", "2016-07-31": -87, "2016-04-30": 77, "2016-01-31": 43, "2015-10-31": "10.00000", "2015-07-31": 23, "2015-04-30": 29, "2015-01-31": -38, "2014-10-31": "7.00000", "2014-07-31": 10, "2014-04-30": -71, "2014-01-31": -80, "2013-10-31": "-28.00000", "2013-07-31": -52, "2013-04-30": 43, "2013-01-31": 49, "2012-10-31": "26.00000", "2012-07-31": -48, "2012-04-30": 61, "2012-01-31": 37, "2011-10-31": "-199.00000", "2011-07-31": 35, "2011-04-30": 124, "2011-01-31": 34, "2010-10-31": "37.00000", "2010-07-31": 174, "2010-04-30": -33, "2010-01-31": 37, "2009-10-31": "25.00000", "2009-07-31": -10, "2009-04-30": -19, "2009-01-31": 17, "2008-10-31": "-18.00000", "2008-07-31": 31, "2008-04-30": -45, "2008-01-31": 18, "2007-10-31": "6.00000", "2007-07-31": -203, "2007-04-30": -209, "2007-01-31": 253, "2006-10-31": "-427.00000", "2006-07-31": 127, "2006-04-30": 263, "2006-01-31": 222, "2005-10-31": "5.00000", "2005-07-31": 8, "2005-04-30": -19, "2005-01-31": 19}, "Stock-Based Compensation": {"2020-10-31": "16.00000", "2020-07-31": 14, "2020-04-30": 14, "2020-01-31": 19, "2019-10-31": "14.00000", "2019-07-31": 13, "2019-04-30": 14, "2019-01-31": 17, "2018-10-31": "14.00000", "2018-07-31": 13, "2018-04-30": 16, "2018-01-31": 18, "2017-10-31": "14.00000", "2017-07-31": 12, "2017-04-30": 16, "2017-01-31": 18, "2016-10-31": "14.00000", "2016-07-31": 14, "2016-04-30": 16, "2016-01-31": 21, "2015-10-31": "13.00000", "2015-07-31": 11, "2015-04-30": 15, "2015-01-31": 18, "2014-10-31": "13.00000", "2014-07-31": 11, "2014-04-30": 9, "2014-01-31": 16, "2013-10-31": "21.00000", "2013-07-31": 31, "2013-04-30": 31, "2013-01-31": 26, "2012-10-31": "25.00000", "2012-07-31": 17, "2012-04-30": 17, "2012-01-31": 23, "2011-10-31": "22.00000", "2011-07-31": 18, "2011-04-30": 23, "2011-01-31": 25, "2010-10-31": "21.00000", "2010-07-31": 20, "2010-04-30": 23, "2010-01-31": 25, "2009-10-31": "20.00000", "2009-07-31": 21, "2009-04-30": 19, "2009-01-31": 19, "2008-10-31": "25.00000", "2008-07-31": 20, "2008-04-30": 29, "2008-01-31": 21, "2007-10-31": "18.00000", "2007-07-31": 18, "2007-04-30": 24, "2007-01-31": 24, "2006-10-31": "17.00000", "2006-07-31": 20, "2006-04-30": 24, "2006-01-31": 27, "2005-10-31": "14.00000", "2005-07-31": 10, "2005-04-30": 6, "2005-01-31": 12}, "Common Stock Dividends Paid": {"2020-10-31": "-108.00000", "2020-07-31": -426, "2020-04-30": 213, "2020-01-31": -106, "2019-10-31": "-107.00000", "2019-07-31": -423, "2019-04-30": 212, "2019-01-31": -105, "2018-10-31": "-107.00000", "2018-07-31": -105, "2018-04-30": -105, "2018-01-31": -105, "2017-10-31": "-111.00000", "2017-07-31": -106, "2017-04-30": -107, "2017-01-31": -107, "2016-10-31": "-100.00000", "2016-07-31": -96, "2016-04-30": -97, "2016-01-31": -97, "2015-10-31": "-100.00000", "2015-07-31": -97, "2015-04-30": -98, "2015-01-31": -98, "2014-10-31": "-101.00000", "2014-07-31": -98, "2014-04-30": -98, "2014-01-31": -98, "2013-10-31": "-97.00000", "2013-07-31": -1, "2013-04-30": 0, "2013-01-31": -274, "2012-10-31": "-92.00000", "2012-07-31": -92, "2012-04-30": -93, "2012-01-31": -93, "2011-10-31": "-95.00000", "2011-07-31": -94, "2011-04-30": -96, "2011-01-31": -94, "2010-10-31": "-94.00000", "2010-07-31": -95, "2010-04-30": -95, "2010-01-31": -87, "2009-10-31": "-88.00000", "2009-07-31": -89, "2009-04-30": -90, "2009-01-31": -91, "2008-10-31": "-80.00000", "2008-07-31": -83, "2008-04-30": -84, "2008-01-31": -85, "2007-10-31": "-77.00000", "2007-07-31": -78, "2007-04-30": -77, "2007-01-31": -79, "2006-10-31": "-74.00000", "2006-07-31": -74, "2006-04-30": -74, "2006-01-31": -74, "2005-10-31": "-70.00000", "2005-07-31": -70, "2005-04-30": -70, "2005-01-31": -135}}, "financial ratios": {"Current Ratio": {"2020-07-31": "0.77560", "2019-07-31": "0.58110", "2018-07-31": "0.63880", "2017-07-31": "0.79330", "2016-07-31": "0.74680", "2015-07-31": "0.74590", "2014-07-31": "0.70260", "2013-07-31": "0.67670", "2012-07-31": "0.85560", "2011-07-31": "0.98690", "2010-07-31": "0.81690", "2009-07-31": "0.95270", "2008-07-31": "0.70450", "2007-07-31": "0.77730", "2006-07-31": "0.73310", "2005-07-31": "0.74080"}, "Long-term Debt / Capital": {"2020-07-31": "0.66030", "2019-07-31": "0.86460", "2018-07-31": "0.85340", "2017-07-31": "0.60300", "2016-07-31": "0.60150", "2015-07-31": "0.64840", "2014-07-31": "0.58330", "2013-07-31": "0.67770", "2012-07-31": "0.69060", "2011-07-31": "0.68890", "2010-07-31": "0.67680", "2009-07-31": "0.75450", "2008-07-31": "0.55340", "2007-07-31": "0.61560", "2006-07-31": "0.54480", "2005-07-31": "0.66680"}, "Debt/Equity Ratio": {"2020-07-31": "2.41180", "2019-07-31": "7.62050", "2018-07-31": "6.93080", "2017-07-31": "2.14950", "2016-07-31": "2.30460", "2015-07-31": "2.96440", "2014-07-31": "2.50470", "2013-07-31": "3.68020", "2012-07-31": "3.10690", "2011-07-31": "2.81390", "2010-07-31": "2.99250", "2009-07-31": "3.58960", "2008-07-31": "1.98410", "2007-07-31": "2.06100", "2006-07-31": "1.81730", "2005-07-31": "2.35670"}, "Gross Margin": {"2020-07-31": "34.50700", "2019-07-31": "33.21820", "2018-07-31": "35.88810", "2017-07-31": "41.83660", "2016-07-31": "36.77930", "2015-07-31": "34.42220", "2014-07-31": "35.93370", "2013-07-31": "36.16490", "2012-07-31": "39.16380", "2011-07-31": "40.43120", "2010-07-31": "41.03700", "2009-07-31": "39.91560", "2008-07-31": "39.64740", "2007-07-31": "40.63640", "2006-07-31": "40.52800", "2005-07-31": "40.90780"}, "Operating Margin": {"2020-07-31": "12.73730", "2019-07-31": "12.07600", "2018-07-31": "15.26830", "2017-07-31": "24.51600", "2016-07-31": "12.05880", "2015-07-31": "13.04130", "2014-07-31": "15.32410", "2013-07-31": "13.41280", "2012-07-31": "16.09760", "2011-07-31": "16.96770", "2010-07-31": "17.56120", "2009-07-31": "15.62090", "2008-07-31": "13.72840", "2007-07-31": "16.83140", "2006-07-31": "15.91240", "2005-07-31": "16.00680"}, "EBIT Margin": {"2020-07-31": "12.73730", "2019-07-31": "12.07600", "2018-07-31": "15.26830", "2017-07-31": "24.51600", "2016-07-31": "12.05880", "2015-07-31": "13.04130", "2014-07-31": "15.32410", "2013-07-31": "13.41280", "2012-07-31": "16.09760", "2011-07-31": "16.96770", "2010-07-31": "17.56120", "2009-07-31": "15.62090", "2008-07-31": "13.72840", "2007-07-31": "16.83140", "2006-07-31": "15.91240", "2005-07-31": "16.00680"}, "EBITDA Margin": {"2020-07-31": "16.51130", "2019-07-31": "17.57740", "2018-07-31": "21.85940", "2017-07-31": "29.96400", "2016-07-31": "15.92770", "2015-07-31": "16.79040", "2014-07-31": "19.01310", "2013-07-31": "18.46750", "2012-07-31": "19.74910", "2011-07-31": "20.71960", "2010-07-31": "20.83120", "2009-07-31": "19.10100", "2008-07-31": "17.40440", "2007-07-31": "20.66350", "2006-07-31": "20.10440", "2005-07-31": "19.95190"}, "Pre-Tax Profit Margin": {"2020-07-31": "8.81370", "2019-07-31": "7.70940", "2018-07-31": "12.54720", "2017-07-31": "22.54580", "2016-07-31": "10.66450", "2015-07-31": "11.74210", "2014-07-31": "13.88490", "2013-07-31": "11.86040", "2012-07-31": "14.62020", "2011-07-31": "15.39970", "2010-07-31": "16.18030", "2009-07-31": "14.22360", "2008-07-31": "11.74040", "2007-07-31": "14.88150", "2006-07-31": "13.73660", "2005-07-31": "13.46150"}, "Net Profit Margin": {"2020-07-31": "18.73200", "2019-07-31": "2.60270", "2018-07-31": "3.94560", "2017-07-31": "15.19620", "2016-07-31": "7.07200", "2015-07-31": "8.24050", "2014-07-31": "10.47410", "2013-07-31": "5.68800", "2012-07-31": "10.78750", "2011-07-31": "11.26980", "2010-07-31": "10.81290", "2009-07-31": "9.54390", "2008-07-31": "14.29110", "2007-07-31": "11.56400", "2006-07-31": "11.11110", "2005-07-31": "9.99720"}, "Asset Turnover": {"2020-07-31": "0.70250", "2019-07-31": "0.61660", "2018-07-31": "0.45530", "2017-07-31": "0.75550", "2016-07-31": "1.01580", "2015-07-31": "1.00060", "2014-07-31": "1.01910", "2013-07-31": "0.96740", "2012-07-31": "1.09880", "2011-07-31": "1.04100", "2010-07-31": "1.22310", "2009-07-31": "1.25260", "2008-07-31": "1.23540", "2007-07-31": "1.14580", "2006-07-31": "0.89010", "2005-07-31": "1.04370"}, "Inventory Turnover Ratio": {"2020-07-31": "6.53500", "2019-07-31": "6.27350", "2018-07-31": "4.78130", "2017-07-31": "3.76390", "2016-07-31": "5.35430", "2015-07-31": "5.32660", "2014-07-31": "5.21360", "2013-07-31": "5.55680", "2012-07-31": "6.11340", "2011-07-31": "5.54760", "2010-07-31": "6.25140", "2009-07-31": "5.53160", "2008-07-31": "5.82270", "2007-07-31": "5.65680", "2006-07-31": "5.63190", "2005-07-31": "5.54980"}, "Receiveable Turnover": {"2020-07-31": "15.11480", "2019-07-31": "14.12370", "2018-07-31": "11.74960", "2017-07-31": "9.64790", "2016-07-31": "12.71730", "2015-07-31": "12.49150", "2014-07-31": "12.34030", "2013-07-31": "12.68030", "2012-07-31": "12.97470", "2011-07-31": "12.75540", "2010-07-31": "14.99220", "2009-07-31": "14.36740", "2008-07-31": "14.03160", "2007-07-31": "12.71080", "2006-07-31": "13.95550", "2005-07-31": "13.89390"}, "Days Sales In Receivables": {"2020-07-31": "24.14850", "2019-07-31": "25.84310", "2018-07-31": "31.06500", "2017-07-31": "37.83190", "2016-07-31": "28.70120", "2015-07-31": "29.21990", "2014-07-31": "29.57790", "2013-07-31": "28.78480", "2012-07-31": "28.13170", "2011-07-31": "28.61540", "2010-07-31": "24.34600", "2009-07-31": "25.40470", "2008-07-31": "26.01280", "2007-07-31": "28.71560", "2006-07-31": "26.15460", "2005-07-31": "26.27050"}, "ROE - Return On Equity": {"2020-07-31": "23.04400", "2019-07-31": "42.62590", "2018-07-31": "52.73130", "2017-07-31": "56.17020", "2016-07-31": "36.72540", "2015-07-31": "48.36600", "2014-07-31": "48.28450", "2013-07-31": "56.19840", "2012-07-31": "80.62360", "2011-07-31": "68.33940", "2010-07-31": "90.85040", "2009-07-31": "100.13680", "2008-07-31": "50.91050", "2007-07-31": "61.15830", "2006-07-31": "40.72400", "2005-07-31": "50.70870"}, "Return On Tangible Equity": {"2020-07-31": "-12.41870", "2019-07-31": "-7.50000", "2018-07-31": "-11.76280", "2017-07-31": "-58.18640", "2016-07-31": "-29.91500", "2015-07-31": "-30.66300", "2014-07-31": "-38.60350", "2013-07-31": "-32.25810", "2012-07-31": "-44.94100", "2011-07-31": "-47.89000", "2010-07-31": "-56.30420", "2009-07-31": "-43.26240", "2008-07-31": "-52.21790", "2007-07-31": "-66.44300", "2006-07-31": "-121.41650", "2005-07-31": "-37.03280"}, "ROA - Return On Assets": {"2020-07-31": "4.78500", "2019-07-31": "3.60510", "2018-07-31": "4.98310", "2017-07-31": "11.95960", "2016-07-31": "7.18390", "2015-07-31": "8.24560", "2014-07-31": "9.54020", "2013-07-31": "8.17010", "2012-07-31": "11.08730", "2011-07-31": "10.91520", "2010-07-31": "13.44810", "2009-07-31": "12.08720", "2008-07-31": "10.36450", "2007-07-31": "12.28860", "2006-07-31": "9.29630", "2005-07-31": "9.50410"}, "ROI - Return On Investment": {"2020-07-31": "7.82760", "2019-07-31": "5.76990", "2018-07-31": "7.73170", "2017-07-31": "22.29730", "2016-07-31": "14.63480", "2015-07-31": "17.00720", "2014-07-31": "20.11960", "2013-07-31": "18.11400", "2012-07-31": "24.94830", "2011-07-31": "21.26030", "2010-07-31": "29.36670", "2009-07-31": "24.58850", "2008-07-31": "22.73810", "2007-07-31": "23.50850", "2006-07-31": "18.53760", "2005-07-31": "16.89400"}, "Book Value Per Share": {"2020-07-31": "8.50660", "2019-07-31": "3.69440", "2018-07-31": "4.56150", "2017-07-31": "5.46510", "2016-07-31": "4.97730", "2015-07-31": "4.44190", "2014-07-31": "5.12140", "2013-07-31": "3.87820", "2012-07-31": "2.87820", "2011-07-31": "3.42500", "2010-07-31": "2.76490", "2009-07-31": "2.13120", "2008-07-31": "3.70220", "2007-07-31": "3.41690", "2006-07-31": "4.39800", "2005-07-31": "3.11270"}, "Operating Cash Flow Per Share": {"2020-07-31": -0.037, "2019-07-31": 0.3079, "2018-07-31": 0.1258, "2017-07-31": -0.5988, "2016-07-31": 0.9412, "2015-07-31": 1.0081, "2014-07-31": -0.3696, "2013-07-31": -0.2965, "2012-07-31": 0.0399, "2011-07-31": 0.3895, "2010-07-31": -0.2122, "2009-07-31": 1.262, "2008-07-31": 0.3298, "2007-07-31": -1.2594, "2006-07-31": 0.5643, "2005-07-31": 2.3971}, "Free Cash Flow Per Share": {"2020-07-31": 0.251, "2019-07-31": 0.3841, "2018-07-31": -0.121, "2017-07-31": -0.6193, "2016-07-31": 1.0269, "2015-07-31": 0.8704, "2014-07-31": -0.3538, "2013-07-31": -0.3313, "2012-07-31": -0.1701, "2011-07-31": 0.4705, "2010-07-31": -0.1208, "2009-07-31": 1.0727, "2008-07-31": 0.3326, "2007-07-31": -1.3031, "2006-07-31": 0.5999, "2005-07-31": 1.6199}}, "financial ratios, quarterly": {"Current Ratio": {"2020-10-31": "0.84760", "2020-07-31": "0.77560", "2020-04-30": "0.84000", "2020-01-31": "0.61360", "2019-10-31": "0.59770", "2019-07-31": "0.58110", "2019-04-30": "0.61550", "2019-01-31": "0.69570", "2018-10-31": "0.68840", "2018-07-31": "0.63880", "2018-04-30": "0.68440", "2018-01-31": "0.64010", "2017-10-31": "0.77270", "2017-07-31": "0.79330", "2017-04-30": "0.76110", "2017-01-31": "0.77830", "2016-10-31": "0.77750", "2016-07-31": "0.74680", "2016-04-30": "0.85910", "2016-01-31": "0.83090", "2015-10-31": "0.80480", "2015-07-31": "0.74590", "2015-04-30": "0.81880", "2015-01-31": "0.73330", "2014-10-31": "0.74430", "2014-07-31": "0.70260", "2014-04-30": "0.69120", "2014-01-31": "0.68170", "2013-10-31": "0.63040", "2013-07-31": "0.67670", "2013-04-30": "0.83600", "2013-01-31": "0.78310", "2012-10-31": "0.77650", "2012-07-31": "0.85560", "2012-04-30": "0.92610", "2012-01-31": "0.89130", "2011-10-31": "1.04430", "2011-07-31": "0.98690", "2011-04-30": "1.00270", "2011-01-31": "0.79250", "2010-10-31": "0.85680", "2010-07-31": "0.81690", "2010-04-30": "0.67690", "2010-01-31": "0.99940", "2009-10-31": "0.93350", "2009-07-31": "0.95270", "2009-04-30": "0.88670", "2009-01-31": "0.87830", "2008-10-31": "0.78560", "2008-07-31": "0.70450", "2008-04-30": "0.96810", "2008-01-31": "0.79580", "2007-10-31": "0.77260", "2007-07-31": "0.77730", "2007-04-30": "0.86250", "2007-01-31": "0.86030", "2006-10-31": "0.79330", "2006-07-31": "0.73310", "2006-04-30": "0.73190", "2006-01-31": "0.83110", "2005-10-31": "0.78340", "2005-07-31": "0.74080", "2005-04-30": "0.74680", "2005-01-31": "0.75440"}, "Long-term Debt / Capital": {"2020-10-31": "0.64310", "2020-07-31": "0.66030", "2020-04-30": "0.66790", "2020-01-31": "0.66310", "2019-10-31": "0.84300", "2019-07-31": "0.86460", "2019-04-30": "0.85850", "2019-01-31": "0.86230", "2018-10-31": "0.84970", "2018-07-31": "0.85340", "2018-04-30": "0.85130", "2018-01-31": "0.53550", "2017-10-31": "0.57330", "2017-07-31": "0.60300", "2017-04-30": "0.60370", "2017-01-31": "0.60790", "2016-10-31": "0.58980", "2016-07-31": "0.60150", "2016-04-30": "0.60390", "2016-01-31": "0.62600", "2015-10-31": "0.64400", "2015-07-31": "0.64840", "2015-04-30": "0.61700", "2015-01-31": "0.59810", "2014-10-31": "0.58290", "2014-07-31": "0.58330", "2014-04-30": "0.58550", "2014-01-31": "0.61630", "2013-10-31": "0.62560", "2013-07-31": "0.67770", "2013-04-30": "0.69160", "2013-01-31": "0.71790", "2012-10-31": "0.72830", "2012-07-31": "0.69060", "2012-04-30": "0.61200", "2012-01-31": "0.62650", "2011-10-31": "0.67480", "2011-07-31": "0.68890", "2011-04-30": "0.69420", "2011-01-31": "0.68470", "2010-10-31": "0.63800", "2010-07-31": "0.67680", "2010-04-30": "0.58450", "2010-01-31": "0.68680", "2009-10-31": "0.70190", "2009-07-31": "0.75450", "2009-04-30": "0.63360", "2009-01-31": "0.65360", "2008-10-31": "0.60420", "2008-07-31": "0.55340", "2008-04-30": "0.48240", "2008-01-31": "0.52740", "2007-10-31": "0.54090", "2007-07-31": "0.61560", "2007-04-30": "0.56760", "2007-01-31": "0.59200", "2006-10-31": "0.62530", "2006-07-31": "0.54480", "2006-04-30": "0.51680", "2006-01-31": "0.57790", "2005-10-31": "0.59520", "2005-07-31": "0.66680", "2005-04-30": "0.65000", "2005-01-31": "0.65590"}, "Debt/Equity Ratio": {"2020-10-31": "2.19260", "2020-07-31": "2.41180", "2020-04-30": "2.59400", "2020-01-31": "2.32930", "2019-10-31": "6.67490", "2019-07-31": "7.62050", "2019-04-30": "7.50200", "2019-01-31": "7.39980", "2018-10-31": "6.95830", "2018-07-31": "6.93080", "2018-04-30": "6.97590", "2018-01-31": "2.00410", "2017-10-31": "2.04910", "2017-07-31": "2.14950", "2017-04-30": "2.27650", "2017-01-31": "2.35160", "2016-10-31": "2.24530", "2016-07-31": "2.30460", "2016-04-30": "2.20190", "2016-01-31": "2.52230", "2015-10-31": "2.90500", "2015-07-31": "2.96440", "2015-04-30": "2.38800", "2015-01-31": "2.57130", "2014-10-31": "2.53550", "2014-07-31": "2.50470", "2014-04-30": "2.45690", "2014-01-31": "3.00570", "2013-10-31": "3.59260", "2013-07-31": "3.68020", "2013-04-30": "3.23910", "2013-01-31": "3.83460", "2012-10-31": "4.05380", "2012-07-31": "3.10690", "2012-04-30": "2.16750", "2012-01-31": "2.40430", "2011-10-31": "2.56130", "2011-07-31": "2.81390", "2011-04-30": "2.89920", "2011-01-31": "3.49890", "2010-10-31": "2.78990", "2010-07-31": "2.99250", "2010-04-30": "2.26920", "2010-01-31": "2.58280", "2009-10-31": "3.04190", "2009-07-31": "3.58960", "2009-04-30": "2.28500", "2009-01-31": "2.61430", "2008-10-31": "2.57330", "2008-07-31": "1.98410", "2008-04-30": "1.11600", "2008-01-31": "1.72790", "2007-10-31": "1.86980", "2007-07-31": "2.06100", "2007-04-30": "1.61780", "2007-01-31": "1.96290", "2006-10-31": "2.25790", "2006-07-31": "1.81730", "2006-04-30": "1.65560", "2006-01-31": "1.79270", "2005-10-31": "1.96700", "2005-07-31": "2.35670", "2005-04-30": "2.18420", "2005-01-31": "2.33610"}, "Gross Margin": {"2020-10-31": "34.74360", "2020-07-31": "35.43640", "2020-04-30": "34.49510", "2020-01-31": "34.32010", "2019-10-31": "33.80670", "2019-07-31": "34.04490", "2019-04-30": "33.53820", "2019-01-31": "32.50460", "2018-10-31": "32.97000", "2018-07-31": "29.24740", "2018-04-30": "32.74760", "2018-01-31": "35.13760", "2017-10-31": "36.23320", "2017-07-31": "35.93750", "2017-04-30": "35.88780", "2017-01-31": "37.35610", "2016-10-31": "38.64670", "2016-07-31": "32.36520", "2016-04-30": "35.29410", "2016-01-31": "37.21040", "2015-10-31": "34.27150", "2015-07-31": "33.19550", "2015-04-30": "35.89470", "2015-01-31": "33.25870", "2014-10-31": "35.25500", "2014-07-31": "38.01300", "2014-04-30": "34.31470", "2014-01-31": "35.68610", "2013-10-31": "35.88910", "2013-07-31": "36.15790", "2013-04-30": "35.98370", "2013-01-31": "35.24510", "2012-10-31": "37.23360", "2012-07-31": "40.61060", "2012-04-30": "38.76990", "2012-01-31": "38.39960", "2011-10-31": "39.51870", "2011-07-31": "41.12510", "2011-04-30": "40.37510", "2011-01-31": "39.39820", "2010-10-31": "41.16020", "2010-07-31": "40.38210", "2010-04-30": "41.23200", "2010-01-31": "40.45520", "2009-10-31": "41.89740", "2009-07-31": "41.55760", "2009-04-30": "40.62870", "2009-01-31": "39.44390", "2008-10-31": "38.71110", "2008-07-31": "38.71720", "2008-04-30": "38.61700", "2008-01-31": "40.08120", "2007-10-31": "40.82380", "2007-07-31": "37.72920", "2007-04-30": "39.88570", "2007-01-31": "41.23060", "2006-10-31": "42.59170", "2006-07-31": "33.13430", "2006-04-30": "40.91440", "2006-01-31": "42.05650", "2005-10-31": "42.25770", "2005-07-31": "43.44420", "2005-04-30": "40.38020", "2005-01-31": "40.57580"}, "Operating Margin": {"2020-10-31": "19.70090", "2020-07-31": "7.92220", "2020-04-30": "12.19840", "2020-01-31": "16.18870", "2019-10-31": "14.52130", "2019-07-31": "4.66290", "2019-04-30": "12.54480", "2019-01-31": "14.96320", "2018-10-31": "14.80470", "2018-07-31": "13.02390", "2018-04-30": "8.41320", "2018-01-31": "11.14680", "2017-10-31": "19.06530", "2017-07-31": "26.44230", "2017-04-30": "16.08200", "2017-01-31": "9.44270", "2016-10-31": "20.75390", "2016-07-31": "-2.19320", "2016-04-30": "14.33160", "2016-01-31": "18.80960", "2015-10-31": "14.29870", "2015-07-31": "2.53990", "2015-04-30": "15.00000", "2015-01-31": "15.08510", "2014-10-31": "17.25060", "2014-07-31": "16.68470", "2014-04-30": "14.82230", "2014-01-31": "15.82640", "2013-10-31": "14.08780", "2013-07-31": "10.33080", "2013-04-30": "13.09890", "2013-01-31": "12.81220", "2012-10-31": "16.68930", "2012-07-31": "13.50600", "2012-04-30": "14.49750", "2012-01-31": "15.57770", "2011-10-31": "19.25040", "2011-07-31": "9.89330", "2011-04-30": "16.93330", "2011-01-31": "16.87820", "2010-10-31": "20.44200", "2010-07-31": "12.31880", "2010-04-30": "16.20420", "2010-01-31": "18.16070", "2009-10-31": "21.69770", "2009-07-31": "9.48950", "2009-04-30": "16.96320", "2009-01-31": "16.72950", "2008-10-31": "17.73330", "2008-07-31": "10.96210", "2008-04-30": "4.36170", "2008-01-31": "18.03430", "2007-10-31": "19.58810", "2007-07-31": "9.66150", "2007-04-30": "15.37140", "2007-01-31": "19.33140", "2006-10-31": "20.34370", "2006-07-31": "8.45770", "2006-04-30": "14.35190", "2006-01-31": "17.73970", "2005-10-31": "19.03100", "2005-07-31": "10.07830", "2005-04-30": "14.91940", "2005-01-31": "17.49890"}, "EBIT Margin": {"2020-10-31": "19.70090", "2020-07-31": "7.92220", "2020-04-30": "12.19840", "2020-01-31": "16.18870", "2019-10-31": "14.52130", "2019-07-31": "4.66290", "2019-04-30": "12.54480", "2019-01-31": "14.96320", "2018-10-31": "14.80470", "2018-07-31": "13.02390", "2018-04-30": "8.41320", "2018-01-31": "11.14680", "2017-10-31": "19.06530", "2017-07-31": "26.44230", "2017-04-30": "16.08200", "2017-01-31": "9.44270", "2016-10-31": "20.75390", "2016-07-31": "-2.19320", "2016-04-30": "14.33160", "2016-01-31": "18.80960", "2015-10-31": "14.29870", "2015-07-31": "2.53990", "2015-04-30": "15.00000", "2015-01-31": "15.08510", "2014-10-31": "17.25060", "2014-07-31": "16.68470", "2014-04-30": "14.82230", "2014-01-31": "15.82640", "2013-10-31": "14.08780", "2013-07-31": "10.33080", "2013-04-30": "13.09890", "2013-01-31": "12.81220", "2012-10-31": "16.68930", "2012-07-31": "13.50600", "2012-04-30": "14.49750", "2012-01-31": "15.57770", "2011-10-31": "19.25040", "2011-07-31": "9.89330", "2011-04-30": "16.93330", "2011-01-31": "16.87820", "2010-10-31": "20.44200", "2010-07-31": "12.31880", "2010-04-30": "16.20420", "2010-01-31": "18.16070", "2009-10-31": "21.69770", "2009-07-31": "9.48950", "2009-04-30": "16.96320", "2009-01-31": "16.72950", "2008-10-31": "17.73330", "2008-07-31": "10.96210", "2008-04-30": "4.36170", "2008-01-31": "18.03430", "2007-10-31": "19.58810", "2007-07-31": "9.66150", "2007-04-30": "15.37140", "2007-01-31": "19.33140", "2006-10-31": "20.34370", "2006-07-31": "8.45770", "2006-04-30": "14.35190", "2006-01-31": "17.73970", "2005-10-31": "19.03100", "2005-07-31": "10.07830", "2005-04-30": "14.91940", "2005-01-31": "17.49890"}, "EBITDA Margin": {"2020-10-31": "", "2020-07-31": "", "2020-04-30": "", "2020-01-31": "", "2019-10-31": "", "2019-07-31": "", "2019-04-30": "", "2019-01-31": "", "2018-10-31": "", "2018-07-31": "", "2018-04-30": "", "2018-01-31": "", "2017-10-31": "", "2017-07-31": "", "2017-04-30": "", "2017-01-31": "", "2016-10-31": "", "2016-07-31": "", "2016-04-30": "", "2016-01-31": "", "2015-10-31": "", "2015-07-31": "", "2015-04-30": "", "2015-01-31": "", "2014-10-31": "", "2014-07-31": "", "2014-04-30": "", "2014-01-31": "", "2013-10-31": "", "2013-07-31": "", "2013-04-30": "", "2013-01-31": "", "2012-10-31": "", "2012-07-31": "", "2012-04-30": "", "2012-01-31": "", "2011-10-31": "", "2011-07-31": "", "2011-04-30": "", "2011-01-31": "", "2010-10-31": "", "2010-07-31": "", "2010-04-30": "", "2010-01-31": "", "2009-10-31": "", "2009-07-31": "", "2009-04-30": "", "2009-01-31": "", "2008-10-31": "", "2008-07-31": "", "2008-04-30": "", "2008-01-31": "", "2007-10-31": "", "2007-07-31": "", "2007-04-30": "", "2007-01-31": "", "2006-10-31": "", "2006-07-31": "", "2006-04-30": "", "2006-01-31": "", "2005-10-31": "", "2005-07-31": "", "2005-04-30": "", "2005-01-31": ""}, "Pre-Tax Profit Margin": {"2020-10-31": "17.35040", "2020-07-31": "5.07590", "2020-04-30": "9.74080", "2020-01-31": "9.43570", "2019-10-31": "10.85660", "2019-07-31": "-0.05620", "2019-04-30": "7.98770", "2019-01-31": "10.77350", "2018-10-31": "10.71750", "2018-07-31": "8.83280", "2018-04-30": "6.17680", "2018-01-31": "9.67890", "2017-10-31": "17.67700", "2017-07-31": "25.06010", "2017-04-30": "14.57100", "2017-01-31": "8.15290", "2016-10-31": "19.48230", "2016-07-31": "-3.85300", "2016-04-30": "12.83420", "2016-01-31": "17.58290", "2015-10-31": "13.02770", "2015-07-31": "0.94510", "2015-04-30": "13.52630", "2015-01-31": "13.96600", "2014-10-31": "16.14190", "2014-07-31": "15.06480", "2014-04-30": "13.29950", "2014-01-31": "14.55500", "2013-10-31": "12.70210", "2013-07-31": "8.58970", "2013-04-30": "11.51890", "2013-01-31": "11.37840", "2012-10-31": "15.19270", "2012-07-31": "11.19330", "2012-04-30": "13.01480", "2012-01-31": "14.34660", "2011-10-31": "17.95470", "2011-07-31": "7.27450", "2011-04-30": "15.60950", "2011-01-31": "15.42080", "2010-10-31": "19.06080", "2010-07-31": "10.60610", "2010-04-30": "14.70590", "2010-01-31": "16.95310", "2009-10-31": "20.47210", "2009-07-31": "7.98430", "2009-04-30": "15.42110", "2009-01-31": "15.55140", "2008-10-31": "16.31110", "2008-07-31": "8.74640", "2008-04-30": "2.39360", "2008-01-31": "16.14070", "2007-10-31": "17.66590", "2007-07-31": "6.98170", "2007-04-30": "13.82860", "2007-01-31": "17.49030", "2006-10-31": "18.43940", "2006-07-31": "4.37810", "2006-04-30": "12.03700", "2006-01-31": "15.74800", "2005-10-31": "17.73230", "2005-07-31": "5.57730", "2005-04-30": "12.32720", "2005-01-31": "15.47460"}, "Net Profit Margin": {"2020-10-31": "13.20510", "2020-07-31": "4.07970", "2020-04-30": "7.50670", "2020-01-31": "55.87420", "2019-10-31": "7.60420", "2019-07-31": "-0.44940", "2019-04-30": "4.30110", "2019-01-31": "-2.71640", "2018-10-31": "8.81020", "2018-07-31": "4.23610", "2018-04-30": "-20.92650", "2018-01-31": "13.07340", "2017-10-31": "12.72560", "2017-07-31": "19.11060", "2017-04-30": "9.49810", "2017-01-31": "4.65220", "2016-10-31": "13.26070", "2016-07-31": "-4.80140", "2016-04-30": "9.89300", "2016-01-31": "12.04000", "2015-10-31": "8.80620", "2015-07-31": "1.00410", "2015-04-30": "9.42110", "2015-01-31": "9.93730", "2014-10-31": "10.99780", "2014-07-31": "9.98920", "2014-04-30": "9.34010", "2014-01-31": "14.24810", "2013-10-31": "7.94460", "2013-07-31": "-9.17010", "2013-04-30": "9.22530", "2013-01-31": "8.78820", "2012-10-31": "11.11110", "2012-07-31": "12.02590", "2012-04-30": "9.66500", "2012-01-31": "9.70640", "2011-10-31": "12.17030", "2011-07-31": "9.69930", "2011-04-30": "10.31440", "2011-01-31": "11.23650", "2010-10-31": "12.84530", "2010-07-31": "7.11460", "2010-04-30": "9.32300", "2010-01-31": "11.79750", "2009-10-31": "13.61780", "2009-07-31": "4.31940", "2009-04-30": "10.32030", "2009-01-31": "10.79170", "2008-10-31": "11.33330", "2008-07-31": "3.90670", "2008-04-30": "28.29790", "2008-01-31": "12.35350", "2007-10-31": "12.35700", "2007-07-31": "4.30180", "2007-04-30": "12.40000", "2007-01-31": "13.80810", "2006-10-31": "13.51600", "2006-07-31": "4.37810", "2006-04-30": "9.60650", "2006-01-31": "11.76470", "2005-10-31": "15.08490", "2005-07-31": "9.39330", "2005-04-30": "8.41010", "2005-01-31": "10.57130"}, "Asset Turnover": {"2020-10-31": "0.18850", "2020-07-31": "0.17040", "2020-04-30": "0.17600", "2020-01-31": "0.18550", "2019-10-31": "0.16650", "2019-07-31": "0.13540", "2019-04-30": "0.14190", "2019-01-31": "0.15490", "2018-10-31": "0.15100", "2018-07-31": "0.15270", "2018-04-30": "0.12890", "2018-01-31": "0.26150", "2017-10-31": "0.27900", "2017-07-31": "0.21540", "2017-04-30": "0.24870", "2017-01-31": "0.28680", "2016-10-31": "0.27390", "2016-07-31": "0.21530", "2016-04-30": "0.23140", "2016-01-31": "0.27240", "2015-10-31": "0.26530", "2015-07-31": "0.20960", "2015-04-30": "0.24490", "2015-01-31": "0.28270", "2014-10-31": "0.27180", "2014-07-31": "0.22830", "2014-04-30": "0.24740", "2014-01-31": "0.28090", "2013-10-31": "0.23910", "2013-07-31": "0.20700", "2013-04-30": "0.23210", "2013-01-31": "0.25160", "2012-10-31": "0.25210", "2012-07-31": "0.16550", "2012-04-30": "0.28050", "2012-01-31": "0.31690", "2011-10-31": "0.31100", "2011-07-31": "0.15020", "2011-04-30": "0.27060", "2011-01-31": "0.32330", "2010-10-31": "0.31860", "2010-07-31": "0.24190", "2010-04-30": "0.30100", "2010-01-31": "0.35000", "2009-10-31": "0.34260", "2009-07-31": "0.25230", "2009-04-30": "0.28860", "2009-01-31": "0.35900", "2008-10-31": "0.36310", "2008-07-31": "0.26490", "2008-04-30": "0.28890", "2008-01-31": "0.32260", "2007-10-31": "0.30960", "2007-07-31": "0.22000", "2007-04-30": "0.25910", "2007-01-31": "0.29130", "2006-10-31": "0.30650", "2006-07-31": "0.12980", "2006-04-30": "0.23830", "2006-01-31": "0.30210", "2005-10-31": "0.27950", "2005-07-31": "0.15080", "2005-04-30": "0.25480", "2005-01-31": "0.31420"}, "Inventory Turnover Ratio": {"2020-10-31": "1.67800", "2020-07-31": "1.56260", "2020-04-30": "2.00550", "2020-01-31": "1.82290", "2019-10-31": "1.62910", "2019-07-31": "1.36040", "2019-04-30": "1.46830", "2019-01-31": "1.36250", "2018-10-31": "1.20390", "2018-07-31": "1.77000", "2018-04-30": "1.17380", "2018-01-31": "1.62720", "2017-10-31": "1.37660", "2017-07-31": "1.18180", "2017-04-30": "1.50190", "2017-01-31": "1.65850", "2016-10-31": "1.40150", "2016-07-31": "1.21380", "2016-04-30": "1.45960", "2016-01-31": "1.61640", "2015-10-31": "1.38040", "2015-07-31": "1.13670", "2015-04-30": "1.39040", "2015-01-31": "1.62770", "2014-10-31": "1.32130", "2014-07-31": "1.12990", "2014-04-30": "1.50820", "2014-01-31": "1.64650", "2013-10-31": "1.28640", "2013-07-31": "1.18920", "2013-04-30": "1.41440", "2013-01-31": "1.58010", "2012-10-31": "1.43720", "2012-07-31": "0.89920", "2012-04-30": "1.65680", "2012-01-31": "1.74400", "2011-10-31": "1.47020", "2011-07-31": "0.79140", "2011-04-30": "1.69170", "2011-01-31": "1.83360", "2010-10-31": "1.52510", "2010-07-31": "1.25000", "2010-04-30": "1.65730", "2010-01-31": "1.83140", "2009-10-31": "1.52560", "2009-07-31": "1.08370", "2009-04-30": "1.39030", "2009-01-31": "1.71110", "2008-10-31": "1.53910", "2008-07-31": "1.26780", "2008-04-30": "1.73270", "2008-01-31": "1.80820", "2007-10-31": "1.41000", "2007-07-31": "1.13940", "2007-04-30": "1.54710", "2007-01-31": "1.66160", "2006-10-31": "1.43890", "2006-07-31": "0.92310", "2006-04-30": "1.57080", "2006-01-31": "1.65700", "2005-10-31": "1.29310", "2005-07-31": "0.76760", "2005-04-30": "1.46600", "2005-01-31": "1.73360"}, "Receiveable Turnover": {"2020-10-31": "3.05880", "2020-07-31": "3.66610", "2020-04-30": "3.38070", "2020-01-31": "3.27580", "2019-10-31": "2.99450", "2019-07-31": "3.10100", "2019-04-30": "2.59360", "2019-01-31": "2.34300", "2018-10-31": "2.21310", "2018-07-31": "3.94140", "2018-04-30": "2.15120", "2018-01-31": "2.95390", "2017-10-31": "2.82110", "2017-07-31": "2.75040", "2017-04-30": "2.99840", "2017-01-31": "3.04060", "2016-10-31": "2.61830", "2016-07-31": "2.69490", "2016-04-30": "2.88580", "2016-01-31": "2.85840", "2015-10-31": "2.65740", "2015-07-31": "2.61670", "2015-04-30": "2.96410", "2015-01-31": "2.81360", "2014-10-31": "2.68450", "2014-07-31": "2.76420", "2014-04-30": "2.94470", "2014-01-31": "2.91320", "2013-10-31": "2.69280", "2013-07-31": "2.71340", "2013-04-30": "2.91100", "2013-01-31": "2.70590", "2012-10-31": "2.47200", "2012-07-31": "1.95480", "2012-04-30": "3.22870", "2012-01-31": "3.09220", "2011-10-31": "2.74240", "2011-07-31": "1.84110", "2011-04-30": "3.00170", "2011-01-31": "2.98740", "2010-10-31": "2.69810", "2010-07-31": "2.96480", "2010-04-30": "3.31860", "2010-01-31": "3.17080", "2009-10-31": "2.78860", "2009-07-31": "2.89390", "2009-04-30": "3.25480", "2009-01-31": "3.22490", "2008-10-31": "2.86990", "2008-07-31": "3.00880", "2008-04-30": "2.87020", "2008-01-31": "2.72820", "2007-10-31": "2.53480", "2007-07-31": "2.44060", "2007-04-30": "3.04350", "2007-01-31": "2.76310", "2006-10-31": "2.68450", "2006-07-31": "2.03440", "2006-04-30": "2.98450", "2006-01-31": "3.00280", "2005-10-31": "2.54060", "2005-07-31": "2.00790", "2005-04-30": "3.22080", "2005-01-31": "3.09610"}, "Days Sales In Receivables": {"2020-10-31": "29.42310", "2020-07-31": "24.54930", "2020-04-30": "26.62200", "2020-01-31": "27.47460", "2019-10-31": "30.05500", "2019-07-31": "29.02250", "2019-04-30": "34.70050", "2019-01-31": "38.41160", "2018-10-31": "40.66760", "2018-07-31": "22.83460", "2018-04-30": "41.83710", "2018-01-31": "30.46790", "2017-10-31": "31.90190", "2017-07-31": "32.72240", "2017-04-30": "30.01620", "2017-01-31": "29.59930", "2016-10-31": "34.37330", "2016-07-31": "33.39660", "2016-04-30": "31.18720", "2016-01-31": "31.48570", "2015-10-31": "33.86750", "2015-07-31": "34.39460", "2015-04-30": "30.36320", "2015-01-31": "31.98750", "2014-10-31": "33.52550", "2014-07-31": "32.55940", "2014-04-30": "30.56350", "2014-01-31": "30.89430", "2013-10-31": "33.42260", "2013-07-31": "33.16890", "2013-04-30": "30.91740", "2013-01-31": "33.26090", "2012-10-31": "36.40820", "2012-07-31": "46.04070", "2012-04-30": "27.87480", "2012-01-31": "29.10510", "2011-10-31": "32.81810", "2011-07-31": "48.88460", "2011-04-30": "29.98350", "2011-01-31": "30.12690", "2010-10-31": "33.35640", "2010-07-31": "30.35570", "2010-04-30": "27.11990", "2010-01-31": "28.38370", "2009-10-31": "32.27420", "2009-07-31": "31.09950", "2009-04-30": "27.65130", "2009-01-31": "27.90760", "2008-10-31": "31.36000", "2008-07-31": "29.91250", "2008-04-30": "31.35640", "2008-01-31": "32.98920", "2007-10-31": "35.50570", "2007-07-31": "36.87590", "2007-04-30": "29.57140", "2007-01-31": "32.57270", "2006-10-31": "33.52530", "2006-07-31": "44.23880", "2006-04-30": "30.15630", "2006-01-31": "29.97220", "2005-10-31": "35.42460", "2005-07-31": "44.82390", "2005-04-30": "27.94360", "2005-01-31": "29.06880"}, "ROE - Return On Equity": {"2020-10-31": "11.14320", "2020-07-31": "3.34760", "2020-04-30": "6.43160", "2020-01-31": "6.84270", "2019-10-31": "13.53080", "2019-07-31": "-0.44960", "2019-04-30": "9.94340", "2019-01-31": "13.77150", "2018-10-31": "12.72090", "2018-07-31": "6.84630", "2018-04-30": "5.17360", "2018-01-31": "14.62290", "2017-10-31": "16.28180", "2017-07-31": "19.33130", "2017-04-30": "11.81210", "2017-01-31": "6.82890", "2016-10-31": "18.27280", "2016-07-31": "-5.28380", "2016-04-30": "11.05140", "2016-01-31": "17.38850", "2015-10-31": "13.75890", "2015-07-31": "1.23460", "2015-04-30": "11.29340", "2015-01-31": "14.66310", "2014-10-31": "15.44210", "2014-07-31": "11.41610", "2014-04-30": "11.50220", "2014-01-31": "16.29740", "2013-10-31": "13.38290", "2013-07-31": "9.50410", "2013-04-30": "12.71900", "2013-01-31": "14.54550", "2012-10-31": "20.96630", "2012-07-31": "9.46550", "2012-04-30": "13.75790", "2012-01-31": "16.79200", "2011-10-31": "22.53640", "2011-07-31": "4.10580", "2011-04-30": "17.36700", "2011-01-31": "26.79370", "2010-10-31": "25.27170", "2010-07-31": "12.16360", "2010-04-30": "15.32850", "2010-01-31": "25.24370", "2009-10-31": "31.83250", "2009-07-31": "9.43910", "2009-04-30": "15.39820", "2009-01-31": "22.08290", "2008-10-31": "24.27640", "2008-07-31": "6.75270", "2008-04-30": "2.84810", "2008-01-31": "16.30090", "2007-10-31": "17.80730", "2007-07-31": "4.32430", "2007-04-30": "12.98700", "2007-01-31": "17.66320", "2006-10-31": "21.21450", "2006-07-31": "2.77150", "2006-04-30": "8.20220", "2006-01-31": "14.74400", "2005-10-31": "18.90280", "2005-07-31": "2.59840", "2005-04-30": "10.67250", "2005-01-31": "17.55040"}, "Return On Tangible Equity": {"2020-10-31": "-6.78520", "2020-07-31": "-1.80410", "2020-04-30": "-3.48590", "2020-01-31": "-3.51710", "2019-10-31": "-2.76050", "2019-07-31": "0.07910", "2019-04-30": "-1.74420", "2019-01-31": "-2.44610", "2018-10-31": "-2.47760", "2018-07-31": "-1.52720", "2018-04-30": "-0.97720", "2018-01-31": "-15.87740", "2017-10-31": "-18.22400", "2017-07-31": "-20.02520", "2017-04-30": "-10.47620", "2017-01-31": "-5.94120", "2016-10-31": "-16.16830", "2016-07-31": "4.30390", "2016-04-30": "-9.73680", "2016-01-31": "-13.33670", "2015-10-31": "-9.14660", "2015-07-31": "-0.78270", "2015-04-30": "-9.78680", "2015-01-31": "-11.70890", "2014-10-31": "-12.82980", "2014-07-31": "-9.12720", "2014-04-30": "-9.03700", "2014-01-31": "-10.50690", "2013-10-31": "-7.79220", "2013-07-31": "-5.45540", "2013-04-30": "-6.75290", "2013-01-31": "-6.28740", "2012-10-31": "-8.50280", "2012-07-31": "-5.27620", "2012-04-30": "-13.60810", "2012-01-31": "-14.65020", "2011-10-31": "-18.11300", "2011-07-31": "-2.87720", "2011-04-30": "-11.53130", "2011-01-31": "-14.54660", "2010-10-31": "-19.45610", "2010-07-31": "-7.53840", "2010-04-30": "-12.34390", "2010-01-31": "-18.29100", "2009-10-31": "-19.75310", "2009-07-31": "-4.07800", "2009-04-30": "-14.97420", "2009-01-31": "-19.87850", "2008-10-31": "-22.68760", "2008-07-31": "-6.92610", "2008-04-30": "-7.41760", "2008-01-31": "-26.77650", "2007-10-31": "-24.51970", "2007-07-31": "-4.69800", "2007-04-30": "-24.73500", "2007-01-31": "-28.02620", "2006-10-31": "-24.58870", "2006-07-31": "-8.26310", "2006-04-30": "-11.18770", "2006-01-31": "-17.19420", "2005-10-31": "-19.15610", "2005-07-31": "-1.89760", "2005-04-30": "-8.17930", "2005-01-31": "-12.93340"}, "ROA - Return On Assets": {"2020-10-31": "2.48850", "2020-07-31": "0.69510", "2020-04-30": "1.30520", "2020-01-31": "1.46730", "2019-10-31": "1.28910", "2019-07-31": "-0.03800", "2019-04-30": "0.89340", "2019-01-31": "1.25500", "2018-10-31": "1.23400", "2018-07-31": "0.64700", "2018-04-30": "0.50120", "2018-01-31": "3.41890", "2017-10-31": "3.55020", "2017-07-31": "4.11600", "2017-04-30": "2.36210", "2017-01-31": "1.33420", "2016-10-31": "3.63230", "2016-07-31": "-1.03360", "2016-04-30": "2.28930", "2016-01-31": "3.28010", "2015-10-31": "2.33620", "2015-07-31": "0.21050", "2015-04-30": "2.30700", "2015-01-31": "2.80910", "2014-10-31": "2.98900", "2014-07-31": "2.25560", "2014-04-30": "2.29780", "2014-01-31": "2.80820", "2013-10-31": "1.98790", "2013-07-31": "1.38170", "2013-04-30": "1.97560", "2013-01-31": "1.95510", "2012-10-31": "2.62950", "2012-07-31": "1.30170", "2012-04-30": "2.69560", "2012-01-31": "3.01580", "2011-10-31": "3.78530", "2011-07-31": "0.65580", "2011-04-30": "2.77610", "2011-01-31": "3.63220", "2010-10-31": "4.09210", "2010-07-31": "1.80050", "2010-04-30": "2.80650", "2010-01-31": "4.21000", "2009-10-31": "4.72710", "2009-07-31": "1.13940", "2009-04-30": "2.97840", "2009-01-31": "3.87410", "2008-10-31": "4.19630", "2008-07-31": "1.37470", "2008-04-30": "0.82990", "2008-01-31": "3.78130", "2007-10-31": "3.79710", "2007-07-31": "0.86890", "2007-04-30": "3.10930", "2007-01-31": "3.62740", "2006-10-31": "3.82970", "2006-07-31": "0.63270", "2006-04-30": "2.01320", "2006-01-31": "3.34450", "2005-10-31": "3.99220", "2005-07-31": "0.48700", "2005-04-30": "2.14300", "2005-01-31": "3.32200"}, "ROI - Return On Investment": {"2020-10-31": "3.97730", "2020-07-31": "1.13710", "2020-04-30": "2.13590", "2020-01-31": "2.30520", "2019-10-31": "2.12450", "2019-07-31": "-0.06090", "2019-04-30": "1.40670", "2019-01-31": "1.89630", "2018-10-31": "1.91160", "2018-07-31": "1.00380", "2018-04-30": "0.76910", "2018-01-31": "6.79220", "2017-10-31": "6.94800", "2017-07-31": "7.67370", "2017-04-30": "4.68090", "2017-01-31": "2.67760", "2016-10-31": "7.49490", "2016-07-31": "-2.10550", "2016-04-30": "4.37770", "2016-01-31": "6.50310", "2015-10-31": "4.89780", "2015-07-31": "0.43410", "2015-04-30": "4.32580", "2015-01-31": "5.89330", "2014-10-31": "6.44160", "2014-07-31": "4.75700", "2014-04-30": "4.76810", "2014-01-31": "6.25340", "2013-10-31": "5.01110", "2013-07-31": "3.06340", "2013-04-30": "3.92300", "2013-01-31": "4.10260", "2012-10-31": "5.69730", "2012-07-31": "2.92900", "2012-04-30": "5.33860", "2012-01-31": "6.27150", "2011-10-31": "7.32790", "2011-07-31": "1.27730", "2011-04-30": "5.31130", "2011-01-31": "8.44820", "2010-10-31": "9.14750", "2010-07-31": "3.93180", "2010-04-30": "6.36850", "2010-01-31": "7.90600", "2009-10-31": "9.48810", "2009-07-31": "2.31780", "2009-04-30": "5.64200", "2009-01-31": "7.64860", "2008-10-31": "9.60830", "2008-07-31": "3.01590", "2008-04-30": "1.47420", "2008-01-31": "7.70370", "2007-10-31": "8.17570", "2007-07-31": "1.66220", "2007-04-30": "5.61500", "2007-01-31": "7.20700", "2006-10-31": "7.94920", "2006-07-31": "1.26160", "2006-04-30": "3.96310", "2006-01-31": "6.22400", "2005-10-31": "7.65120", "2005-07-31": "0.86570", "2005-04-30": "3.73500", "2005-01-31": "6.03960"}, "Book Value Per Share": {"2020-10-31": "9.15180", "2020-07-31": "8.50660", "2020-04-30": "8.54640", "2020-01-31": "8.27480", "2019-10-31": "4.13580", "2019-07-31": "3.69440", "2019-04-30": "4.10960", "2019-01-31": "4.24580", "2018-10-31": "4.70100", "2018-07-31": "4.56150", "2018-04-30": "4.68770", "2018-01-31": "6.47510", "2017-10-31": "5.61130", "2017-07-31": "5.46510", "2017-04-30": "4.90130", "2017-01-31": "4.84920", "2016-10-31": "5.20520", "2016-07-31": "4.97730", "2016-04-30": "5.41750", "2016-01-31": "4.93200", "2015-10-31": "4.54840", "2015-07-31": "4.44190", "2015-04-30": "5.09650", "2015-01-31": "4.85260", "2014-10-31": "5.13100", "2014-07-31": "5.12140", "2014-04-30": "5.09940", "2014-01-31": "4.48400", "2013-10-31": "4.28340", "2013-07-31": "3.87820", "2013-04-30": "4.20830", "2013-01-31": "3.69010", "2012-10-31": "3.50480", "2012-07-31": "2.87820", "2012-04-30": "4.02530", "2012-01-31": "3.77600", "2011-10-31": "3.66980", "2011-07-31": "3.42500", "2011-04-30": "3.35740", "2011-01-31": "2.76160", "2010-10-31": "3.30540", "2010-07-31": "2.76490", "2010-04-30": "3.24260", "2010-01-31": "3.02650", "2009-10-31": "2.78430", "2009-07-31": "2.13120", "2009-04-30": "3.25650", "2009-01-31": "2.95440", "2008-10-31": "3.00000", "2008-07-31": "3.70220", "2008-04-30": "5.13820", "2008-01-31": "4.25330", "2007-10-31": "3.98150", "2007-07-31": "3.41690", "2007-04-30": "4.23300", "2007-01-31": "3.79900", "2006-10-31": "3.30210", "2006-07-31": "4.39800", "2006-04-30": "4.38420", "2006-01-31": "4.00250", "2005-10-31": "3.69930", "2005-07-31": "3.11270", "2005-04-30": "3.35290", "2005-01-31": "3.27380"}, "Operating Cash Flow Per Share": {"2020-10-31": "0.59210", "2020-07-31": 0.8914, "2020-04-30": 1.5198, "2020-01-31": 1.5802, "2019-10-31": "0.60070", "2019-07-31": 0.8278, "2019-04-30": 1, "2019-01-31": 2.0364, "2018-10-31": "0.76490", "2018-07-31": 0.9192, "2018-04-30": 1.2093, "2018-01-31": 1.5702, "2017-10-31": "0.62250", "2017-07-31": 0.9191, "2017-04-30": 1.1453, "2017-01-31": 1.4457, "2016-10-31": "0.71290", "2016-07-31": 0.9158, "2016-04-30": 1.4772, "2016-01-31": 1.6346, "2015-10-31": "0.78210", "2015-07-31": 0.7408, "2015-04-30": 1.2523, "2015-01-31": 1.265, "2014-10-31": "0.59490", "2014-07-31": 0.4303, "2014-04-30": 1.2659, "2014-01-31": 1.0288, "2013-10-31": "0.11990", "2013-07-31": 0.4889, "2013-04-30": 1.1465, "2013-01-31": 1.3228, "2012-10-31": "0.25630", "2012-07-31": 0.8758, "2012-04-30": 1.1414, "2012-01-31": 1.2671, "2011-10-31": "0.22670", "2011-07-31": 0.8148, "2011-04-30": 1.2015, "2011-01-31": 1.5406, "2010-10-31": "-0.08580", "2010-07-31": 0.5699, "2010-04-30": 1.0698, "2010-01-31": 1.5459, "2009-10-31": "-0.10400", "2009-07-31": 0.9975, "2009-04-30": 1.1287, "2009-01-31": 1.209, "2008-10-31": "-0.04140", "2008-07-31": 0.5252, "2008-04-30": 0.3615, "2008-01-31": 0.9544, "2007-10-31": "0.19070", "2007-07-31": 0.1248, "2007-04-30": 0.7468, "2007-01-31": 1.0477, "2006-10-31": "-0.21730", "2006-07-31": 0.5958, "2006-04-30": 0.798, "2006-01-31": 1.2947, "2005-10-31": "0.27290", "2005-07-31": 0.5324, "2005-04-30": 0.657, "2005-01-31": 1.2077}, "Free Cash Flow Per Share": {"2020-10-31": "0.35860", "2020-07-31": 0.6053, "2020-04-30": 1.3553, "2020-01-31": 1.3642, "2019-10-31": "0.28380", "2019-07-31": 0.3675, "2019-04-30": 0.7616, "2019-01-31": 1.8311, "2018-10-31": "0.39740", "2018-07-31": 0.3124, "2018-04-30": 0.9069, "2018-01-31": 1.3237, "2017-10-31": "0.43050", "2017-07-31": 0.4481, "2017-04-30": 0.8932, "2017-01-31": 1.2154, "2016-10-31": "0.55810", "2016-07-31": 0.5393, "2016-04-30": 1.2474, "2016-01-31": 1.3782, "2015-10-31": "0.56090", "2015-07-31": 0.3215, "2015-04-30": 0.9355, "2015-01-31": 1.0122, "2014-10-31": "0.41770", "2014-07-31": -0.0316, "2014-04-30": 1.038, "2014-01-31": 0.8543, "2013-10-31": "-0.04420", "2013-07-31": 0.0788, "2013-04-30": 0.851, "2013-01-31": 1.1044, "2012-10-31": "0.13610", "2012-07-31": 0.4073, "2012-04-30": 0.9005, "2012-01-31": 1.0758, "2011-10-31": "0.11800", "2011-07-31": 0.3993, "2011-04-30": 1.0134, "2011-01-31": 1.404, "2010-10-31": "-0.14500", "2010-07-31": 0.1924, "2010-04-30": 0.8518, "2010-01-31": 1.3882, "2009-10-31": "-0.23120", "2009-07-31": 0.5243, "2009-04-30": 0.9038, "2009-01-31": 0.9436, "2008-10-31": "-0.04970", "2008-07-31": 0.1417, "2008-04-30": 0.1905, "2008-01-31": 0.8295, "2007-10-31": "0.08760", "2007-07-31": -0.2428, "2007-04-30": 0.5798, "2007-01-31": 0.9106, "2006-10-31": "-0.33090", "2006-07-31": 0.2053, "2006-04-30": 0.6498, "2006-01-31": 1.1835, "2005-10-31": "0.18120", "2005-07-31": 0.1368, "2005-04-30": 0.5073, "2005-01-31": 0.9758}}, "revenue": {"Campbell Soup Annual Revenue (Millions of US $)": {"2020": "$8,691", "2019": "$8,107", "2018": "$6,615", "2017": "$5,837", "2016": "$7,961", "2015": "$8,082", "2014": "$8,268", "2013": "$8,052", "2012": "$7,175", "2011": "$7,143", "2010": "$7,676", "2009": "$7,586", "2008": "$7,998", "2007": "$7,385", "2006": "$6,894", "2005": "$7,072"}, "Campbell Soup Quarterly Revenue (Millions of US $)": {"2020-10-31": "$2,340", "2020-07-31": "$2,108", "2020-04-30": "$2,238", "2020-01-31": "$2,162", "2019-10-31": "$2,183", "2019-07-31": "$1,780", "2019-04-30": "$1,953", "2019-01-31": "$2,172", "2018-10-31": "$2,202", "2018-07-31": "$2,219", "2018-04-30": "$1,878", "2018-01-31": "$2,180", "2017-10-31": "$2,161", "2017-07-31": "$1,664", "2017-04-30": "$1,853", "2017-01-31": "$2,171", "2016-10-31": "$2,202", "2016-07-31": "$1,687", "2016-04-30": "$1,870", "2016-01-31": "$2,201", "2015-10-31": "$2,203", "2015-07-31": "$1,693", "2015-04-30": "$1,900", "2015-01-31": "$2,234", "2014-10-31": "$2,255", "2014-07-31": "$1,852", "2014-04-30": "$1,970", "2014-01-31": "$2,281", "2013-10-31": "$2,165", "2013-07-31": "$1,723", "2013-04-30": "$1,962", "2013-01-31": "$2,162", "2012-10-31": "$2,205", "2012-07-31": "$1,081", "2012-04-30": "$1,821", "2012-01-31": "$2,112", "2011-10-31": "$2,161", "2011-07-31": "$1,031", "2011-04-30": "$1,813", "2011-01-31": "$2,127", "2010-10-31": "$2,172", "2010-07-31": "$1,518", "2010-04-30": "$1,802", "2010-01-31": "$2,153", "2009-10-31": "$2,203", "2009-07-31": "$1,528", "2009-04-30": "$1,686", "2009-01-31": "$2,122", "2008-10-31": "$2,250", "2008-07-31": "$1,715", "2008-04-30": "$1,880", "2008-01-31": "$2,218", "2007-10-31": "$2,185", "2007-07-31": "$1,418", "2007-04-30": "$1,750", "2007-01-31": "$2,064", "2006-10-31": "$2,153", "2006-07-31": "$1,005", "2006-04-30": "$1,728", "2006-01-31": "$2,159", "2005-10-31": "$2,002", "2005-07-31": "$1,022", "2005-04-30": "$1,736", "2005-01-31": "$2,223"}}, "gross-profit": {"Campbell Soup Annual Gross Profit (Millions of US $)": {"2020": "$2,999", "2019": "$2,693", "2018": "$2,374", "2017": "$2,442", "2016": "$2,928", "2015": "$2,782", "2014": "$2,971", "2013": "$2,912", "2012": "$2,810", "2011": "$2,888", "2010": "$3,150", "2009": "$3,028", "2008": "$3,171", "2007": "$3,001", "2006": "$2,794", "2005": "$2,893"}, "Campbell Soup Quarterly Gross Profit (Millions of US $)": {"2020-10-31": "$813", "2020-07-31": "$747", "2020-04-30": "$772", "2020-01-31": "$742", "2019-10-31": "$738", "2019-07-31": "$606", "2019-04-30": "$655", "2019-01-31": "$706", "2018-10-31": "$726", "2018-07-31": "$649", "2018-04-30": "$615", "2018-01-31": "$766", "2017-10-31": "$783", "2017-07-31": "$598", "2017-04-30": "$665", "2017-01-31": "$811", "2016-10-31": "$851", "2016-07-31": "$546", "2016-04-30": "$660", "2016-01-31": "$819", "2015-10-31": "$755", "2015-07-31": "$562", "2015-04-30": "$682", "2015-01-31": "$743", "2014-10-31": "$795", "2014-07-31": "$704", "2014-04-30": "$676", "2014-01-31": "$814", "2013-10-31": "$777", "2013-07-31": "$623", "2013-04-30": "$706", "2013-01-31": "$762", "2012-10-31": "$821", "2012-07-31": "$439", "2012-04-30": "$706", "2012-01-31": "$811", "2011-10-31": "$854", "2011-07-31": "$424", "2011-04-30": "$732", "2011-01-31": "$838", "2010-10-31": "$894", "2010-07-31": "$613", "2010-04-30": "$743", "2010-01-31": "$871", "2009-10-31": "$923", "2009-07-31": "$635", "2009-04-30": "$685", "2009-01-31": "$837", "2008-10-31": "$871", "2008-07-31": "$664", "2008-04-30": "$726", "2008-01-31": "$889", "2007-10-31": "$892", "2007-07-31": "$535", "2007-04-30": "$698", "2007-01-31": "$851", "2006-10-31": "$917", "2006-07-31": "$333", "2006-04-30": "$707", "2006-01-31": "$908", "2005-10-31": "$846", "2005-07-31": "$444", "2005-04-30": "$701", "2005-01-31": "$902"}}, "operating-income": {"Campbell Soup Annual Operating Income (Millions of US $)": {"2020": "$1,107", "2019": "$979", "2018": "$1,010", "2017": "$1,431", "2016": "$960", "2015": "$1,054", "2014": "$1,267", "2013": "$1,080", "2012": "$1,155", "2011": "$1,212", "2010": "$1,348", "2009": "$1,185", "2008": "$1,098", "2007": "$1,243", "2006": "$1,097", "2005": "$1,132"}, "Campbell Soup Quarterly Operating Income (Millions of US $)": {"2020-10-31": "$461", "2020-07-31": "$167", "2020-04-30": "$273", "2020-01-31": "$350", "2019-10-31": "$317", "2019-07-31": "$83", "2019-04-30": "$245", "2019-01-31": "$325", "2018-10-31": "$326", "2018-07-31": "$289", "2018-04-30": "$158", "2018-01-31": "$243", "2017-10-31": "$412", "2017-07-31": "$440", "2017-04-30": "$298", "2017-01-31": "$205", "2016-10-31": "$457", "2016-07-31": "$-37", "2016-04-30": "$268", "2016-01-31": "$414", "2015-10-31": "$315", "2015-07-31": "$43", "2015-04-30": "$285", "2015-01-31": "$337", "2014-10-31": "$389", "2014-07-31": "$309", "2014-04-30": "$292", "2014-01-31": "$361", "2013-10-31": "$305", "2013-07-31": "$178", "2013-04-30": "$257", "2013-01-31": "$277", "2012-10-31": "$368", "2012-07-31": "$146", "2012-04-30": "$264", "2012-01-31": "$329", "2011-10-31": "$416", "2011-07-31": "$102", "2011-04-30": "$307", "2011-01-31": "$359", "2010-10-31": "$444", "2010-07-31": "$187", "2010-04-30": "$292", "2010-01-31": "$391", "2009-10-31": "$478", "2009-07-31": "$145", "2009-04-30": "$286", "2009-01-31": "$355", "2008-10-31": "$399", "2008-07-31": "$188", "2008-04-30": "$82", "2008-01-31": "$400", "2007-10-31": "$428", "2007-07-31": "$137", "2007-04-30": "$269", "2007-01-31": "$399", "2006-10-31": "$438", "2006-07-31": "$85", "2006-04-30": "$248", "2006-01-31": "$383", "2005-10-31": "$381", "2005-07-31": "$103", "2005-04-30": "$259", "2005-01-31": "$389"}}, "ebitda": {"Campbell Soup Annual EBITDA (Millions of US $)": {"2020": "$1,435", "2019": "$1,425", "2018": "$1,446", "2017": "$1,749", "2016": "$1,268", "2015": "$1,357", "2014": "$1,572", "2013": "$1,487", "2012": "$1,417", "2011": "$1,480", "2010": "$1,599", "2009": "$1,449", "2008": "$1,392", "2007": "$1,526", "2006": "$1,386", "2005": "$1,411"}, "Campbell Soup Quarterly EBITDA (Millions of US $)": {"2020-10-31": "$537", "2020-07-31": "$254", "2020-04-30": "$352", "2020-01-31": "$431", "2019-10-31": "$398", "2019-07-31": "$180", "2019-04-30": "$353", "2019-01-31": "$444", "2018-10-31": "$448", "2018-07-31": "$422", "2018-04-30": "$300", "2018-01-31": "$322", "2017-10-31": "$494", "2017-07-31": "$524", "2017-04-30": "$378", "2017-01-31": "$282", "2016-10-31": "$534", "2016-07-31": "$43", "2016-04-30": "$344", "2016-01-31": "$492", "2015-10-31": "$389", "2015-07-31": "$123", "2015-04-30": "$359", "2015-01-31": "$411", "2014-10-31": "$464", "2014-07-31": "$392", "2014-04-30": "$366", "2014-01-31": "$435", "2013-10-31": "$379", "2013-07-31": "$267", "2013-04-30": "$356", "2013-01-31": "$398", "2012-10-31": "$466", "2012-07-31": "$219", "2012-04-30": "$329", "2012-01-31": "$390", "2011-10-31": "$479", "2011-07-31": "$176", "2011-04-30": "$372", "2011-01-31": "$423", "2010-10-31": "$509", "2010-07-31": "$253", "2010-04-30": "$355", "2010-01-31": "$453", "2009-10-31": "$538", "2009-07-31": "$214", "2009-04-30": "$348", "2009-01-31": "$422", "2008-10-31": "$465", "2008-07-31": "$274", "2008-04-30": "$152", "2008-01-31": "$470", "2007-10-31": "$496", "2007-07-31": "$219", "2007-04-30": "$338", "2007-01-31": "$467", "2006-10-31": "$502", "2006-07-31": "$162", "2006-04-30": "$323", "2006-01-31": "$451", "2005-10-31": "$450", "2005-07-31": "$175", "2005-04-30": "$330", "2005-01-31": "$457"}}, "net-income": {"Campbell Soup Annual Net Income (Millions of US $)": {"2020": "$1,628", "2019": "$211", "2018": "$261", "2017": "$887", "2016": "$563", "2015": "$666", "2014": "$866", "2013": "$458", "2012": "$774", "2011": "$805", "2010": "$830", "2009": "$724", "2008": "$1,143", "2007": "$854", "2006": "$766", "2005": "$707"}, "Campbell Soup Quarterly Net Income (Millions of US $)": {"2020-10-31": "$309", "2020-07-31": "$86", "2020-04-30": "$168", "2020-01-31": "$1,208", "2019-10-31": "$166", "2019-07-31": "$-8", "2019-04-30": "$84", "2019-01-31": "$-59", "2018-10-31": "$194", "2018-07-31": "$94", "2018-04-30": "$-393", "2018-01-31": "$285", "2017-10-31": "$275", "2017-07-31": "$318", "2017-04-30": "$176", "2017-01-31": "$101", "2016-10-31": "$292", "2016-07-31": "$-81", "2016-04-30": "$185", "2016-01-31": "$265", "2015-10-31": "$194", "2015-07-31": "$17", "2015-04-30": "$179", "2015-01-31": "$222", "2014-10-31": "$248", "2014-07-31": "$185", "2014-04-30": "$184", "2014-01-31": "$325", "2013-10-31": "$172", "2013-07-31": "$-158", "2013-04-30": "$181", "2013-01-31": "$190", "2012-10-31": "$245", "2012-07-31": "$130", "2012-04-30": "$176", "2012-01-31": "$205", "2011-10-31": "$263", "2011-07-31": "$100", "2011-04-30": "$187", "2011-01-31": "$239", "2010-10-31": "$279", "2010-07-31": "$108", "2010-04-30": "$168", "2010-01-31": "$254", "2009-10-31": "$300", "2009-07-31": "$66", "2009-04-30": "$174", "2009-01-31": "$229", "2008-10-31": "$255", "2008-07-31": "$67", "2008-04-30": "$532", "2008-01-31": "$274", "2007-10-31": "$270", "2007-07-31": "$61", "2007-04-30": "$217", "2007-01-31": "$285", "2006-10-31": "$291", "2006-07-31": "$44", "2006-04-30": "$166", "2006-01-31": "$254", "2005-10-31": "$302", "2005-07-31": "$96", "2005-04-30": "$146", "2005-01-31": "$235"}}, "eps-earnings-per-share-diluted": {"Campbell Soup Annual EPS": {"2020": "$5.36", "2019": "$0.70", "2018": "$0.86", "2017": "$2.89", "2016": "$1.81", "2015": "$2.13", "2014": "$2.74", "2013": "$1.44", "2012": "$2.41", "2011": "$2.42", "2010": "$2.42", "2009": "$2.05", "2008": "$3.03", "2007": "$2.16", "2006": "$1.85", "2005": "$1.71"}, "Campbell Soup Quarterly EPS": {"2020-10-31": "$1.02", "2020-07-31": "$0.29", "2020-04-30": "$0.55", "2020-01-31": "$3.97", "2019-10-31": "$0.55", "2019-07-31": "$-0.02", "2019-04-30": "$0.28", "2019-01-31": "$-0.20", "2018-10-31": "$0.64", "2018-07-31": "$0.31", "2018-04-30": "$-1.31", "2018-01-31": "$0.95", "2017-10-31": "$0.91", "2017-07-31": "$1.04", "2017-04-30": "$0.58", "2017-01-31": "$0.33", "2016-10-31": "$0.94", "2016-07-31": "$-0.26", "2016-04-30": "$0.59", "2016-01-31": "$0.85", "2015-10-31": "$0.62", "2015-07-31": "$0.07", "2015-04-30": "$0.57", "2015-01-31": "$0.71", "2014-10-31": "$0.78", "2014-07-31": "$0.59", "2014-04-30": "$0.58", "2014-01-31": "$1.03", "2013-10-31": "$0.54", "2013-07-31": "$-0.51", "2013-04-30": "$0.57", "2013-01-31": "$0.60", "2012-10-31": "$0.78", "2012-07-31": "$0.40", "2012-04-30": "$0.55", "2012-01-31": "$0.64", "2011-10-31": "$0.82", "2011-07-31": "$0.32", "2011-04-30": "$0.57", "2011-01-31": "$0.71", "2010-10-31": "$0.82", "2010-07-31": "$0.32", "2010-04-30": "$0.49", "2010-01-31": "$0.74", "2009-10-31": "$0.87", "2009-07-31": "$0.22", "2009-04-30": "$0.49", "2009-01-31": "$0.64", "2008-10-31": "$0.70", "2008-07-31": "$0.22", "2008-04-30": "$1.40", "2008-01-31": "$0.71", "2007-10-31": "$0.70", "2007-07-31": "$0.17", "2007-04-30": "$0.55", "2007-01-31": "$0.72", "2006-10-31": "$0.72", "2006-07-31": "$0.11", "2006-04-30": "$0.40", "2006-01-31": "$0.61", "2005-10-31": "$0.73", "2005-07-31": "$0.23", "2005-04-30": "$0.35", "2005-01-31": "$0.57"}}, "shares-outstanding": {"Campbell Soup Annual Shares Outstanding (Millions of Shares)": {"2020": "304", "2019": "302", "2018": "302", "2017": "307", "2016": "311", "2015": "313", "2014": "316", "2013": "317", "2012": "319", "2011": "329", "2010": "343", "2009": "354", "2008": "377", "2007": "396", "2006": "414", "2005": "413"}, "Campbell Soup Quarterly Shares Outstanding (Millions of Shares)": {"2020-10-31": "304", "2020-07-31": "304", "2020-04-30": "304", "2020-01-31": "304", "2019-10-31": "303", "2019-07-31": "302", "2019-04-30": "302", "2019-01-31": "302", "2018-10-31": "302", "2018-07-31": "302", "2018-04-30": "301", "2018-01-31": "301", "2017-10-31": "302", "2017-07-31": "305", "2017-04-30": "306", "2017-01-31": "309", "2016-10-31": "310", "2016-07-31": "310", "2016-04-30": "311", "2016-01-31": "312", "2015-10-31": "312", "2015-07-31": "313", "2015-04-30": "312", "2015-01-31": "314", "2014-10-31": "316", "2014-07-31": "316", "2014-04-30": "316", "2014-01-31": "316", "2013-10-31": "317", "2013-07-31": "317", "2013-04-30": "317", "2013-01-31": "316", "2012-10-31": "316", "2012-07-31": "319", "2012-04-30": "318", "2012-01-31": "320", "2011-10-31": "322", "2011-07-31": "329", "2011-04-30": "323", "2011-01-31": "332", "2010-10-31": "338", "2010-07-31": "343", "2010-04-30": "342", "2010-01-31": "344", "2009-10-31": "346", "2009-07-31": "354", "2009-04-30": "351", "2009-01-31": "358", "2008-10-31": "362", "2008-07-31": "377", "2008-04-30": "381", "2008-01-31": "386", "2007-10-31": "388", "2007-07-31": "396", "2007-04-30": "395", "2007-01-31": "395", "2006-10-31": "405", "2006-07-31": "414", "2006-04-30": "413", "2006-01-31": "414", "2005-10-31": "414", "2005-07-31": "413", "2005-04-30": "414", "2005-01-31": "414"}}, "total-assets": {"Campbell Soup Annual Total Assets (Millions of US $)": {"2020": "$12,372", "2019": "$13,148", "2018": "$14,529", "2017": "$7,726", "2016": "$7,837", "2015": "$8,077", "2014": "$8,113", "2013": "$8,323", "2012": "$6,530", "2011": "$6,862", "2010": "$6,276", "2009": "$6,056", "2008": "$6,474", "2007": "$6,445", "2006": "$7,745", "2005": "$6,776"}, "Campbell Soup Quarterly Total Assets (Millions of US $)": {"2020-10-31": "$12,417", "2020-07-31": "$12,372", "2020-04-30": "$12,718", "2020-01-31": "$11,654", "2019-10-31": "$13,110", "2019-07-31": "$13,148", "2019-04-30": "$13,768", "2019-01-31": "$14,024", "2018-10-31": "$14,587", "2018-07-31": "$14,529", "2018-04-30": "$14,566", "2018-01-31": "$8,336", "2017-10-31": "$7,746", "2017-07-31": "$7,726", "2017-04-30": "$7,451", "2017-01-31": "$7,570", "2016-10-31": "$8,039", "2016-07-31": "$7,837", "2016-04-30": "$8,081", "2016-01-31": "$8,079", "2015-10-31": "$8,304", "2015-07-31": "$8,077", "2015-04-30": "$7,759", "2015-01-31": "$7,903", "2014-10-31": "$8,297", "2014-07-31": "$8,113", "2014-04-30": "$7,964", "2014-01-31": "$8,119", "2013-10-31": "$9,055", "2013-07-31": "$8,323", "2013-04-30": "$8,453", "2013-01-31": "$8,593", "2012-10-31": "$8,747", "2012-07-31": "$6,530", "2012-04-30": "$6,492", "2012-01-31": "$6,665", "2011-10-31": "$6,948", "2011-07-31": "$6,862", "2011-04-30": "$6,700", "2011-01-31": "$6,580", "2010-10-31": "$6,818", "2010-07-31": "$6,276", "2010-04-30": "$5,986", "2010-01-31": "$6,152", "2009-10-31": "$6,431", "2009-07-31": "$6,056", "2009-04-30": "$5,842", "2009-01-31": "$5,911", "2008-10-31": "$6,196", "2008-07-31": "$6,474", "2008-04-30": "$6,507", "2008-01-31": "$6,876", "2007-10-31": "$7,058", "2007-07-31": "$6,445", "2007-04-30": "$6,754", "2007-01-31": "$7,085", "2006-10-31": "$7,024", "2006-07-31": "$7,745", "2006-04-30": "$7,252", "2006-01-31": "$7,146", "2005-10-31": "$7,164", "2005-07-31": "$6,776", "2005-04-30": "$6,813", "2005-01-31": "$7,074"}}, "cash-on-hand": {"Campbell Soup Annual Cash on Hand (Millions of US $)": {"2020": "$859", "2019": "$31", "2018": "$49", "2017": "$319", "2016": "$296", "2015": "$253", "2014": "$232", "2013": "$333", "2012": "$335", "2011": "$484", "2010": "$254", "2009": "$51", "2008": "$81", "2007": "$71", "2006": "$657", "2005": "$40"}, "Campbell Soup Quarterly Cash on Hand (Millions of US $)": {"2020-10-31": "$722", "2020-07-31": "$859", "2020-04-30": "$1,242", "2020-01-31": "$58", "2019-10-31": "$61", "2019-07-31": "$31", "2019-04-30": "$202", "2019-01-31": "$203", "2018-10-31": "$205", "2018-07-31": "$49", "2018-04-30": "$199", "2018-01-31": "$196", "2017-10-31": "$163", "2017-07-31": "$319", "2017-04-30": "$313", "2017-01-31": "$309", "2016-10-31": "$290", "2016-07-31": "$296", "2016-04-30": "$383", "2016-01-31": "$306", "2015-10-31": "$263", "2015-07-31": "$253", "2015-04-30": "$230", "2015-01-31": "$201", "2014-10-31": "$239", "2014-07-31": "$232", "2014-04-30": "$222", "2014-01-31": "$293", "2013-10-31": "$305", "2013-07-31": "$333", "2013-04-30": "$453", "2013-01-31": "$410", "2012-10-31": "$361", "2012-07-31": "$335", "2012-04-30": "$383", "2012-01-31": "$322", "2011-10-31": "$285", "2011-07-31": "$484", "2011-04-30": "$449", "2011-01-31": "$325", "2010-10-31": "$291", "2010-07-31": "$254", "2010-04-30": "$80", "2010-01-31": "$113", "2009-10-31": "$76", "2009-07-31": "$51", "2009-04-30": "$61", "2009-01-31": "$80", "2008-10-31": "$63", "2008-07-31": "$81", "2008-04-30": "$50", "2008-01-31": "$95", "2007-10-31": "$77", "2007-07-31": "$71", "2007-04-30": "$274", "2007-01-31": "$483", "2006-10-31": "$230", "2006-07-31": "$657", "2006-04-30": "$530", "2006-01-31": "$267", "2005-10-31": "$45", "2005-07-31": "$40", "2005-04-30": "$32", "2005-01-31": "$51"}}, "long-term-debt": {"Campbell Soup Annual Long Term Debt (Millions of US $)": {"2020": "$4,994", "2019": "$7,103", "2018": "$7,991", "2017": "$2,499", "2016": "$2,314", "2015": "$2,539", "2014": "$2,244", "2013": "$2,544", "2012": "$2,004", "2011": "$2,427", "2010": "$1,945", "2009": "$2,246", "2008": "$1,633", "2007": "$2,074", "2006": "$2,116", "2005": "$2,542"}, "Campbell Soup Quarterly Long Term Debt (Millions of US $)": {"2020-10-31": "$4,996", "2020-07-31": "$4,994", "2020-04-30": "$5,191", "2020-01-31": "$4,919", "2019-10-31": "$6,706", "2019-07-31": "$7,103", "2019-04-30": "$7,507", "2019-01-31": "$8,003", "2018-10-31": "$8,001", "2018-07-31": "$7,991", "2018-04-30": "$8,080", "2018-01-31": "$2,247", "2017-10-31": "$2,269", "2017-07-31": "$2,499", "2017-04-30": "$2,270", "2017-01-31": "$2,293", "2016-10-31": "$2,298", "2016-07-31": "$2,314", "2016-04-30": "$2,552", "2016-01-31": "$2,551", "2015-10-31": "$2,551", "2015-07-31": "$2,539", "2015-04-30": "$2,553", "2015-01-31": "$2,253", "2014-10-31": "$2,244", "2014-07-31": "$2,244", "2014-04-30": "$2,247", "2014-01-31": "$2,247", "2013-10-31": "$2,247", "2013-07-31": "$2,544", "2013-04-30": "$2,944", "2013-01-31": "$2,940", "2012-10-31": "$2,940", "2012-07-31": "$2,004", "2012-04-30": "$2,006", "2012-01-31": "$2,008", "2011-10-31": "$2,422", "2011-07-31": "$2,427", "2011-04-30": "$2,431", "2011-01-31": "$1,937", "2010-10-31": "$1,946", "2010-07-31": "$1,945", "2010-04-30": "$1,542", "2010-01-31": "$2,250", "2009-10-31": "$2,249", "2009-07-31": "$2,246", "2009-04-30": "$1,954", "2009-01-31": "$1,957", "2008-10-31": "$1,635", "2008-07-31": "$1,633", "2008-04-30": "$1,767", "2008-01-31": "$1,780", "2007-10-31": "$1,773", "2007-07-31": "$2,074", "2007-04-30": "$2,123", "2007-01-31": "$2,111", "2006-10-31": "$2,116", "2006-07-31": "$2,116", "2006-04-30": "$1,904", "2006-01-31": "$2,219", "2005-10-31": "$2,225", "2005-07-31": "$2,542", "2005-04-30": "$2,541", "2005-01-31": "$2,552"}}, "total-liabilities": {"Campbell Soup Annual Total Liabilities (Millions of US $)": {"2020": "$9,803", "2019": "$12,036", "2018": "$13,156", "2017": "$6,081", "2016": "$6,304", "2015": "$6,700", "2014": "$6,510", "2013": "$7,113", "2012": "$5,632", "2011": "$5,766", "2010": "$5,347", "2009": "$5,325", "2008": "$5,156", "2007": "$5,150", "2006": "$5,977", "2005": "$5,506"}, "Campbell Soup Quarterly Total Liabilities (Millions of US $)": {"2020-10-31": "$9,644", "2020-07-31": "$9,803", "2020-04-30": "$10,137", "2020-01-31": "$9,155", "2019-10-31": "$11,861", "2019-07-31": "$12,036", "2019-04-30": "$12,531", "2019-01-31": "$12,746", "2018-10-31": "$13,172", "2018-07-31": "$13,156", "2018-04-30": "$13,155", "2018-01-31": "$6,387", "2017-10-31": "$6,057", "2017-07-31": "$6,081", "2017-04-30": "$5,961", "2017-01-31": "$6,091", "2016-10-31": "$6,441", "2016-07-31": "$6,304", "2016-04-30": "$6,407", "2016-01-31": "$6,555", "2015-10-31": "$6,894", "2015-07-31": "$6,700", "2015-04-30": "$6,174", "2015-01-31": "$6,389", "2014-10-31": "$6,691", "2014-07-31": "$6,510", "2014-04-30": "$6,373", "2014-01-31": "$6,720", "2013-10-31": "$7,710", "2013-07-31": "$7,113", "2013-04-30": "$7,140", "2013-01-31": "$7,438", "2012-10-31": "$7,650", "2012-07-31": "$5,632", "2012-04-30": "$5,220", "2012-01-31": "$5,468", "2011-10-31": "$5,781", "2011-07-31": "$5,766", "2011-04-30": "$5,629", "2011-01-31": "$5,688", "2010-10-31": "$5,714", "2010-07-31": "$5,347", "2010-04-30": "$4,890", "2010-01-31": "$5,126", "2009-10-31": "$5,476", "2009-07-31": "$5,325", "2009-04-30": "$4,712", "2009-01-31": "$4,874", "2008-10-31": "$5,125", "2008-07-31": "$5,156", "2008-04-30": "$4,611", "2008-01-31": "$5,281", "2007-10-31": "$5,553", "2007-07-31": "$5,150", "2007-04-30": "$5,137", "2007-01-31": "$5,630", "2006-10-31": "$5,756", "2006-07-31": "$5,977", "2006-04-30": "$5,472", "2006-01-31": "$5,525", "2005-10-31": "$5,651", "2005-07-31": "$5,506", "2005-04-30": "$5,445", "2005-01-31": "$5,735"}}, "total-share-holder-equity": {"Campbell Soup Annual Share Holder Equity (Millions of US $)": {"2020": "$2,569", "2019": "$1,112", "2018": "$1,373", "2017": "$1,645", "2016": "$1,533", "2015": "$1,377", "2014": "$1,603", "2013": "$1,210", "2012": "$898", "2011": "$1,096", "2010": "$929", "2009": "$731", "2008": "$1,318", "2007": "$1,295", "2006": "$1,768", "2005": "$1,270"}, "Campbell Soup Quarterly Share Holder Equity (Millions of US $)": {"2020-10-31": "$2,773", "2020-07-31": "$2,569", "2020-04-30": "$2,581", "2020-01-31": "$2,499", "2019-10-31": "$1,249", "2019-07-31": "$1,112", "2019-04-30": "$1,237", "2019-01-31": "$1,278", "2018-10-31": "$1,415", "2018-07-31": "$1,373", "2018-04-30": "$1,411", "2018-01-31": "$1,949", "2017-10-31": "$1,689", "2017-07-31": "$1,645", "2017-04-30": "$1,490", "2017-01-31": "$1,479", "2016-10-31": "$1,598", "2016-07-31": "$1,533", "2016-04-30": "$1,674", "2016-01-31": "$1,524", "2015-10-31": "$1,410", "2015-07-31": "$1,377", "2015-04-30": "$1,585", "2015-01-31": "$1,514", "2014-10-31": "$1,606", "2014-07-31": "$1,603", "2014-04-30": "$1,591", "2014-01-31": "$1,399", "2013-10-31": "$1,345", "2013-07-31": "$1,210", "2013-04-30": "$1,313", "2013-01-31": "$1,155", "2012-10-31": "$1,097", "2012-07-31": "$898", "2012-04-30": "$1,272", "2012-01-31": "$1,197", "2011-10-31": "$1,167", "2011-07-31": "$1,096", "2011-04-30": "$1,071", "2011-01-31": "$892", "2010-10-31": "$1,104", "2010-07-31": "$929", "2010-04-30": "$1,096", "2010-01-31": "$1,026", "2009-10-31": "$955", "2009-07-31": "$731", "2009-04-30": "$1,130", "2009-01-31": "$1,037", "2008-10-31": "$1,071", "2008-07-31": "$1,318", "2008-04-30": "$1,896", "2008-01-31": "$1,595", "2007-10-31": "$1,505", "2007-07-31": "$1,295", "2007-04-30": "$1,617", "2007-01-31": "$1,455", "2006-10-31": "$1,268", "2006-07-31": "$1,768", "2006-04-30": "$1,780", "2006-01-31": "$1,621", "2005-10-31": "$1,513", "2005-07-31": "$1,270", "2005-04-30": "$1,368", "2005-01-31": "$1,339"}}, "profit-margins": {"current": "20.02%"}, "gross margin": {"2020-10-31": "34.74%", "2020-07-31": "34.51%", "2020-04-30": "34.17%", "2020-01-31": "33.93%", "2019-10-31": "33.44%", "2019-07-31": "33.22%", "2019-04-30": "32.01%", "2019-01-31": "31.83%", "2018-10-31": "32.50%", "2018-07-31": "33.34%", "2018-04-30": "35.04%", "2018-01-31": "35.79%", "2017-10-31": "36.40%", "2017-07-31": "37.07%", "2017-04-30": "36.31%", "2017-01-31": "36.17%", "2016-10-31": "36.13%", "2016-07-31": "34.92%", "2016-04-30": "35.09%", "2016-01-31": "35.24%", "2015-10-31": "34.15%", "2015-07-31": "34.42%", "2015-04-30": "35.48%", "2015-01-31": "35.11%", "2014-10-31": "35.76%", "2014-07-31": "35.93%", "2014-04-30": "35.51%", "2014-01-31": "35.91%", "2013-10-31": "35.80%", "2013-07-31": "36.16%", "2013-04-30": "36.82%", "2013-01-31": "37.53%", "2012-10-31": "38.47%", "2012-07-31": "39.16%", "2012-04-30": "39.23%", "2012-01-31": "39.64%", "2011-10-31": "39.93%", "2011-07-31": "40.43%", "2011-04-30": "40.33%", "2011-01-31": "40.53%", "2010-10-31": "40.82%", "2010-07-31": "41.04%", "2010-04-30": "41.27%", "2010-01-31": "41.14%", "2009-10-31": "40.85%", "2009-07-31": "39.92%", "2009-04-30": "39.33%", "2009-01-31": "38.89%", "2008-10-31": "39.07%", "2008-07-31": "39.65%", "2008-04-30": "39.50%", "2008-01-31": "39.81%", "2007-10-31": "40.12%", "2007-07-31": "40.64%", "2007-04-30": "40.15%", "2007-01-31": "40.40%", "2006-10-31": "40.67%", "2006-07-31": "40.53%", "2006-04-30": "42.03%", "2006-01-31": "41.90%", "2005-10-31": "41.43%"}, "operating margin": {"2020-10-31": "14.14%", "2020-07-31": "12.74%", "2020-04-30": "12.23%", "2020-01-31": "12.32%", "2019-10-31": "11.99%", "2019-07-31": "12.08%", "2019-04-30": "13.87%", "2019-01-31": "12.96%", "2018-10-31": "11.98%", "2018-07-31": "13.06%", "2018-04-30": "15.89%", "2018-01-31": "17.73%", "2017-10-31": "17.26%", "2017-07-31": "17.74%", "2017-04-30": "11.66%", "2017-01-31": "11.26%", "2016-10-31": "13.84%", "2016-07-31": "12.06%", "2016-04-30": "13.05%", "2016-01-31": "13.22%", "2015-10-31": "12.20%", "2015-07-31": "13.04%", "2015-04-30": "16.02%", "2015-01-31": "15.97%", "2014-10-31": "16.16%", "2014-07-31": "15.32%", "2014-04-30": "13.96%", "2014-01-31": "13.54%", "2013-10-31": "12.69%", "2013-07-31": "13.41%", "2013-04-30": "14.14%", "2013-01-31": "14.51%", "2012-10-31": "15.33%", "2012-07-31": "16.10%", "2012-04-30": "15.59%", "2012-01-31": "16.21%", "2011-10-31": "16.60%", "2011-07-31": "16.97%", "2011-04-30": "17.00%", "2011-01-31": "16.83%", "2010-10-31": "17.19%", "2010-07-31": "17.56%", "2010-04-30": "16.99%", "2010-01-31": "17.17%", "2009-10-31": "16.77%", "2009-07-31": "15.62%", "2009-04-30": "15.80%", "2009-01-31": "12.85%", "2008-10-31": "13.26%", "2008-07-31": "13.73%", "2008-04-30": "13.60%", "2008-01-31": "16.30%", "2007-10-31": "16.62%", "2007-07-31": "16.83%", "2007-04-30": "17.08%", "2007-01-31": "16.83%", "2006-10-31": "16.38%", "2006-07-31": "15.91%", "2006-04-30": "16.13%", "2006-01-31": "16.27%", "2005-10-31": "16.21%"}, "ebitda margin": {"2020-10-31": "17.79%", "2020-07-31": "16.51%", "2020-04-30": "16.27%", "2020-01-31": "16.86%", "2019-10-31": "17.00%", "2019-07-31": "17.58%", "2019-04-30": "19.51%", "2019-01-31": "19.05%", "2018-10-31": "17.60%", "2018-07-31": "18.23%", "2018-04-30": "20.80%", "2018-01-31": "21.86%", "2017-10-31": "21.38%", "2017-07-31": "21.77%", "2017-04-30": "15.63%", "2017-01-31": "15.17%", "2016-10-31": "17.75%", "2016-07-31": "15.93%", "2016-04-30": "16.92%", "2016-01-31": "17.04%", "2015-10-31": "15.97%", "2015-07-31": "16.79%", "2015-04-30": "19.73%", "2015-01-31": "19.65%", "2014-10-31": "19.83%", "2014-07-31": "19.01%", "2014-04-30": "17.78%", "2014-01-31": "17.67%", "2013-10-31": "17.47%", "2013-07-31": "18.47%", "2013-04-30": "19.42%", "2013-01-31": "19.42%", "2012-10-31": "19.45%", "2012-07-31": "19.75%", "2012-04-30": "19.28%", "2012-01-31": "19.91%", "2011-10-31": "20.33%", "2011-07-31": "20.72%", "2011-04-30": "20.41%", "2011-01-31": "20.21%", "2010-10-31": "20.54%", "2010-07-31": "20.83%", "2010-04-30": "20.30%", "2010-01-31": "20.52%", "2009-10-31": "20.19%", "2009-07-31": "19.10%", "2009-04-30": "19.41%", "2009-01-31": "16.48%", "2008-10-31": "16.88%", "2008-07-31": "17.40%", "2008-04-30": "17.36%", "2008-01-31": "20.12%", "2007-10-31": "20.49%", "2007-07-31": "20.66%", "2007-04-30": "21.07%", "2007-01-31": "20.92%", "2006-10-31": "20.41%", "2006-07-31": "20.10%", "2006-04-30": "20.24%", "2006-01-31": "20.32%", "2005-10-31": "20.22%"}, "pre tax profit margin": {"2020-10-31": "10.57%", "2020-07-31": "8.81%", "2020-04-30": "7.87%", "2020-01-31": "7.38%", "2019-10-31": "7.74%", "2019-07-31": "7.71%", "2019-04-30": "9.62%", "2019-01-31": "9.23%", "2018-10-31": "8.95%", "2018-07-31": "10.73%", "2018-04-30": "14.28%", "2018-01-31": "16.29%", "2017-10-31": "15.87%", "2017-07-31": "16.39%", "2017-04-30": "10.25%", "2017-01-31": "9.85%", "2016-10-31": "12.45%", "2016-07-31": "10.66%", "2016-04-30": "11.67%", "2016-01-31": "11.84%", "2015-10-31": "10.86%", "2015-07-31": "11.74%", "2015-04-30": "14.71%", "2015-01-31": "14.64%", "2014-10-31": "14.80%", "2014-07-31": "13.88%", "2014-04-30": "12.50%", "2014-01-31": "12.06%", "2013-10-31": "11.17%", "2013-07-31": "11.86%", "2013-04-30": "12.52%", "2013-01-31": "12.92%", "2012-10-31": "13.80%", "2012-07-31": "14.62%", "2012-04-30": "14.08%", "2012-01-31": "14.74%", "2011-10-31": "15.06%", "2011-07-31": "15.40%", "2011-04-30": "15.54%", "2011-01-31": "15.33%", "2010-10-31": "15.76%", "2010-07-31": "16.18%", "2010-04-30": "15.65%", "2010-01-31": "15.83%", "2009-10-31": "15.43%", "2009-07-31": "14.22%", "2009-04-30": "14.24%", "2009-01-31": "11.20%", "2008-10-31": "11.41%", "2008-07-31": "11.74%", "2008-04-30": "11.53%", "2008-01-31": "14.33%", "2007-10-31": "14.67%", "2007-07-31": "14.88%", "2007-04-30": "14.97%", "2007-01-31": "14.53%", "2006-10-31": "14.04%", "2006-07-31": "13.74%", "2006-04-30": "13.89%", "2006-01-31": "13.96%", "2005-10-31": "13.89%"}, "net profit margin": {"2020-10-31": "20.02%", "2020-07-31": "18.73%", "2020-04-30": "18.34%", "2020-01-31": "17.95%", "2019-10-31": "2.26%", "2019-07-31": "2.60%", "2019-04-30": "3.66%", "2019-01-31": "-1.94%", "2018-10-31": "2.12%", "2018-07-31": "3.09%", "2018-04-30": "6.15%", "2018-01-31": "13.41%", "2017-10-31": "11.08%", "2017-07-31": "11.24%", "2017-04-30": "6.17%", "2017-01-31": "6.27%", "2016-10-31": "8.30%", "2016-07-31": "7.07%", "2016-04-30": "8.30%", "2016-01-31": "8.19%", "2015-10-31": "7.62%", "2015-07-31": "8.24%", "2015-04-30": "10.12%", "2015-01-31": "10.10%", "2014-10-31": "11.27%", "2014-07-31": "10.47%", "2014-04-30": "6.43%", "2014-01-31": "6.40%", "2013-10-31": "4.81%", "2013-07-31": "5.69%", "2013-04-30": "10.07%", "2013-01-31": "10.19%", "2012-10-31": "10.47%", "2012-07-31": "10.79%", "2012-04-30": "10.44%", "2012-01-31": "10.61%", "2011-10-31": "11.06%", "2011-07-31": "11.27%", "2011-04-30": "10.66%", "2011-01-31": "10.42%", "2010-10-31": "10.58%", "2010-07-31": "10.81%", "2010-04-30": "10.25%", "2010-01-31": "10.49%", "2009-10-31": "10.20%", "2009-07-31": "9.54%", "2009-04-30": "9.33%", "2009-01-31": "13.59%", "2008-10-31": "13.99%", "2008-07-31": "14.29%", "2008-04-30": "14.76%", "2008-01-31": "10.86%", "2007-10-31": "11.23%", "2007-07-31": "11.56%", "2007-04-30": "12.01%", "2007-01-31": "11.31%", "2006-10-31": "10.72%", "2006-07-31": "11.11%", "2006-04-30": "11.84%", "2006-01-31": "11.53%", "2005-10-31": "11.16%"}, "pe ratio": {"current": "14.69", "2021-02-11": "8.07", "2020-10-31": "7.96", "2020-07-31": "9.13", "2020-04-30": "9.70", "2020-01-31": "9.85", "2019-10-31": "74.40", "2019-07-31": "57.32", "2019-04-30": "35.63", "2019-01-31": "0.00", "2018-10-31": "59.62", "2018-07-31": "44.30", "2018-04-30": "23.69", "2018-01-31": "12.25", "2017-10-31": "15.06", "2017-07-31": "16.50", "2017-04-30": "32.44", "2017-01-31": "34.65", "2016-10-31": "22.70", "2016-07-31": "30.44", "2016-04-30": "23.71", "2016-01-31": "21.66", "2015-10-31": "21.15", "2015-07-31": "19.30", "2015-04-30": "15.87", "2015-01-31": "16.13", "2014-10-31": "13.41", "2014-07-31": "13.50", "2014-04-30": "22.94", "2014-01-31": "20.76", "2013-10-31": "28.86", "2013-07-31": "26.27", "2013-04-30": "15.97", "2013-01-31": "12.74", "2012-10-31": "11.75", "2012-07-31": "10.76", "2012-04-30": "11.32", "2012-01-31": "10.42", "2011-10-31": "10.52", "2011-07-31": "10.37", "2011-04-30": "10.36", "2011-01-31": "10.80", "2010-10-31": "11.23", "2010-07-31": "10.80", "2010-04-30": "11.32", "2010-01-31": "10.37", "2009-10-31": "10.31", "2009-07-31": "10.78", "2009-04-30": "8.69", "2009-01-31": "7.08", "2008-10-31": "8.57", "2008-07-31": "8.19", "2008-04-30": "7.99", "2008-01-31": "10.09", "2007-10-31": "11.69", "2007-07-31": "11.47", "2007-04-30": "12.40", "2007-01-31": "13.07", "2006-10-31": "13.39"}, "price sales": {"2021-02-11": "1.61", "2020-10-31": "1.59", "2020-07-31": "1.71", "2020-04-30": "1.77", "2020-01-31": "1.76", "2019-10-31": "1.67", "2019-07-31": "1.47", "2019-04-30": "1.30", "2019-01-31": "1.19", "2018-10-31": "1.25", "2018-07-31": "1.36", "2018-04-30": "1.44", "2018-01-31": "1.65", "2017-10-31": "1.68", "2017-07-31": "1.86", "2017-04-30": "2.01", "2017-01-31": "2.17", "2016-10-31": "1.88", "2016-07-31": "2.14", "2016-04-30": "2.12", "2016-01-31": "1.92", "2015-10-31": "1.71", "2015-07-31": "1.65", "2015-04-30": "1.46", "2015-01-31": "1.48", "2014-10-31": "1.41", "2014-07-31": "1.33", "2014-04-30": "1.47", "2014-01-31": "1.33", "2013-10-31": "1.38", "2013-07-31": "1.50", "2013-04-30": "1.60", "2013-01-31": "1.29", "2012-10-31": "1.23", "2012-07-31": "1.16", "2012-04-30": "1.18", "2012-01-31": "1.11", "2011-10-31": "1.16", "2011-07-31": "1.16", "2011-04-30": "1.10", "2011-01-31": "1.13", "2010-10-31": "1.19", "2010-07-31": "1.18", "2010-04-30": "1.17", "2010-01-31": "1.10", "2009-10-31": "1.06", "2009-07-31": "1.03", "2009-04-30": "0.84", "2009-01-31": "0.98", "2008-10-31": "1.22", "2008-07-31": "1.20", "2008-04-30": "1.19", "2008-01-31": "1.10", "2007-10-31": "1.32", "2007-07-31": "1.33", "2007-04-30": "1.50", "2007-01-31": "1.49", "2006-10-31": "1.44"}, "price book": {"current": "5.12", "2021-02-11": "5.13", "2020-10-31": "5.06", "2020-07-31": "5.74", "2020-04-30": "5.72", "2020-01-31": "5.68", "2019-10-31": "10.79", "2019-07-31": "10.71", "2019-04-30": "8.93", "2019-01-31": "7.85", "2018-10-31": "7.48", "2018-07-31": "8.35", "2018-04-30": "8.04", "2018-01-31": "6.59", "2017-10-31": "7.68", "2017-07-31": "8.72", "2017-04-30": "10.52", "2017-01-31": "11.43", "2016-10-31": "9.25", "2016-07-31": "11.01", "2016-04-30": "9.98", "2016-01-31": "9.97", "2015-10-31": "9.67", "2015-07-31": "9.56", "2015-04-30": "7.50", "2015-01-31": "8.01", "2014-10-31": "7.26", "2014-07-31": "6.80", "2014-04-30": "7.42", "2014-01-31": "7.59", "2013-10-31": "8.15", "2013-07-31": "9.82", "2013-04-30": "8.92", "2013-01-31": "8.04", "2012-10-31": "7.94", "2012-07-31": "9.01", "2012-04-30": "6.52", "2012-01-31": "6.46", "2011-10-31": "6.91", "2011-07-31": "7.30", "2011-04-30": "7.50", "2011-01-31": "9.19", "2010-10-31": "8.08", "2010-07-31": "9.50", "2010-04-30": "8.03", "2010-01-31": "7.88", "2009-10-31": "8.15", "2009-07-31": "10.32", "2009-04-30": "5.55", "2009-01-31": "7.16", "2008-10-31": "8.74", "2008-07-31": "6.74", "2008-04-30": "4.62", "2008-01-31": "5.03", "2007-10-31": "6.25", "2007-07-31": "7.21", "2007-04-30": "6.15", "2007-01-31": "6.71", "2006-10-31": "7.46", "2006-07-31": "5.47", "2006-04-30": "4.78", "2006-01-31": "4.85"}, "price fcf": {"2021-02-11": "", "2020-10-31": "$3.68", "2020-07-31": "$3.61", "2020-04-30": "$3.37", "2020-01-31": "$2.78", "2019-10-31": "$3.24", "2019-07-31": "$3.36", "2019-04-30": "$3.30", "2019-01-31": "$3.45", "2018-10-31": "$2.94", "2018-07-31": "$2.97", "2018-04-30": "$3.11", "2018-01-31": "$3.10", "2017-10-31": "$2.99", "2017-07-31": "$3.11", "2017-04-30": "$3.21", "2017-01-31": "$3.56", "2016-10-31": "$3.72", "2016-07-31": "$3.73", "2016-04-30": "$3.51", "2016-01-31": "$3.20", "2015-10-31": "$2.83", "2015-07-31": "$2.69", "2015-04-30": "$2.33", "2015-01-31": "$2.44", "2014-10-31": "$2.28", "2014-07-31": "$1.82", "2014-04-30": "$1.93", "2014-01-31": "$1.74", "2013-10-31": "$1.99", "2013-07-31": "$2.17", "2013-04-30": "$2.50", "2013-01-31": "$2.55", "2012-10-31": "$2.52", "2012-07-31": "$2.50", "2012-04-30": "$2.49", "2012-01-31": "$2.61", "2011-10-31": "$2.93", "2011-07-31": "$2.67", "2011-04-30": "$2.46", "2011-01-31": "$2.30", "2010-10-31": "$2.29", "2010-07-31": "$2.20", "2010-04-30": "$2.53", "2010-01-31": "$2.59", "2009-10-31": "$2.14", "2009-07-31": "$2.32", "2009-04-30": "$1.94", "2009-01-31": "$1.23", "2008-10-31": "$1.11", "2008-07-31": "$1.25", "2008-04-30": "$0.86", "2008-01-31": "$1.25", "2007-10-31": "$1.34", "2007-07-31": "$0.92", "2007-04-30": "$1.36", "2007-01-31": "$1.43", "2006-10-31": "$1.89"}, "net worth": {"value": "$14.24B"}, "current ratio": {"current": "0.85", "2020-10-31": "0.85", "2020-07-31": "0.78", "2020-04-30": "0.84", "2020-01-31": "0.61", "2019-10-31": "0.60", "2019-07-31": "0.58", "2019-04-30": "0.62", "2019-01-31": "0.70", "2018-10-31": "0.69", "2018-07-31": "0.64", "2018-04-30": "0.68", "2018-01-31": "0.64", "2017-10-31": "0.77", "2017-07-31": "0.79", "2017-04-30": "0.76", "2017-01-31": "0.78", "2016-10-31": "0.78", "2016-07-31": "0.75", "2016-04-30": "0.86", "2016-01-31": "0.83", "2015-10-31": "0.81", "2015-07-31": "0.75", "2015-04-30": "0.82", "2015-01-31": "0.73", "2014-10-31": "0.74", "2014-07-31": "0.70", "2014-04-30": "0.69", "2014-01-31": "0.68", "2013-10-31": "0.63", "2013-07-31": "0.68", "2013-04-30": "0.84", "2013-01-31": "0.78", "2012-10-31": "0.78", "2012-07-31": "0.86", "2012-04-30": "0.93", "2012-01-31": "0.89", "2011-10-31": "1.04", "2011-07-31": "0.99", "2011-04-30": "1.00", "2011-01-31": "0.79", "2010-10-31": "0.86", "2010-07-31": "0.82", "2010-04-30": "0.68", "2010-01-31": "1.00", "2009-10-31": "0.93", "2009-07-31": "0.95", "2009-04-30": "0.89", "2009-01-31": "0.88", "2008-10-31": "0.79", "2008-07-31": "0.71", "2008-04-30": "0.97", "2008-01-31": "0.80", "2007-10-31": "0.77", "2007-07-31": "0.78", "2007-04-30": "0.86", "2007-01-31": "0.86", "2006-10-31": "0.79", "2006-07-31": "0.73", "2006-04-30": "0.73", "2006-01-31": "0.83", "2005-10-31": "0.78", "2005-07-31": "0.74", "2005-04-30": "0.75", "2005-01-31": "0.75"}, "quick ratio": {"2020-10-31": "0.53", "2020-07-31": "0.49", "2020-04-30": "0.62", "2020-01-31": "0.31", "2019-10-31": "0.34", "2019-07-31": "0.33", "2019-04-30": "0.36", "2019-01-31": "0.37", "2018-10-31": "0.35", "2018-07-31": "0.39", "2018-04-30": "0.37", "2018-01-31": "0.35", "2017-10-31": "0.39", "2017-07-31": "0.42", "2017-04-30": "0.43", "2017-01-31": "0.44", "2016-10-31": "0.43", "2016-07-31": "0.38", "2016-04-30": "0.51", "2016-01-31": "0.50", "2015-10-31": "0.44", "2015-07-31": "0.39", "2015-04-30": "0.44", "2015-01-31": "0.41", "2014-10-31": "0.40", "2014-07-31": "0.36", "2014-04-30": "0.39", "2014-01-31": "0.40", "2013-10-31": "0.37", "2013-07-31": "0.40", "2013-04-30": "0.50", "2013-01-31": "0.48", "2012-10-31": "0.47", "2012-07-31": "0.51", "2012-04-30": "0.57", "2012-01-31": "0.55", "2011-10-31": "0.61", "2011-07-31": "0.60", "2011-04-30": "0.66", "2011-01-31": "0.50", "2010-10-31": "0.52", "2010-07-31": "0.47", "2010-04-30": "0.38", "2010-01-31": "0.57", "2009-10-31": "0.51", "2009-07-31": "0.45", "2009-04-30": "0.45", "2009-01-31": "0.48", "2008-10-31": "0.42", "2008-07-31": "0.36", "2008-04-30": "0.57", "2008-01-31": "0.48", "2007-10-31": "0.42", "2007-07-31": "0.40", "2007-04-30": "0.52", "2007-01-31": "0.57", "2006-10-31": "0.47", "2006-07-31": "0.48", "2006-04-30": "0.48", "2006-01-31": "0.50", "2005-10-31": "0.42", "2005-07-31": "0.37", "2005-04-30": "0.38", "2005-01-31": "0.41"}, "debt equity ratio": {"current": "1.80", "2020-10-31": "3.48", "2020-07-31": "3.82", "2020-04-30": "3.93", "2020-01-31": "3.66", "2019-10-31": "9.50", "2019-07-31": "10.82", "2019-04-30": "10.13", "2019-01-31": "9.97", "2018-10-31": "9.31", "2018-07-31": "9.58", "2018-04-30": "9.32", "2018-01-31": "3.28", "2017-10-31": "3.59", "2017-07-31": "3.70", "2017-04-30": "4.00", "2017-01-31": "4.12", "2016-10-31": "4.03", "2016-07-31": "4.11", "2016-04-30": "3.83", "2016-01-31": "4.30", "2015-10-31": "4.89", "2015-07-31": "4.87", "2015-04-30": "3.90", "2015-01-31": "4.22", "2014-10-31": "4.17", "2014-07-31": "4.06", "2014-04-30": "4.01", "2014-01-31": "4.80", "2013-10-31": "5.73", "2013-07-31": "5.88", "2013-04-30": "5.44", "2013-01-31": "6.44", "2012-10-31": "6.97", "2012-07-31": "6.27", "2012-04-30": "4.10", "2012-01-31": "4.57", "2011-10-31": "4.95", "2011-07-31": "5.26", "2011-04-30": "5.26", "2011-01-31": "6.38", "2010-10-31": "5.18", "2010-07-31": "5.76", "2010-04-30": "4.46", "2010-01-31": "5.00", "2009-10-31": "5.73", "2009-07-31": "7.29", "2009-04-30": "4.17", "2009-01-31": "4.70", "2008-10-31": "4.79", "2008-07-31": "3.91", "2008-04-30": "2.43", "2008-01-31": "3.31", "2007-10-31": "3.69", "2007-07-31": "3.98", "2007-04-30": "3.18", "2007-01-31": "3.87", "2006-10-31": "4.54", "2006-07-31": "3.38", "2006-04-30": "3.07", "2006-01-31": "3.41", "2005-10-31": "3.74", "2005-07-31": "4.34", "2005-04-30": "3.98", "2005-01-31": "4.28"}, "return on equity": {"2020-10-31": "67.97%", "2020-07-31": "73.18%", "2020-04-30": "82.46%", "2020-01-31": "95.13%", "2019-10-31": "15.01%", "2019-07-31": "16.74%", "2019-04-30": "23.61%", "2019-01-31": "-11.98%", "2018-10-31": "11.71%", "2018-07-31": "16.26%", "2018-04-30": "28.98%", "2018-01-31": "62.25%", "2017-10-31": "55.21%", "2017-07-31": "57.12%", "2017-04-30": "32.00%", "2017-01-31": "31.64%", "2016-10-31": "41.78%", "2016-07-31": "36.67%", "2016-04-30": "44.18%", "2016-01-31": "44.44%", "2015-10-31": "41.59%", "2015-07-31": "43.80%", "2015-04-30": "52.89%", "2015-01-31": "53.15%", "2014-10-31": "60.78%", "2014-07-31": "58.34%", "2014-04-30": "37.73%", "2014-01-31": "39.49%", "2013-10-31": "30.66%", "2013-07-31": "38.37%", "2013-04-30": "66.86%", "2013-01-31": "67.03%", "2012-10-31": "67.74%", "2012-07-31": "68.28%", "2012-04-30": "62.89%", "2012-01-31": "66.65%", "2011-10-31": "74.68%", "2011-07-31": "77.35%", "2011-04-30": "81.38%", "2011-01-31": "78.99%", "2010-10-31": "77.88%", "2010-07-31": "82.88%", "2010-04-30": "82.77%", "2010-01-31": "82.67%", "2009-10-31": "79.83%", "2009-07-31": "72.97%", "2009-04-30": "63.65%", "2009-01-31": "81.40%", "2008-10-31": "76.73%", "2008-07-31": "72.41%", "2008-04-30": "72.29%", "2008-01-31": "54.69%", "2007-10-31": "56.74%", "2007-07-31": "60.62%", "2007-04-30": "54.81%", "2007-01-31": "50.14%", "2006-10-31": "46.92%", "2006-07-31": "45.85%", "2006-04-30": "52.91%", "2006-01-31": "55.30%", "2005-10-31": "56.76%"}, "return on assets": {"2020-10-31": "14.41%", "2020-07-31": "13.06%", "2020-04-30": "12.12%", "2020-01-31": "11.22%", "2019-10-31": "1.35%", "2019-07-31": "1.52%", "2019-04-30": "2.20%", "2019-01-31": "-1.14%", "2018-10-31": "1.38%", "2018-07-31": "2.31%", "2018-04-30": "5.06%", "2018-01-31": "13.49%", "2017-10-31": "11.41%", "2017-07-31": "11.52%", "2017-04-30": "6.32%", "2017-01-31": "6.31%", "2016-10-31": "8.25%", "2016-07-31": "6.97%", "2016-04-30": "8.13%", "2016-01-31": "8.13%", "2015-10-31": "7.64%", "2015-07-31": "8.32%", "2015-04-30": "10.40%", "2015-01-31": "10.40%", "2014-10-31": "11.60%", "2014-07-31": "10.42%", "2014-04-30": "6.25%", "2014-01-31": "6.13%", "2013-10-31": "4.47%", "2013-07-31": "5.37%", "2013-04-30": "9.23%", "2013-01-31": "9.76%", "2012-10-31": "10.64%", "2012-07-31": "11.62%", "2012-04-30": "11.04%", "2012-01-31": "11.11%", "2011-10-31": "11.65%", "2011-07-31": "11.94%", "2011-04-30": "12.33%", "2011-01-31": "12.38%", "2010-10-31": "12.82%", "2010-07-31": "13.36%", "2010-04-30": "12.80%", "2010-01-31": "12.97%", "2009-10-31": "12.69%", "2009-07-31": "12.06%", "2009-04-30": "11.87%", "2009-01-31": "17.27%", "2008-10-31": "17.32%", "2008-07-31": "16.99%", "2008-04-30": "16.92%", "2008-01-31": "12.12%", "2007-10-31": "12.19%", "2007-07-31": "12.51%", "2007-04-30": "11.70%", "2007-01-31": "10.80%", "2006-10-31": "10.35%", "2006-07-31": "10.45%", "2006-04-30": "11.55%", "2006-01-31": "11.44%", "2005-10-31": "11.20%"}, "return on investments": {"2020-10-31": "16.39%", "2020-07-31": "14.42%", "2020-04-30": "13.05%", "2020-01-31": "12.31%", "2019-10-31": "11.35%", "2019-07-31": "10.98%", "2019-04-30": "12.88%", "2019-01-31": "11.70%", "2018-10-31": "12.52%", "2018-07-31": "16.32%", "2018-04-30": "23.00%", "2018-01-31": "34.70%", "2017-10-31": "34.67%", "2017-07-31": "35.96%", "2017-04-30": "24.17%", "2017-01-31": "22.69%", "2016-10-31": "27.47%", "2016-07-31": "23.84%", "2016-04-30": "25.71%", "2016-01-31": "26.28%", "2015-10-31": "24.84%", "2015-07-31": "26.90%", "2015-04-30": "33.84%", "2015-01-31": "34.69%", "2014-10-31": "35.60%", "2014-07-31": "33.96%", "2014-04-30": "30.64%", "2014-01-31": "28.88%", "2013-10-31": "25.91%", "2013-07-31": "26.76%", "2013-04-30": "27.41%", "2013-01-31": "29.49%", "2012-10-31": "32.99%", "2012-07-31": "35.61%", "2012-04-30": "32.69%", "2012-01-31": "33.40%", "2011-10-31": "35.23%", "2011-07-31": "37.57%", "2011-04-30": "42.33%", "2011-01-31": "45.02%", "2010-10-31": "44.40%", "2010-07-31": "44.96%", "2010-04-30": "43.19%", "2010-01-31": "41.46%", "2009-10-31": "41.24%", "2009-07-31": "40.30%", "2009-04-30": "41.86%", "2009-01-31": "33.26%", "2008-10-31": "33.68%", "2008-07-31": "33.10%", "2008-04-30": "30.60%", "2008-01-31": "35.87%", "2007-10-31": "35.35%", "2007-07-31": "35.37%", "2007-04-30": "32.69%", "2007-01-31": "32.24%", "2006-10-31": "31.21%", "2006-07-31": "28.97%", "2006-04-30": "29.59%", "2006-01-31": "29.44%", "2005-10-31": "29.50%"}, "return on tangible equity": {"2020-10-31": "-37.39%", "2020-07-31": "-31.75%", "2020-04-30": "-27.81%", "2020-01-31": "-23.81%", "2019-10-31": "-2.74%", "2019-07-31": "-3.03%", "2019-04-30": "-4.53%", "2019-01-31": "2.34%", "2018-10-31": "-3.17%", "2018-07-31": "-6.17%", "2018-04-30": "-15.69%", "2018-01-31": "-64.15%", "2017-10-31": "-53.73%", "2017-07-31": "-52.38%", "2017-04-30": "-27.62%", "2017-01-31": "-27.28%", "2016-10-31": "-34.90%", "2016-07-31": "-28.54%", "2016-04-30": "-32.32%", "2016-01-31": "-32.31%", "2015-10-31": "-30.53%", "2015-07-31": "-34.02%", "2015-04-30": "-43.53%", "2015-01-31": "-42.70%", "2014-10-31": "-46.33%", "2014-07-31": "-40.71%", "2014-04-30": "-24.29%", "2014-01-31": "-22.96%", "2013-10-31": "-16.10%", "2013-07-31": "-18.40%", "2013-04-30": "-31.54%", "2013-01-31": "-35.82%", "2012-10-31": "-43.36%", "2012-07-31": "-54.12%", "2012-04-30": "-52.45%", "2012-01-31": "-50.32%", "2011-10-31": "-50.32%", "2011-07-31": "-51.49%", "2011-04-30": "-52.54%", "2011-01-31": "-53.50%", "2010-10-31": "-56.67%", "2010-07-31": "-57.09%", "2010-04-30": "-52.46%", "2010-01-31": "-54.67%", "2009-10-31": "-55.47%", "2009-07-31": "-56.21%", "2009-04-30": "-61.12%", "2009-01-31": "-100.49%", "2008-10-31": "-109.25%", "2008-07-31": "-112.14%", "2008-04-30": "-114.16%", "2008-01-31": "-80.10%", "2007-10-31": "-82.25%", "2007-07-31": "-84.30%", "2007-04-30": "-96.96%", "2007-01-31": "-80.43%", "2006-10-31": "-68.92%", "2006-07-31": "-64.09%", "2006-04-30": "-55.20%", "2006-01-31": "-49.82%", "2005-10-31": "-45.60%"}, "dividend yield history": {"last payout": "$1.48", "last yield": "3.15%"}}