{"ticker": "CR", "price": {"title": "Crane Historical Annual Stock Price Data", "value": 81.69, "historical": {"2021": {"Average Stock Price": "80.0067", "Year Open": "76.1500", "Year High": "83.4200", "Year Low": "75.6800", "Year Close": "81.6900", "Annual % Change": "5.19%"}, "2020": {"Average Stock Price": "61.9630", "Year Open": "87.5400", "Year High": "89.3700", "Year Low": "38.6800", "Year Close": "77.6600", "Annual % Change": "-10.09%"}, "2019": {"Average Stock Price": "81.8861", "Year Open": "71.7300", "Year High": "88.9100", "Year Low": "69.6600", "Year Close": "86.3800", "Annual % Change": "19.67%"}, "2018": {"Average Stock Price": "88.7109", "Year Open": "89.7100", "Year High": "99.9400", "Year Low": "67.4800", "Year Close": "72.1800", "Annual % Change": "-19.10%"}, "2017": {"Average Stock Price": "78.2137", "Year Open": "73.2000", "Year High": "90.4600", "Year Low": "71.5500", "Year Close": "89.2200", "Annual % Change": "23.71%"}, "2016": {"Average Stock Price": "59.3519", "Year Open": "47.7000", "Year High": "77.3600", "Year Low": "43.1400", "Year Close": "72.1200", "Annual % Change": "50.75%"}, "2015": {"Average Stock Price": "56.6615", "Year Open": "58.8100", "Year High": "69.7800", "Year Low": "45.2700", "Year Close": "47.8400", "Annual % Change": "-18.50%"}, "2014": {"Average Stock Price": "67.4923", "Year Open": "66.7600", "Year High": "76.3300", "Year Low": "53.6300", "Year Close": "58.7000", "Annual % Change": "-12.71%"}, "2013": {"Average Stock Price": "58.4189", "Year Open": "47.2500", "Year High": "67.2500", "Year Low": "46.9400", "Year Close": "67.2500", "Annual % Change": "45.31%"}, "2012": {"Average Stock Price": "42.8137", "Year Open": "47.3600", "Year High": "51.0700", "Year Low": "35.5300", "Year Close": "46.2800", "Annual % Change": "-0.92%"}, "2011": {"Average Stock Price": "45.0519", "Year Open": "41.6600", "Year High": "51.0600", "Year Low": "34.0300", "Year Close": "46.7100", "Annual % Change": "13.73%"}, "2010": {"Average Stock Price": "35.3520", "Year Open": "31.2800", "Year High": "41.3000", "Year Low": "28.9700", "Year Close": "41.0700", "Annual % Change": "34.13%"}, "2009": {"Average Stock Price": "22.8646", "Year Open": "18.0700", "Year High": "32.2100", "Year Low": "12.8500", "Year Close": "30.6200", "Annual % Change": "77.61%"}, "2008": {"Average Stock Price": "33.4128", "Year Open": "42.5700", "Year High": "45.7400", "Year Low": "11.0300", "Year Close": "17.2400", "Annual % Change": "-59.81%"}, "2007": {"Average Stock Price": "43.1577", "Year Open": "36.2600", "Year High": "49.5200", "Year Low": "35.7900", "Year Close": "42.9000", "Annual % Change": "17.09%"}, "2006": {"Average Stock Price": "39.3988", "Year Open": "35.9200", "Year High": "45.3400", "Year Low": "35.6000", "Year Close": "36.6400", "Annual % Change": "3.88%"}, "2005": {"Average Stock Price": "29.0275", "Year Open": "28.2900", "Year High": "37.1500", "Year Low": "25.4800", "Year Close": "35.2700", "Annual % Change": "22.30%"}, "2004": {"Average Stock Price": "29.9168", "Year Open": "30.2300", "Year High": "34.3300", "Year Low": "25.9500", "Year Close": "28.8400", "Annual % Change": "-6.18%"}, "2003": {"Average Stock Price": "22.6073", "Year Open": "20.5500", "Year High": "30.7500", "Year Low": "15.2300", "Year Close": "30.7400", "Annual % Change": "54.24%"}, "2002": {"Average Stock Price": "23.4382", "Year Open": "25.6300", "Year High": "28.9500", "Year Low": "18.0800", "Year Close": "19.9300", "Annual % Change": "-22.27%"}, "2001": {"Average Stock Price": "26.7509", "Year Open": "27.8800", "Year High": "31.8000", "Year Low": "20.4800", "Year Close": "25.6400", "Annual % Change": "-9.85%"}, "2000": {"Average Stock Price": "23.7822", "Year Open": "19.2500", "Year High": "29.0600", "Year Low": "18.6300", "Year Close": "28.4400", "Annual % Change": "43.06%"}, "1999": {"Average Stock Price": "25.3169", "Year Open": "29.9400", "Year High": "32.0600", "Year Low": "16.5600", "Year Close": "19.8800", "Annual % Change": "-34.15%"}, "1998": {"Average Stock Price": "30.9371", "Year Open": "28.5867", "Year High": "37.5400", "Year Low": "21.8800", "Year Close": "30.1900", "Annual % Change": "4.39%"}, "1997": {"Average Stock Price": "26.0062", "Year Open": "18.8333", "Year High": "31.3333", "Year Low": "18.4200", "Year Close": "28.9200", "Annual % Change": "49.59%"}, "1996": {"Average Stock Price": "18.5527", "Year Open": "16.4444", "Year High": "20.9444", "Year Low": "16.2222", "Year Close": "19.3333", "Annual % Change": "17.95%"}, "1995": {"Average Stock Price": "14.9610", "Year Open": "11.7778", "Year High": "17.3333", "Year Low": "11.6667", "Year Close": "16.3911", "Annual % Change": "39.17%"}, "1994": {"Average Stock Price": "11.7053", "Year Open": "11.2800", "Year High": "13.0578", "Year Low": "10.7244", "Year Close": "11.7778", "Annual % Change": "7.07%"}, "1993": {"Average Stock Price": "12.0811", "Year Open": "10.2222", "Year High": "13.7244", "Year Low": "10.1689", "Year Close": "11.0000", "Annual % Change": "4.74%"}, "1992": {"Average Stock Price": "10.9934", "Year Open": "10.5556", "Year High": "12.3333", "Year Low": "9.7778", "Year Close": "10.5022", "Annual % Change": "0.00%"}, "1991": {"Average Stock Price": "11.1709", "Year Open": "8.6667", "Year High": "13.2800", "Year Low": "8.5556", "Year Close": "10.5022", "Annual % Change": "18.15%"}, "1990": {"Average Stock Price": "10.1324", "Year Open": "11.2222", "Year High": "12.2222", "Year Low": "8.0578", "Year Close": "8.8889", "Annual % Change": "-13.98%"}, "1989": {"Average Stock Price": "8.5881", "Year Open": "6.8889", "Year High": "11.0000", "Year Low": "6.7793", "Year Close": "10.3333", "Annual % Change": "50.00%"}, "1988": {"Average Stock Price": "8.1763", "Year Open": "6.3704", "Year High": "9.9644", "Year Low": "6.0741", "Year Close": "6.8889", "Annual % Change": "6.26%"}, "1987": {"Average Stock Price": "8.1074", "Year Open": "6.7654", "Year High": "10.2963", "Year Low": "5.3719", "Year Close": "6.4830", "Annual % Change": "-4.17%"}, "1986": {"Average Stock Price": "6.0008", "Year Open": "5.2675", "Year High": "7.2849", "Year Low": "4.9053", "Year Close": "6.7654", "Annual % Change": "26.48%"}, "1985": {"Average Stock Price": "4.7520", "Year Open": "4.5761", "Year High": "5.3491", "Year Low": "4.2469", "Year Close": "5.3491", "Annual % Change": "16.06%"}}}, "market cap": {"value": "$4.75B"}, "income statement": {"Revenue": {"2020-12-31": "2936.90000", "2019-12-31": "3283.10000", "2018-12-31": "3345.50000", "2017-12-31": "2786.00000", "2016-12-31": "2748.00000", "2015-12-31": "2740.50000", "2014-12-31": "2925.00000", "2013-12-31": "2595.30000", "2012-12-31": "2579.06800", "2011-12-31": "2500.36900", "2010-12-31": "2179.31900", "2009-12-31": "2196.34300", "2008-12-31": "2604.30700", "2007-12-31": "2619.17100", "2006-12-31": "2256.88900", "2005-12-31": "2061.24900"}, "Cost Of Goods Sold": {"2020-12-31": "", "2019-12-31": "2104.10000", "2018-12-31": "2156.20000", "2017-12-31": "1770.90000", "2016-12-31": "1758.30000", "2015-12-31": "1786.10000", "2014-12-31": "1908.70000", "2013-12-31": "1711.80000", "2012-12-31": "1709.94900", "2011-12-31": "1653.23800", "2010-12-31": "1437.37600", "2009-12-31": "1466.03000", "2008-12-31": "1751.03600", "2007-12-31": "1776.15700", "2006-12-31": "1525.63300", "2005-12-31": "1418.66200"}, "Gross Profit": {"2020-12-31": "2936.90000", "2019-12-31": "1179.00000", "2018-12-31": "1189.30000", "2017-12-31": "1015.10000", "2016-12-31": "989.70000", "2015-12-31": "954.40000", "2014-12-31": "1016.30000", "2013-12-31": "883.50000", "2012-12-31": "869.11910", "2011-12-31": "847.13090", "2010-12-31": "741.94310", "2009-12-31": "730.31300", "2008-12-31": "853.27090", "2007-12-31": "843.01390", "2006-12-31": "731.25590", "2005-12-31": "642.58700"}, "Research And Development Expenses": {"2020-12-31": "", "2019-12-31": "", "2018-12-31": "", "2017-12-31": "", "2016-12-31": "", "2015-12-31": "", "2014-12-31": "", "2013-12-31": "", "2012-12-31": "", "2011-12-31": "", "2010-12-31": "", "2009-12-31": "", "2008-12-31": "", "2007-12-31": "", "2006-12-31": "", "2005-12-31": ""}, "SG&A Expenses": {"2020-12-31": "", "2019-12-31": "716.90000", "2018-12-31": "721.00000", "2017-12-31": "605.90000", "2016-12-31": "803.00000", "2015-12-31": "566.50000", "2014-12-31": "661.00000", "2013-12-31": "535.60000", "2012-12-31": "540.21500", "2011-12-31": "810.56000", "2010-12-31": "501.96700", "2009-12-31": "516.80100", "2008-12-31": "615.07900", "2007-12-31": "969.75300", "2006-12-31": "483.32000", "2005-12-31": "428.96500"}, "Other Operating Income Or Expenses": {"2020-12-31": "", "2019-12-31": "-229.00000", "2018-12-31": "", "2017-12-31": "", "2016-12-31": "", "2015-12-31": "0.00000", "2014-12-31": "", "2013-12-31": "", "2012-12-31": "", "2011-12-31": "", "2010-12-31": "", "2009-12-31": "", "2008-12-31": "", "2007-12-31": "", "2006-12-31": "", "2005-12-31": ""}, "Operating Expenses": {"2020-12-31": "", "2019-12-31": "3072.70000", "2018-12-31": "2904.20000", "2017-12-31": "2397.60000", "2016-12-31": "2561.30000", "2015-12-31": "2367.60000", "2014-12-31": "2608.70000", "2013-12-31": "2247.40000", "2012-12-31": "2268.62700", "2011-12-31": "2463.79800", "2010-12-31": "1946.01900", "2009-12-31": "1988.07400", "2008-12-31": "2366.11500", "2007-12-31": "2745.91000", "2006-12-31": "2008.95300", "2005-12-31": "1847.62700"}, "Operating Income": {"2020-12-31": "2936.90000", "2019-12-31": "210.40010", "2018-12-31": "441.30000", "2017-12-31": "388.39990", "2016-12-31": "186.70000", "2015-12-31": "372.89990", "2014-12-31": "316.30000", "2013-12-31": "347.90010", "2012-12-31": "310.44120", "2011-12-31": "36.57080", "2010-12-31": "233.30000", "2009-12-31": "208.26890", "2008-12-31": "238.19190", "2007-12-31": "-126.73900", "2006-12-31": "247.93580", "2005-12-31": "213.62210"}, "Total Non-Operating Income/Expense": {"2020-12-31": "-38.40000", "2019-12-31": "-39.70000", "2018-12-31": "-29.90000", "2017-12-31": "-20.90000", "2016-12-31": "-22.60000", "2015-12-31": "-36.40000", "2014-12-31": "-35.10000", "2013-12-31": "-21.90000", "2012-12-31": "-25.83600", "2011-12-31": "-21.81000", "2010-12-31": "-24.23300", "2009-12-31": "-23.34300", "2008-12-31": "-54.54500", "2007-12-31": "7.95100", "2006-12-31": "-8.60200", "2005-12-31": "-17.09900"}, "Pre-Tax Income": {"2020-12-31": "224.50000", "2019-12-31": "170.70000", "2018-12-31": "411.40000", "2017-12-31": "367.50000", "2016-12-31": "164.10000", "2015-12-31": "336.50000", "2014-12-31": "281.20000", "2013-12-31": "326.00000", "2012-12-31": "284.60500", "2011-12-31": "14.76100", "2010-12-31": "209.06700", "2009-12-31": "184.92600", "2008-12-31": "183.64700", "2007-12-31": "-118.78800", "2006-12-31": "239.33400", "2005-12-31": "196.52300"}, "Income Taxes": {"2020-12-31": "43.40000", "2019-12-31": "37.10000", "2018-12-31": "75.90000", "2017-12-31": "195.00000", "2016-12-31": "40.30000", "2015-12-31": "106.50000", "2014-12-31": "87.60000", "2013-12-31": "105.10000", "2012-12-31": "88.41600", "2011-12-31": "-8.05500", "2010-12-31": "56.08700", "2009-12-31": "50.84600", "2008-12-31": "48.69400", "2007-12-31": "-56.55300", "2006-12-31": "73.44700", "2005-12-31": "60.48600"}, "Income After Taxes": {"2020-12-31": "181.10000", "2019-12-31": "133.60000", "2018-12-31": "335.50000", "2017-12-31": "172.50000", "2016-12-31": "123.80000", "2015-12-31": "230.00000", "2014-12-31": "193.60000", "2013-12-31": "220.90000", "2012-12-31": "196.18900", "2011-12-31": "22.81600", "2010-12-31": "152.98000", "2009-12-31": "134.08000", "2008-12-31": "134.95300", "2007-12-31": "-62.23500", "2006-12-31": "165.88700", "2005-12-31": "136.03700"}, "Other Income": {"2020-12-31": "", "2019-12-31": "", "2018-12-31": "", "2017-12-31": "", "2016-12-31": "", "2015-12-31": "", "2014-12-31": "", "2013-12-31": "", "2012-12-31": "", "2011-12-31": "", "2010-12-31": "", "2009-12-31": "", "2008-12-31": "", "2007-12-31": "", "2006-12-31": "", "2005-12-31": ""}, "Income From Continuous Operations": {"2020-12-31": "181.10000", "2019-12-31": "133.60000", "2018-12-31": "335.50000", "2017-12-31": "172.50000", "2016-12-31": "123.80000", "2015-12-31": "230.00000", "2014-12-31": "193.60000", "2013-12-31": "220.90000", "2012-12-31": "196.18900", "2011-12-31": "22.81600", "2010-12-31": "152.98000", "2009-12-31": "134.08000", "2008-12-31": "134.95300", "2007-12-31": "-62.23500", "2006-12-31": "165.88700", "2005-12-31": "136.03700"}, "Income From Discontinued Operations": {"2020-12-31": "", "2019-12-31": "", "2018-12-31": "", "2017-12-31": "", "2016-12-31": "", "2015-12-31": "", "2014-12-31": "", "2013-12-31": "", "2012-12-31": "21.63200", "2011-12-31": "3.70000", "2010-12-31": "1.21000", "2009-12-31": "", "2008-12-31": "", "2007-12-31": "", "2006-12-31": "", "2005-12-31": ""}, "Net Income": {"2020-12-31": "181.00000", "2019-12-31": "133.30000", "2018-12-31": "335.60000", "2017-12-31": "171.80000", "2016-12-31": "122.80000", "2015-12-31": "228.90000", "2014-12-31": "192.70000", "2013-12-31": "219.50000", "2012-12-31": "216.99300", "2011-12-31": "26.31500", "2010-12-31": "154.17000", "2009-12-31": "133.85600", "2008-12-31": "135.15800", "2007-12-31": "-62.34200", "2006-12-31": "165.88700", "2005-12-31": "136.03700"}, "EBITDA": {"2020-12-31": "3064.40000", "2019-12-31": "323.90010", "2018-12-31": "561.30000", "2017-12-31": "461.09990", "2016-12-31": "254.09990", "2015-12-31": "439.89990", "2014-12-31": "392.10000", "2013-12-31": "402.70010", "2012-12-31": "367.70420", "2011-12-31": "99.51380", "2010-12-31": "293.14110", "2009-12-31": "266.47290", "2008-12-31": "295.35390", "2007-12-31": "-65.42900", "2006-12-31": "302.22080", "2005-12-31": "261.63310"}, "EBIT": {"2020-12-31": "2936.90000", "2019-12-31": "210.40010", "2018-12-31": "441.30000", "2017-12-31": "388.39990", "2016-12-31": "186.70000", "2015-12-31": "372.89990", "2014-12-31": "316.30000", "2013-12-31": "347.90010", "2012-12-31": "310.44120", "2011-12-31": "36.57080", "2010-12-31": "233.30000", "2009-12-31": "208.26890", "2008-12-31": "238.19190", "2007-12-31": "-126.73900", "2006-12-31": "247.93580", "2005-12-31": "213.62210"}, "Basic Shares Outstanding": {"2020-12-31": "58.80000", "2019-12-31": "59.80000", "2018-12-31": "59.60000", "2017-12-31": "59.40000", "2016-12-31": "58.50000", "2015-12-31": "58.10000", "2014-12-31": "58.70000", "2013-12-31": "57.90000", "2012-12-31": "57.44300", "2011-12-31": "58.12000", "2010-12-31": "58.60100", "2009-12-31": "58.47300", "2008-12-31": "59.66700", "2007-12-31": "60.03700", "2006-12-31": "60.90600", "2005-12-31": "59.81600"}, "Shares Outstanding": {"2020-12-31": "58.30000", "2019-12-31": "60.60000", "2018-12-31": "61.00000", "2017-12-31": "60.40000", "2016-12-31": "59.30000", "2015-12-31": "58.80000", "2014-12-31": "59.60000", "2013-12-31": "58.80000", "2012-12-31": "58.29300", "2011-12-31": "59.20400", "2010-12-31": "59.56200", "2009-12-31": "58.81200", "2008-12-31": "60.29800", "2007-12-31": "60.03700", "2006-12-31": "62.10300", "2005-12-31": "60.41300"}, "Basic EPS": {"2020-12-31": "3.07820", "2019-12-31": "2.23000", "2018-12-31": "5.63000", "2017-12-31": "2.89000", "2016-12-31": "2.10000", "2015-12-31": "3.94000", "2014-12-31": "3.28000", "2013-12-31": "3.79000", "2012-12-31": "3.78000", "2011-12-31": "0.45000", "2010-12-31": "2.63000", "2009-12-31": "2.29000", "2008-12-31": "2.27000", "2007-12-31": "-1.04000", "2006-12-31": "2.72000", "2005-12-31": "2.27000"}, "EPS - Earnings Per Share": {"2020-12-31": "3.08000", "2019-12-31": "2.20000", "2018-12-31": "5.50000", "2017-12-31": "2.84000", "2016-12-31": "2.07000", "2015-12-31": "3.89000", "2014-12-31": "3.23000", "2013-12-31": "3.73000", "2012-12-31": "3.72000", "2011-12-31": "0.44000", "2010-12-31": "2.59000", "2009-12-31": "2.28000", "2008-12-31": "2.24000", "2007-12-31": "-1.04000", "2006-12-31": "2.67000", "2005-12-31": "2.25000"}}, "income statement, quarterly": {"Revenue": {"2020-12-31": "726.40000", "2020-09-30": "734.80000", "2020-06-30": "677.90000", "2020-03-31": "797.90000", "2019-12-31": "837.50010", "2019-09-30": "772.30000", "2019-06-30": "841.60000", "2019-03-31": "831.70000", "2018-12-31": "839.60000", "2018-09-30": "855.80000", "2018-06-30": "851.00000", "2018-03-31": "799.10000", "2017-12-31": "714.20010", "2017-09-30": "695.90000", "2017-06-30": "702.50000", "2017-03-31": "673.40000", "2016-12-31": "681.60010", "2016-09-30": "694.20000", "2016-06-30": "712.20000", "2016-03-31": "660.00000", "2015-12-31": "680.60020", "2015-09-30": "669.90000", "2015-06-30": "711.20000", "2015-03-31": "678.80000", "2014-12-31": "730.70010", "2014-09-30": "727.40000", "2014-06-30": "750.10000", "2014-03-31": "716.80000", "2013-12-31": "681.46810", "2013-09-30": "637.51500", "2013-06-30": "648.74600", "2013-03-31": "627.57100", "2012-12-31": "629.78810", "2012-09-30": "645.98100", "2012-06-30": "657.68600", "2012-03-31": "645.61300", "2011-12-31": "609.07180", "2011-09-30": "647.08800", "2011-06-30": "633.18900", "2011-03-31": "611.02000", "2010-12-31": "535.50000", "2010-09-30": "560.71400", "2010-06-30": "552.81400", "2010-03-31": "530.29100", "2009-12-31": "545.00310", "2009-09-30": "550.71000", "2009-06-30": "545.49100", "2009-03-31": "555.13900", "2008-12-31": "589.27900", "2008-09-30": "642.67800", "2008-06-30": "693.48200", "2008-03-31": "678.86800", "2007-12-31": "665.96390", "2007-09-30": "664.09300", "2007-06-30": "660.89700", "2007-03-31": "628.21700", "2006-12-31": "581.65090", "2006-09-30": "567.70400", "2006-06-30": "558.15100", "2006-03-31": "549.38300", "2005-12-31": "506.33800", "2005-09-30": "522.23100", "2005-06-30": "525.61900", "2005-03-31": "507.06100"}, "Cost Of Goods Sold": {"2020-12-31": "", "2020-09-30": "478.50000", "2020-06-30": "451.70000", "2020-03-31": "510.80000", "2019-12-31": "548.10010", "2019-09-30": "494.40000", "2019-06-30": "535.00000", "2019-03-31": "526.60000", "2018-12-31": "544.59990", "2018-09-30": "544.80000", "2018-06-30": "545.60000", "2018-03-31": "521.20000", "2017-12-31": "455.60000", "2017-09-30": "441.50000", "2017-06-30": "444.30000", "2017-03-31": "429.50000", "2016-12-31": "433.90010", "2016-09-30": "449.20000", "2016-06-30": "449.10000", "2016-03-31": "426.10000", "2015-12-31": "441.69990", "2015-09-30": "431.70000", "2015-06-30": "470.70000", "2015-03-31": "442.00000", "2014-12-31": "481.69990", "2014-09-30": "476.30000", "2014-06-30": "488.00000", "2014-03-31": "462.70000", "2013-12-31": "454.63900", "2013-09-30": "421.31700", "2013-06-30": "426.02500", "2013-03-31": "409.81900", "2012-12-31": "418.08110", "2012-09-30": "426.14800", "2012-06-30": "436.09500", "2012-03-31": "429.62500", "2011-12-31": "410.87910", "2011-09-30": "428.52400", "2011-06-30": "415.98500", "2011-03-31": "397.85000", "2010-12-31": "350.15500", "2010-09-30": "373.17100", "2010-06-30": "361.77900", "2010-03-31": "352.27100", "2009-12-31": "349.00110", "2009-09-30": "365.48200", "2009-06-30": "369.53700", "2009-03-31": "382.01000", "2008-12-31": "408.47610", "2008-09-30": "434.38200", "2008-06-30": "455.64700", "2008-03-31": "452.53100", "2007-12-31": "454.59790", "2007-09-30": "445.60300", "2007-06-30": "452.27300", "2007-03-31": "423.68300", "2006-12-31": "399.65510", "2006-09-30": "378.05400", "2006-06-30": "376.42300", "2006-03-31": "371.50100", "2005-12-31": "347.63000", "2005-09-30": "356.05800", "2005-06-30": "363.33300", "2005-03-31": "351.64100"}, "Gross Profit": {"2020-12-31": "726.40000", "2020-09-30": "256.30000", "2020-06-30": "226.20000", "2020-03-31": "287.10000", "2019-12-31": "289.40000", "2019-09-30": "277.90000", "2019-06-30": "306.60000", "2019-03-31": "305.10000", "2018-12-31": "295.00010", "2018-09-30": "311.00000", "2018-06-30": "305.40000", "2018-03-31": "277.90000", "2017-12-31": "258.60000", "2017-09-30": "254.40000", "2017-06-30": "258.20000", "2017-03-31": "243.90000", "2016-12-31": "247.70000", "2016-09-30": "245.00000", "2016-06-30": "263.10000", "2016-03-31": "233.90000", "2015-12-31": "238.90030", "2015-09-30": "238.20000", "2015-06-30": "240.50000", "2015-03-31": "236.80000", "2014-12-31": "249.00020", "2014-09-30": "251.10000", "2014-06-30": "262.10000", "2014-03-31": "254.10000", "2013-12-31": "226.82910", "2013-09-30": "216.19800", "2013-06-30": "222.72100", "2013-03-31": "217.75200", "2012-12-31": "211.70710", "2012-09-30": "219.83300", "2012-06-30": "221.59100", "2012-03-31": "215.98800", "2011-12-31": "198.19270", "2011-09-30": "218.56400", "2011-06-30": "217.20400", "2011-03-31": "213.17000", "2010-12-31": "185.34500", "2010-09-30": "187.54300", "2010-06-30": "191.03500", "2010-03-31": "178.02000", "2009-12-31": "196.00200", "2009-09-30": "185.22800", "2009-06-30": "175.95400", "2009-03-31": "173.12900", "2008-12-31": "180.80290", "2008-09-30": "208.29600", "2008-06-30": "237.83500", "2008-03-31": "226.33700", "2007-12-31": "211.36600", "2007-09-30": "218.49000", "2007-06-30": "208.62400", "2007-03-31": "204.53400", "2006-12-31": "181.99580", "2006-09-30": "189.65000", "2006-06-30": "181.72800", "2006-03-31": "177.88200", "2005-12-31": "158.70800", "2005-09-30": "166.17300", "2005-06-30": "162.28600", "2005-03-31": "155.42000"}, "Research And Development Expenses": {"2020-12-31": "", "2020-09-30": "", "2020-06-30": "", "2020-03-31": "", "2019-12-31": "", "2019-09-30": "", "2019-06-30": "", "2019-03-31": "", "2018-12-31": "", "2018-09-30": "", "2018-06-30": "", "2018-03-31": "", "2017-12-31": "", "2017-09-30": "", "2017-06-30": "", "2017-03-31": "", "2016-12-31": "", "2016-09-30": "", "2016-06-30": "", "2016-03-31": "", "2015-12-31": "", "2015-09-30": "", "2015-06-30": "", "2015-03-31": "", "2014-12-31": "", "2014-09-30": "", "2014-06-30": "", "2014-03-31": "", "2013-12-31": "", "2013-09-30": "", "2013-06-30": "", "2013-03-31": "", "2012-12-31": "", "2012-09-30": "", "2012-06-30": "", "2012-03-31": "", "2011-12-31": "", "2011-09-30": "", "2011-06-30": "", "2011-03-31": "", "2010-12-31": "", "2010-09-30": "", "2010-06-30": "", "2010-03-31": "", "2009-12-31": "", "2009-09-30": "", "2009-06-30": "", "2009-03-31": "", "2008-12-31": "", "2008-09-30": "", "2008-06-30": "", "2008-03-31": "", "2007-12-31": "", "2007-09-30": "", "2007-06-30": "", "2007-03-31": "", "2006-12-31": "", "2006-09-30": "", "2006-06-30": "", "2006-03-31": "", "2005-12-31": "", "2005-09-30": "", "2005-06-30": "", "2005-03-31": ""}, "SG&A Expenses": {"2020-12-31": "", "2020-09-30": "168.70000", "2020-06-30": "169.60000", "2020-03-31": "194.50000", "2019-12-31": "182.90010", "2019-09-30": "166.80000", "2019-06-30": "179.80000", "2019-03-31": "187.40000", "2018-12-31": "174.70000", "2018-09-30": "179.80000", "2018-06-30": "188.90000", "2018-03-31": "177.60000", "2017-12-31": "153.70000", "2017-09-30": "151.80000", "2017-06-30": "149.80000", "2017-03-31": "150.60000", "2016-12-31": "352.50000", "2016-09-30": "141.20000", "2016-06-30": "160.50000", "2016-03-31": "148.80000", "2015-12-31": "134.80000", "2015-09-30": "141.40000", "2015-06-30": "141.70000", "2015-03-31": "148.60000", "2014-12-31": "143.70000", "2014-09-30": "200.20000", "2014-06-30": "159.20000", "2014-03-31": "157.90000", "2013-12-31": "143.68400", "2013-09-30": "127.18900", "2013-06-30": "133.87500", "2013-03-31": "130.85200", "2012-12-31": "131.96810", "2012-09-30": "133.08900", "2012-06-30": "137.46700", "2012-03-31": "137.69100", "2011-12-31": "393.62300", "2011-09-30": "138.27400", "2011-06-30": "138.35300", "2011-03-31": "140.31000", "2010-12-31": "126.83200", "2010-09-30": "124.66400", "2010-06-30": "125.73100", "2010-03-31": "124.74000", "2009-12-31": "121.31900", "2009-09-30": "129.77500", "2009-06-30": "130.46200", "2009-03-31": "135.24500", "2008-12-31": "158.84900", "2008-09-30": "153.67800", "2008-06-30": "151.56400", "2008-03-31": "150.98800", "2007-12-31": "555.83400", "2007-09-30": "140.95700", "2007-06-30": "136.82700", "2007-03-31": "136.13500", "2006-12-31": "128.52800", "2006-09-30": "118.48700", "2006-06-30": "115.63800", "2006-03-31": "120.66700", "2005-12-31": "103.59300", "2005-09-30": "104.41400", "2005-06-30": "107.38800", "2005-03-31": "113.57000"}, "Other Operating Income Or Expenses": {"2020-12-31": "", "2020-09-30": "", "2020-06-30": "", "2020-03-31": "", "2019-12-31": "", "2019-09-30": "", "2019-06-30": "", "2019-03-31": "", "2018-12-31": "", "2018-09-30": "", "2018-06-30": "", "2018-03-31": "", "2017-12-31": "", "2017-09-30": "", "2017-06-30": "", "2017-03-31": "", "2016-12-31": "", "2016-09-30": "", "2016-06-30": "", "2016-03-31": "", "2015-12-31": "", "2015-09-30": "", "2015-06-30": "", "2015-03-31": "", "2014-12-31": "", "2014-09-30": "", "2014-06-30": "", "2014-03-31": "", "2013-12-31": "", "2013-09-30": "", "2013-06-30": "", "2013-03-31": "", "2012-12-31": "", "2012-09-30": "", "2012-06-30": "", "2012-03-31": "", "2011-12-31": "", "2011-09-30": "", "2011-06-30": "", "2011-03-31": "", "2010-12-31": "", "2010-09-30": "", "2010-06-30": "", "2010-03-31": "", "2009-12-31": "", "2009-09-30": "", "2009-06-30": "", "2009-03-31": "", "2008-12-31": "", "2008-09-30": "", "2008-06-30": "", "2008-03-31": "", "2007-12-31": "", "2007-09-30": "-390.15000", "2007-06-30": "", "2007-03-31": "", "2006-12-31": "", "2006-09-30": "", "2006-06-30": "", "2006-03-31": "", "2005-12-31": "", "2005-09-30": "", "2005-06-30": "", "2005-03-31": ""}, "Operating Expenses": {"2020-12-31": "", "2020-09-30": "649.90000", "2020-06-30": "647.40000", "2020-03-31": "709.30000", "2019-12-31": "972.89990", "2019-09-30": "663.00000", "2019-06-30": "718.80000", "2019-03-31": "718.00000", "2018-12-31": "729.50000", "2018-09-30": "731.90000", "2018-06-30": "738.00000", "2018-03-31": "704.80000", "2017-12-31": "627.00010", "2017-09-30": "593.80000", "2017-06-30": "596.70000", "2017-03-31": "580.10000", "2016-12-31": "786.80000", "2016-09-30": "590.40000", "2016-06-30": "609.60000", "2016-03-31": "574.50000", "2015-12-31": "577.20020", "2015-09-30": "576.70000", "2015-06-30": "621.00000", "2015-03-31": "592.70000", "2014-12-31": "641.20000", "2014-09-30": "679.70000", "2014-06-30": "652.50000", "2014-03-31": "635.30000", "2013-12-31": "598.32290", "2013-09-30": "548.50600", "2013-06-30": "559.90000", "2013-03-31": "540.67100", "2012-12-31": "553.60490", "2012-09-30": "559.39700", "2012-06-30": "588.30900", "2012-03-31": "567.31600", "2011-12-31": "804.50210", "2011-09-30": "566.79800", "2011-06-30": "554.33800", "2011-03-31": "538.16000", "2010-12-31": "483.66310", "2010-09-30": "497.83500", "2010-06-30": "487.51000", "2010-03-31": "477.01100", "2009-12-31": "475.56310", "2009-09-30": "495.25700", "2009-06-30": "499.99900", "2009-03-31": "517.25500", "2008-12-31": "567.32500", "2008-09-30": "588.06000", "2008-06-30": "607.21100", "2008-03-31": "603.51900", "2007-12-31": "620.28200", "2007-09-30": "976.71000", "2007-06-30": "589.10000", "2007-03-31": "559.81800", "2006-12-31": "528.18310", "2006-09-30": "496.54100", "2006-06-30": "492.06100", "2006-03-31": "492.16800", "2005-12-31": "451.22290", "2005-09-30": "460.47200", "2005-06-30": "470.72100", "2005-03-31": "465.21100"}, "Operating Income": {"2020-12-31": "726.40000", "2020-09-30": "84.90000", "2020-06-30": "30.50000", "2020-03-31": "88.60000", "2019-12-31": "-135.39980", "2019-09-30": "109.30000", "2019-06-30": "122.80000", "2019-03-31": "113.70000", "2018-12-31": "110.10000", "2018-09-30": "123.90000", "2018-06-30": "113.00000", "2018-03-31": "94.29990", "2017-12-31": "87.20000", "2017-09-30": "102.10000", "2017-06-30": "105.80000", "2017-03-31": "93.30010", "2016-12-31": "-105.20000", "2016-09-30": "103.80000", "2016-06-30": "102.60000", "2016-03-31": "85.50000", "2015-12-31": "103.40000", "2015-09-30": "93.20010", "2015-06-30": "90.20000", "2015-03-31": "86.10000", "2014-12-31": "89.50010", "2014-09-30": "47.70000", "2014-06-30": "97.60000", "2014-03-31": "81.50000", "2013-12-31": "83.14520", "2013-09-30": "89.00900", "2013-06-30": "88.84600", "2013-03-31": "86.90000", "2012-12-31": "76.18320", "2012-09-30": "86.58410", "2012-06-30": "69.37700", "2012-03-31": "78.29700", "2011-12-31": "-195.43030", "2011-09-30": "80.29000", "2011-06-30": "78.85100", "2011-03-31": "72.86000", "2010-12-31": "51.83690", "2010-09-30": "62.87900", "2010-06-30": "65.30400", "2010-03-31": "53.28000", "2009-12-31": "69.44000", "2009-09-30": "55.45300", "2009-06-30": "45.49200", "2009-03-31": "37.88400", "2008-12-31": "21.95400", "2008-09-30": "54.61800", "2008-06-30": "86.27100", "2008-03-31": "75.34890", "2007-12-31": "45.68200", "2007-09-30": "-312.61690", "2007-06-30": "71.79700", "2007-03-31": "68.39900", "2006-12-31": "53.46780", "2006-09-30": "71.16300", "2006-06-30": "66.09000", "2006-03-31": "57.21500", "2005-12-31": "55.11510", "2005-09-30": "61.75900", "2005-06-30": "54.89800", "2005-03-31": "41.85000"}, "Total Non-Operating Income/Expense": {"2020-12-31": "-9.00000", "2020-09-30": "-9.50000", "2020-06-30": "-11.60000", "2020-03-31": "-8.30000", "2019-12-31": "-10.50000", "2019-09-30": "-15.60000", "2019-06-30": "-4.30000", "2019-03-31": "-9.30000", "2018-12-31": "-5.80000", "2018-09-30": "-6.10000", "2018-06-30": "-8.10000", "2018-03-31": "-9.90000", "2017-12-31": "-4.30000", "2017-09-30": "-5.10000", "2017-06-30": "-6.10000", "2017-03-31": "-5.40000", "2016-12-31": "4.10000", "2016-09-30": "-8.80000", "2016-06-30": "-9.00000", "2016-03-31": "-8.90000", "2015-12-31": "-9.20000", "2015-09-30": "-8.90000", "2015-06-30": "-8.60000", "2015-03-31": "-9.70000", "2014-12-31": "-5.70000", "2014-09-30": "-8.90000", "2014-06-30": "-10.90000", "2014-03-31": "-9.60000", "2013-12-31": "-2.56700", "2013-09-30": "-6.80700", "2013-06-30": "-6.32000", "2013-03-31": "-6.20600", "2012-12-31": "-6.31000", "2012-09-30": "-6.18100", "2012-06-30": "-6.68200", "2012-03-31": "-6.66300", "2011-12-31": "-6.66800", "2011-09-30": "-6.10500", "2011-06-30": "-6.33000", "2011-03-31": "-2.70700", "2010-12-31": "-5.76900", "2010-09-30": "-4.91700", "2010-06-30": "-7.02500", "2010-03-31": "-6.52200", "2009-12-31": "-6.87300", "2009-09-30": "-6.46800", "2009-06-30": "-5.78600", "2009-03-31": "-4.21600", "2008-12-31": "-45.16900", "2008-09-30": "-3.03200", "2008-06-30": "-2.45300", "2008-03-31": "-3.89100", "2007-12-31": "21.13500", "2007-09-30": "-4.46100", "2007-06-30": "-4.98100", "2007-03-31": "-3.74200", "2006-12-31": "-1.64200", "2006-09-30": "-3.23100", "2006-06-30": "-0.17100", "2006-03-31": "-3.55800", "2005-12-31": "-3.92200", "2005-09-30": "-4.28300", "2005-06-30": "-3.79700", "2005-03-31": "-5.09700"}, "Pre-Tax Income": {"2020-12-31": "49.90000", "2020-09-30": "75.40000", "2020-06-30": "18.90000", "2020-03-31": "80.30000", "2019-12-31": "-145.90000", "2019-09-30": "93.70000", "2019-06-30": "118.50000", "2019-03-31": "104.40000", "2018-12-31": "104.30000", "2018-09-30": "117.80000", "2018-06-30": "104.90000", "2018-03-31": "84.40000", "2017-12-31": "82.90000", "2017-09-30": "97.00000", "2017-06-30": "99.70000", "2017-03-31": "87.90000", "2016-12-31": "-101.10000", "2016-09-30": "95.00000", "2016-06-30": "93.60000", "2016-03-31": "76.60000", "2015-12-31": "94.40000", "2015-09-30": "84.30000", "2015-06-30": "81.50000", "2015-03-31": "76.30000", "2014-12-31": "83.80000", "2014-09-30": "38.90000", "2014-06-30": "86.70000", "2014-03-31": "71.80000", "2013-12-31": "80.57800", "2013-09-30": "82.20200", "2013-06-30": "82.52600", "2013-03-31": "80.69400", "2012-12-31": "69.87300", "2012-09-30": "80.40300", "2012-06-30": "62.69500", "2012-03-31": "71.63400", "2011-12-31": "-202.09800", "2011-09-30": "74.18500", "2011-06-30": "72.52100", "2011-03-31": "70.15300", "2010-12-31": "46.06800", "2010-09-30": "57.96200", "2010-06-30": "58.27900", "2010-03-31": "46.75800", "2009-12-31": "62.56700", "2009-09-30": "48.98500", "2009-06-30": "39.70600", "2009-03-31": "33.66800", "2008-12-31": "-23.21500", "2008-09-30": "51.58600", "2008-06-30": "83.81800", "2008-03-31": "71.45800", "2007-12-31": "66.81700", "2007-09-30": "-317.07800", "2007-06-30": "66.81600", "2007-03-31": "64.65700", "2006-12-31": "51.82600", "2006-09-30": "67.93200", "2006-06-30": "65.91900", "2006-03-31": "53.65700", "2005-12-31": "51.19300", "2005-09-30": "57.47600", "2005-06-30": "51.10100", "2005-03-31": "36.75300"}, "Income Taxes": {"2020-12-31": "3.00000", "2020-09-30": "18.80000", "2020-06-30": "4.10000", "2020-03-31": "17.50000", "2019-12-31": "-33.40000", "2019-09-30": "21.10000", "2019-06-30": "27.50000", "2019-03-31": "21.90000", "2018-12-31": "15.30000", "2018-09-30": "20.70000", "2018-06-30": "24.20000", "2018-03-31": "15.70000", "2017-12-31": "111.50000", "2017-09-30": "28.50000", "2017-06-30": "30.40000", "2017-03-31": "24.60000", "2016-12-31": "-37.60000", "2016-09-30": "31.30000", "2016-06-30": "25.20000", "2016-03-31": "21.40000", "2015-12-31": "28.80000", "2015-09-30": "27.10000", "2015-06-30": "25.70000", "2015-03-31": "24.90000", "2014-12-31": "27.20000", "2014-09-30": "10.70000", "2014-06-30": "26.80000", "2014-03-31": "22.90000", "2013-12-31": "30.51700", "2013-09-30": "24.71900", "2013-06-30": "27.11200", "2013-03-31": "22.75200", "2012-12-31": "23.90200", "2012-09-30": "23.99700", "2012-06-30": "19.85700", "2012-03-31": "20.66000", "2011-12-31": "-75.49000", "2011-09-30": "22.96600", "2011-06-30": "22.69400", "2011-03-31": "21.77500", "2010-12-31": "8.03800", "2010-09-30": "16.35900", "2010-06-30": "18.11600", "2010-03-31": "13.57400", "2009-12-31": "14.87500", "2009-09-30": "13.83200", "2009-06-30": "11.90100", "2009-03-31": "10.23800", "2008-12-31": "-15.09600", "2008-09-30": "15.61200", "2008-06-30": "25.09800", "2008-03-31": "23.08000", "2007-12-31": "21.48300", "2007-09-30": "-120.12800", "2007-06-30": "21.08000", "2007-03-31": "21.01200", "2006-12-31": "13.84400", "2006-09-30": "21.88900", "2006-06-30": "21.45600", "2006-03-31": "16.25800", "2005-12-31": "15.87000", "2005-09-30": "17.43400", "2005-06-30": "15.42700", "2005-03-31": "11.75500"}, "Income After Taxes": {"2020-12-31": "46.90000", "2020-09-30": "56.60000", "2020-06-30": "14.80000", "2020-03-31": "62.80000", "2019-12-31": "-112.50000", "2019-09-30": "72.60000", "2019-06-30": "91.00000", "2019-03-31": "82.50000", "2018-12-31": "89.00000", "2018-09-30": "97.10000", "2018-06-30": "80.70000", "2018-03-31": "68.70000", "2017-12-31": "-28.60000", "2017-09-30": "68.50000", "2017-06-30": "69.30000", "2017-03-31": "63.30000", "2016-12-31": "-63.50000", "2016-09-30": "63.70000", "2016-06-30": "68.40000", "2016-03-31": "55.20000", "2015-12-31": "65.60000", "2015-09-30": "57.20000", "2015-06-30": "55.80000", "2015-03-31": "51.40000", "2014-12-31": "56.60000", "2014-09-30": "28.20000", "2014-06-30": "59.90000", "2014-03-31": "48.90000", "2013-12-31": "50.06100", "2013-09-30": "57.48300", "2013-06-30": "55.41400", "2013-03-31": "57.94200", "2012-12-31": "45.97100", "2012-09-30": "56.40600", "2012-06-30": "42.83800", "2012-03-31": "50.97400", "2011-12-31": "-126.60800", "2011-09-30": "51.21900", "2011-06-30": "49.82700", "2011-03-31": "48.37800", "2010-12-31": "38.03000", "2010-09-30": "41.60300", "2010-06-30": "40.16300", "2010-03-31": "33.18400", "2009-12-31": "47.69200", "2009-09-30": "35.15300", "2009-06-30": "27.80500", "2009-03-31": "23.43000", "2008-12-31": "-8.11900", "2008-09-30": "35.97400", "2008-06-30": "58.72000", "2008-03-31": "48.37800", "2007-12-31": "45.33400", "2007-09-30": "-196.95000", "2007-06-30": "45.73600", "2007-03-31": "43.64500", "2006-12-31": "37.98200", "2006-09-30": "46.04300", "2006-06-30": "44.46300", "2006-03-31": "37.39900", "2005-12-31": "35.32300", "2005-09-30": "40.04200", "2005-06-30": "35.67400", "2005-03-31": "24.99800"}, "Other Income": {"2020-12-31": "", "2020-09-30": "", "2020-06-30": "", "2020-03-31": "", "2019-12-31": "", "2019-09-30": "", "2019-06-30": "", "2019-03-31": "", "2018-12-31": "", "2018-09-30": "", "2018-06-30": "", "2018-03-31": "", "2017-12-31": "", "2017-09-30": "", "2017-06-30": "", "2017-03-31": "", "2016-12-31": "", "2016-09-30": "", "2016-06-30": "", "2016-03-31": "", "2015-12-31": "", "2015-09-30": "", "2015-06-30": "", "2015-03-31": "", "2014-12-31": "", "2014-09-30": "", "2014-06-30": "", "2014-03-31": "", "2013-12-31": "", "2013-09-30": "", "2013-06-30": "", "2013-03-31": "", "2012-12-31": "", "2012-09-30": "", "2012-06-30": "", "2012-03-31": "", "2011-12-31": "", "2011-09-30": "", "2011-06-30": "", "2011-03-31": "", "2010-12-31": "", "2010-09-30": "", "2010-06-30": "", "2010-03-31": "", "2009-12-31": "", "2009-09-30": "", "2009-06-30": "", "2009-03-31": "", "2008-12-31": "", "2008-09-30": "", "2008-06-30": "", "2008-03-31": "", "2007-12-31": "", "2007-09-30": "", "2007-06-30": "", "2007-03-31": "", "2006-12-31": "", "2006-09-30": "", "2006-06-30": "", "2006-03-31": "", "2005-12-31": "", "2005-09-30": "", "2005-06-30": "", "2005-03-31": ""}, "Income From Continuous Operations": {"2020-12-31": "46.90000", "2020-09-30": "56.60000", "2020-06-30": "14.80000", "2020-03-31": "62.80000", "2019-12-31": "-112.50000", "2019-09-30": "72.60000", "2019-06-30": "91.00000", "2019-03-31": "82.50000", "2018-12-31": "89.00000", "2018-09-30": "97.10000", "2018-06-30": "80.70000", "2018-03-31": "68.70000", "2017-12-31": "-28.60000", "2017-09-30": "68.50000", "2017-06-30": "69.30000", "2017-03-31": "63.30000", "2016-12-31": "-63.50000", "2016-09-30": "63.70000", "2016-06-30": "68.40000", "2016-03-31": "55.20000", "2015-12-31": "65.60000", "2015-09-30": "57.20000", "2015-06-30": "55.80000", "2015-03-31": "51.40000", "2014-12-31": "56.60000", "2014-09-30": "28.20000", "2014-06-30": "59.90000", "2014-03-31": "48.90000", "2013-12-31": "50.06100", "2013-09-30": "57.48300", "2013-06-30": "55.41400", "2013-03-31": "57.94200", "2012-12-31": "45.97100", "2012-09-30": "56.40600", "2012-06-30": "42.83800", "2012-03-31": "50.97400", "2011-12-31": "-126.60800", "2011-09-30": "51.21900", "2011-06-30": "49.82700", "2011-03-31": "48.37800", "2010-12-31": "38.03000", "2010-09-30": "41.60300", "2010-06-30": "40.16300", "2010-03-31": "33.18400", "2009-12-31": "47.69200", "2009-09-30": "35.15300", "2009-06-30": "27.80500", "2009-03-31": "23.43000", "2008-12-31": "-8.11900", "2008-09-30": "35.97400", "2008-06-30": "58.72000", "2008-03-31": "48.37800", "2007-12-31": "45.33400", "2007-09-30": "-196.95000", "2007-06-30": "45.73600", "2007-03-31": "43.64500", "2006-12-31": "37.98200", "2006-09-30": "46.04300", "2006-06-30": "44.46300", "2006-03-31": "37.39900", "2005-12-31": "35.32300", "2005-09-30": "40.04200", "2005-06-30": "35.67400", "2005-03-31": "24.99800"}, "Income From Discontinued Operations": {"2020-12-31": "", "2020-09-30": "", "2020-06-30": "", "2020-03-31": "", "2019-12-31": "", "2019-09-30": "", "2019-06-30": "", "2019-03-31": "", "2018-12-31": "", "2018-09-30": "", "2018-06-30": "", "2018-03-31": "", "2017-12-31": "", "2017-09-30": "", "2017-06-30": "", "2017-03-31": "", "2016-12-31": "", "2016-09-30": "", "2016-06-30": "", "2016-03-31": "", "2015-12-31": "", "2015-09-30": "", "2015-06-30": "", "2015-03-31": "", "2014-12-31": "", "2014-09-30": "", "2014-06-30": "", "2014-03-31": "", "2013-12-31": "", "2013-09-30": "", "2013-06-30": "", "2013-03-31": "", "2012-12-31": "0.00000", "2012-09-30": "0.90100", "2012-06-30": "19.90900", "2012-03-31": "0.82200", "2011-12-31": "1.80300", "2011-09-30": "1.18700", "2011-06-30": "0.71000", "2011-03-31": "", "2010-12-31": "", "2010-09-30": "", "2010-06-30": "", "2010-03-31": "", "2009-12-31": "", "2009-09-30": "", "2009-06-30": "", "2009-03-31": "", "2008-12-31": "", "2008-09-30": "", "2008-06-30": "", "2008-03-31": "", "2007-12-31": "", "2007-09-30": "", "2007-06-30": "", "2007-03-31": "", "2006-12-31": "", "2006-09-30": "", "2006-06-30": "", "2006-03-31": "", "2005-12-31": "", "2005-09-30": "", "2005-06-30": "", "2005-03-31": ""}, "Net Income": {"2020-12-31": "46.80000", "2020-09-30": "56.60000", "2020-06-30": "14.80000", "2020-03-31": "62.80000", "2019-12-31": "-112.60000", "2019-09-30": "72.50000", "2019-06-30": "91.00000", "2019-03-31": "82.40000", "2018-12-31": "89.20000", "2018-09-30": "97.00000", "2018-06-30": "80.70000", "2018-03-31": "68.70000", "2017-12-31": "-28.70000", "2017-09-30": "68.20000", "2017-06-30": "69.20000", "2017-03-31": "63.10000", "2016-12-31": "-63.90000", "2016-09-30": "63.50000", "2016-06-30": "68.20000", "2016-03-31": "55.00000", "2015-12-31": "65.10000", "2015-09-30": "56.90000", "2015-06-30": "55.80000", "2015-03-31": "51.10000", "2014-12-31": "56.20000", "2014-09-30": "28.10000", "2014-06-30": "59.70000", "2014-03-31": "48.70000", "2013-12-31": "49.70400", "2013-09-30": "57.13100", "2013-06-30": "54.87400", "2013-03-31": "57.79100", "2012-12-31": "45.64400", "2012-09-30": "57.12500", "2012-06-30": "62.56200", "2012-03-31": "51.66200", "2011-12-31": "-125.12900", "2011-09-30": "52.54000", "2011-06-30": "50.43700", "2011-03-31": "48.46700", "2010-12-31": "39.38800", "2010-09-30": "41.50700", "2010-06-30": "40.04100", "2010-03-31": "33.23400", "2009-12-31": "47.67000", "2009-09-30": "35.10800", "2009-06-30": "27.76700", "2009-03-31": "23.31100", "2008-12-31": "-8.31100", "2008-09-30": "36.08200", "2008-06-30": "59.00900", "2008-03-31": "48.37800", "2007-12-31": "45.22700", "2007-09-30": "-196.95000", "2007-06-30": "45.73600", "2007-03-31": "43.64500", "2006-12-31": "37.98200", "2006-09-30": "46.04300", "2006-06-30": "44.46300", "2006-03-31": "37.39900", "2005-12-31": "35.32300", "2005-09-30": "40.04200", "2005-06-30": "35.67400", "2005-03-31": "24.99800"}, "EBITDA": {"2020-12-31": "", "2020-09-30": "117.30000", "2020-06-30": "63.50000", "2020-03-31": "118.50000", "2019-12-31": "-106.09980", "2019-09-30": "137.20000", "2019-06-30": "151.40000", "2019-03-31": "141.40000", "2018-12-31": "146.00000", "2018-09-30": "151.70000", "2018-06-30": "141.40000", "2018-03-31": "122.19990", "2017-12-31": "105.89990", "2017-09-30": "120.60000", "2017-06-30": "123.90000", "2017-03-31": "110.70010", "2016-12-31": "-88.60000", "2016-09-30": "120.50000", "2016-06-30": "120.20000", "2016-03-31": "102.00000", "2015-12-31": "120.50000", "2015-09-30": "109.20010", "2015-06-30": "107.60000", "2015-03-31": "102.60000", "2014-12-31": "107.30010", "2014-09-30": "65.80000", "2014-06-30": "115.70000", "2014-03-31": "103.30000", "2013-12-31": "99.78620", "2013-09-30": "101.44400", "2013-06-30": "101.85990", "2013-03-31": "99.61000", "2012-12-31": "90.32420", "2012-09-30": "99.75810", "2012-06-30": "84.65100", "2012-03-31": "92.97100", "2011-12-31": "-179.69530", "2011-09-30": "95.87100", "2011-06-30": "94.70400", "2011-03-31": "88.63400", "2010-12-31": "67.08190", "2010-09-30": "77.63000", "2010-06-30": "80.71200", "2010-03-31": "67.71700", "2009-12-31": "83.78700", "2009-09-30": "69.47800", "2009-06-30": "60.27100", "2009-03-31": "52.93700", "2008-12-31": "35.15100", "2008-09-30": "68.88800", "2008-06-30": "100.98300", "2008-03-31": "90.33190", "2007-12-31": "62.25200", "2007-09-30": "-298.94490", "2007-06-30": "87.28900", "2007-03-31": "83.97500", "2006-12-31": "68.69680", "2006-09-30": "83.42200", "2006-06-30": "77.62200", "2006-03-31": "72.48000", "2005-12-31": "66.61710", "2005-09-30": "73.42500", "2005-06-30": "67.39700", "2005-03-31": "54.19400"}, "EBIT": {"2020-12-31": "726.40000", "2020-09-30": "84.90000", "2020-06-30": "30.50000", "2020-03-31": "88.60000", "2019-12-31": "-135.39980", "2019-09-30": "109.30000", "2019-06-30": "122.80000", "2019-03-31": "113.70000", "2018-12-31": "110.10010", "2018-09-30": "123.90000", "2018-06-30": "113.00000", "2018-03-31": "94.29990", "2017-12-31": "87.19980", "2017-09-30": "102.10000", "2017-06-30": "105.80000", "2017-03-31": "93.30010", "2016-12-31": "-105.20010", "2016-09-30": "103.80000", "2016-06-30": "102.60000", "2016-03-31": "85.50000", "2015-12-31": "103.39980", "2015-09-30": "93.20010", "2015-06-30": "90.20000", "2015-03-31": "86.10000", "2014-12-31": "89.50010", "2014-09-30": "47.70000", "2014-06-30": "97.60000", "2014-03-31": "81.50000", "2013-12-31": "83.14520", "2013-09-30": "89.00900", "2013-06-30": "88.84600", "2013-03-31": "86.90000", "2012-12-31": "76.18320", "2012-09-30": "86.58410", "2012-06-30": "69.37700", "2012-03-31": "78.29700", "2011-12-31": "-195.43020", "2011-09-30": "80.29000", "2011-06-30": "78.85100", "2011-03-31": "72.86000", "2010-12-31": "51.83700", "2010-09-30": "62.87900", "2010-06-30": "65.30400", "2010-03-31": "53.28000", "2009-12-31": "69.43990", "2009-09-30": "55.45300", "2009-06-30": "45.49200", "2009-03-31": "37.88400", "2008-12-31": "21.95400", "2008-09-30": "54.61800", "2008-06-30": "86.27100", "2008-03-31": "75.34890", "2007-12-31": "45.68200", "2007-09-30": "-312.61690", "2007-06-30": "71.79700", "2007-03-31": "68.39900", "2006-12-31": "53.46780", "2006-09-30": "71.16300", "2006-06-30": "66.09000", "2006-03-31": "57.21500", "2005-12-31": "55.11510", "2005-09-30": "61.75900", "2005-06-30": "54.89800", "2005-03-31": "41.85000"}, "Basic Shares Outstanding": {"2020-12-31": "58.50000", "2020-09-30": "58.10000", "2020-06-30": "58.00000", "2020-03-31": "58.80000", "2019-12-31": "59.80000", "2019-09-30": "60.00000", "2019-06-30": "59.90000", "2019-03-31": "59.80000", "2018-12-31": "59.60000", "2018-09-30": "59.70000", "2018-06-30": "59.70000", "2018-03-31": "59.70000", "2017-12-31": "59.40000", "2017-09-30": "59.50000", "2017-06-30": "59.50000", "2017-03-31": "59.30000", "2016-12-31": "58.50000", "2016-09-30": "58.50000", "2016-06-30": "58.30000", "2016-03-31": "58.20000", "2015-12-31": "58.10000", "2015-09-30": "58.10000", "2015-06-30": "58.00000", "2015-03-31": "58.10000", "2014-12-31": "58.70000", "2014-09-30": "59.00000", "2014-06-30": "58.90000", "2014-03-31": "58.50000", "2013-12-31": "57.90000", "2013-09-30": "58.09300", "2013-06-30": "57.90800", "2013-03-31": "57.47900", "2012-12-31": "57.44300", "2012-09-30": "57.12300", "2012-06-30": "57.76200", "2012-03-31": "57.88900", "2011-12-31": "58.12000", "2011-09-30": "58.04800", "2011-06-30": "58.17300", "2011-03-31": "58.33000", "2010-12-31": "58.60100", "2010-09-30": "58.60800", "2010-06-30": "58.90900", "2010-03-31": "58.65000", "2009-12-31": "58.47300", "2009-09-30": "58.47200", "2009-06-30": "58.45900", "2009-03-31": "58.45300", "2008-12-31": "59.66700", "2008-09-30": "59.81100", "2008-06-30": "59.70700", "2008-03-31": "60.04000", "2007-12-31": "60.03700", "2007-09-30": "59.88400", "2007-06-30": "59.76700", "2007-03-31": "60.20900", "2006-12-31": "60.90600", "2006-09-30": "61.11000", "2006-06-30": "60.99500", "2006-03-31": "60.71800", "2005-12-31": "59.81600", "2005-09-30": "59.93600", "2005-06-30": "59.60600", "2005-03-31": "59.45500"}, "Shares Outstanding": {"2020-12-31": "58.10000", "2020-09-30": "58.50000", "2020-06-30": "58.50000", "2020-03-31": "59.60000", "2019-12-31": "60.60000", "2019-09-30": "60.80000", "2019-06-30": "60.80000", "2019-03-31": "60.70000", "2018-12-31": "61.00000", "2018-09-30": "61.10000", "2018-06-30": "61.10000", "2018-03-31": "61.00000", "2017-12-31": "60.40000", "2017-09-30": "60.40000", "2017-06-30": "60.50000", "2017-03-31": "60.30000", "2016-12-31": "59.30000", "2016-09-30": "59.40000", "2016-06-30": "59.20000", "2016-03-31": "58.90000", "2015-12-31": "58.80000", "2015-09-30": "58.80000", "2015-06-30": "58.80000", "2015-03-31": "58.90000", "2014-12-31": "59.60000", "2014-09-30": "59.90000", "2014-06-30": "59.80000", "2014-03-31": "59.50000", "2013-12-31": "58.80000", "2013-09-30": "59.03500", "2013-06-30": "58.82800", "2013-03-31": "58.38900", "2012-12-31": "58.29300", "2012-09-30": "57.87300", "2012-06-30": "58.61400", "2012-03-31": "58.88000", "2011-12-31": "59.20400", "2011-09-30": "59.05800", "2011-06-30": "59.34800", "2011-03-31": "59.55200", "2010-12-31": "59.56200", "2010-09-30": "59.52500", "2010-06-30": "59.89400", "2010-03-31": "59.57000", "2009-12-31": "58.81200", "2009-09-30": "58.84200", "2009-06-30": "58.72800", "2009-03-31": "58.54300", "2008-12-31": "60.29800", "2008-09-30": "60.48500", "2008-06-30": "60.58100", "2008-03-31": "60.95500", "2007-12-31": "60.03700", "2007-09-30": "59.88400", "2007-06-30": "60.88200", "2007-03-31": "61.20700", "2006-12-31": "62.10300", "2006-09-30": "62.22600", "2006-06-30": "62.33800", "2006-03-31": "61.80100", "2005-12-31": "60.41300", "2005-09-30": "60.49000", "2005-06-30": "60.09100", "2005-03-31": "60.07000"}, "Basic EPS": {"2020-12-31": "0.80000", "2020-09-30": "0.97000", "2020-06-30": "0.26000", "2020-03-31": "1.07000", "2019-12-31": "-1.88000", "2019-09-30": "1.21000", "2019-06-30": "1.52000", "2019-03-31": "1.38000", "2018-12-31": "1.51000", "2018-09-30": "1.62000", "2018-06-30": "1.35000", "2018-03-31": "1.15000", "2017-12-31": "-0.48000", "2017-09-30": "1.15000", "2017-06-30": "1.16000", "2017-03-31": "1.06000", "2016-12-31": "-1.11000", "2016-09-30": "1.09000", "2016-06-30": "1.17000", "2016-03-31": "0.95000", "2015-12-31": "1.12000", "2015-09-30": "0.98000", "2015-06-30": "0.96000", "2015-03-31": "0.88000", "2014-12-31": "0.96000", "2014-09-30": "0.48000", "2014-06-30": "1.01000", "2014-03-31": "0.83000", "2013-12-31": "0.85000", "2013-09-30": "0.98000", "2013-06-30": "0.95000", "2013-03-31": "1.01000", "2012-12-31": "0.81000", "2012-09-30": "1.00000", "2012-06-30": "1.08000", "2012-03-31": "0.89000", "2011-12-31": "-2.16000", "2011-09-30": "0.91000", "2011-06-30": "0.87000", "2011-03-31": "0.83000", "2010-12-31": "0.67000", "2010-09-30": "0.71000", "2010-06-30": "0.68000", "2010-03-31": "0.57000", "2009-12-31": "0.82000", "2009-09-30": "0.60000", "2009-06-30": "0.47000", "2009-03-31": "0.40000", "2008-12-31": "-0.13000", "2008-09-30": "0.60000", "2008-06-30": "0.99000", "2008-03-31": "0.81000", "2007-12-31": "0.76000", "2007-09-30": "-3.29000", "2007-06-30": "0.77000", "2007-03-31": "0.72000", "2006-12-31": "0.62000", "2006-09-30": "0.75000", "2006-06-30": "0.73000", "2006-03-31": "0.62000", "2005-12-31": "0.58000", "2005-09-30": "0.67000", "2005-06-30": "0.60000", "2005-03-31": "0.42000"}, "EPS - Earnings Per Share": {"2020-12-31": "0.80000", "2020-09-30": "0.97000", "2020-06-30": "0.25000", "2020-03-31": "1.05000", "2019-12-31": "-1.85000", "2019-09-30": "1.19000", "2019-06-30": "1.50000", "2019-03-31": "1.36000", "2018-12-31": "1.46000", "2018-09-30": "1.59000", "2018-06-30": "1.32000", "2018-03-31": "1.13000", "2017-12-31": "-0.48000", "2017-09-30": "1.13000", "2017-06-30": "1.14000", "2017-03-31": "1.05000", "2016-12-31": "-1.08000", "2016-09-30": "1.07000", "2016-06-30": "1.15000", "2016-03-31": "0.93000", "2015-12-31": "1.10000", "2015-09-30": "0.97000", "2015-06-30": "0.95000", "2015-03-31": "0.87000", "2014-12-31": "0.94000", "2014-09-30": "0.47000", "2014-06-30": "1.00000", "2014-03-31": "0.82000", "2013-12-31": "0.84000", "2013-09-30": "0.97000", "2013-06-30": "0.93000", "2013-03-31": "0.99000", "2012-12-31": "0.78000", "2012-09-30": "0.99000", "2012-06-30": "1.07000", "2012-03-31": "0.88000", "2011-12-31": "-2.11000", "2011-09-30": "0.89000", "2011-06-30": "0.85000", "2011-03-31": "0.81000", "2010-12-31": "0.66000", "2010-09-30": "0.70000", "2010-06-30": "0.67000", "2010-03-31": "0.56000", "2009-12-31": "0.81000", "2009-09-30": "0.60000", "2009-06-30": "0.47000", "2009-03-31": "0.40000", "2008-12-31": "-0.12000", "2008-09-30": "0.60000", "2008-06-30": "0.97000", "2008-03-31": "0.79000", "2007-12-31": "0.79000", "2007-09-30": "-3.29000", "2007-06-30": "0.75000", "2007-03-31": "0.71000", "2006-12-31": "0.61000", "2006-09-30": "0.74000", "2006-06-30": "0.71000", "2006-03-31": "0.61000", "2005-12-31": "0.58000", "2005-09-30": "0.66000", "2005-06-30": "0.59000", "2005-03-31": "0.42000"}}, "balance sheet": {"Cash On Hand": {"2020-12-31": "551.00000", "2019-12-31": "393.90000", "2018-12-31": "343.40000", "2017-12-31": "706.20000", "2016-12-31": "509.70000", "2015-12-31": "363.50000", "2014-12-31": "346.30000", "2013-12-31": "270.64300", "2012-12-31": "423.94700", "2011-12-31": "245.08900", "2010-12-31": "272.94100", "2009-12-31": "372.71400", "2008-12-31": "231.84000", "2007-12-31": "283.37000", "2006-12-31": "138.60700", "2005-12-31": "180.39200"}, "Receivables": {"2020-12-31": "447.10000", "2019-12-31": "569.20000", "2018-12-31": "531.80000", "2017-12-31": "443.40000", "2016-12-31": "414.40000", "2015-12-31": "418.10000", "2014-12-31": "431.40000", "2013-12-31": "460.32400", "2012-12-31": "367.05200", "2011-12-31": "365.59500", "2010-12-31": "334.91800", "2009-12-31": "317.76300", "2008-12-31": "375.56300", "2007-12-31": "378.77600", "2006-12-31": "382.64600", "2005-12-31": "289.52100"}, "Inventory": {"2020-12-31": "438.70000", "2019-12-31": "457.30000", "2018-12-31": "411.50000", "2017-12-31": "349.30000", "2016-12-31": "342.50000", "2015-12-31": "376.90000", "2014-12-31": "369.70000", "2013-12-31": "368.88600", "2012-12-31": "352.72500", "2011-12-31": "360.68900", "2010-12-31": "319.07700", "2009-12-31": "284.55200", "2008-12-31": "349.92600", "2007-12-31": "327.71900", "2006-12-31": "313.25900", "2005-12-31": "272.35400"}, "Pre-Paid Expenses": {"2020-12-31": "", "2019-12-31": "", "2018-12-31": "", "2017-12-31": "", "2016-12-31": "", "2015-12-31": "", "2014-12-31": "", "2013-12-31": "", "2012-12-31": "", "2011-12-31": "", "2010-12-31": "", "2009-12-31": "", "2008-12-31": "", "2007-12-31": "", "2006-12-31": "", "2005-12-31": ""}, "Other Current Assets": {"2020-12-31": "137.40000", "2019-12-31": "79.50000", "2018-12-31": "76.20000", "2017-12-31": "19.60000", "2016-12-31": "19.50000", "2015-12-31": "17.50000", "2014-12-31": "14.80000", "2013-12-31": "17.58800", "2012-12-31": "15.17900", "2011-12-31": "14.19500", "2010-12-31": "16.76900", "2009-12-31": "12.46100", "2008-12-31": "13.45400", "2007-12-31": "13.34300", "2006-12-31": "13.00200", "2005-12-31": "56.12800"}, "Total Current Assets": {"2020-12-31": "1574.20000", "2019-12-31": "1499.90000", "2018-12-31": "1362.90000", "2017-12-31": "1518.50000", "2016-12-31": "1315.70000", "2015-12-31": "1203.50000", "2014-12-31": "1195.20000", "2013-12-31": "1149.09200", "2012-12-31": "1180.52100", "2011-12-31": "1032.23200", "2010-12-31": "988.66100", "2009-12-31": "1046.34600", "2008-12-31": "1021.24000", "2007-12-31": "1037.62200", "2006-12-31": "880.40900", "2005-12-31": "798.39500"}, "Property, Plant, And Equipment": {"2020-12-31": "600.40000", "2019-12-31": "616.30000", "2018-12-31": "599.10000", "2017-12-31": "282.40000", "2016-12-31": "278.90000", "2015-12-31": "276.00000", "2014-12-31": "290.30000", "2013-12-31": "305.05500", "2012-12-31": "268.28300", "2011-12-31": "284.14600", "2010-12-31": "280.74600", "2009-12-31": "285.22400", "2008-12-31": "290.81400", "2007-12-31": "289.68300", "2006-12-31": "289.55500", "2005-12-31": "263.79100"}, "Long-Term Investments": {"2020-12-31": "", "2019-12-31": "", "2018-12-31": "", "2017-12-31": "", "2016-12-31": "", "2015-12-31": "", "2014-12-31": "", "2013-12-31": "", "2012-12-31": "", "2011-12-31": "", "2010-12-31": "", "2009-12-31": "", "2008-12-31": "", "2007-12-31": "", "2006-12-31": "", "2005-12-31": ""}, "Goodwill And Intangible Assets": {"2020-12-31": "1608.50000", "2019-12-31": "1977.50000", "2018-12-31": "1885.50000", "2017-12-31": "1483.70000", "2016-12-31": "1431.40000", "2015-12-31": "1485.00000", "2014-12-31": "1544.80000", "2013-12-31": "1658.23900", "2012-12-31": "939.70500", "2011-12-31": "967.05100", "2010-12-31": "972.92100", "2009-12-31": "880.70900", "2008-12-31": "887.93300", "2007-12-31": "894.70000", "2006-12-31": "827.48000", "2005-12-31": "629.09000"}, "Other Long-Term Assets": {"2020-12-31": "733.30000", "2019-12-31": "211.30000", "2018-12-31": "101.40000", "2017-12-31": "114.60000", "2016-12-31": "95.00000", "2015-12-31": "101.30000", "2014-12-31": "97.50000", "2013-12-31": "112.26500", "2012-12-31": "83.77400", "2011-12-31": "85.30100", "2010-12-31": "100.84800", "2009-12-31": "83.22900", "2008-12-31": "80.67600", "2007-12-31": "128.36000", "2006-12-31": "97.83800", "2005-12-31": "66.11400"}, "Total Long-Term Assets": {"2020-12-31": "3014.70000", "2019-12-31": "2923.80000", "2018-12-31": "2679.80000", "2017-12-31": "2075.00000", "2016-12-31": "2112.30000", "2015-12-31": "2133.40000", "2014-12-31": "2255.60000", "2013-12-31": "2410.51500", "2012-12-31": "1709.35700", "2011-12-31": "1811.29900", "2010-12-31": "1718.03600", "2009-12-31": "1666.55200", "2008-12-31": "1753.24800", "2007-12-31": "1839.67000", "2006-12-31": "1556.43700", "2005-12-31": "1341.09100"}, "Total Assets": {"2020-12-31": "4588.90000", "2019-12-31": "4423.70000", "2018-12-31": "4042.70000", "2017-12-31": "3593.50000", "2016-12-31": "3428.00000", "2015-12-31": "3336.90000", "2014-12-31": "3450.80000", "2013-12-31": "3559.60700", "2012-12-31": "2889.87800", "2011-12-31": "2843.53100", "2010-12-31": "2706.69700", "2009-12-31": "2712.89800", "2008-12-31": "2774.48800", "2007-12-31": "2877.29200", "2006-12-31": "2436.84600", "2005-12-31": "2139.48600"}, "Total Current Liabilities": {"2020-12-31": "1056.60000", "2019-12-31": "916.70000", "2018-12-31": "740.20000", "2017-12-31": "837.50000", "2016-12-31": "520.80000", "2015-12-31": "572.80000", "2014-12-31": "640.00000", "2013-12-31": "668.90200", "2012-12-31": "511.88800", "2011-12-31": "533.09500", "2010-12-31": "498.55400", "2009-12-31": "466.78200", "2008-12-31": "538.66400", "2007-12-31": "493.55200", "2006-12-31": "461.92600", "2005-12-31": "398.58900"}, "Long Term Debt": {"2020-12-31": "842.90000", "2019-12-31": "842.00000", "2018-12-31": "942.30000", "2017-12-31": "494.10000", "2016-12-31": "745.30000", "2015-12-31": "744.60000", "2014-12-31": "749.20000", "2013-12-31": "749.17000", "2012-12-31": "399.09200", "2011-12-31": "398.91400", "2010-12-31": "398.73600", "2009-12-31": "398.55700", "2008-12-31": "398.47900", "2007-12-31": "398.30100", "2006-12-31": "398.12200", "2005-12-31": "293.24800"}, "Other Non-Current Liabilities": {"2020-12-31": "1104.70000", "2019-12-31": "834.50000", "2018-12-31": "535.90000", "2017-12-31": "628.00000", "2016-12-31": "724.70000", "2015-12-31": "583.30000", "2014-12-31": "666.40000", "2013-12-31": "699.68800", "2012-12-31": "781.06600", "2011-12-31": "869.41600", "2010-12-31": "669.20100", "2009-12-31": "782.43000", "2008-12-31": "918.42800", "2007-12-31": "1008.12900", "2006-12-31": "500.57100", "2005-12-31": "558.15000"}, "Total Long Term Liabilities": {"2020-12-31": "2001.20000", "2019-12-31": "2030.70000", "2018-12-31": "1775.40000", "2017-12-31": "1407.50000", "2016-12-31": "1761.50000", "2015-12-31": "1613.30000", "2014-12-31": "1740.20000", "2013-12-31": "1676.03200", "2012-12-31": "1450.61400", "2011-12-31": "1488.38000", "2010-12-31": "1215.11300", "2009-12-31": "1352.41400", "2008-12-31": "1490.00300", "2007-12-31": "1498.93700", "2006-12-31": "1056.31700", "2005-12-31": "987.60300"}, "Total Liabilities": {"2020-12-31": "3057.80000", "2019-12-31": "2947.40000", "2018-12-31": "2515.60000", "2017-12-31": "2245.00000", "2016-12-31": "2282.30000", "2015-12-31": "2186.10000", "2014-12-31": "2380.20000", "2013-12-31": "2344.93400", "2012-12-31": "1962.50200", "2011-12-31": "2021.47500", "2010-12-31": "1713.66700", "2009-12-31": "1819.19600", "2008-12-31": "2028.66700", "2007-12-31": "1992.48900", "2006-12-31": "1518.24300", "2005-12-31": "1386.19200"}, "Common Stock Net": {"2020-12-31": "", "2019-12-31": "72.40000", "2018-12-31": "72.40000", "2017-12-31": "72.40000", "2016-12-31": "72.40000", "2015-12-31": "72.40000", "2014-12-31": "72.40000", "2013-12-31": "72.42600", "2012-12-31": "72.42600", "2011-12-31": "72.42600", "2010-12-31": "72.42600", "2009-12-31": "72.42600", "2008-12-31": "72.42600", "2007-12-31": "72.42600", "2006-12-31": "72.42600", "2005-12-31": "72.42600"}, "Retained Earnings (Accumulated Deficit)": {"2020-12-31": "", "2019-12-31": "2112.20000", "2018-12-31": "2072.10000", "2017-12-31": "1813.30000", "2016-12-31": "1719.90000", "2015-12-31": "1674.30000", "2014-12-31": "1522.10000", "2013-12-31": "1403.20200", "2012-12-31": "1250.97200", "2011-12-31": "1095.95300", "2010-12-31": "1126.63000", "2009-12-31": "1022.83800", "2008-12-31": "935.46000", "2007-12-31": "845.86400", "2006-12-31": "946.07700", "2005-12-31": "814.19700"}, "Comprehensive Income": {"2020-12-31": "", "2019-12-31": "-483.70000", "2018-12-31": "-447.60000", "2017-12-31": "-380.10000", "2016-12-31": "-476.10000", "2015-12-31": "-376.70000", "2014-12-31": "-298.80000", "2013-12-31": "-48.65100", "2012-12-31": "-128.07700", "2011-12-31": "-93.51200", "2010-12-31": "11.51800", "2009-12-31": "5.13000", "2008-12-31": "-45.13100", "2007-12-31": "154.07700", "2006-12-31": "73.17500", "2005-12-31": "31.09000"}, "Other Share Holders Equity": {"2020-12-31": "", "2019-12-31": "", "2018-12-31": "", "2017-12-31": "", "2016-12-31": "", "2015-12-31": "", "2014-12-31": "", "2013-12-31": "", "2012-12-31": "", "2011-12-31": "", "2010-12-31": "", "2009-12-31": "", "2008-12-31": "", "2007-12-31": "", "2006-12-31": "", "2005-12-31": ""}, "Share Holder Equity": {"2020-12-31": "1531.10000", "2019-12-31": "1476.30000", "2018-12-31": "1527.10000", "2017-12-31": "1348.50000", "2016-12-31": "1145.70000", "2015-12-31": "1150.80000", "2014-12-31": "1070.60000", "2013-12-31": "1214.67300", "2012-12-31": "927.37600", "2011-12-31": "822.05600", "2010-12-31": "993.03000", "2009-12-31": "893.70200", "2008-12-31": "745.82100", "2007-12-31": "884.80300", "2006-12-31": "918.60300", "2005-12-31": "753.29400"}, "Total Liabilities And Share Holders Equity": {"2020-12-31": "4588.90000", "2019-12-31": "4423.70000", "2018-12-31": "4042.70000", "2017-12-31": "3593.50000", "2016-12-31": "3428.00000", "2015-12-31": "3336.90000", "2014-12-31": "3450.80000", "2013-12-31": "3559.60700", "2012-12-31": "2889.87800", "2011-12-31": "2843.53100", "2010-12-31": "2706.69700", "2009-12-31": "2712.89800", "2008-12-31": "2774.48800", "2007-12-31": "2877.29200", "2006-12-31": "2436.84600", "2005-12-31": "2139.48600"}}, "balance sheet, quarterly": {"Cash On Hand": {"2020-12-31": "551.00000", "2020-09-30": "544.60000", "2020-06-30": "592.10000", "2020-03-31": "302.80000", "2019-12-31": "393.90000", "2019-09-30": "388.80000", "2019-06-30": "307.00000", "2019-03-31": "256.80000", "2018-12-31": "343.40000", "2018-09-30": "323.60000", "2018-06-30": "318.20000", "2018-03-31": "642.30000", "2017-12-31": "706.20000", "2017-09-30": "572.20000", "2017-06-30": "509.30000", "2017-03-31": "504.80000", "2016-12-31": "509.70000", "2016-09-30": "436.30000", "2016-06-30": "408.90000", "2016-03-31": "354.00000", "2015-12-31": "363.50000", "2015-09-30": "335.20000", "2015-06-30": "326.30000", "2015-03-31": "296.90000", "2014-12-31": "346.30000", "2014-09-30": "301.67200", "2014-06-30": "314.19200", "2014-03-31": "250.27400", "2013-12-31": "270.64300", "2013-09-30": "403.40400", "2013-06-30": "420.91800", "2013-03-31": "384.63900", "2012-12-31": "423.94700", "2012-09-30": "280.53600", "2012-06-30": "252.29900", "2012-03-31": "195.86000", "2011-12-31": "245.08900", "2011-09-30": "211.18300", "2011-06-30": "231.36500", "2011-03-31": "233.16200", "2010-12-31": "272.94100", "2010-09-30": "315.56400", "2010-06-30": "335.52900", "2010-03-31": "319.58400", "2009-12-31": "372.71400", "2009-09-30": "304.88800", "2009-06-30": "232.97400", "2009-03-31": "210.31500", "2008-12-31": "231.84000", "2008-09-30": "278.43100", "2008-06-30": "321.54800", "2008-03-31": "294.72800", "2007-12-31": "283.37000", "2007-09-30": "162.24800", "2007-06-30": "135.07500", "2007-03-31": "133.92100", "2006-12-31": "138.60700", "2006-09-30": "99.07700", "2006-06-30": "100.16400", "2006-03-31": "96.50100", "2005-12-31": "180.39200", "2005-09-30": "113.60400", "2005-06-30": "59.62400", "2005-03-31": "32.57700"}, "Receivables": {"2020-12-31": "447.10000", "2020-09-30": "453.60000", "2020-06-30": "458.90000", "2020-03-31": "557.60000", "2019-12-31": "569.20000", "2019-09-30": "550.20000", "2019-06-30": "559.20000", "2019-03-31": "589.80000", "2018-12-31": "531.80000", "2018-09-30": "590.00000", "2018-06-30": "567.00000", "2018-03-31": "518.50000", "2017-12-31": "443.40000", "2017-09-30": "455.30000", "2017-06-30": "454.40000", "2017-03-31": "437.10000", "2016-12-31": "414.40000", "2016-09-30": "447.20000", "2016-06-30": "455.70000", "2016-03-31": "450.70000", "2015-12-31": "418.10000", "2015-09-30": "450.60000", "2015-06-30": "452.50000", "2015-03-31": "456.70000", "2014-12-31": "431.40000", "2014-09-30": "465.31800", "2014-06-30": "490.28000", "2014-03-31": "479.96300", "2013-12-31": "460.32400", "2013-09-30": "416.07000", "2013-06-30": "413.09500", "2013-03-31": "405.97400", "2012-12-31": "367.05200", "2012-09-30": "420.03300", "2012-06-30": "432.46100", "2012-03-31": "420.76300", "2011-12-31": "365.59500", "2011-09-30": "412.76400", "2011-06-30": "410.94800", "2011-03-31": "389.25700", "2010-12-31": "334.91800", "2010-09-30": "365.98100", "2010-06-30": "330.63600", "2010-03-31": "347.21400", "2009-12-31": "317.76300", "2009-09-30": "349.37000", "2009-06-30": "355.11200", "2009-03-31": "359.89600", "2008-12-31": "375.56300", "2008-09-30": "393.01800", "2008-06-30": "411.44400", "2008-03-31": "407.39200", "2007-12-31": "378.77600", "2007-09-30": "422.31500", "2007-06-30": "408.65600", "2007-03-31": "379.10200", "2006-12-31": "382.64600", "2006-09-30": "342.86500", "2006-06-30": "336.29100", "2006-03-31": "315.06300", "2005-12-31": "289.52100", "2005-09-30": "328.21400", "2005-06-30": "323.04400", "2005-03-31": "320.28300"}, "Inventory": {"2020-12-31": "438.70000", "2020-09-30": "456.00000", "2020-06-30": "475.10000", "2020-03-31": "489.50000", "2019-12-31": "457.30000", "2019-09-30": "445.50000", "2019-06-30": "430.60000", "2019-03-31": "440.60000", "2018-12-31": "411.50000", "2018-09-30": "412.00000", "2018-06-30": "411.50000", "2018-03-31": "406.50000", "2017-12-31": "349.30000", "2017-09-30": "376.20000", "2017-06-30": "367.70000", "2017-03-31": "356.90000", "2016-12-31": "342.50000", "2016-09-30": "372.30000", "2016-06-30": "389.40000", "2016-03-31": "401.90000", "2015-12-31": "376.90000", "2015-09-30": "401.60000", "2015-06-30": "387.90000", "2015-03-31": "377.60000", "2014-12-31": "369.70000", "2014-09-30": "409.04400", "2014-06-30": "401.51000", "2014-03-31": "389.30100", "2013-12-31": "368.88600", "2013-09-30": "361.02600", "2013-06-30": "358.47100", "2013-03-31": "359.62300", "2012-12-31": "352.72500", "2012-09-30": "366.84500", "2012-06-30": "363.93300", "2012-03-31": "368.49500", "2011-12-31": "360.68900", "2011-09-30": "363.75100", "2011-06-30": "362.11300", "2011-03-31": "347.81300", "2010-12-31": "319.07700", "2010-09-30": "315.29100", "2010-06-30": "299.21900", "2010-03-31": "296.70800", "2009-12-31": "284.55200", "2009-09-30": "303.24300", "2009-06-30": "333.66000", "2009-03-31": "352.05600", "2008-12-31": "349.92600", "2008-09-30": "368.53000", "2008-06-30": "358.32800", "2008-03-31": "344.56300", "2007-12-31": "327.71900", "2007-09-30": "343.07900", "2007-06-30": "331.38400", "2007-03-31": "327.62300", "2006-12-31": "313.25900", "2006-09-30": "301.96300", "2006-06-30": "284.20600", "2006-03-31": "284.88400", "2005-12-31": "272.35400", "2005-09-30": "275.39800", "2005-06-30": "284.90200", "2005-03-31": "294.26300"}, "Pre-Paid Expenses": {"2020-12-31": "", "2020-09-30": "", "2020-06-30": "", "2020-03-31": "", "2019-12-31": "", "2019-09-30": "", "2019-06-30": "", "2019-03-31": "", "2018-12-31": "", "2018-09-30": "", "2018-06-30": "", "2018-03-31": "", "2017-12-31": "", "2017-09-30": "", "2017-06-30": "", "2017-03-31": "", "2016-12-31": "", "2016-09-30": "", "2016-06-30": "", "2016-03-31": "", "2015-12-31": "", "2015-09-30": "", "2015-06-30": "", "2015-03-31": "", "2014-12-31": "", "2014-09-30": "", "2014-06-30": "", "2014-03-31": "", "2013-12-31": "", "2013-09-30": "", "2013-06-30": "", "2013-03-31": "", "2012-12-31": "", "2012-09-30": "", "2012-06-30": "", "2012-03-31": "", "2011-12-31": "", "2011-09-30": "", "2011-06-30": "", "2011-03-31": "", "2010-12-31": "", "2010-09-30": "", "2010-06-30": "", "2010-03-31": "", "2009-12-31": "", "2009-09-30": "", "2009-06-30": "", "2009-03-31": "", "2008-12-31": "", "2008-09-30": "", "2008-06-30": "", "2008-03-31": "", "2007-12-31": "", "2007-09-30": "", "2007-06-30": "", "2007-03-31": "", "2006-12-31": "", "2006-09-30": "", "2006-06-30": "", "2006-03-31": "", "2005-12-31": "", "2005-09-30": "", "2005-06-30": "", "2005-03-31": ""}, "Other Current Assets": {"2020-12-31": "137.40000", "2020-09-30": "167.90000", "2020-06-30": "103.20000", "2020-03-31": "96.30000", "2019-12-31": "79.50000", "2019-09-30": "72.40000", "2019-06-30": "83.10000", "2019-03-31": "84.10000", "2018-12-31": "76.20000", "2018-09-30": "77.60000", "2018-06-30": "77.10000", "2018-03-31": "69.60000", "2017-12-31": "19.60000", "2017-09-30": "19.10000", "2017-06-30": "20.90000", "2017-03-31": "19.70000", "2016-12-31": "19.50000", "2016-09-30": "19.30000", "2016-06-30": "21.00000", "2016-03-31": "20.40000", "2015-12-31": "17.50000", "2015-09-30": "19.30000", "2015-06-30": "20.10000", "2015-03-31": "18.40000", "2014-12-31": "14.80000", "2014-09-30": "17.59000", "2014-06-30": "18.46500", "2014-03-31": "18.71300", "2013-12-31": "17.58800", "2013-09-30": "14.93600", "2013-06-30": "14.68900", "2013-03-31": "16.07900", "2012-12-31": "15.17900", "2012-09-30": "17.37300", "2012-06-30": "17.04600", "2012-03-31": "15.51400", "2011-12-31": "14.19500", "2011-09-30": "19.26200", "2011-06-30": "18.77300", "2011-03-31": "17.28100", "2010-12-31": "16.76900", "2010-09-30": "14.81700", "2010-06-30": "13.87100", "2010-03-31": "13.39800", "2009-12-31": "12.46100", "2009-09-30": "13.79000", "2009-06-30": "12.15300", "2009-03-31": "67.32000", "2008-12-31": "13.45400", "2008-09-30": "64.28900", "2008-06-30": "61.48600", "2008-03-31": "57.73500", "2007-12-31": "13.34300", "2007-09-30": "61.29600", "2007-06-30": "65.08800", "2007-03-31": "63.54700", "2006-12-31": "13.00200", "2006-09-30": "13.04100", "2006-06-30": "10.91700", "2006-03-31": "15.15500", "2005-12-31": "56.12800", "2005-09-30": "61.89100", "2005-06-30": "58.93400", "2005-03-31": "62.69600"}, "Total Current Assets": {"2020-12-31": "1574.20000", "2020-09-30": "1622.10000", "2020-06-30": "1629.30000", "2020-03-31": "1446.20000", "2019-12-31": "1499.90000", "2019-09-30": "1456.90000", "2019-06-30": "1379.90000", "2019-03-31": "1371.30000", "2018-12-31": "1362.90000", "2018-09-30": "1403.20000", "2018-06-30": "1373.80000", "2018-03-31": "1636.90000", "2017-12-31": "1518.50000", "2017-09-30": "1422.80000", "2017-06-30": "1352.30000", "2017-03-31": "1318.50000", "2016-12-31": "1315.70000", "2016-09-30": "1309.90000", "2016-06-30": "1308.50000", "2016-03-31": "1254.70000", "2015-12-31": "1203.50000", "2015-09-30": "1240.30000", "2015-06-30": "1224.40000", "2015-03-31": "1182.70000", "2014-12-31": "1195.20000", "2014-09-30": "1226.08400", "2014-06-30": "1261.09300", "2014-03-31": "1170.08500", "2013-12-31": "1149.09200", "2013-09-30": "1220.19800", "2013-06-30": "1231.15300", "2013-03-31": "1185.11600", "2012-12-31": "1180.52100", "2012-09-30": "1132.47700", "2012-06-30": "1114.05100", "2012-03-31": "1049.21000", "2011-12-31": "1032.23200", "2011-09-30": "1057.77700", "2011-06-30": "1071.86800", "2011-03-31": "1045.94000", "2010-12-31": "988.66100", "2010-09-30": "1070.91200", "2010-06-30": "1038.41000", "2010-03-31": "1035.93600", "2009-12-31": "1046.34600", "2009-09-30": "1026.15000", "2009-06-30": "988.53100", "2009-03-31": "989.58700", "2008-12-31": "1021.24000", "2008-09-30": "1104.26800", "2008-06-30": "1152.80600", "2008-03-31": "1104.41800", "2007-12-31": "1037.62200", "2007-09-30": "988.93800", "2007-06-30": "940.20300", "2007-03-31": "904.19300", "2006-12-31": "880.40900", "2006-09-30": "795.37200", "2006-06-30": "770.74300", "2006-03-31": "755.05800", "2005-12-31": "798.39500", "2005-09-30": "779.10700", "2005-06-30": "726.50400", "2005-03-31": "709.81900"}, "Property, Plant, And Equipment": {"2020-12-31": "600.40000", "2020-09-30": "595.60000", "2020-06-30": "597.90000", "2020-03-31": "607.10000", "2019-12-31": "616.30000", "2019-09-30": "581.80000", "2019-06-30": "595.50000", "2019-03-31": "595.80000", "2018-12-31": "599.10000", "2018-09-30": "594.50000", "2018-06-30": "581.60000", "2018-03-31": "594.20000", "2017-12-31": "282.40000", "2017-09-30": "292.00000", "2017-06-30": "287.10000", "2017-03-31": "281.00000", "2016-12-31": "278.90000", "2016-09-30": "283.00000", "2016-06-30": "281.70000", "2016-03-31": "279.90000", "2015-12-31": "276.00000", "2015-09-30": "280.10000", "2015-06-30": "283.10000", "2015-03-31": "281.10000", "2014-12-31": "290.30000", "2014-09-30": "294.76200", "2014-06-30": "305.68100", "2014-03-31": "303.77800", "2013-12-31": "305.05500", "2013-09-30": "259.55100", "2013-06-30": "257.79300", "2013-03-31": "260.31300", "2012-12-31": "268.28300", "2012-09-30": "271.38400", "2012-06-30": "273.64000", "2012-03-31": "284.28900", "2011-12-31": "284.14600", "2011-09-30": "289.66700", "2011-06-30": "284.10100", "2011-03-31": "283.00600", "2010-12-31": "280.74600", "2010-09-30": "273.48700", "2010-06-30": "274.23200", "2010-03-31": "285.71500", "2009-12-31": "285.22400", "2009-09-30": "284.71500", "2009-06-30": "289.80700", "2009-03-31": "287.79800", "2008-12-31": "290.81400", "2008-09-30": "293.60600", "2008-06-30": "293.01300", "2008-03-31": "292.02900", "2007-12-31": "289.68300", "2007-09-30": "295.52000", "2007-06-30": "282.04000", "2007-03-31": "276.68300", "2006-12-31": "289.55500", "2006-09-30": "267.23600", "2006-06-30": "260.92800", "2006-03-31": "265.10400", "2005-12-31": "263.79100", "2005-09-30": "268.80400", "2005-06-30": "271.57900", "2005-03-31": "280.66700"}, "Long-Term Investments": {"2020-12-31": "", "2020-09-30": "", "2020-06-30": "", "2020-03-31": "", "2019-12-31": "", "2019-09-30": "", "2019-06-30": "", "2019-03-31": "", "2018-12-31": "", "2018-09-30": "", "2018-06-30": "", "2018-03-31": "", "2017-12-31": "", "2017-09-30": "", "2017-06-30": "", "2017-03-31": "", "2016-12-31": "", "2016-09-30": "", "2016-06-30": "", "2016-03-31": "", "2015-12-31": "", "2015-09-30": "", "2015-06-30": "", "2015-03-31": "", "2014-12-31": "", "2014-09-30": "", "2014-06-30": "", "2014-03-31": "", "2013-12-31": "", "2013-09-30": "", "2013-06-30": "", "2013-03-31": "", "2012-12-31": "", "2012-09-30": "", "2012-06-30": "", "2012-03-31": "", "2011-12-31": "", "2011-09-30": "", "2011-06-30": "", "2011-03-31": "", "2010-12-31": "", "2010-09-30": "", "2010-06-30": "", "2010-03-31": "", "2009-12-31": "", "2009-09-30": "", "2009-06-30": "", "2009-03-31": "", "2008-12-31": "", "2008-09-30": "", "2008-06-30": "", "2008-03-31": "", "2007-12-31": "", "2007-09-30": "", "2007-06-30": "", "2007-03-31": "", "2006-12-31": "", "2006-09-30": "", "2006-06-30": "", "2006-03-31": "", "2005-12-31": "", "2005-09-30": "", "2005-06-30": "", "2005-03-31": ""}, "Goodwill And Intangible Assets": {"2020-12-31": "1608.50000", "2020-09-30": "2116.70000", "2020-06-30": "2112.20000", "2020-03-31": "2110.60000", "2019-12-31": "1977.50000", "2019-09-30": "1850.90000", "2019-06-30": "1876.50000", "2019-03-31": "1882.60000", "2018-12-31": "1885.50000", "2018-09-30": "1899.10000", "2018-06-30": "1937.10000", "2018-03-31": "1970.50000", "2017-12-31": "1483.70000", "2017-09-30": "1490.60000", "2017-06-30": "1489.70000", "2017-03-31": "1436.50000", "2016-12-31": "1431.40000", "2016-09-30": "1477.70000", "2016-06-30": "1486.10000", "2016-03-31": "1492.60000", "2015-12-31": "1485.00000", "2015-09-30": "1502.60000", "2015-06-30": "1519.40000", "2015-03-31": "1515.30000", "2014-12-31": "1544.80000", "2014-09-30": "1595.22000", "2014-06-30": "1639.84800", "2014-03-31": "1645.43700", "2013-12-31": "1658.23900", "2013-09-30": "926.06500", "2013-06-30": "917.03700", "2013-03-31": "922.48200", "2012-12-31": "939.70500", "2012-09-30": "941.78100", "2012-06-30": "937.63600", "2012-03-31": "970.18900", "2011-12-31": "967.05100", "2011-09-30": "974.28400", "2011-06-30": "977.00300", "2011-03-31": "979.96100", "2010-12-31": "972.92100", "2010-09-30": "903.07400", "2010-06-30": "892.84900", "2010-03-31": "909.08400", "2009-12-31": "880.70900", "2009-09-30": "896.79500", "2009-06-30": "891.40700", "2009-03-31": "874.86700", "2008-12-31": "887.93300", "2008-09-30": "885.02000", "2008-06-30": "890.08500", "2008-03-31": "893.30800", "2007-12-31": "894.70000", "2007-09-30": "890.04100", "2007-06-30": "837.77290", "2007-03-31": "828.22500", "2006-12-31": "827.48000", "2006-09-30": "831.28200", "2006-06-30": "759.51600", "2006-03-31": "704.82400", "2005-12-31": "629.09000", "2005-09-30": "630.47200", "2005-06-30": "628.14100", "2005-03-31": "637.88400"}, "Other Long-Term Assets": {"2020-12-31": "733.30000", "2020-09-30": "207.10000", "2020-06-30": "206.50000", "2020-03-31": "207.30000", "2019-12-31": "211.30000", "2019-09-30": "204.60000", "2019-06-30": "221.60000", "2019-03-31": "219.30000", "2018-12-31": "101.40000", "2018-09-30": "123.80000", "2018-06-30": "116.70000", "2018-03-31": "119.90000", "2017-12-31": "114.60000", "2017-09-30": "104.20000", "2017-06-30": "97.50000", "2017-03-31": "97.50000", "2016-12-31": "95.00000", "2016-09-30": "111.90000", "2016-06-30": "109.20000", "2016-03-31": "106.10000", "2015-12-31": "101.30000", "2015-09-30": "99.80000", "2015-06-30": "101.00000", "2015-03-31": "95.10000", "2014-12-31": "97.50000", "2014-09-30": "130.14200", "2014-06-30": "117.04900", "2014-03-31": "111.00900", "2013-12-31": "112.26500", "2013-09-30": "83.49800", "2013-06-30": "82.12600", "2013-03-31": "84.19100", "2012-12-31": "83.77400", "2012-09-30": "91.52300", "2012-06-30": "88.65100", "2012-03-31": "87.69200", "2011-12-31": "85.30100", "2011-09-30": "100.91600", "2011-06-30": "104.53600", "2011-03-31": "104.35300", "2010-12-31": "100.84800", "2010-09-30": "87.36300", "2010-06-30": "83.12500", "2010-03-31": "84.60200", "2009-12-31": "83.22900", "2009-09-30": "88.48700", "2009-06-30": "85.39100", "2009-03-31": "79.60900", "2008-12-31": "80.67600", "2008-09-30": "118.58900", "2008-06-30": "124.67300", "2008-03-31": "124.58400", "2007-12-31": "128.36000", "2007-09-30": "121.84500", "2007-06-30": "116.07700", "2007-03-31": "105.52900", "2006-12-31": "97.83800", "2006-09-30": "222.79300", "2006-06-30": "234.49700", "2006-03-31": "219.55300", "2005-12-31": "66.11400", "2005-09-30": "225.90400", "2005-06-30": "236.83600", "2005-03-31": "237.68200"}, "Total Long-Term Assets": {"2020-12-31": "3014.70000", "2020-09-30": "3000.90000", "2020-06-30": "3001.00000", "2020-03-31": "3018.40000", "2019-12-31": "2923.80000", "2019-09-30": "2701.60000", "2019-06-30": "2761.90000", "2019-03-31": "2771.00000", "2018-12-31": "2679.80000", "2018-09-30": "2706.80000", "2018-06-30": "2746.70000", "2018-03-31": "2853.60000", "2017-12-31": "2075.00000", "2017-09-30": "2184.30000", "2017-06-30": "2181.50000", "2017-03-31": "2132.50000", "2016-12-31": "2112.30000", "2016-09-30": "2099.30000", "2016-06-30": "2123.90000", "2016-03-31": "2140.30000", "2015-12-31": "2133.40000", "2015-09-30": "2162.40000", "2015-06-30": "2203.70000", "2015-03-31": "2204.50000", "2014-12-31": "2255.60000", "2014-09-30": "2328.02100", "2014-06-30": "2371.67000", "2014-03-31": "2383.26000", "2013-12-31": "2410.51500", "2013-09-30": "1637.94700", "2013-06-30": "1641.24700", "2013-03-31": "1664.98700", "2012-12-31": "1709.35700", "2012-09-30": "1740.03500", "2012-06-30": "1747.47700", "2012-03-31": "1801.20300", "2011-12-31": "1811.29900", "2011-09-30": "1676.41200", "2011-06-30": "1698.26900", "2011-03-31": "1703.71800", "2010-12-31": "1718.03600", "2010-09-30": "1624.59300", "2010-06-30": "1628.45300", "2010-03-31": "1669.62900", "2009-12-31": "1666.55200", "2009-09-30": "1706.23500", "2009-06-30": "1724.93600", "2009-03-31": "1710.48000", "2008-12-31": "1753.24800", "2008-09-30": "1760.85300", "2008-06-30": "1784.92300", "2008-03-31": "1803.23400", "2007-12-31": "1839.67000", "2007-09-30": "1926.35900", "2007-06-30": "1546.46000", "2007-03-31": "1538.76400", "2006-12-31": "1556.43700", "2006-09-30": "1535.93700", "2006-06-30": "1471.39000", "2006-03-31": "1412.31400", "2005-12-31": "1341.09100", "2005-09-30": "1358.11100", "2005-06-30": "1374.77300", "2005-03-31": "1398.06600"}, "Total Assets": {"2020-12-31": "4588.90000", "2020-09-30": "4623.00000", "2020-06-30": "4630.30000", "2020-03-31": "4464.60000", "2019-12-31": "4423.70000", "2019-09-30": "4158.50000", "2019-06-30": "4141.80000", "2019-03-31": "4142.30000", "2018-12-31": "4042.70000", "2018-09-30": "4110.00000", "2018-06-30": "4120.50000", "2018-03-31": "4490.50000", "2017-12-31": "3593.50000", "2017-09-30": "3607.10000", "2017-06-30": "3533.80000", "2017-03-31": "3451.00000", "2016-12-31": "3428.00000", "2016-09-30": "3409.20000", "2016-06-30": "3432.40000", "2016-03-31": "3395.00000", "2015-12-31": "3336.90000", "2015-09-30": "3402.70000", "2015-06-30": "3428.10000", "2015-03-31": "3387.30000", "2014-12-31": "3450.80000", "2014-09-30": "3554.10500", "2014-06-30": "3632.76300", "2014-03-31": "3553.34500", "2013-12-31": "3559.60700", "2013-09-30": "2858.14500", "2013-06-30": "2872.40000", "2013-03-31": "2850.10300", "2012-12-31": "2889.87800", "2012-09-30": "2872.51200", "2012-06-30": "2861.52800", "2012-03-31": "2850.41300", "2011-12-31": "2843.53100", "2011-09-30": "2734.18900", "2011-06-30": "2770.13700", "2011-03-31": "2749.65800", "2010-12-31": "2706.69700", "2010-09-30": "2695.50500", "2010-06-30": "2666.86300", "2010-03-31": "2705.56500", "2009-12-31": "2712.89800", "2009-09-30": "2732.38500", "2009-06-30": "2713.46700", "2009-03-31": "2700.06700", "2008-12-31": "2774.48800", "2008-09-30": "2865.12100", "2008-06-30": "2937.72900", "2008-03-31": "2907.65200", "2007-12-31": "2877.29200", "2007-09-30": "2915.29700", "2007-06-30": "2486.66300", "2007-03-31": "2442.95700", "2006-12-31": "2436.84600", "2006-09-30": "2331.30900", "2006-06-30": "2242.13300", "2006-03-31": "2167.37200", "2005-12-31": "2139.48600", "2005-09-30": "2137.21800", "2005-06-30": "2101.27700", "2005-03-31": "2107.88500"}, "Total Current Liabilities": {"2020-12-31": "1056.60000", "2020-09-30": "1143.10000", "2020-06-30": "1227.20000", "2020-03-31": "1057.60000", "2019-12-31": "916.70000", "2019-09-30": "649.00000", "2019-06-30": "634.60000", "2019-03-31": "703.70000", "2018-12-31": "740.20000", "2018-09-30": "834.60000", "2018-06-30": "861.30000", "2018-03-31": "912.00000", "2017-12-31": "837.50000", "2017-09-30": "535.20000", "2017-06-30": "487.20000", "2017-03-31": "484.10000", "2016-12-31": "520.80000", "2016-09-30": "556.60000", "2016-06-30": "601.60000", "2016-03-31": "575.60000", "2015-12-31": "572.80000", "2015-09-30": "652.30000", "2015-06-30": "655.80000", "2015-03-31": "661.60000", "2014-12-31": "640.00000", "2014-09-30": "657.91000", "2014-06-30": "698.79000", "2014-03-31": "680.97300", "2013-12-31": "668.90200", "2013-09-30": "592.72800", "2013-06-30": "462.67400", "2013-03-31": "458.67500", "2012-12-31": "511.88800", "2012-09-30": "521.26400", "2012-06-30": "519.94100", "2012-03-31": "487.80700", "2011-12-31": "533.09500", "2011-09-30": "538.95300", "2011-06-30": "521.53400", "2011-03-31": "506.00400", "2010-12-31": "498.55400", "2010-09-30": "485.44100", "2010-06-30": "475.70300", "2010-03-31": "471.07200", "2009-12-31": "466.78200", "2009-09-30": "466.34000", "2009-06-30": "465.84400", "2009-03-31": "498.81600", "2008-12-31": "538.66400", "2008-09-30": "517.71000", "2008-06-30": "512.18800", "2008-03-31": "515.29000", "2007-12-31": "493.55200", "2007-09-30": "527.83200", "2007-06-30": "482.80900", "2007-03-31": "480.77600", "2006-12-31": "461.92600", "2006-09-30": "425.88000", "2006-06-30": "402.35200", "2006-03-31": "397.88400", "2005-12-31": "398.58900", "2005-09-30": "408.23100", "2005-06-30": "399.19100", "2005-03-31": "405.81900"}, "Long Term Debt": {"2020-12-31": "842.90000", "2020-09-30": "842.70000", "2020-06-30": "842.50000", "2020-03-31": "842.20000", "2019-12-31": "842.00000", "2019-09-30": "934.90000", "2019-06-30": "940.30000", "2019-03-31": "940.20000", "2018-12-31": "942.30000", "2018-09-30": "937.50000", "2018-06-30": "937.10000", "2018-03-31": "1138.50000", "2017-12-31": "494.10000", "2017-09-30": "745.90000", "2017-06-30": "745.70000", "2017-03-31": "745.50000", "2016-12-31": "745.30000", "2016-09-30": "745.20000", "2016-06-30": "745.00000", "2016-03-31": "744.80000", "2015-12-31": "744.60000", "2015-09-30": "749.20000", "2015-06-30": "749.20000", "2015-03-31": "749.20000", "2014-12-31": "749.20000", "2014-09-30": "749.20200", "2014-06-30": "749.19200", "2014-03-31": "749.18100", "2013-12-31": "749.17000", "2013-09-30": "199.22000", "2013-06-30": "399.18100", "2013-03-31": "399.13700", "2012-12-31": "399.09200", "2012-09-30": "399.04800", "2012-06-30": "399.00300", "2012-03-31": "398.95800", "2011-12-31": "398.91400", "2011-09-30": "398.86900", "2011-06-30": "398.82500", "2011-03-31": "398.78000", "2010-12-31": "398.73600", "2010-09-30": "398.69100", "2010-06-30": "398.64600", "2010-03-31": "398.60200", "2009-12-31": "398.55700", "2009-09-30": "398.61300", "2009-06-30": "399.43600", "2009-03-31": "398.52300", "2008-12-31": "398.47900", "2008-09-30": "398.43400", "2008-06-30": "398.39000", "2008-03-31": "398.34500", "2007-12-31": "398.30100", "2007-09-30": "398.25600", "2007-06-30": "398.21100", "2007-03-31": "392.11500", "2006-12-31": "398.12200", "2006-09-30": "366.09400", "2006-06-30": "294.03300", "2006-03-31": "293.61600", "2005-12-31": "293.24800", "2005-09-30": "292.93300", "2005-06-30": "292.56600", "2005-03-31": "292.03300"}, "Other Non-Current Liabilities": {"2020-12-31": "1104.70000", "2020-09-30": "790.60000", "2020-06-30": "800.10000", "2020-03-31": "814.30000", "2019-12-31": "834.50000", "2019-09-30": "572.90000", "2019-06-30": "599.00000", "2019-03-31": "617.30000", "2018-12-31": "535.90000", "2018-09-30": "556.20000", "2018-06-30": "577.30000", "2018-03-31": "616.00000", "2017-12-31": "628.00000", "2017-09-30": "654.70000", "2017-06-30": "685.60000", "2017-03-31": "703.90000", "2016-12-31": "724.70000", "2016-09-30": "511.30000", "2016-06-30": "539.10000", "2016-03-31": "566.30000", "2015-12-31": "583.30000", "2015-09-30": "602.00000", "2015-06-30": "623.90000", "2015-03-31": "643.30000", "2014-12-31": "666.40000", "2014-09-30": "681.89700", "2014-06-30": "644.76100", "2014-03-31": "666.48700", "2013-12-31": "699.68800", "2013-09-30": "703.42900", "2013-06-30": "732.06100", "2013-03-31": "757.36300", "2012-12-31": "781.06600", "2012-09-30": "796.53500", "2012-06-30": "817.50900", "2012-03-31": "844.35800", "2011-12-31": "869.41600", "2011-09-30": "578.59900", "2011-06-30": "615.70400", "2011-03-31": "647.59500", "2010-12-31": "669.20100", "2010-09-30": "700.63800", "2010-06-30": "727.30300", "2010-03-31": "755.26500", "2009-12-31": "782.43000", "2009-09-30": "823.40100", "2009-06-30": "859.21900", "2009-03-31": "890.28200", "2008-12-31": "918.42800", "2008-09-30": "933.44400", "2008-06-30": "964.76900", "2008-03-31": "988.36900", "2007-12-31": "1008.12900", "2007-09-30": "1016.10900", "2007-06-30": "463.49200", "2007-03-31": "485.07200", "2006-12-31": "500.57100", "2006-09-30": "518.77400", "2006-06-30": "547.82900", "2006-03-31": "553.88500", "2005-12-31": "558.15000", "2005-09-30": "593.17300", "2005-06-30": "607.52700", "2005-03-31": "619.58200"}, "Total Long Term Liabilities": {"2020-12-31": "2001.20000", "2020-09-30": "1970.80000", "2020-06-30": "1979.50000", "2020-03-31": "1999.50000", "2019-12-31": "2030.70000", "2019-09-30": "1809.50000", "2019-06-30": "1832.80000", "2019-03-31": "1845.60000", "2018-12-31": "1775.40000", "2018-09-30": "1745.90000", "2018-06-30": "1812.60000", "2018-03-31": "2130.40000", "2017-12-31": "1407.50000", "2017-09-30": "1681.60000", "2017-06-30": "1715.50000", "2017-03-31": "1734.60000", "2016-12-31": "1761.50000", "2016-09-30": "1528.60000", "2016-06-30": "1561.00000", "2016-03-31": "1594.50000", "2015-12-31": "1613.30000", "2015-09-30": "1640.00000", "2015-06-30": "1680.50000", "2015-03-31": "1703.50000", "2014-12-31": "1740.20000", "2014-09-30": "1624.36500", "2014-06-30": "1608.24600", "2014-03-31": "1612.92700", "2013-12-31": "1676.03200", "2013-09-30": "1155.94100", "2013-06-30": "1383.78100", "2013-03-31": "1418.13500", "2012-12-31": "1450.61400", "2012-09-30": "1418.49600", "2012-06-30": "1437.08400", "2012-03-31": "1466.75000", "2011-12-31": "1488.38000", "2011-09-30": "1113.80800", "2011-06-30": "1159.33800", "2011-03-31": "1193.99700", "2010-12-31": "1215.11300", "2010-09-30": "1250.92800", "2010-06-30": "1295.15200", "2010-03-31": "1327.61700", "2009-12-31": "1352.41400", "2009-09-30": "1406.99100", "2009-06-30": "1440.00600", "2009-03-31": "1463.02900", "2008-12-31": "1490.00300", "2008-09-30": "1419.56300", "2008-06-30": "1456.90000", "2008-03-31": "1481.87100", "2007-12-31": "1498.93700", "2007-09-30": "1581.31100", "2007-06-30": "1028.61300", "2007-03-31": "1039.60300", "2006-12-31": "1056.31700", "2006-09-30": "1011.72500", "2006-06-30": "977.31700", "2006-03-31": "979.67300", "2005-12-31": "987.60300", "2005-09-30": "1001.44500", "2005-06-30": "1014.66500", "2005-03-31": "1026.94900"}, "Total Liabilities": {"2020-12-31": "3057.80000", "2020-09-30": "3113.90000", "2020-06-30": "3206.70000", "2020-03-31": "3057.10000", "2019-12-31": "2947.40000", "2019-09-30": "2458.50000", "2019-06-30": "2467.40000", "2019-03-31": "2549.30000", "2018-12-31": "2515.60000", "2018-09-30": "2580.50000", "2018-06-30": "2673.90000", "2018-03-31": "3042.40000", "2017-12-31": "2245.00000", "2017-09-30": "2216.80000", "2017-06-30": "2202.70000", "2017-03-31": "2218.70000", "2016-12-31": "2282.30000", "2016-09-30": "2085.20000", "2016-06-30": "2162.60000", "2016-03-31": "2170.10000", "2015-12-31": "2186.10000", "2015-09-30": "2292.30000", "2015-06-30": "2336.30000", "2015-03-31": "2365.10000", "2014-12-31": "2380.20000", "2014-09-30": "2282.27500", "2014-06-30": "2307.03600", "2014-03-31": "2293.90000", "2013-12-31": "2344.93400", "2013-09-30": "1748.66900", "2013-06-30": "1846.45500", "2013-03-31": "1876.81000", "2012-12-31": "1962.50200", "2012-09-30": "1939.76000", "2012-06-30": "1957.02500", "2012-03-31": "1954.55700", "2011-12-31": "2021.47500", "2011-09-30": "1652.76100", "2011-06-30": "1680.87200", "2011-03-31": "1700.00100", "2010-12-31": "1713.66700", "2010-09-30": "1736.36900", "2010-06-30": "1770.85500", "2010-03-31": "1798.68900", "2009-12-31": "1819.19600", "2009-09-30": "1873.33100", "2009-06-30": "1905.85000", "2009-03-31": "1961.84500", "2008-12-31": "2028.66700", "2008-09-30": "1937.27300", "2008-06-30": "1969.08800", "2008-03-31": "1997.16100", "2007-12-31": "1992.48900", "2007-09-30": "2109.14300", "2007-06-30": "1511.42200", "2007-03-31": "1520.37900", "2006-12-31": "1518.24300", "2006-09-30": "1437.60500", "2006-06-30": "1379.66900", "2006-03-31": "1377.55700", "2005-12-31": "1386.19200", "2005-09-30": "1409.67600", "2005-06-30": "1413.85600", "2005-03-31": "1432.76800"}, "Common Stock Net": {"2020-12-31": "", "2020-09-30": "72.40000", "2020-06-30": "72.40000", "2020-03-31": "72.40000", "2019-12-31": "72.40000", "2019-09-30": "72.40000", "2019-06-30": "72.40000", "2019-03-31": "72.40000", "2018-12-31": "72.40000", "2018-09-30": "72.40000", "2018-06-30": "72.40000", "2018-03-31": "72.40000", "2017-12-31": "72.40000", "2017-09-30": "72.40000", "2017-06-30": "72.40000", "2017-03-31": "72.40000", "2016-12-31": "72.40000", "2016-09-30": "72.40000", "2016-06-30": "72.40000", "2016-03-31": "72.40000", "2015-12-31": "72.40000", "2015-09-30": "72.40000", "2015-06-30": "72.40000", "2015-03-31": "72.40000", "2014-12-31": "72.40000", "2014-09-30": "72.42600", "2014-06-30": "72.42600", "2014-03-31": "72.42600", "2013-12-31": "72.42600", "2013-09-30": "72.42600", "2013-06-30": "72.42600", "2013-03-31": "72.42600", "2012-12-31": "72.42600", "2012-09-30": "72.42600", "2012-06-30": "72.42600", "2012-03-31": "72.42600", "2011-12-31": "72.42600", "2011-09-30": "72.42600", "2011-06-30": "72.42600", "2011-03-31": "72.42600", "2010-12-31": "72.42600", "2010-09-30": "72.42600", "2010-06-30": "72.42600", "2010-03-31": "72.42600", "2009-12-31": "72.42600", "2009-09-30": "72.42600", "2009-06-30": "72.42600", "2009-03-31": "72.42600", "2008-12-31": "72.42600", "2008-09-30": "72.42600", "2008-06-30": "72.42600", "2008-03-31": "72.42600", "2007-12-31": "72.42600", "2007-09-30": "72.42600", "2007-06-30": "72.42600", "2007-03-31": "72.42600", "2006-12-31": "72.42600", "2006-09-30": "72.42600", "2006-06-30": "72.42600", "2006-03-31": "72.42600", "2005-12-31": "72.42600", "2005-09-30": "72.42600", "2005-06-30": "72.42600", "2005-03-31": "72.42600"}, "Retained Earnings (Accumulated Deficit)": {"2020-12-31": "", "2020-09-30": "2171.10000", "2020-06-30": "2139.40000", "2020-03-31": "2149.50000", "2019-12-31": "2112.20000", "2019-09-30": "2247.90000", "2019-06-30": "2198.80000", "2019-03-31": "2131.10000", "2018-12-31": "2072.10000", "2018-09-30": "2003.70000", "2018-06-30": "1927.60000", "2018-03-31": "1867.70000", "2017-12-31": "1813.30000", "2017-09-30": "1861.60000", "2017-06-30": "1813.00000", "2017-03-31": "1763.40000", "2016-12-31": "1719.90000", "2016-09-30": "1803.30000", "2016-06-30": "1759.20000", "2016-03-31": "1710.10000", "2015-12-31": "1674.30000", "2015-09-30": "1628.30000", "2015-06-30": "1590.50000", "2015-03-31": "1553.90000", "2014-12-31": "1522.10000", "2014-09-30": "1484.90300", "2014-06-30": "1476.29100", "2014-03-31": "1434.27000", "2013-12-31": "1403.20200", "2013-09-30": "1370.94900", "2013-06-30": "1331.25800", "2013-03-31": "1292.61800", "2012-12-31": "1250.97200", "2012-09-30": "1221.30400", "2012-06-30": "1180.10000", "2012-03-31": "1132.52400", "2011-12-31": "1095.95300", "2011-09-30": "1236.11700", "2011-06-30": "1198.67500", "2011-03-31": "1161.65300", "2010-12-31": "1126.63000", "2010-09-30": "1100.60200", "2010-06-30": "1072.54800", "2010-03-31": "1044.32200", "2009-12-31": "1022.83800", "2009-09-30": "986.92400", "2009-06-30": "963.45200", "2009-03-31": "947.38100", "2008-12-31": "935.46000", "2008-09-30": "951.63600", "2008-06-30": "926.12000", "2008-03-31": "876.07500", "2007-12-31": "845.86400", "2007-09-30": "809.52700", "2007-06-30": "1015.37600", "2007-03-31": "976.48100", "2006-12-31": "946.07700", "2006-09-30": "915.62900", "2006-06-30": "876.76200", "2006-03-31": "837.99500", "2005-12-31": "814.19700", "2005-09-30": "784.87100", "2005-06-30": "750.80300", "2005-03-31": "719.46300"}, "Comprehensive Income": {"2020-12-31": "", "2020-09-30": "-460.10000", "2020-06-30": "-504.50000", "2020-03-31": "-525.30000", "2019-12-31": "-483.70000", "2019-09-30": "-469.60000", "2019-06-30": "-438.90000", "2019-03-31": "-445.50000", "2018-12-31": "-447.60000", "2018-09-30": "-393.00000", "2018-06-30": "-387.30000", "2018-03-31": "-345.10000", "2017-12-31": "-380.10000", "2017-09-30": "-384.60000", "2017-06-30": "-413.30000", "2017-03-31": "-451.80000", "2016-12-31": "-476.10000", "2016-09-30": "-359.50000", "2016-06-30": "-356.10000", "2016-03-31": "-343.10000", "2015-12-31": "-376.70000", "2015-09-30": "-363.40000", "2015-06-30": "-339.00000", "2015-03-31": "-367.50000", "2014-12-31": "-298.80000", "2014-09-30": "-106.16800", "2014-06-30": "-37.01100", "2014-03-31": "-49.65400", "2013-12-31": "-48.65100", "2013-09-30": "-113.12100", "2013-06-30": "-145.67900", "2013-03-31": "-145.88300", "2012-12-31": "-128.07700", "2012-09-30": "-82.31100", "2012-06-30": "-84.94600", "2012-03-31": "-70.72100", "2011-12-31": "-93.51200", "2011-09-30": "3.67900", "2011-06-30": "55.54400", "2011-03-31": "43.07600", "2010-12-31": "11.51800", "2010-09-30": "-5.25300", "2010-06-30": "-51.78300", "2010-03-31": "-11.44600", "2009-12-31": "5.13000", "2009-09-30": "10.47300", "2009-06-30": "-15.71000", "2009-03-31": "-66.03000", "2008-12-31": "-45.13100", "2008-09-30": "107.08800", "2008-06-30": "175.55700", "2008-03-31": "174.76200", "2007-12-31": "154.07700", "2007-09-30": "121.76000", "2007-06-30": "93.95000", "2007-03-31": "78.63900", "2006-12-31": "73.17500", "2006-09-30": "64.57900", "2006-06-30": "62.84100", "2006-03-31": "37.39700", "2005-12-31": "31.09000", "2005-09-30": "45.70300", "2005-06-30": "48.47200", "2005-03-31": "69.70800"}, "Other Share Holders Equity": {"2020-12-31": "", "2020-09-30": "", "2020-06-30": "", "2020-03-31": "", "2019-12-31": "", "2019-09-30": "", "2019-06-30": "", "2019-03-31": "", "2018-12-31": "", "2018-09-30": "", "2018-06-30": "", "2018-03-31": "", "2017-12-31": "", "2017-09-30": "", "2017-06-30": "", "2017-03-31": "", "2016-12-31": "", "2016-09-30": "", "2016-06-30": "", "2016-03-31": "", "2015-12-31": "", "2015-09-30": "", "2015-06-30": "", "2015-03-31": "", "2014-12-31": "", "2014-09-30": "", "2014-06-30": "", "2014-03-31": "", "2013-12-31": "", "2013-09-30": "", "2013-06-30": "", "2013-03-31": "", "2012-12-31": "", "2012-09-30": "", "2012-06-30": "", "2012-03-31": "", "2011-12-31": "", "2011-09-30": "", "2011-06-30": "", "2011-03-31": "", "2010-12-31": "", "2010-09-30": "", "2010-06-30": "", "2010-03-31": "", "2009-12-31": "", "2009-09-30": "", "2009-06-30": "", "2009-03-31": "", "2008-12-31": "", "2008-09-30": "", "2008-06-30": "", "2008-03-31": "", "2007-12-31": "", "2007-09-30": "", "2007-06-30": "", "2007-03-31": "", "2006-12-31": "", "2006-09-30": "", "2006-06-30": "", "2006-03-31": "", "2005-12-31": "", "2005-09-30": "", "2005-06-30": "", "2005-03-31": ""}, "Share Holder Equity": {"2020-12-31": "1531.10000", "2020-09-30": "1509.10000", "2020-06-30": "1423.60000", "2020-03-31": "1407.50000", "2019-12-31": "1476.30000", "2019-09-30": "1700.00000", "2019-06-30": "1674.40000", "2019-03-31": "1593.00000", "2018-12-31": "1527.10000", "2018-09-30": "1529.50000", "2018-06-30": "1446.60000", "2018-03-31": "1448.10000", "2017-12-31": "1348.50000", "2017-09-30": "1390.30000", "2017-06-30": "1331.10000", "2017-03-31": "1232.30000", "2016-12-31": "1145.70000", "2016-09-30": "1324.00000", "2016-06-30": "1269.80000", "2016-03-31": "1224.90000", "2015-12-31": "1150.80000", "2015-09-30": "1110.40000", "2015-06-30": "1091.80000", "2015-03-31": "1022.30000", "2014-12-31": "1070.60000", "2014-09-30": "1271.83000", "2014-06-30": "1325.72700", "2014-03-31": "1259.44500", "2013-12-31": "1214.67300", "2013-09-30": "1109.47600", "2013-06-30": "1025.94500", "2013-03-31": "973.29300", "2012-12-31": "927.37600", "2012-09-30": "932.75200", "2012-06-30": "904.50300", "2012-03-31": "895.85600", "2011-12-31": "822.05600", "2011-09-30": "1081.42800", "2011-06-30": "1089.26500", "2011-03-31": "1049.65700", "2010-12-31": "993.03000", "2010-09-30": "959.13600", "2010-06-30": "896.00800", "2010-03-31": "906.87600", "2009-12-31": "893.70200", "2009-09-30": "859.05400", "2009-06-30": "807.61700", "2009-03-31": "738.22200", "2008-12-31": "745.82100", "2008-09-30": "927.84800", "2008-06-30": "968.64100", "2008-03-31": "910.49100", "2007-12-31": "884.80300", "2007-09-30": "806.15400", "2007-06-30": "975.24100", "2007-03-31": "922.57800", "2006-12-31": "918.60300", "2006-09-30": "893.70400", "2006-06-30": "862.46400", "2006-03-31": "789.81500", "2005-12-31": "753.29400", "2005-09-30": "727.54200", "2005-06-30": "687.42100", "2005-03-31": "675.11700"}, "Total Liabilities And Share Holders Equity": {"2020-12-31": "4588.90000", "2020-09-30": "4623.00000", "2020-06-30": "4630.30000", "2020-03-31": "4464.60000", "2019-12-31": "4423.70000", "2019-09-30": "4158.50000", "2019-06-30": "4141.80000", "2019-03-31": "4142.30000", "2018-12-31": "4042.70000", "2018-09-30": "4110.00000", "2018-06-30": "4120.50000", "2018-03-31": "4490.50000", "2017-12-31": "3593.50000", "2017-09-30": "3607.10000", "2017-06-30": "3533.80000", "2017-03-31": "3451.00000", "2016-12-31": "3428.00000", "2016-09-30": "3409.20000", "2016-06-30": "3432.40000", "2016-03-31": "3395.00000", "2015-12-31": "3336.90000", "2015-09-30": "3402.70000", "2015-06-30": "3428.10000", "2015-03-31": "3387.30000", "2014-12-31": "3450.80000", "2014-09-30": "3554.10500", "2014-06-30": "3632.76300", "2014-03-31": "3553.34500", "2013-12-31": "3559.60700", "2013-09-30": "2858.14500", "2013-06-30": "2872.40000", "2013-03-31": "2850.10300", "2012-12-31": "2889.87800", "2012-09-30": "2872.51200", "2012-06-30": "2861.52800", "2012-03-31": "2850.41300", "2011-12-31": "2843.53100", "2011-09-30": "2734.18900", "2011-06-30": "2770.13700", "2011-03-31": "2749.65800", "2010-12-31": "2706.69700", "2010-09-30": "2695.50500", "2010-06-30": "2666.86300", "2010-03-31": "2705.56500", "2009-12-31": "2712.89800", "2009-09-30": "2732.38500", "2009-06-30": "2713.46700", "2009-03-31": "2700.06700", "2008-12-31": "2774.48800", "2008-09-30": "2865.12100", "2008-06-30": "2937.72900", "2008-03-31": "2907.65200", "2007-12-31": "2877.29200", "2007-09-30": "2915.29700", "2007-06-30": "2486.66300", "2007-03-31": "2442.95700", "2006-12-31": "2436.84600", "2006-09-30": "2331.30900", "2006-06-30": "2242.13300", "2006-03-31": "2167.37200", "2005-12-31": "2139.48600", "2005-09-30": "2137.21800", "2005-06-30": "2101.27700", "2005-03-31": "2107.88500"}}, "cash flow statement": {"Net Income/Loss": {"2020-12-31": "181.00000", "2019-12-31": "133.30000", "2018-12-31": "335.60000", "2017-12-31": "171.80000", "2016-12-31": "122.80000", "2015-12-31": "228.90000", "2014-12-31": "192.70000", "2013-12-31": "219.50000", "2012-12-31": "216.99300", "2011-12-31": "26.31500", "2010-12-31": "154.17000", "2009-12-31": "133.85600", "2008-12-31": "135.15800", "2007-12-31": "-62.23500", "2006-12-31": "165.88700", "2005-12-31": "136.03700"}, "Total Depreciation And Amortization - Cash Flow": {"2020-12-31": "127.50000", "2019-12-31": "113.50000", "2018-12-31": "120.00000", "2017-12-31": "72.70000", "2016-12-31": "67.40000", "2015-12-31": "67.00000", "2014-12-31": "75.80000", "2013-12-31": "54.80000", "2012-12-31": "57.26300", "2011-12-31": "62.94300", "2010-12-31": "59.84100", "2009-12-31": "58.20400", "2008-12-31": "57.16200", "2007-12-31": "61.31000", "2006-12-31": "54.28500", "2005-12-31": "48.01100"}, "Other Non-Cash Items": {"2020-12-31": "-34.00000", "2019-12-31": "194.60000", "2018-12-31": "-67.80000", "2017-12-31": "28.50000", "2016-12-31": "116.10000", "2015-12-31": "-15.30000", "2014-12-31": "14.10000", "2013-12-31": "-3.40000", "2012-12-31": "-15.81400", "2011-12-31": "118.34600", "2010-12-31": "-51.46100", "2009-12-31": "-36.63400", "2008-12-31": "-4.09500", "2007-12-31": "265.14100", "2006-12-31": "-34.75000", "2005-12-31": "-9.76900"}, "Total Non-Cash Items": {"2020-12-31": "93.50000", "2019-12-31": "308.10000", "2018-12-31": "52.20000", "2017-12-31": "101.20000", "2016-12-31": "183.50000", "2015-12-31": "51.70000", "2014-12-31": "89.90000", "2013-12-31": "51.40000", "2012-12-31": "41.44900", "2011-12-31": "181.28900", "2010-12-31": "8.38000", "2009-12-31": "21.57000", "2008-12-31": "53.06700", "2007-12-31": "326.45100", "2006-12-31": "19.53500", "2005-12-31": "38.24200"}, "Change In Accounts Receivable": {"2020-12-31": "", "2019-12-31": "3.80000", "2018-12-31": "4.80000", "2017-12-31": "-10.10000", "2016-12-31": "-6.20000", "2015-12-31": "-2.40000", "2014-12-31": "25.20000", "2013-12-31": "-42.90000", "2012-12-31": "-2.57800", "2011-12-31": "-44.12000", "2010-12-31": "0.14200", "2009-12-31": "55.16600", "2008-12-31": "29.65000", "2007-12-31": "2.06900", "2006-12-31": "-18.74600", "2005-12-31": "9.82800"}, "Change In Inventories": {"2020-12-31": "", "2019-12-31": "-8.30000", "2018-12-31": "-38.80000", "2017-12-31": "6.40000", "2016-12-31": "24.90000", "2015-12-31": "-23.00000", "2014-12-31": "-17.30000", "2013-12-31": "28.10000", "2012-12-31": "8.55100", "2011-12-31": "-38.40700", "2010-12-31": "-21.44100", "2009-12-31": "67.73200", "2008-12-31": "-10.18300", "2007-12-31": "-0.76700", "2006-12-31": "0.78600", "2005-12-31": "5.09000"}, "Change In Accounts Payable": {"2020-12-31": "", "2019-12-31": "-23.40000", "2018-12-31": "37.00000", "2017-12-31": "17.50000", "2016-12-31": "5.50000", "2015-12-31": "3.30000", "2014-12-31": "7.70000", "2013-12-31": "18.00000", "2012-12-31": "-11.72400", "2011-12-31": "35.12900", "2010-12-31": "6.42500", "2009-12-31": "-43.79700", "2008-12-31": "-2.72000", "2007-12-31": "7.43000", "2006-12-31": "-0.84600", "2005-12-31": "-8.02400"}, "Change In Assets/Liabilities": {"2020-12-31": "46.00000", "2019-12-31": "-1.30000", "2018-12-31": "-11.40000", "2017-12-31": "0.80000", "2016-12-31": "-2.40000", "2015-12-31": "-3.00000", "2014-12-31": "1.80000", "2013-12-31": "2.90000", "2012-12-31": "-1.65600", "2011-12-31": "2.54900", "2010-12-31": "-2.27400", "2009-12-31": "1.34500", "2008-12-31": "-1.09700", "2007-12-31": "0.52900", "2006-12-31": "1.52600", "2005-12-31": "-1.75900"}, "Total Change In Assets/Liabilities": {"2020-12-31": "46.00000", "2019-12-31": "-40.00000", "2018-12-31": "16.30000", "2017-12-31": "54.00000", "2016-12-31": "27.00000", "2015-12-31": "-16.10000", "2014-12-31": "22.50000", "2013-12-31": "-26.70000", "2012-12-31": "1.82400", "2011-12-31": "-41.95500", "2010-12-31": "-8.26200", "2009-12-31": "47.40300", "2008-12-31": "17.56000", "2007-12-31": "-7.32200", "2006-12-31": "-0.83500", "2005-12-31": "5.03200"}, "Cash Flow From Operating Activities": {"2020-12-31": "309.50000", "2019-12-31": "393.90000", "2018-12-31": "413.80000", "2017-12-31": "317.50000", "2016-12-31": "318.10000", "2015-12-31": "229.30000", "2014-12-31": "264.00000", "2013-12-31": "239.40000", "2012-12-31": "234.75600", "2011-12-31": "149.81200", "2010-12-31": "133.53600", "2009-12-31": "189.01400", "2008-12-31": "191.39200", "2007-12-31": "232.83300", "2006-12-31": "181.69500", "2005-12-31": "181.54500"}, "Net Change In Property, Plant, And Equipment": {"2020-12-31": "-29.60000", "2019-12-31": "-65.70000", "2018-12-31": "-106.90000", "2017-12-31": "-26.70000", "2016-12-31": "-50.60000", "2015-12-31": "-35.20000", "2014-12-31": "-34.00000", "2013-12-31": "-29.00000", "2012-12-31": "-22.87000", "2011-12-31": "-29.94400", "2010-12-31": "-20.65800", "2009-12-31": "-23.57800", "2008-12-31": "-43.26500", "2007-12-31": "1.26800", "2006-12-31": "-22.06800", "2005-12-31": "-20.82500"}, "Net Change In Intangible Assets": {"2020-12-31": "", "2019-12-31": "", "2018-12-31": "", "2017-12-31": "", "2016-12-31": "", "2015-12-31": "", "2014-12-31": "", "2013-12-31": "", "2012-12-31": "", "2011-12-31": "", "2010-12-31": "", "2009-12-31": "", "2008-12-31": "", "2007-12-31": "", "2006-12-31": "", "2005-12-31": ""}, "Net Acquisitions/Divestitures": {"2020-12-31": "-169.50000", "2019-12-31": "-156.40000", "2018-12-31": "-645.40000", "2017-12-31": "-60.00000", "2016-12-31": "", "2015-12-31": "", "2014-12-31": "8.20000", "2013-12-31": "-795.00000", "2012-12-31": "54.07900", "2011-12-31": "-35.59000", "2010-12-31": "-135.84600", "2009-12-31": "17.86400", "2008-12-31": "-74.42100", "2007-12-31": "-63.49300", "2006-12-31": "-256.54900", "2005-12-31": "-8.82300"}, "Net Change In Short-term Investments": {"2020-12-31": "-30.00000", "2019-12-31": "1.10000", "2018-12-31": "", "2017-12-31": "", "2016-12-31": "", "2015-12-31": "", "2014-12-31": "", "2013-12-31": "", "2012-12-31": "", "2011-12-31": "", "2010-12-31": "", "2009-12-31": "", "2008-12-31": "", "2007-12-31": "", "2006-12-31": "", "2005-12-31": ""}, "Net Change In Long-Term Investments": {"2020-12-31": "", "2019-12-31": "", "2018-12-31": "", "2017-12-31": "", "2016-12-31": "", "2015-12-31": "", "2014-12-31": "", "2013-12-31": "", "2012-12-31": "", "2011-12-31": "", "2010-12-31": "", "2009-12-31": "", "2008-12-31": "", "2007-12-31": "32.99600", "2006-12-31": "", "2005-12-31": ""}, "Net Change In Investments - Total": {"2020-12-31": "-30.00000", "2019-12-31": "1.10000", "2018-12-31": "", "2017-12-31": "", "2016-12-31": "", "2015-12-31": "", "2014-12-31": "", "2013-12-31": "", "2012-12-31": "", "2011-12-31": "", "2010-12-31": "", "2009-12-31": "", "2008-12-31": "", "2007-12-31": "32.99600", "2006-12-31": "", "2005-12-31": ""}, "Investing Activities - Other": {"2020-12-31": "", "2019-12-31": "", "2018-12-31": "", "2017-12-31": "", "2016-12-31": "", "2015-12-31": "", "2014-12-31": "", "2013-12-31": "", "2012-12-31": "", "2011-12-31": "", "2010-12-31": "", "2009-12-31": "", "2008-12-31": "", "2007-12-31": "", "2006-12-31": "", "2005-12-31": ""}, "Cash Flow From Investing Activities": {"2020-12-31": "-229.10000", "2019-12-31": "-221.00000", "2018-12-31": "-752.30000", "2017-12-31": "-86.70000", "2016-12-31": "-50.60000", "2015-12-31": "-35.20000", "2014-12-31": "-25.80000", "2013-12-31": "-824.00000", "2012-12-31": "31.20900", "2011-12-31": "-65.53400", "2010-12-31": "-156.50400", "2009-12-31": "-5.71400", "2008-12-31": "-117.68600", "2007-12-31": "-29.22900", "2006-12-31": "-278.61700", "2005-12-31": "-29.64800"}, "Net Long-Term Debt": {"2020-12-31": "343.90000", "2019-12-31": "-96.40000", "2018-12-31": "115.00000", "2017-12-31": "", "2016-12-31": "-49.60000", "2015-12-31": "", "2014-12-31": "", "2013-12-31": "475.00000", "2012-12-31": "", "2011-12-31": "", "2010-12-31": "", "2009-12-31": "", "2008-12-31": "", "2007-12-31": "", "2006-12-31": "96.37700", "2005-12-31": "-4.73400"}, "Net Current Debt": {"2020-12-31": "-122.20000", "2019-12-31": "142.00000", "2018-12-31": "", "2017-12-31": "", "2016-12-31": "", "2015-12-31": "-51.20000", "2014-12-31": "-25.00000", "2013-12-31": "-0.30000", "2012-12-31": "", "2011-12-31": "-1.00300", "2010-12-31": "-2.73900", "2009-12-31": "-16.47400", "2008-12-31": "-1.37100", "2007-12-31": "-8.99200", "2006-12-31": "9.22800", "2005-12-31": "-0.10900"}, "Debt Issuance/Retirement Net - Total": {"2020-12-31": "221.70000", "2019-12-31": "45.60000", "2018-12-31": "115.00000", "2017-12-31": "", "2016-12-31": "-49.60000", "2015-12-31": "-51.20000", "2014-12-31": "-25.00000", "2013-12-31": "474.70000", "2012-12-31": "", "2011-12-31": "-1.00300", "2010-12-31": "-2.73900", "2009-12-31": "-16.47400", "2008-12-31": "-1.37100", "2007-12-31": "-8.99200", "2006-12-31": "105.60500", "2005-12-31": "-4.84300"}, "Net Common Equity Issued/Repurchased": {"2020-12-31": "-64.90000", "2019-12-31": "-77.00000", "2018-12-31": "-34.00000", "2017-12-31": "0.20000", "2016-12-31": "26.40000", "2015-12-31": "-16.10000", "2014-12-31": "-41.80000", "2013-12-31": "24.90000", "2012-12-31": "-36.93500", "2011-12-31": "-56.76700", "2010-12-31": "-27.61300", "2009-12-31": "1.07000", "2008-12-31": "-51.04600", "2007-12-31": "-34.94400", "2006-12-31": "-37.12800", "2005-12-31": "18.62400"}, "Net Total Equity Issued/Repurchased": {"2020-12-31": "-64.90000", "2019-12-31": "-77.00000", "2018-12-31": "-34.00000", "2017-12-31": "0.20000", "2016-12-31": "26.40000", "2015-12-31": "-16.10000", "2014-12-31": "-41.80000", "2013-12-31": "24.90000", "2012-12-31": "-36.93500", "2011-12-31": "-56.76700", "2010-12-31": "-27.61300", "2009-12-31": "1.07000", "2008-12-31": "-51.04600", "2007-12-31": "-34.94400", "2006-12-31": "-37.12800", "2005-12-31": "18.62400"}, "Total Common And Preferred Stock Dividends Paid": {"2020-12-31": "-100.40000", "2019-12-31": "-93.20000", "2018-12-31": "-83.50000", "2017-12-31": "-78.40000", "2016-12-31": "-77.20000", "2015-12-31": "-76.60000", "2014-12-31": "-73.90000", "2013-12-31": "-67.30000", "2012-12-31": "-61.97400", "2011-12-31": "-56.99200", "2010-12-31": "-50.37100", "2009-12-31": "-46.78300", "2008-12-31": "-45.20300", "2007-12-31": "-39.65100", "2006-12-31": "-33.59600", "2005-12-31": "-26.96200"}, "Financial Activities - Other": {"2020-12-31": "-1.30000", "2019-12-31": "", "2018-12-31": "-5.40000", "2017-12-31": "-2.60000", "2016-12-31": "", "2015-12-31": "0.10000", "2014-12-31": "7.70000", "2013-12-31": "0.40000", "2012-12-31": "3.60300", "2011-12-31": "6.09700", "2010-12-31": "3.29000", "2009-12-31": "0.22400", "2008-12-31": "1.99600", "2007-12-31": "6.97800", "2006-12-31": "7.68800", "2005-12-31": ""}, "Cash Flow From Financial Activities": {"2020-12-31": "55.10000", "2019-12-31": "-124.60000", "2018-12-31": "-7.90000", "2017-12-31": "-80.80000", "2016-12-31": "-100.40000", "2015-12-31": "-143.80000", "2014-12-31": "-133.00000", "2013-12-31": "432.70000", "2012-12-31": "-95.30600", "2011-12-31": "-108.66500", "2010-12-31": "-77.43300", "2009-12-31": "-61.96300", "2008-12-31": "-95.62400", "2007-12-31": "-76.60900", "2006-12-31": "42.56900", "2005-12-31": "-13.18100"}, "Net Cash Flow": {"2020-12-31": "157.10000", "2019-12-31": "50.50000", "2018-12-31": "-362.80000", "2017-12-31": "196.50000", "2016-12-31": "146.20000", "2015-12-31": "17.20000", "2014-12-31": "75.70000", "2013-12-31": "-153.30000", "2012-12-31": "178.85800", "2011-12-31": "-27.85200", "2010-12-31": "-99.77300", "2009-12-31": "140.87400", "2008-12-31": "-51.53000", "2007-12-31": "144.76300", "2006-12-31": "-41.78500", "2005-12-31": "129.66500"}, "Stock-Based Compensation": {"2020-12-31": "22.30000", "2019-12-31": "22.30000", "2018-12-31": "21.60000", "2017-12-31": "21.80000", "2016-12-31": "21.70000", "2015-12-31": "21.30000", "2014-12-31": "20.90000", "2013-12-31": "22.80000", "2012-12-31": "17.31900", "2011-12-31": "14.97200", "2010-12-31": "13.32600", "2009-12-31": "9.16600", "2008-12-31": "13.32700", "2007-12-31": "15.24700", "2006-12-31": "14.88300", "2005-12-31": "7.70400"}, "Common Stock Dividends Paid": {"2020-12-31": "-100.40000", "2019-12-31": "-93.20000", "2018-12-31": "-83.50000", "2017-12-31": "-78.40000", "2016-12-31": "-77.20000", "2015-12-31": "-76.60000", "2014-12-31": "-73.90000", "2013-12-31": "-67.30000", "2012-12-31": "-61.97400", "2011-12-31": "-56.99200", "2010-12-31": "-50.37100", "2009-12-31": "-46.78300", "2008-12-31": "-45.20300", "2007-12-31": "-39.65100", "2006-12-31": "-33.59600", "2005-12-31": "-26.96200"}}, "cash flow statement, quarterly": {"Net Income/Loss": {"2020-12-31": 46.8, "2020-09-30": 56.6, "2020-06-30": 14.8, "2020-03-31": "62.80000", "2019-12-31": -112.6, "2019-09-30": 72.5, "2019-06-30": 91, "2019-03-31": "82.40000", "2018-12-31": 89.2, "2018-09-30": 97, "2018-06-30": 80.7, "2018-03-31": "68.70000", "2017-12-31": -28.7, "2017-09-30": 68.2, "2017-06-30": 69.2, "2017-03-31": "63.10000", "2016-12-31": -64, "2016-09-30": 63.5, "2016-06-30": 68.3, "2016-03-31": "55.00000", "2015-12-31": 65.2, "2015-09-30": 56.9, "2015-06-30": 55.7, "2015-03-31": "51.10000", "2014-12-31": 56.2, "2014-09-30": 28.1, "2014-06-30": 59.7, "2014-03-31": "48.70000", "2013-12-31": 49.704, "2013-09-30": 57.131, "2013-06-30": 54.874, "2013-03-31": "57.79100", "2012-12-31": 45.644, "2012-09-30": 57.125, "2012-06-30": 62.562, "2012-03-31": "51.66200", "2011-12-31": -125.129, "2011-09-30": 52.54, "2011-06-30": 50.437, "2011-03-31": "48.46700", "2010-12-31": 39.388, "2010-09-30": 41.507, "2010-06-30": 40.041, "2010-03-31": "33.23400", "2009-12-31": 47.671, "2009-09-30": 35.108, "2009-06-30": 27.766, "2009-03-31": "23.31100", "2008-12-31": -8.311, "2008-09-30": 36.082, "2008-06-30": 59.009, "2008-03-31": "48.37800", "2007-12-31": 45.334, "2007-09-30": -196.95, "2007-06-30": 45.736, "2007-03-31": "43.64500", "2006-12-31": 37.981, "2006-09-30": 46.044, "2006-06-30": 44.463, "2006-03-31": "37.39900", "2005-12-31": 35.323, "2005-09-30": 40.042, "2005-06-30": 35.674, "2005-03-31": "24.99800"}, "Total Depreciation And Amortization - Cash Flow": {"2020-12-31": 32.2, "2020-09-30": 32.4, "2020-06-30": 33, "2020-03-31": "29.90000", "2019-12-31": 29.3, "2019-09-30": 27.9, "2019-06-30": 28.6, "2019-03-31": "27.70000", "2018-12-31": 35.9, "2018-09-30": 27.8, "2018-06-30": 28.4, "2018-03-31": "27.90000", "2017-12-31": 18.7, "2017-09-30": 18.5, "2017-06-30": 18.1, "2017-03-31": "17.40000", "2016-12-31": 16.6, "2016-09-30": 16.7, "2016-06-30": 17.6, "2016-03-31": "16.50000", "2015-12-31": 17.1, "2015-09-30": 16, "2015-06-30": 17.4, "2015-03-31": "16.50000", "2014-12-31": 17.8, "2014-09-30": 18.1, "2014-06-30": 18.1, "2014-03-31": "21.80000", "2013-12-31": 16.641, "2013-09-30": 12.435, "2013-06-30": 13.014, "2013-03-31": "12.71000", "2012-12-31": 14.141, "2012-09-30": 13.174, "2012-06-30": 15.274, "2012-03-31": "14.67400", "2011-12-31": 15.735, "2011-09-30": 15.581, "2011-06-30": 15.853, "2011-03-31": "15.77400", "2010-12-31": 15.245, "2010-09-30": 14.751, "2010-06-30": 15.408, "2010-03-31": "14.43700", "2009-12-31": 14.347, "2009-09-30": 14.025, "2009-06-30": 14.779, "2009-03-31": "15.05300", "2008-12-31": 13.197, "2008-09-30": 14.27, "2008-06-30": 14.712, "2008-03-31": "14.98300", "2007-12-31": 16.57, "2007-09-30": 13.672, "2007-06-30": 15.492, "2007-03-31": "15.57600", "2006-12-31": 15.229, "2006-09-30": 12.259, "2006-06-30": 11.532, "2006-03-31": "15.26500", "2005-12-31": 11.502, "2005-09-30": 11.666, "2005-06-30": 12.499, "2005-03-31": "12.34400"}, "Other Non-Cash Items": {"2020-12-31": -26.4, "2020-09-30": -1.4, "2020-06-30": -3.1, "2020-03-31": "-3.10000", "2019-12-31": 194.1, "2019-09-30": 7.3, "2019-06-30": -3, "2019-03-31": "-3.80000", "2018-12-31": 5.4, "2018-09-30": -32.1, "2018-06-30": -45.8, "2018-03-31": "4.70000", "2017-12-31": 62.8, "2017-09-30": -16.8, "2017-06-30": -2.3, "2017-03-31": "-15.20000", "2016-12-31": 146.1, "2016-09-30": -14.4, "2016-06-30": -11.8, "2016-03-31": "-3.80000", "2015-12-31": 4.6, "2015-09-30": -3.9, "2015-06-30": -11.3, "2015-03-31": "-4.70000", "2014-12-31": 14.9, "2014-09-30": 26.3, "2014-06-30": -17.4, "2014-03-31": "-9.70000", "2013-12-31": 19.094, "2013-09-30": -6.116, "2013-06-30": -17.742, "2013-03-31": "1.36400", "2012-12-31": 22.821, "2012-09-30": -5.791, "2012-06-30": -31.102, "2012-03-31": "-1.74200", "2011-12-31": 160.74, "2011-09-30": -16.554, "2011-06-30": -17.134, "2011-03-31": "-8.70600", "2010-12-31": 78.479, "2010-09-30": -26.727, "2010-06-30": -8.916, "2010-03-31": "0.92800", "2009-12-31": -23.641, "2009-09-30": -7.835, "2009-06-30": -18.689, "2009-03-31": "13.53100", "2008-12-31": -1.026, "2008-09-30": -4.173, "2008-06-30": -6.547, "2008-03-31": "7.65100", "2007-12-31": -0.427, "2007-09-30": 254.997, "2007-06-30": -4.077, "2007-03-31": "14.64800", "2006-12-31": -7.579, "2006-09-30": -13.218, "2006-06-30": -10.935, "2006-03-31": "-3.01800", "2005-12-31": -5.407, "2005-09-30": 2.224, "2005-06-30": -7.438, "2005-03-31": "0.85200"}, "Total Non-Cash Items": {"2020-12-31": 5.8, "2020-09-30": 31, "2020-06-30": 29.9, "2020-03-31": "26.80000", "2019-12-31": 223.4, "2019-09-30": 35.2, "2019-06-30": 25.6, "2019-03-31": "23.90000", "2018-12-31": 41.3, "2018-09-30": -4.3, "2018-06-30": -17.4, "2018-03-31": "32.60000", "2017-12-31": 81.5, "2017-09-30": 1.7, "2017-06-30": 15.8, "2017-03-31": "2.20000", "2016-12-31": 162.7, "2016-09-30": 2.3, "2016-06-30": 5.8, "2016-03-31": "12.70000", "2015-12-31": 21.7, "2015-09-30": 12.1, "2015-06-30": 6.1, "2015-03-31": "11.80000", "2014-12-31": 32.7, "2014-09-30": 44.4, "2014-06-30": 0.7, "2014-03-31": "12.10000", "2013-12-31": 35.735, "2013-09-30": 6.319, "2013-06-30": -4.728, "2013-03-31": "14.07400", "2012-12-31": 36.962, "2012-09-30": 7.383, "2012-06-30": -15.828, "2012-03-31": "12.93200", "2011-12-31": 176.475, "2011-09-30": -0.973, "2011-06-30": -1.281, "2011-03-31": "7.06800", "2010-12-31": -1.501, "2010-09-30": -11.976, "2010-06-30": 6.492, "2010-03-31": "15.36500", "2009-12-31": -9.294, "2009-09-30": 6.19, "2009-06-30": -3.91, "2009-03-31": "28.58400", "2008-12-31": 12.171, "2008-09-30": 10.097, "2008-06-30": 8.165, "2008-03-31": "22.63400", "2007-12-31": 16.143, "2007-09-30": 268.669, "2007-06-30": 11.415, "2007-03-31": "30.22400", "2006-12-31": 7.65, "2006-09-30": -0.959, "2006-06-30": 0.597, "2006-03-31": "12.24700", "2005-12-31": 6.095, "2005-09-30": 13.89, "2005-06-30": 5.061, "2005-03-31": "13.19600"}, "Change In Accounts Receivable": {"2020-12-31": -123.6, "2020-09-30": 5.7, "2020-06-30": 105.9, "2020-03-31": "12.00000", "2019-12-31": 27.9, "2019-09-30": 5.8, "2019-06-30": 35.5, "2019-03-31": "-65.40000", "2018-12-31": 43.9, "2018-09-30": -21.8, "2018-06-30": -67.4, "2018-03-31": "50.10000", "2017-12-31": 11.9, "2017-09-30": 3.8, "2017-06-30": -6.2, "2017-03-31": "-19.60000", "2016-12-31": 26.7, "2016-09-30": 5.3, "2016-06-30": -9.4, "2016-03-31": "-28.80000", "2015-12-31": 29.9, "2015-09-30": -4.5, "2015-06-30": 10.1, "2015-03-31": "-37.90000", "2014-12-31": 32.8, "2014-09-30": 18.7, "2014-06-30": -8.9, "2014-03-31": "-17.40000", "2013-12-31": -0.017, "2013-09-30": 6.042, "2013-06-30": -9.5, "2013-03-31": "-39.42500", "2012-12-31": 62.483, "2012-09-30": 7.247, "2012-06-30": -21.957, "2012-03-31": "-50.35100", "2011-12-31": 29.511, "2011-09-30": -6.105, "2011-06-30": -18.949, "2011-03-31": "-48.57700", "2010-12-31": 41.317, "2010-09-30": -27.341, "2010-06-30": 10.664, "2010-03-31": "-24.49800", "2009-12-31": 24.132, "2009-09-30": 10.876, "2009-06-30": 15.707, "2009-03-31": "4.45100", "2008-12-31": 47.474, "2008-09-30": 10.088, "2008-06-30": -3.53, "2008-03-31": "-24.38200", "2007-12-31": 43.322, "2007-09-30": 10.229, "2007-06-30": -24.402, "2007-03-31": "-27.08000", "2006-12-31": 16.782, "2006-09-30": -4.15, "2006-06-30": -11.068, "2006-03-31": "-20.31000", "2005-12-31": 48.377, "2005-09-30": -4.204, "2005-06-30": -8.954, "2005-03-31": "-25.39100"}, "Change In Inventories": {"2020-12-31": -6.7, "2020-09-30": 26.3, "2020-06-30": 11.5, "2020-03-31": "-31.10000", "2019-12-31": 40.6, "2019-09-30": -22.6, "2019-06-30": 3.6, "2019-03-31": "-29.90000", "2018-12-31": -7.6, "2018-09-30": 0.6, "2018-06-30": -19.2, "2018-03-31": "-12.60000", "2017-12-31": 23.6, "2017-09-30": -3.9, "2017-06-30": -1.1, "2017-03-31": "-12.20000", "2016-12-31": 23.7, "2016-09-30": 16, "2016-06-30": 7.1, "2016-03-31": "-21.90000", "2015-12-31": 21.3, "2015-09-30": -19.9, "2015-06-30": -4.2, "2015-03-31": "-20.20000", "2014-12-31": 33.2, "2014-09-30": -18.3, "2014-06-30": -10.1, "2014-03-31": "-22.10000", "2013-12-31": 37.705, "2013-09-30": 3.469, "2013-06-30": -0.048, "2013-03-31": "-13.02600", "2012-12-31": 14.756, "2012-09-30": 1.689, "2012-06-30": -4.576, "2012-03-31": "-3.31800", "2011-12-31": 2.285, "2011-09-30": -5.993, "2011-06-30": -12.058, "2011-03-31": "-22.64100", "2010-12-31": 4.953, "2010-09-30": -7.917, "2010-06-30": -9.484, "2010-03-31": "-8.99300", "2009-12-31": 13.793, "2009-09-30": 30.707, "2009-06-30": 30.177, "2009-03-31": "-6.94500", "2008-12-31": 34.286, "2008-09-30": -15.927, "2008-06-30": -13.371, "2008-03-31": "-15.17100", "2007-12-31": 12.253, "2007-09-30": -0.367, "2007-06-30": 1.35, "2007-03-31": "-14.00300", "2006-12-31": 16.96, "2006-09-30": -10.001, "2006-06-30": -1.795, "2006-03-31": "-4.37800", "2005-12-31": 2.015, "2005-09-30": 11.528, "2005-06-30": 4.421, "2005-03-31": "-12.87400"}, "Change In Accounts Payable": {"2020-12-31": 90.9, "2020-09-30": -4.1, "2020-06-30": -25.7, "2020-03-31": "-61.10000", "2019-12-31": 45.8, "2019-09-30": -15, "2019-06-30": 11.7, "2019-03-31": "-65.90000", "2018-12-31": 66.2, "2018-09-30": -7.1, "2018-06-30": 31.5, "2018-03-31": "-53.60000", "2017-12-31": 40.2, "2017-09-30": -1.7, "2017-06-30": 4, "2017-03-31": "-25.00000", "2016-12-31": 26.9, "2016-09-30": -3.1, "2016-06-30": 8.1, "2016-03-31": "-26.40000", "2015-12-31": 4.8, "2015-09-30": 12.4, "2015-06-30": -1.2, "2015-03-31": "-12.70000", "2014-12-31": 8.9, "2014-09-30": -6.3, "2014-06-30": 20.2, "2014-03-31": "-15.10000", "2013-12-31": 23.901, "2013-09-30": 4.939, "2013-06-30": -5.553, "2013-03-31": "-5.28700", "2012-12-31": 9.167, "2012-09-30": -9.78, "2012-06-30": 1.195, "2012-03-31": "-12.30600", "2011-12-31": 14.245, "2011-09-30": 1.42, "2011-06-30": 5.441, "2011-03-31": "14.02300", "2010-12-31": -6.747, "2010-09-30": -1.533, "2010-06-30": -0.153, "2010-03-31": "14.85800", "2009-12-31": 0.91, "2009-09-30": -2.284, "2009-06-30": -19.578, "2009-03-31": "-22.84500", "2008-12-31": -20.991, "2008-09-30": 5.854, "2008-06-30": -7.01, "2008-03-31": "19.42700", "2007-12-31": -15.294, "2007-09-30": 3.221, "2007-06-30": 8.972, "2007-03-31": "10.53100", "2006-12-31": -2.376, "2006-09-30": -0.651, "2006-06-30": 4.364, "2006-03-31": "-2.18300", "2005-12-31": 6.219, "2005-09-30": -5.065, "2005-06-30": -5.35, "2005-03-31": "-3.82800"}, "Change In Assets/Liabilities": {"2020-12-31": 64.8, "2020-09-30": 4.7, "2020-06-30": -6.4, "2020-03-31": "-17.10000", "2019-12-31": -5, "2019-09-30": 10.4, "2019-06-30": 0.9, "2019-03-31": "-7.60000", "2018-12-31": 1, "2018-09-30": -0.6, "2018-06-30": -7.9, "2018-03-31": "-3.90000", "2017-12-31": -0.4, "2017-09-30": 1.9, "2017-06-30": -0.7, "2017-03-31": "", "2016-12-31": -0.3, "2016-09-30": 1.6, "2016-06-30": -0.8, "2016-03-31": "-2.90000", "2015-12-31": 1.8, "2015-09-30": 0.6, "2015-06-30": -1.4, "2015-03-31": "-4.00000", "2014-12-31": 2.2, "2014-09-30": 0.6, "2014-06-30": 0.4, "2014-03-31": "-1.40000", "2013-12-31": 2.89, "2013-09-30": 0.02, "2013-06-30": 1.086, "2013-03-31": "-1.09600", "2012-12-31": 2.143, "2012-09-30": -0.129, "2012-06-30": -2.558, "2012-03-31": "-1.11200", "2011-12-31": 5.498, "2011-09-30": -1.223, "2011-06-30": -1.414, "2011-03-31": "-0.31200", "2010-12-31": -0.939, "2010-09-30": -0.563, "2010-06-30": -0.706, "2010-03-31": "-0.06600", "2009-12-31": 1.209, "2009-09-30": -1.494, "2009-06-30": 1.323, "2009-03-31": "0.30700", "2008-12-31": 2.345, "2008-09-30": -0.934, "2008-06-30": -1.916, "2008-03-31": "-0.59200", "2007-12-31": 0.639, "2007-09-30": -0.852, "2007-06-30": 0.234, "2007-03-31": "0.50800", "2006-12-31": 0.197, "2006-09-30": -1.958, "2006-06-30": 4.171, "2006-03-31": "-0.88400", "2005-12-31": -0.524, "2005-09-30": -1.649, "2005-06-30": 2.642, "2005-03-31": "-2.22800"}, "Total Change In Assets/Liabilities": {"2020-12-31": 54.2, "2020-09-30": 45.9, "2020-06-30": 69.6, "2020-03-31": "-123.70000", "2019-12-31": 117.1, "2019-09-30": 14.3, "2019-06-30": 32, "2019-03-31": "-203.40000", "2018-12-31": 57.6, "2018-09-30": 4.5, "2018-06-30": -16.3, "2018-03-31": "-29.50000", "2017-12-31": 92, "2017-09-30": 45.1, "2017-06-30": -20.3, "2017-03-31": "-62.80000", "2016-12-31": 61.4, "2016-09-30": 46.7, "2016-06-30": 0.9, "2016-03-31": "-82.00000", "2015-12-31": 30.5, "2015-09-30": 8.1, "2015-06-30": 2.4, "2015-03-31": "-57.10000", "2014-12-31": 69.8, "2014-09-30": 7.1, "2014-06-30": 15, "2014-03-31": "-69.40000", "2013-12-31": 62.108, "2013-09-30": 25.277, "2013-06-30": -15.551, "2013-03-31": "-98.53400", "2012-12-31": 81.146, "2012-09-30": 11.292, "2012-06-30": 12.889, "2012-03-31": "-103.50300", "2011-12-31": 34.957, "2011-09-30": 8.479, "2011-06-30": -18.141, "2011-03-31": "-67.25000", "2010-12-31": 48.105, "2010-09-30": -35.721, "2010-06-30": 11.041, "2010-03-31": "-31.68700", "2009-12-31": 34.366, "2009-09-30": 33.659, "2009-06-30": 6.997, "2009-03-31": "-27.61900", "2008-12-31": 52.995, "2008-09-30": 10.853, "2008-06-30": -16.454, "2008-03-31": "-29.83400", "2007-12-31": 32.21, "2007-09-30": 6.6, "2007-06-30": -20.484, "2007-03-31": "-25.64800", "2006-12-31": 34.782, "2006-09-30": -1.469, "2006-06-30": -1.249, "2006-03-31": "-32.89900", "2005-12-31": 40.095, "2005-09-30": 9.573, "2005-06-30": 0.385, "2005-03-31": "-45.02100"}, "Cash Flow From Operating Activities": {"2020-12-31": 101.4, "2020-09-30": 131.5, "2020-06-30": 112.1, "2020-03-31": "-35.50000", "2019-12-31": 222.9, "2019-09-30": 118.5, "2019-06-30": 152.9, "2019-03-31": "-100.40000", "2018-12-31": 191.4, "2018-09-30": 91, "2018-06-30": 57.2, "2018-03-31": "74.20000", "2017-12-31": 143.3, "2017-09-30": 103.8, "2017-06-30": 66.9, "2017-03-31": "3.50000", "2016-12-31": 149.7, "2016-09-30": 116.6, "2016-06-30": 69.8, "2016-03-31": "-18.00000", "2015-12-31": 113.6, "2015-09-30": 69.7, "2015-06-30": 57.6, "2015-03-31": "-11.60000", "2014-12-31": 150.6, "2014-09-30": 68.1, "2014-06-30": 64.2, "2014-03-31": "-18.90000", "2013-12-31": 148.401, "2013-09-30": 80.454, "2013-06-30": 30.948, "2013-03-31": "-20.40300", "2012-12-31": 155.503, "2012-09-30": 63.151, "2012-06-30": 58.909, "2012-03-31": "-42.80700", "2011-12-31": 84.818, "2011-09-30": 49.791, "2011-06-30": 31.369, "2011-03-31": "-16.16600", "2010-12-31": 74.233, "2010-09-30": -4.601, "2010-06-30": 47.086, "2010-03-31": "16.81800", "2009-12-31": 63.289, "2009-09-30": 79.986, "2009-06-30": 30.355, "2009-03-31": "15.38400", "2008-12-31": 60.928, "2008-09-30": 40.967, "2008-06-30": 45.368, "2008-03-31": "44.12900", "2007-12-31": 86.515, "2007-09-30": 75.561, "2007-06-30": 33.868, "2007-03-31": "36.88900", "2006-12-31": 78.779, "2006-09-30": 35.654, "2006-06-30": 50.28, "2006-03-31": "16.98200", "2005-12-31": 77.375, "2005-09-30": 67.2, "2005-06-30": 42.815, "2005-03-31": "-5.84500"}, "Net Change In Property, Plant, And Equipment": {"2020-12-31": -12.9, "2020-09-30": -5.9, "2020-06-30": -5.4, "2020-03-31": "-5.40000", "2019-12-31": -16.1, "2019-09-30": -14.4, "2019-06-30": -15.4, "2019-03-31": "-19.80000", "2018-12-31": -32.6, "2018-09-30": -30.8, "2018-06-30": -16.3, "2018-03-31": "-27.20000", "2017-12-31": 7.6, "2017-09-30": -13.5, "2017-06-30": -11.2, "2017-03-31": "-9.60000", "2016-12-31": -12.9, "2016-09-30": -11.8, "2016-06-30": -15.4, "2016-03-31": "-10.50000", "2015-12-31": -8.9, "2015-09-30": -8.1, "2015-06-30": -9.4, "2015-03-31": "-8.80000", "2014-12-31": -6.8, "2014-09-30": -7.6, "2014-06-30": -10.4, "2014-03-31": "-9.20000", "2013-12-31": -10.356, "2013-09-30": -6.892, "2013-06-30": -6.475, "2013-03-31": "-5.27700", "2012-12-31": -5.18, "2012-09-30": -5.768, "2012-06-30": -4.929, "2012-03-31": "-6.99300", "2011-12-31": -6.961, "2011-09-30": -9.231, "2011-06-30": -10.167, "2011-03-31": "-3.58500", "2010-12-31": -7.254, "2010-09-30": -5.056, "2010-06-30": -4.229, "2010-03-31": "-4.11900", "2009-12-31": -5.645, "2009-09-30": -2.826, "2009-06-30": -6.836, "2009-03-31": "-8.27100", "2008-12-31": -10.335, "2008-09-30": -12.973, "2008-06-30": -11.553, "2008-03-31": "-8.40400", "2007-12-31": 23.07, "2007-09-30": -11.207, "2007-06-30": -14.664, "2007-03-31": "4.06900", "2006-12-31": -3.073, "2006-09-30": -4.848, "2006-06-30": -6.993, "2006-03-31": "-7.15400", "2005-12-31": -4.76, "2005-09-30": -6.071, "2005-06-30": -4.674, "2005-03-31": "-5.32000"}, "Net Change In Intangible Assets": {"2020-12-31": 0, "2020-09-30": 0, "2020-06-30": 0, "2020-03-31": "", "2019-12-31": 0, "2019-09-30": 0, "2019-06-30": 0, "2019-03-31": "", "2018-12-31": 0, "2018-09-30": 0, "2018-06-30": 0, "2018-03-31": "", "2017-12-31": 0, "2017-09-30": 0, "2017-06-30": 0, "2017-03-31": "", "2016-12-31": 0, "2016-09-30": 0, "2016-06-30": 0, "2016-03-31": "", "2015-12-31": 0, "2015-09-30": 0, "2015-06-30": 0, "2015-03-31": "", "2014-12-31": 0, "2014-09-30": 0, "2014-06-30": 0, "2014-03-31": "", "2013-12-31": 0, "2013-09-30": 0, "2013-06-30": 0, "2013-03-31": "", "2012-12-31": 0, "2012-09-30": 0, "2012-06-30": 0, "2012-03-31": "", "2011-12-31": 0, "2011-09-30": 0, "2011-06-30": 0, "2011-03-31": "", "2010-12-31": 0, "2010-09-30": 0, "2010-06-30": 0, "2010-03-31": "", "2009-12-31": 0, "2009-09-30": 0, "2009-06-30": 0, "2009-03-31": "", "2008-12-31": 0, "2008-09-30": 0, "2008-06-30": 0, "2008-03-31": "", "2007-12-31": 0, "2007-09-30": 0, "2007-06-30": 0, "2007-03-31": "", "2006-12-31": 0, "2006-09-30": 0, "2006-06-30": 0, "2006-03-31": "", "2005-12-31": 0, "2005-09-30": 0, "2005-06-30": 0, "2005-03-31": ""}, "Net Acquisitions/Divestitures": {"2020-12-31": -0.3, "2020-09-30": 3.1, "2020-06-30": -0.3, "2020-03-31": "-172.00000", "2019-12-31": -156.2, "2019-09-30": 0, "2019-06-30": 0, "2019-03-31": "-0.20000", "2018-12-31": 2.6, "2018-09-30": 24.3, "2018-06-30": 0, "2018-03-31": "-672.30000", "2017-12-31": -5.2, "2017-09-30": -0.7, "2017-06-30": -54.1, "2017-03-31": "", "2016-12-31": 0, "2016-09-30": 0, "2016-06-30": 0, "2016-03-31": "", "2015-12-31": 0, "2015-09-30": 0, "2015-06-30": 0, "2015-03-31": "", "2014-12-31": 0, "2014-09-30": 0, "2014-06-30": 8.2, "2014-03-31": "", "2013-12-31": -795, "2013-09-30": 0, "2013-06-30": 0, "2013-03-31": "", "2012-12-31": 0.48, "2012-09-30": 0.934, "2012-06-30": 52.665, "2012-03-31": "", "2011-12-31": -0.996, "2011-09-30": -35.594, "2011-06-30": 0, "2011-03-31": "1.00000", "2010-12-31": -89.294, "2010-09-30": 4.615, "2010-06-30": 0, "2010-03-31": "-51.16700", "2009-12-31": 17.864, "2009-09-30": 0, "2009-06-30": 0, "2009-03-31": "", "2008-12-31": -48.518, "2008-09-30": -27.877, "2008-06-30": 1.553, "2008-03-31": "0.42100", "2007-12-31": -0.332, "2007-09-30": -63.306, "2007-06-30": 0.15, "2007-03-31": "-0.00500", "2006-12-31": -47.903, "2006-09-30": -85.461, "2006-06-30": -37.847, "2006-03-31": "-85.33800", "2005-12-31": -1.666, "2005-09-30": -7.157, "2005-06-30": 0, "2005-03-31": ""}, "Net Change In Short-term Investments": {"2020-12-31": 30, "2020-09-30": -60, "2020-06-30": 0, "2020-03-31": "", "2019-12-31": 0, "2019-09-30": 9.9, "2019-06-30": -8.8, "2019-03-31": "", "2018-12-31": 0, "2018-09-30": 0, "2018-06-30": 0, "2018-03-31": "", "2017-12-31": 0, "2017-09-30": 0, "2017-06-30": 0, "2017-03-31": "", "2016-12-31": 0, "2016-09-30": 0, "2016-06-30": 0, "2016-03-31": "", "2015-12-31": 0, "2015-09-30": 0, "2015-06-30": 0, "2015-03-31": "", "2014-12-31": 0, "2014-09-30": 0, "2014-06-30": 0, "2014-03-31": "", "2013-12-31": 0, "2013-09-30": 0, "2013-06-30": 0, "2013-03-31": "", "2012-12-31": 0, "2012-09-30": 0, "2012-06-30": 0, "2012-03-31": "", "2011-12-31": 0, "2011-09-30": 0, "2011-06-30": 0, "2011-03-31": "", "2010-12-31": 0, "2010-09-30": 0, "2010-06-30": 0, "2010-03-31": "", "2009-12-31": 0, "2009-09-30": 0, "2009-06-30": 0, "2009-03-31": "", "2008-12-31": 0, "2008-09-30": 0, "2008-06-30": 0, "2008-03-31": "", "2007-12-31": 0, "2007-09-30": 0, "2007-06-30": 0, "2007-03-31": "", "2006-12-31": 0, "2006-09-30": 0, "2006-06-30": 0, "2006-03-31": "", "2005-12-31": 0, "2005-09-30": 0, "2005-06-30": 0, "2005-03-31": ""}, "Net Change In Long-Term Investments": {"2020-12-31": 0, "2020-09-30": 0, "2020-06-30": 0, "2020-03-31": "", "2019-12-31": 0, "2019-09-30": 0, "2019-06-30": 0, "2019-03-31": "", "2018-12-31": 0, "2018-09-30": 0, "2018-06-30": 0, "2018-03-31": "", "2017-12-31": 0, "2017-09-30": 0, "2017-06-30": 0, "2017-03-31": "", "2016-12-31": 0, "2016-09-30": 0, "2016-06-30": 0, "2016-03-31": "", "2015-12-31": 0, "2015-09-30": 0, "2015-06-30": 0, "2015-03-31": "", "2014-12-31": 0, "2014-09-30": 0, "2014-06-30": 0, "2014-03-31": "", "2013-12-31": 0, "2013-09-30": 0, "2013-06-30": 0, "2013-03-31": "", "2012-12-31": 0, "2012-09-30": 0, "2012-06-30": 0, "2012-03-31": "", "2011-12-31": 0, "2011-09-30": 0, "2011-06-30": 0, "2011-03-31": "", "2010-12-31": 0, "2010-09-30": 0, "2010-06-30": 0, "2010-03-31": "", "2009-12-31": 0, "2009-09-30": 0, "2009-06-30": 0, "2009-03-31": "", "2008-12-31": 0, "2008-09-30": 0, "2008-06-30": 0, "2008-03-31": "", "2007-12-31": 32.996, "2007-09-30": 0, "2007-06-30": 0, "2007-03-31": "", "2006-12-31": 0, "2006-09-30": 0, "2006-06-30": 0, "2006-03-31": "", "2005-12-31": 0, "2005-09-30": 0, "2005-06-30": 0, "2005-03-31": ""}, "Net Change In Investments - Total": {"2020-12-31": 30, "2020-09-30": -60, "2020-06-30": 0, "2020-03-31": "", "2019-12-31": 0, "2019-09-30": 9.9, "2019-06-30": -8.8, "2019-03-31": "", "2018-12-31": 0, "2018-09-30": 0, "2018-06-30": 0, "2018-03-31": "", "2017-12-31": 0, "2017-09-30": 0, "2017-06-30": 0, "2017-03-31": "", "2016-12-31": 0, "2016-09-30": 0, "2016-06-30": 0, "2016-03-31": "", "2015-12-31": 0, "2015-09-30": 0, "2015-06-30": 0, "2015-03-31": "", "2014-12-31": 0, "2014-09-30": 0, "2014-06-30": 0, "2014-03-31": "", "2013-12-31": 0, "2013-09-30": 0, "2013-06-30": 0, "2013-03-31": "", "2012-12-31": 0, "2012-09-30": 0, "2012-06-30": 0, "2012-03-31": "", "2011-12-31": 0, "2011-09-30": 0, "2011-06-30": 0, "2011-03-31": "", "2010-12-31": 0, "2010-09-30": 0, "2010-06-30": 0, "2010-03-31": "", "2009-12-31": 0, "2009-09-30": 0, "2009-06-30": 0, "2009-03-31": "", "2008-12-31": 0, "2008-09-30": 0, "2008-06-30": 0, "2008-03-31": "", "2007-12-31": 32.996, "2007-09-30": 0, "2007-06-30": 0, "2007-03-31": "", "2006-12-31": 0, "2006-09-30": 0, "2006-06-30": 0, "2006-03-31": "", "2005-12-31": 0, "2005-09-30": 0, "2005-06-30": 0, "2005-03-31": ""}, "Investing Activities - Other": {"2020-12-31": 0, "2020-09-30": 0, "2020-06-30": 0, "2020-03-31": "", "2019-12-31": 0, "2019-09-30": 0, "2019-06-30": 0, "2019-03-31": "", "2018-12-31": 0, "2018-09-30": 0, "2018-06-30": 0, "2018-03-31": "", "2017-12-31": 0, "2017-09-30": 0, "2017-06-30": 0, "2017-03-31": "", "2016-12-31": 0, "2016-09-30": 0, "2016-06-30": 0, "2016-03-31": "", "2015-12-31": 0, "2015-09-30": 0, "2015-06-30": 0, "2015-03-31": "", "2014-12-31": 0, "2014-09-30": 0, "2014-06-30": 0, "2014-03-31": "", "2013-12-31": 0, "2013-09-30": 0, "2013-06-30": 0, "2013-03-31": "", "2012-12-31": 0, "2012-09-30": 0, "2012-06-30": 0, "2012-03-31": "", "2011-12-31": 0, "2011-09-30": 0, "2011-06-30": 0, "2011-03-31": "", "2010-12-31": 0, "2010-09-30": 0, "2010-06-30": 0, "2010-03-31": "", "2009-12-31": 0, "2009-09-30": 0, "2009-06-30": 0, "2009-03-31": "", "2008-12-31": 0, "2008-09-30": 0, "2008-06-30": 0, "2008-03-31": "", "2007-12-31": 0, "2007-09-30": 0, "2007-06-30": 0, "2007-03-31": "", "2006-12-31": 0, "2006-09-30": 0, "2006-06-30": 0, "2006-03-31": "", "2005-12-31": 0, "2005-09-30": 0, "2005-06-30": 0, "2005-03-31": ""}, "Cash Flow From Investing Activities": {"2020-12-31": 16.8, "2020-09-30": -62.8, "2020-06-30": -5.7, "2020-03-31": "-177.40000", "2019-12-31": -172.3, "2019-09-30": -4.5, "2019-06-30": -24.2, "2019-03-31": "-20.00000", "2018-12-31": -30, "2018-09-30": -6.5, "2018-06-30": -16.3, "2018-03-31": "-699.50000", "2017-12-31": 2.4, "2017-09-30": -14.2, "2017-06-30": -65.3, "2017-03-31": "-9.60000", "2016-12-31": -12.9, "2016-09-30": -11.8, "2016-06-30": -15.4, "2016-03-31": "-10.50000", "2015-12-31": -8.8, "2015-09-30": -8.2, "2015-06-30": -9.4, "2015-03-31": "-8.80000", "2014-12-31": -6.8, "2014-09-30": -7.6, "2014-06-30": -2.2, "2014-03-31": "-9.20000", "2013-12-31": -805.356, "2013-09-30": -6.892, "2013-06-30": -6.475, "2013-03-31": "-5.27700", "2012-12-31": -4.7, "2012-09-30": -4.834, "2012-06-30": 47.736, "2012-03-31": "-6.99300", "2011-12-31": -7.957, "2011-09-30": -44.825, "2011-06-30": -10.167, "2011-03-31": "-2.58500", "2010-12-31": -96.548, "2010-09-30": -0.441, "2010-06-30": -4.229, "2010-03-31": "-55.28600", "2009-12-31": 12.219, "2009-09-30": -2.826, "2009-06-30": -6.836, "2009-03-31": "-8.27100", "2008-12-31": -58.853, "2008-09-30": -40.85, "2008-06-30": -10, "2008-03-31": "-7.98300", "2007-12-31": 55.734, "2007-09-30": -74.513, "2007-06-30": -14.514, "2007-03-31": "4.06400", "2006-12-31": -50.976, "2006-09-30": -90.309, "2006-06-30": -44.84, "2006-03-31": "-92.49200", "2005-12-31": -6.426, "2005-09-30": -13.228, "2005-06-30": -4.674, "2005-03-31": "-5.32000"}, "Net Long-Term Debt": {"2020-12-31": 0, "2020-09-30": 0, "2020-06-30": 298.7, "2020-03-31": "45.20000", "2019-12-31": -94.9, "2019-09-30": -1.7, "2019-06-30": -1.4, "2019-03-31": "1.60000", "2018-12-31": 11.7, "2018-09-30": 3.3, "2018-06-30": -200, "2018-03-31": "300.00000", "2017-12-31": 0, "2017-09-30": 0, "2017-06-30": 0, "2017-03-31": "", "2016-12-31": -49.6, "2016-09-30": 0, "2016-06-30": 0, "2016-03-31": "", "2015-12-31": 0, "2015-09-30": 0, "2015-06-30": 0, "2015-03-31": "", "2014-12-31": 11, "2014-09-30": -39, "2014-06-30": 10, "2014-03-31": "18.00000", "2013-12-31": 675, "2013-09-30": -212.905, "2013-06-30": 12.905, "2013-03-31": "", "2012-12-31": 0, "2012-09-30": 0, "2012-06-30": 0, "2012-03-31": "", "2011-12-31": 0, "2011-09-30": 0, "2011-06-30": 0, "2011-03-31": "", "2010-12-31": 0, "2010-09-30": 0, "2010-06-30": 0, "2010-03-31": "", "2009-12-31": 0, "2009-09-30": 0, "2009-06-30": 0, "2009-03-31": "", "2008-12-31": 0, "2008-09-30": 0, "2008-06-30": 0, "2008-03-31": "", "2007-12-31": 0.3, "2007-09-30": -0.211, "2007-06-30": -0.022, "2007-03-31": "-0.06700", "2006-12-31": 25.087, "2006-09-30": 71.498, "2006-06-30": -0.074, "2006-03-31": "-0.13400", "2005-12-31": -0.288, "2005-09-30": 0.094, "2005-06-30": 0.224, "2005-03-31": "-4.76400"}, "Net Current Debt": {"2020-12-31": -108.1, "2020-09-30": -106.1, "2020-06-30": -92.5, "2020-03-31": "184.50000", "2019-12-31": 142, "2019-09-30": 0, "2019-06-30": -55.5, "2019-03-31": "55.50000", "2018-12-31": -106.3, "2018-09-30": -65.1, "2018-06-30": -101.3, "2018-03-31": "272.70000", "2017-12-31": 0, "2017-09-30": 0, "2017-06-30": 0, "2017-03-31": "", "2016-12-31": 15.6, "2016-09-30": -66.9, "2016-06-30": 22.8, "2016-03-31": "28.50000", "2015-12-31": -48.2, "2015-09-30": -24.9, "2015-06-30": -4.8, "2015-03-31": "26.70000", "2014-12-31": -25, "2014-09-30": 0, "2014-06-30": 0, "2014-03-31": "", "2013-12-31": -123.497, "2013-09-30": 123.197, "2013-06-30": 0, "2013-03-31": "", "2012-12-31": 0, "2012-09-30": 0, "2012-06-30": 0.318, "2012-03-31": "-0.31800", "2011-12-31": 0.333, "2011-09-30": -0.806, "2011-06-30": -0.454, "2011-03-31": "-0.07600", "2010-12-31": -0.44, "2010-09-30": 0.834, "2010-06-30": -0.087, "2010-03-31": "-3.04600", "2009-12-31": -0.109, "2009-09-30": -0.96, "2009-06-30": -6.089, "2009-03-31": "-9.31600", "2008-12-31": -1.782, "2008-09-30": -2.631, "2008-06-30": -5.995, "2008-03-31": "9.03700", "2007-12-31": -24.484, "2007-09-30": 24.1, "2007-06-30": -10.408, "2007-03-31": "1.80000", "2006-12-31": 9.173, "2006-09-30": 0.123, "2006-06-30": 0, "2006-03-31": "-0.06800", "2005-12-31": -1.139, "2005-09-30": 0.915, "2005-06-30": -2.965, "2005-03-31": "3.08000"}, "Debt Issuance/Retirement Net - Total": {"2020-12-31": -108.1, "2020-09-30": -106.1, "2020-06-30": 206.2, "2020-03-31": "229.70000", "2019-12-31": 47.1, "2019-09-30": -1.7, "2019-06-30": -56.9, "2019-03-31": "57.10000", "2018-12-31": -94.6, "2018-09-30": -61.8, "2018-06-30": -301.3, "2018-03-31": "572.70000", "2017-12-31": 0, "2017-09-30": 0, "2017-06-30": 0, "2017-03-31": "", "2016-12-31": -34, "2016-09-30": -66.9, "2016-06-30": 22.8, "2016-03-31": "28.50000", "2015-12-31": -48.2, "2015-09-30": -24.9, "2015-06-30": -4.8, "2015-03-31": "26.70000", "2014-12-31": -14, "2014-09-30": -39, "2014-06-30": 10, "2014-03-31": "18.00000", "2013-12-31": 551.503, "2013-09-30": -89.708, "2013-06-30": 12.905, "2013-03-31": "", "2012-12-31": 0, "2012-09-30": 0, "2012-06-30": 0.318, "2012-03-31": "-0.31800", "2011-12-31": 0.333, "2011-09-30": -0.806, "2011-06-30": -0.454, "2011-03-31": "-0.07600", "2010-12-31": -0.44, "2010-09-30": 0.834, "2010-06-30": -0.087, "2010-03-31": "-3.04600", "2009-12-31": -0.109, "2009-09-30": -0.96, "2009-06-30": -6.089, "2009-03-31": "-9.31600", "2008-12-31": -1.782, "2008-09-30": -2.631, "2008-06-30": -5.995, "2008-03-31": "9.03700", "2007-12-31": -24.184, "2007-09-30": 23.889, "2007-06-30": -10.43, "2007-03-31": "1.73300", "2006-12-31": 34.26, "2006-09-30": 71.621, "2006-06-30": -0.074, "2006-03-31": "-0.20200", "2005-12-31": -1.427, "2005-09-30": 1.009, "2005-06-30": -2.741, "2005-03-31": "-1.68400"}, "Net Common Equity Issued/Repurchased": {"2020-12-31": 0.9, "2020-09-30": 3.6, "2020-06-30": 0.5, "2020-03-31": "-69.90000", "2019-12-31": -79.6, "2019-09-30": 1.4, "2019-06-30": 1.6, "2019-03-31": "-0.40000", "2018-12-31": -21.5, "2018-09-30": 7.5, "2018-06-30": -24.5, "2018-03-31": "4.50000", "2017-12-31": 4.5, "2017-09-30": -22.1, "2017-06-30": 5, "2017-03-31": "12.80000", "2016-12-31": 16.8, "2016-09-30": 7.4, "2016-06-30": 3.6, "2016-03-31": "-1.40000", "2015-12-31": 1.6, "2015-09-30": 0.3, "2015-06-30": 0.3, "2015-03-31": "-18.30000", "2014-12-31": -50.5, "2014-09-30": 0.9, "2014-06-30": 4, "2014-03-31": "3.80000", "2013-12-31": 0.817, "2013-09-30": 4.041, "2013-06-30": 9.653, "2013-03-31": "10.38900", "2012-12-31": 4.63, "2012-09-30": -20, "2012-06-30": -29.991, "2012-03-31": "8.42600", "2011-12-31": -26.705, "2011-09-30": 2.913, "2011-06-30": -15.528, "2011-03-31": "-17.44700", "2010-12-31": -13.975, "2010-09-30": -16.037, "2010-06-30": -2.315, "2010-03-31": "4.71400", "2009-12-31": 1.369, "2009-09-30": -0.546, "2009-06-30": 0.884, "2009-03-31": "-0.63700", "2008-12-31": -19.75, "2008-09-30": -0.387, "2008-06-30": 5.535, "2008-03-31": "-36.44400", "2007-12-31": 4.955, "2007-09-30": 2.958, "2007-06-30": -2.469, "2007-03-31": "-40.38800", "2006-12-31": -20.235, "2006-09-30": -10.537, "2006-06-30": -2.711, "2006-03-31": "-3.64500", "2005-12-31": 7.99, "2005-09-30": 8.758, "2005-06-30": 0.115, "2005-03-31": "1.76100"}, "Net Total Equity Issued/Repurchased": {"2020-12-31": 0.9, "2020-09-30": 3.6, "2020-06-30": 0.5, "2020-03-31": "-69.90000", "2019-12-31": -79.6, "2019-09-30": 1.4, "2019-06-30": 1.6, "2019-03-31": "-0.40000", "2018-12-31": -21.5, "2018-09-30": 7.5, "2018-06-30": -24.5, "2018-03-31": "4.50000", "2017-12-31": 4.5, "2017-09-30": -22.1, "2017-06-30": 5, "2017-03-31": "12.80000", "2016-12-31": 16.8, "2016-09-30": 7.4, "2016-06-30": 3.6, "2016-03-31": "-1.40000", "2015-12-31": 1.6, "2015-09-30": 0.3, "2015-06-30": 0.3, "2015-03-31": "-18.30000", "2014-12-31": -50.5, "2014-09-30": 0.9, "2014-06-30": 4, "2014-03-31": "3.80000", "2013-12-31": 0.817, "2013-09-30": 4.041, "2013-06-30": 9.653, "2013-03-31": "10.38900", "2012-12-31": 4.63, "2012-09-30": -20, "2012-06-30": -29.991, "2012-03-31": "8.42600", "2011-12-31": -26.705, "2011-09-30": 2.913, "2011-06-30": -15.528, "2011-03-31": "-17.44700", "2010-12-31": -13.975, "2010-09-30": -16.037, "2010-06-30": -2.315, "2010-03-31": "4.71400", "2009-12-31": 1.369, "2009-09-30": -0.546, "2009-06-30": 0.884, "2009-03-31": "-0.63700", "2008-12-31": -19.75, "2008-09-30": -0.387, "2008-06-30": 5.535, "2008-03-31": "-36.44400", "2007-12-31": 4.955, "2007-09-30": 2.958, "2007-06-30": -2.469, "2007-03-31": "-40.38800", "2006-12-31": -20.235, "2006-09-30": -10.537, "2006-06-30": -2.711, "2006-03-31": "-3.64500", "2005-12-31": 7.99, "2005-09-30": 8.758, "2005-06-30": 0.115, "2005-03-31": "1.76100"}, "Total Common And Preferred Stock Dividends Paid": {"2020-12-31": -25, "2020-09-30": -25, "2020-06-30": -24.9, "2020-03-31": "-25.50000", "2019-12-31": -23.1, "2019-09-30": -23.4, "2019-06-30": -23.3, "2019-03-31": "-23.40000", "2018-12-31": -20.8, "2018-09-30": -20.9, "2018-06-30": -20.9, "2018-03-31": "-20.90000", "2017-12-31": -19.6, "2017-09-30": -19.5, "2017-06-30": -19.7, "2017-03-31": "-19.60000", "2016-12-31": -19.4, "2016-09-30": -19.3, "2016-06-30": -19.3, "2016-03-31": "-19.20000", "2015-12-31": -19.2, "2015-09-30": -19.1, "2015-06-30": -19.2, "2015-03-31": "-19.10000", "2014-12-31": -19.1, "2014-09-30": -19.5, "2014-06-30": -17.7, "2014-03-31": "-17.60000", "2013-12-31": -17.522, "2013-09-30": -17.44, "2013-06-30": -16.194, "2013-03-31": "-16.14400", "2012-12-31": -15.976, "2012-09-30": -15.923, "2012-06-30": -14.985, "2012-03-31": "-15.09000", "2011-12-31": -15.035, "2011-09-30": -15.098, "2011-06-30": -13.385, "2011-03-31": "-13.47400", "2010-12-31": -13.36, "2010-09-30": -13.453, "2010-06-30": -11.815, "2010-03-31": "-11.74300", "2009-12-31": -11.704, "2009-09-30": -11.695, "2009-06-30": -11.696, "2009-03-31": "-11.68800", "2008-12-31": -11.682, "2008-09-30": -11.965, "2008-06-30": -10.761, "2008-03-31": "-10.79500", "2007-12-31": -10.823, "2007-09-30": -10.789, "2007-06-30": -8.989, "2007-03-31": "-9.05000", "2006-12-31": -9.131, "2006-09-30": -9.173, "2006-06-30": -7.669, "2006-03-31": "-7.62300", "2005-12-31": -7.533, "2005-09-30": -7.509, "2005-06-30": -5.965, "2005-03-31": "-5.95500"}, "Financial Activities - Other": {"2020-12-31": 0, "2020-09-30": -0.1, "2020-06-30": -1.2, "2020-03-31": "", "2019-12-31": 0, "2019-09-30": 0, "2019-06-30": 0, "2019-03-31": "", "2018-12-31": 0, "2018-09-30": 0, "2018-06-30": 0, "2018-03-31": "-5.40000", "2017-12-31": -2.6, "2017-09-30": 0, "2017-06-30": 0, "2017-03-31": "", "2016-12-31": 0, "2016-09-30": 0, "2016-06-30": 0, "2016-03-31": "", "2015-12-31": 0.3, "2015-09-30": 0, "2015-06-30": -1.1, "2015-03-31": "0.90000", "2014-12-31": -0.2, "2014-09-30": 0.4, "2014-06-30": 2.4, "2014-03-31": "5.10000", "2013-12-31": -5.387, "2013-09-30": 0.865, "2013-06-30": 1.994, "2013-03-31": "2.92800", "2012-12-31": 0.37, "2012-09-30": -0.045, "2012-06-30": 0.331, "2012-03-31": "2.94700", "2011-12-31": 0.391, "2011-09-30": 0.347, "2011-06-30": 1.407, "2011-03-31": "3.95200", "2010-12-31": 1.47, "2010-09-30": 0.851, "2010-06-30": 0.578, "2010-03-31": "0.39100", "2009-12-31": 0.093, "2009-09-30": 0.131, "2009-06-30": 0, "2009-03-31": "", "2008-12-31": 0.608, "2008-09-30": 0.488, "2008-06-30": 0.793, "2008-03-31": "0.10700", "2007-12-31": 2.897, "2007-09-30": 1.954, "2007-06-30": 1.437, "2007-03-31": "0.69000", "2006-12-31": 0.113, "2006-09-30": 0.8, "2006-06-30": 5.059, "2006-03-31": "1.71600", "2005-12-31": 0, "2005-09-30": 0, "2005-06-30": 0, "2005-03-31": ""}, "Cash Flow From Financial Activities": {"2020-12-31": -132.2, "2020-09-30": -127.6, "2020-06-30": 180.6, "2020-03-31": "134.30000", "2019-12-31": -55.6, "2019-09-30": -23.7, "2019-06-30": -78.6, "2019-03-31": "33.30000", "2018-12-31": -136.9, "2018-09-30": -75.2, "2018-06-30": -346.7, "2018-03-31": "550.90000", "2017-12-31": -17.7, "2017-09-30": -41.6, "2017-06-30": -14.7, "2017-03-31": "-6.80000", "2016-12-31": -36.6, "2016-09-30": -78.8, "2016-06-30": 7.1, "2016-03-31": "7.90000", "2015-12-31": -65.5, "2015-09-30": -43.7, "2015-06-30": -24.7, "2015-03-31": "-9.90000", "2014-12-31": -83.9, "2014-09-30": -57.1, "2014-06-30": -1.3, "2014-03-31": "9.30000", "2013-12-31": 529.411, "2013-09-30": -102.242, "2013-06-30": 8.358, "2013-03-31": "-2.82700", "2012-12-31": -10.976, "2012-09-30": -35.968, "2012-06-30": -44.327, "2012-03-31": "-4.03500", "2011-12-31": -41.016, "2011-09-30": -12.644, "2011-06-30": -27.96, "2011-03-31": "-27.04500", "2010-12-31": -26.305, "2010-09-30": -27.805, "2010-06-30": -13.639, "2010-03-31": "-9.68400", "2009-12-31": -10.351, "2009-09-30": -13.07, "2009-06-30": -16.901, "2009-03-31": "-21.64100", "2008-12-31": -32.606, "2008-09-30": -14.495, "2008-06-30": -10.428, "2008-03-31": "-38.09500", "2007-12-31": -27.155, "2007-09-30": 18.012, "2007-06-30": -20.451, "2007-03-31": "-47.01500", "2006-12-31": 5.007, "2006-09-30": 52.711, "2006-06-30": -5.395, "2006-03-31": "-9.75400", "2005-12-31": -0.97, "2005-09-30": 2.258, "2005-06-30": -8.591, "2005-03-31": "-5.87800"}, "Net Cash Flow": {"2020-12-31": 6.4, "2020-09-30": -47.5, "2020-06-30": 289.3, "2020-03-31": "-91.10000", "2019-12-31": 5.1, "2019-09-30": 81.8, "2019-06-30": 50.2, "2019-03-31": "-86.60000", "2018-12-31": 19.8, "2018-09-30": 5.4, "2018-06-30": -324.1, "2018-03-31": "-63.90000", "2017-12-31": 134, "2017-09-30": 62.9, "2017-06-30": 4.5, "2017-03-31": "-4.90000", "2016-12-31": 73.4, "2016-09-30": 27.4, "2016-06-30": 54.9, "2016-03-31": "-9.50000", "2015-12-31": 28.3, "2015-09-30": 8.9, "2015-06-30": 29.3, "2015-03-31": "-49.30000", "2014-12-31": 44.6, "2014-09-30": -12.4, "2014-06-30": 63.9, "2014-03-31": "-20.40000", "2013-12-31": -132.757, "2013-09-30": -17.514, "2013-06-30": 36.279, "2013-03-31": "-39.30800", "2012-12-31": 143.411, "2012-09-30": 28.237, "2012-06-30": 56.439, "2012-03-31": "-49.22900", "2011-12-31": 33.906, "2011-09-30": -20.182, "2011-06-30": -1.797, "2011-03-31": "-39.77900", "2010-12-31": -42.623, "2010-09-30": -19.965, "2010-06-30": 15.945, "2010-03-31": "-53.13000", "2009-12-31": 67.826, "2009-09-30": 71.914, "2009-06-30": 22.659, "2009-03-31": "-21.52500", "2008-12-31": -46.591, "2008-09-30": -43.117, "2008-06-30": 26.82, "2008-03-31": "11.35800", "2007-12-31": 121.122, "2007-09-30": 27.173, "2007-06-30": 1.154, "2007-03-31": "-4.68600", "2006-12-31": 39.53, "2006-09-30": -1.087, "2006-06-30": 3.663, "2006-03-31": "-83.89100", "2005-12-31": 66.788, "2005-09-30": 53.98, "2005-06-30": 27.047, "2005-03-31": "-18.15000"}, "Stock-Based Compensation": {"2020-12-31": 6.1, "2020-09-30": 5.7, "2020-06-30": 4.7, "2020-03-31": "5.80000", "2019-12-31": 5.5, "2019-09-30": 5.6, "2019-06-30": 5.7, "2019-03-31": "5.50000", "2018-12-31": 5.5, "2018-09-30": 4.9, "2018-06-30": 5.6, "2018-03-31": "5.60000", "2017-12-31": 5.3, "2017-09-30": 5.4, "2017-06-30": 5.5, "2017-03-31": "5.60000", "2016-12-31": 4.9, "2016-09-30": 5.4, "2016-06-30": 5.3, "2016-03-31": "6.10000", "2015-12-31": 5.5, "2015-09-30": 5, "2015-06-30": 5, "2015-03-31": "5.80000", "2014-12-31": 5, "2014-09-30": 5.3, "2014-06-30": 5, "2014-03-31": "5.60000", "2013-12-31": 6.501, "2013-09-30": 5.913, "2013-06-30": 5.007, "2013-03-31": "5.37900", "2012-12-31": 4.459, "2012-09-30": 4.402, "2012-06-30": 4.451, "2012-03-31": "4.00700", "2011-12-31": 3.84, "2011-09-30": 3.858, "2011-06-30": 3.771, "2011-03-31": "3.50300", "2010-12-31": 3.676, "2010-09-30": 3.306, "2010-06-30": 3.172, "2010-03-31": "3.17200", "2009-12-31": 2.464, "2009-09-30": 2.266, "2009-06-30": 2.374, "2009-03-31": "2.06200", "2008-12-31": 2.88, "2008-09-30": 3.462, "2008-06-30": 3.37, "2008-03-31": "3.61500", "2007-12-31": 4.074, "2007-09-30": 3.797, "2007-06-30": 3.072, "2007-03-31": "4.30400", "2006-12-31": 3.595, "2006-09-30": 3.169, "2006-06-30": 4.037, "2006-03-31": "4.08200", "2005-12-31": 1.252, "2005-09-30": 1.579, "2005-06-30": 1.92, "2005-03-31": "2.95300"}, "Common Stock Dividends Paid": {"2020-12-31": -25, "2020-09-30": -25, "2020-06-30": -24.9, "2020-03-31": "-25.50000", "2019-12-31": -23.1, "2019-09-30": -23.4, "2019-06-30": -23.3, "2019-03-31": "-23.40000", "2018-12-31": -20.8, "2018-09-30": -20.9, "2018-06-30": -20.9, "2018-03-31": "-20.90000", "2017-12-31": -19.6, "2017-09-30": -19.5, "2017-06-30": -19.7, "2017-03-31": "-19.60000", "2016-12-31": -19.4, "2016-09-30": -19.3, "2016-06-30": -19.3, "2016-03-31": "-19.20000", "2015-12-31": -19.2, "2015-09-30": -19.1, "2015-06-30": -19.2, "2015-03-31": "-19.10000", "2014-12-31": -19.1, "2014-09-30": -19.5, "2014-06-30": -17.7, "2014-03-31": "-17.60000", "2013-12-31": -17.522, "2013-09-30": -17.44, "2013-06-30": -16.194, "2013-03-31": "-16.14400", "2012-12-31": -15.976, "2012-09-30": -15.923, "2012-06-30": -14.985, "2012-03-31": "-15.09000", "2011-12-31": -15.035, "2011-09-30": -15.098, "2011-06-30": -13.385, "2011-03-31": "-13.47400", "2010-12-31": -13.36, "2010-09-30": -13.453, "2010-06-30": -11.815, "2010-03-31": "-11.74300", "2009-12-31": -11.704, "2009-09-30": -11.695, "2009-06-30": -11.696, "2009-03-31": "-11.68800", "2008-12-31": -11.682, "2008-09-30": -11.965, "2008-06-30": -10.761, "2008-03-31": "-10.79500", "2007-12-31": -10.823, "2007-09-30": -10.789, "2007-06-30": -8.989, "2007-03-31": "-9.05000", "2006-12-31": -9.131, "2006-09-30": -9.173, "2006-06-30": -7.669, "2006-03-31": "-7.62300", "2005-12-31": -7.533, "2005-09-30": -7.509, "2005-06-30": -5.965, "2005-03-31": "-5.95500"}}, "financial ratios": {"Current Ratio": {"2019-12-31": "1.63620", "2018-12-31": "1.84130", "2017-12-31": "1.81310", "2016-12-31": "2.52630", "2015-12-31": "2.10110", "2014-12-31": "1.86750", "2013-12-31": "1.71790", "2012-12-31": "2.30620", "2011-12-31": "1.93630", "2010-12-31": "1.98310", "2009-12-31": "2.24160", "2008-12-31": "1.89590", "2007-12-31": "2.10240", "2006-12-31": "1.90600", "2005-12-31": "2.00310"}, "Long-term Debt / Capital": {"2019-12-31": "0.36320", "2018-12-31": "0.38160", "2017-12-31": "0.26820", "2016-12-31": "0.39410", "2015-12-31": "0.39280", "2014-12-31": "0.41170", "2013-12-31": "0.38150", "2012-12-31": "0.30090", "2011-12-31": "0.32670", "2010-12-31": "0.28650", "2009-12-31": "0.30840", "2008-12-31": "0.34820", "2007-12-31": "0.31040", "2006-12-31": "0.30240", "2005-12-31": "0.28020"}, "Debt/Equity Ratio": {"2019-12-31": "0.67150", "2018-12-31": "0.62160", "2017-12-31": "0.55140", "2016-12-31": "0.65050", "2015-12-31": "0.69010", "2014-12-31": "0.79390", "2013-12-31": "0.72040", "2012-12-31": "0.43160", "2011-12-31": "0.48660", "2010-12-31": "0.40250", "2009-12-31": "0.44720", "2008-12-31": "0.55660", "2007-12-31": "0.45080", "2006-12-31": "0.44370", "2005-12-31": "0.38960"}, "Gross Margin": {"2019-12-31": "35.91120", "2018-12-31": "35.54930", "2017-12-31": "36.43580", "2016-12-31": "36.01530", "2015-12-31": "34.82580", "2014-12-31": "34.74530", "2013-12-31": "34.04230", "2012-12-31": "33.69900", "2011-12-31": "33.88020", "2010-12-31": "34.04470", "2009-12-31": "33.25130", "2008-12-31": "32.76380", "2007-12-31": "32.18630", "2006-12-31": "32.40110", "2005-12-31": "31.17460"}, "Operating Margin": {"2019-12-31": "6.40860", "2018-12-31": "13.19090", "2017-12-31": "13.94110", "2016-12-31": "6.79400", "2015-12-31": "13.60700", "2014-12-31": "10.81370", "2013-12-31": "13.40500", "2012-12-31": "12.03700", "2011-12-31": "1.46260", "2010-12-31": "10.70520", "2009-12-31": "9.48250", "2008-12-31": "9.14610", "2007-12-31": "-4.83890", "2006-12-31": "10.98570", "2005-12-31": "10.36370"}, "EBIT Margin": {"2019-12-31": "6.40860", "2018-12-31": "13.19090", "2017-12-31": "13.94110", "2016-12-31": "6.79400", "2015-12-31": "13.60700", "2014-12-31": "10.81370", "2013-12-31": "13.40500", "2012-12-31": "12.03700", "2011-12-31": "1.46260", "2010-12-31": "10.70520", "2009-12-31": "9.48250", "2008-12-31": "9.14610", "2007-12-31": "-4.83890", "2006-12-31": "10.98570", "2005-12-31": "10.36370"}, "EBITDA Margin": {"2019-12-31": "9.86570", "2018-12-31": "16.77780", "2017-12-31": "16.55060", "2016-12-31": "9.24670", "2015-12-31": "16.05180", "2014-12-31": "13.40510", "2013-12-31": "15.51650", "2012-12-31": "14.25730", "2011-12-31": "3.98000", "2010-12-31": "13.45100", "2009-12-31": "12.13260", "2008-12-31": "11.34100", "2007-12-31": "-2.49810", "2006-12-31": "13.39100", "2005-12-31": "12.69290"}, "Pre-Tax Profit Margin": {"2019-12-31": "5.19940", "2018-12-31": "12.29710", "2017-12-31": "13.19100", "2016-12-31": "5.97160", "2015-12-31": "12.27880", "2014-12-31": "9.61370", "2013-12-31": "12.56120", "2012-12-31": "11.03520", "2011-12-31": "0.59040", "2010-12-31": "9.59320", "2009-12-31": "8.41970", "2008-12-31": "7.05170", "2007-12-31": "-4.53530", "2006-12-31": "10.60460", "2005-12-31": "9.53420"}, "Net Profit Margin": {"2019-12-31": "4.06020", "2018-12-31": "10.03140", "2017-12-31": "6.16650", "2016-12-31": "4.46870", "2015-12-31": "8.35250", "2014-12-31": "6.58800", "2013-12-31": "8.45760", "2012-12-31": "8.41360", "2011-12-31": "1.05240", "2010-12-31": "7.07420", "2009-12-31": "6.09450", "2008-12-31": "5.18980", "2007-12-31": "-2.38020", "2006-12-31": "7.35030", "2005-12-31": "6.59970"}, "Asset Turnover": {"2019-12-31": "0.74220", "2018-12-31": "0.82750", "2017-12-31": "0.77530", "2016-12-31": "0.80160", "2015-12-31": "0.82130", "2014-12-31": "0.84760", "2013-12-31": "0.72910", "2012-12-31": "0.89240", "2011-12-31": "0.87930", "2010-12-31": "0.80520", "2009-12-31": "0.80960", "2008-12-31": "0.93870", "2007-12-31": "0.91030", "2006-12-31": "0.92620", "2005-12-31": "0.96340"}, "Inventory Turnover Ratio": {"2019-12-31": "4.60110", "2018-12-31": "5.23990", "2017-12-31": "5.06990", "2016-12-31": "5.13370", "2015-12-31": "4.73890", "2014-12-31": "5.16280", "2013-12-31": "4.64050", "2012-12-31": "4.84780", "2011-12-31": "4.58360", "2010-12-31": "4.50480", "2009-12-31": "5.15210", "2008-12-31": "5.00400", "2007-12-31": "5.41980", "2006-12-31": "4.87020", "2005-12-31": "5.20890"}, "Receiveable Turnover": {"2019-12-31": "5.76790", "2018-12-31": "6.29090", "2017-12-31": "6.28330", "2016-12-31": "6.63130", "2015-12-31": "6.55470", "2014-12-31": "6.78030", "2013-12-31": "5.63800", "2012-12-31": "7.02640", "2011-12-31": "6.83920", "2010-12-31": "6.50700", "2009-12-31": "6.91190", "2008-12-31": "6.93440", "2007-12-31": "6.91480", "2006-12-31": "5.89810", "2005-12-31": "7.11950"}, "Days Sales In Receivables": {"2019-12-31": "63.28100", "2018-12-31": "58.02030", "2017-12-31": "58.09080", "2016-12-31": "55.04220", "2015-12-31": "55.68560", "2014-12-31": "53.83280", "2013-12-31": "64.73940", "2012-12-31": "51.94670", "2011-12-31": "53.36900", "2010-12-31": "56.09320", "2009-12-31": "52.80760", "2008-12-31": "52.63610", "2007-12-31": "52.78510", "2006-12-31": "61.88420", "2005-12-31": "51.26750"}, "ROE - Return On Equity": {"2019-12-31": "9.04970", "2018-12-31": "21.96970", "2017-12-31": "12.79200", "2016-12-31": "10.80560", "2015-12-31": "19.98610", "2014-12-31": "18.08330", "2013-12-31": "18.18600", "2012-12-31": "21.15530", "2011-12-31": "2.77550", "2010-12-31": "15.40540", "2009-12-31": "15.00280", "2008-12-31": "18.09460", "2007-12-31": "-7.03380", "2006-12-31": "18.05860", "2005-12-31": "18.05900"}, "Return On Tangible Equity": {"2019-12-31": "-26.65600", "2018-12-31": "-93.61050", "2017-12-31": "-127.58880", "2016-12-31": "-43.33220", "2015-12-31": "-68.82100", "2014-12-31": "-40.82670", "2013-12-31": "-49.80090", "2012-12-31": "-1591.27500", "2011-12-31": "-15.73570", "2010-12-31": "760.75120", "2009-12-31": "1031.95100", "2008-12-31": "-94.96250", "2007-12-31": "628.82870", "2006-12-31": "182.04760", "2005-12-31": "109.52700"}, "ROA - Return On Assets": {"2019-12-31": "3.02010", "2018-12-31": "8.29890", "2017-12-31": "4.80030", "2016-12-31": "3.61140", "2015-12-31": "6.89260", "2014-12-31": "5.61030", "2013-12-31": "6.20570", "2012-12-31": "6.78880", "2011-12-31": "0.80240", "2010-12-31": "5.65190", "2009-12-31": "4.94230", "2008-12-31": "4.86410", "2007-12-31": "-2.16300", "2006-12-31": "6.80740", "2005-12-31": "6.35840"}, "ROI - Return On Investment": {"2019-12-31": "5.76280", "2018-12-31": "13.58630", "2017-12-31": "9.36180", "2016-12-31": "6.54680", "2015-12-31": "12.13460", "2014-12-31": "10.63850", "2013-12-31": "11.24840", "2012-12-31": "14.79030", "2011-12-31": "1.86870", "2010-12-31": "10.99180", "2009-12-31": "10.37560", "2008-12-31": "11.79350", "2007-12-31": "-4.85030", "2006-12-31": "12.59850", "2005-12-31": "12.99870"}, "Book Value Per Share": {"2019-12-31": "25.02120", "2018-12-31": "25.66210", "2017-12-31": "22.69630", "2016-12-31": "19.43020", "2015-12-31": "19.80420", "2014-12-31": "18.41990", "2013-12-31": "20.87610", "2012-12-31": "16.23960", "2011-12-31": "14.26830", "2010-12-31": "17.07380", "2009-12-31": "15.26990", "2008-12-31": "12.75130", "2007-12-31": "14.70730", "2006-12-31": "15.19030", "2005-12-31": "12.47010"}, "Operating Cash Flow Per Share": {"2019-12-31": -0.2836, "2018-12-31": 1.527, "2017-12-31": -0.1077, "2016-12-31": 1.4646, "2015-12-31": -0.5298, "2014-12-31": 0.3581, "2013-12-31": 0.0442, "2012-12-31": 1.4968, "2011-12-31": 0.2884, "2010-12-31": -0.9719, "2009-12-31": 0.0398, "2008-12-31": -0.7041, "2007-12-31": 0.9525, "2006-12-31": -0.0794, "2005-12-31": 3.0051}, "Free Cash Flow Per Share": {"2019-12-31": 0.3847, "2018-12-31": 0.2165, "2017-12-31": 0.3036, "2016-12-31": 1.21, "2015-12-31": -0.5581, "2014-12-31": 0.2809, "2013-12-31": -0.0566, "2012-12-31": 1.6101, "2011-12-31": 0.1296, "2010-12-31": -0.9179, "2009-12-31": 0.3564, "2008-12-31": -1.4427, "2007-12-31": 1.3289, "2006-12-31": -0.09, "2005-12-31": 2.6604}}, "financial ratios, quarterly": {"Current Ratio": {"2020-09-30": "1.41900", "2020-06-30": "1.32770", "2020-03-31": "1.36740", "2019-12-31": "1.63620", "2019-09-30": "2.24480", "2019-06-30": "2.17440", "2019-03-31": "1.94870", "2018-12-31": "1.84130", "2018-09-30": "1.68130", "2018-06-30": "1.59500", "2018-03-31": "1.79480", "2017-12-31": "1.81310", "2017-09-30": "2.65840", "2017-06-30": "2.77570", "2017-03-31": "2.72360", "2016-12-31": "2.52630", "2016-09-30": "2.35340", "2016-06-30": "2.17500", "2016-03-31": "2.17980", "2015-12-31": "2.10110", "2015-09-30": "1.90140", "2015-06-30": "1.86700", "2015-03-31": "1.78760", "2014-12-31": "1.86750", "2014-09-30": "1.86360", "2014-06-30": "1.80470", "2014-03-31": "1.71830", "2013-12-31": "1.71790", "2013-09-30": "2.05860", "2013-06-30": "2.66100", "2013-03-31": "2.58380", "2012-12-31": "2.30620", "2012-09-30": "2.17260", "2012-06-30": "2.14260", "2012-03-31": "2.15090", "2011-12-31": "1.93630", "2011-09-30": "1.96270", "2011-06-30": "2.05520", "2011-03-31": "2.06710", "2010-12-31": "1.98310", "2010-09-30": "2.20610", "2010-06-30": "2.18290", "2010-03-31": "2.19910", "2009-12-31": "2.24160", "2009-09-30": "2.20040", "2009-06-30": "2.12200", "2009-03-31": "1.98390", "2008-12-31": "1.89590", "2008-09-30": "2.13300", "2008-06-30": "2.25070", "2008-03-31": "2.14330", "2007-12-31": "2.10240", "2007-09-30": "1.87360", "2007-06-30": "1.94740", "2007-03-31": "1.88070", "2006-12-31": "1.90600", "2006-09-30": "1.86760", "2006-06-30": "1.91560", "2006-03-31": "1.89770", "2005-12-31": "2.00310", "2005-09-30": "1.90850", "2005-06-30": "1.81990", "2005-03-31": "1.74910"}, "Long-term Debt / Capital": {"2020-09-30": "0.35830", "2020-06-30": "0.37180", "2020-03-31": "0.37440", "2019-12-31": "0.36320", "2019-09-30": "0.35480", "2019-06-30": "0.35960", "2019-03-31": "0.37120", "2018-12-31": "0.38160", "2018-09-30": "0.38000", "2018-06-30": "0.39310", "2018-03-31": "0.44020", "2017-12-31": "0.26820", "2017-09-30": "0.34920", "2017-06-30": "0.35910", "2017-03-31": "0.37690", "2016-12-31": "0.39410", "2016-09-30": "0.36010", "2016-06-30": "0.36980", "2016-03-31": "0.37810", "2015-12-31": "0.39280", "2015-09-30": "0.40290", "2015-06-30": "0.40700", "2015-03-31": "0.42290", "2014-12-31": "0.41170", "2014-09-30": "0.37070", "2014-06-30": "0.36110", "2014-03-31": "0.37300", "2013-12-31": "0.38150", "2013-09-30": "0.15220", "2013-06-30": "0.28010", "2013-03-31": "0.29080", "2012-12-31": "0.30090", "2012-09-30": "0.29960", "2012-06-30": "0.30610", "2012-03-31": "0.30810", "2011-12-31": "0.32670", "2011-09-30": "0.26950", "2011-06-30": "0.26800", "2011-03-31": "0.27530", "2010-12-31": "0.28650", "2010-09-30": "0.29360", "2010-06-30": "0.30790", "2010-03-31": "0.30530", "2009-12-31": "0.30840", "2009-09-30": "0.31690", "2009-06-30": "0.33090", "2009-03-31": "0.35060", "2008-12-31": "0.34820", "2008-09-30": "0.30040", "2008-06-30": "0.29140", "2008-03-31": "0.30440", "2007-12-31": "0.31040", "2007-09-30": "0.33070", "2007-06-30": "0.28990", "2007-03-31": "0.29830", "2006-12-31": "0.30240", "2006-09-30": "0.29060", "2006-06-30": "0.25420", "2006-03-31": "0.27100", "2005-12-31": "0.28020", "2005-09-30": "0.28710", "2005-06-30": "0.29850", "2005-03-31": "0.30200"}, "Debt/Equity Ratio": {"2020-09-30": "0.87740", "2020-06-30": "1.00300", "2020-03-31": "0.86740", "2019-12-31": "0.67150", "2019-09-30": "0.55430", "2019-06-30": "0.56620", "2019-03-31": "0.62980", "2018-12-31": "0.62160", "2018-09-30": "0.68240", "2018-06-30": "0.76630", "2018-03-31": "0.97450", "2017-12-31": "0.55140", "2017-09-30": "0.53650", "2017-06-30": "0.56020", "2017-03-31": "0.60500", "2016-12-31": "0.65050", "2016-09-30": "0.58850", "2016-06-30": "0.66620", "2016-03-31": "0.67180", "2015-12-31": "0.69010", "2015-09-30": "0.76270", "2015-06-30": "0.79860", "2015-03-31": "0.85760", "2014-12-31": "0.79390", "2014-09-30": "0.67930", "2014-06-30": "0.68110", "2014-03-31": "0.70900", "2013-12-31": "0.72040", "2013-09-30": "0.29190", "2013-06-30": "0.40310", "2013-03-31": "0.41120", "2012-12-31": "0.43160", "2012-09-30": "0.42900", "2012-06-30": "0.44230", "2012-03-31": "0.44620", "2011-12-31": "0.48660", "2011-09-30": "0.36950", "2011-06-30": "0.36660", "2011-03-31": "0.38080", "2010-12-31": "0.40250", "2010-09-30": "0.41720", "2010-06-30": "0.44610", "2010-03-31": "0.44050", "2009-12-31": "0.44720", "2009-09-30": "0.46510", "2009-06-30": "0.49560", "2009-03-31": "0.55000", "2008-12-31": "0.55660", "2008-09-30": "0.43050", "2008-06-30": "0.41510", "2008-03-31": "0.44810", "2007-12-31": "0.45080", "2007-09-30": "0.52510", "2007-06-30": "0.40930", "2007-03-31": "0.43730", "2006-12-31": "0.44370", "2006-09-30": "0.41000", "2006-06-30": "0.34110", "2006-03-31": "0.37200", "2005-12-31": "0.38960", "2005-09-30": "0.40450", "2005-06-30": "0.42630", "2005-03-31": "0.43760"}, "Gross Margin": {"2020-09-30": "34.88020", "2020-06-30": "33.36780", "2020-03-31": "35.98200", "2019-12-31": "34.55520", "2019-09-30": "35.98340", "2019-06-30": "36.43060", "2019-03-31": "36.68390", "2018-12-31": "35.13580", "2018-09-30": "36.34030", "2018-06-30": "35.88720", "2018-03-31": "34.77660", "2017-12-31": "36.20830", "2017-09-30": "36.55700", "2017-06-30": "36.75450", "2017-03-31": "36.21920", "2016-12-31": "36.34100", "2016-09-30": "35.29240", "2016-06-30": "36.94190", "2016-03-31": "35.43940", "2015-12-31": "35.10140", "2015-09-30": "35.55760", "2015-06-30": "33.81610", "2015-03-31": "34.88510", "2014-12-31": "34.07690", "2014-09-30": "34.52020", "2014-06-30": "34.94200", "2014-03-31": "35.44920", "2013-12-31": "33.28540", "2013-09-30": "33.91260", "2013-06-30": "34.33100", "2013-03-31": "34.69760", "2012-12-31": "33.61560", "2012-09-30": "34.03090", "2012-06-30": "33.69250", "2012-03-31": "33.45470", "2011-12-31": "32.54010", "2011-09-30": "33.77660", "2011-06-30": "34.30320", "2011-03-31": "34.88760", "2010-12-31": "34.61160", "2010-09-30": "33.44720", "2010-06-30": "34.55680", "2010-03-31": "33.57030", "2009-12-31": "35.96350", "2009-09-30": "33.63440", "2009-06-30": "32.25610", "2009-03-31": "31.18660", "2008-12-31": "30.68210", "2008-09-30": "32.41060", "2008-06-30": "34.29580", "2008-03-31": "33.34040", "2007-12-31": "31.73840", "2007-09-30": "32.90050", "2007-06-30": "31.56680", "2007-03-31": "32.55790", "2006-12-31": "31.28950", "2006-09-30": "33.40650", "2006-06-30": "32.55890", "2006-03-31": "32.37850", "2005-12-31": "31.34430", "2005-09-30": "31.81980", "2005-06-30": "30.87520", "2005-03-31": "30.65120"}, "Operating Margin": {"2020-09-30": "11.55420", "2020-06-30": "4.49920", "2020-03-31": "11.10420", "2019-12-31": "-16.16710", "2019-09-30": "14.15250", "2019-06-30": "14.59130", "2019-03-31": "13.67080", "2018-12-31": "13.11340", "2018-09-30": "14.47770", "2018-06-30": "13.27850", "2018-03-31": "11.80080", "2017-12-31": "12.20950", "2017-09-30": "14.67170", "2017-06-30": "15.06050", "2017-03-31": "13.85510", "2016-12-31": "-15.43430", "2016-09-30": "14.95250", "2016-06-30": "14.40610", "2016-03-31": "12.95460", "2015-12-31": "15.19250", "2015-09-30": "13.91250", "2015-06-30": "12.68280", "2015-03-31": "12.68420", "2014-12-31": "12.24850", "2014-09-30": "6.55760", "2014-06-30": "13.01160", "2014-03-31": "11.37000", "2013-12-31": "12.20090", "2013-09-30": "13.96190", "2013-06-30": "13.69500", "2013-03-31": "13.84700", "2012-12-31": "12.09660", "2012-09-30": "13.40350", "2012-06-30": "10.54860", "2012-03-31": "12.12750", "2011-12-31": "-32.08660", "2011-09-30": "12.40790", "2011-06-30": "12.45300", "2011-03-31": "11.92430", "2010-12-31": "9.68010", "2010-09-30": "11.21410", "2010-06-30": "11.81300", "2010-03-31": "10.04730", "2009-12-31": "12.74120", "2009-09-30": "10.06940", "2009-06-30": "8.33960", "2009-03-31": "6.82420", "2008-12-31": "3.72560", "2008-09-30": "8.49850", "2008-06-30": "12.44030", "2008-03-31": "11.09920", "2007-12-31": "6.85950", "2007-09-30": "-47.07430", "2007-06-30": "10.86360", "2007-03-31": "10.88780", "2006-12-31": "9.19240", "2006-09-30": "12.53520", "2006-06-30": "11.84090", "2006-03-31": "10.41440", "2005-12-31": "10.88510", "2005-09-30": "11.82600", "2005-06-30": "10.44450", "2005-03-31": "8.25340"}, "EBIT Margin": {"2020-09-30": "11.55420", "2020-06-30": "4.49920", "2020-03-31": "11.10420", "2019-12-31": "-16.16710", "2019-09-30": "14.15250", "2019-06-30": "14.59130", "2019-03-31": "13.67080", "2018-12-31": "13.11340", "2018-09-30": "14.47770", "2018-06-30": "13.27850", "2018-03-31": "11.80080", "2017-12-31": "12.20940", "2017-09-30": "14.67170", "2017-06-30": "15.06050", "2017-03-31": "13.85510", "2016-12-31": "-15.43430", "2016-09-30": "14.95250", "2016-06-30": "14.40610", "2016-03-31": "12.95460", "2015-12-31": "15.19240", "2015-09-30": "13.91250", "2015-06-30": "12.68280", "2015-03-31": "12.68420", "2014-12-31": "12.24850", "2014-09-30": "6.55760", "2014-06-30": "13.01160", "2014-03-31": "11.37000", "2013-12-31": "12.20090", "2013-09-30": "13.96190", "2013-06-30": "13.69500", "2013-03-31": "13.84700", "2012-12-31": "12.09660", "2012-09-30": "13.40350", "2012-06-30": "10.54860", "2012-03-31": "12.12750", "2011-12-31": "-32.08660", "2011-09-30": "12.40790", "2011-06-30": "12.45300", "2011-03-31": "11.92430", "2010-12-31": "9.68010", "2010-09-30": "11.21410", "2010-06-30": "11.81300", "2010-03-31": "10.04730", "2009-12-31": "12.74120", "2009-09-30": "10.06940", "2009-06-30": "8.33960", "2009-03-31": "6.82420", "2008-12-31": "3.72560", "2008-09-30": "8.49850", "2008-06-30": "12.44030", "2008-03-31": "11.09920", "2007-12-31": "6.85950", "2007-09-30": "-47.07430", "2007-06-30": "10.86360", "2007-03-31": "10.88780", "2006-12-31": "9.19240", "2006-09-30": "12.53520", "2006-06-30": "11.84090", "2006-03-31": "10.41440", "2005-12-31": "10.88500", "2005-09-30": "11.82600", "2005-06-30": "10.44450", "2005-03-31": "8.25340"}, "EBITDA Margin": {"2020-09-30": "", "2020-06-30": "", "2020-03-31": "", "2019-12-31": "", "2019-09-30": "", "2019-06-30": "", "2019-03-31": "", "2018-12-31": "", "2018-09-30": "", "2018-06-30": "", "2018-03-31": "", "2017-12-31": "", "2017-09-30": "", "2017-06-30": "", "2017-03-31": "", "2016-12-31": "", "2016-09-30": "", "2016-06-30": "", "2016-03-31": "", "2015-12-31": "", "2015-09-30": "", "2015-06-30": "", "2015-03-31": "", "2014-12-31": "", "2014-09-30": "", "2014-06-30": "", "2014-03-31": "", "2013-12-31": "", "2013-09-30": "", "2013-06-30": "", "2013-03-31": "", "2012-12-31": "", "2012-09-30": "", "2012-06-30": "", "2012-03-31": "", "2011-12-31": "", "2011-09-30": "", "2011-06-30": "", "2011-03-31": "", "2010-12-31": "", "2010-09-30": "", "2010-06-30": "", "2010-03-31": "", "2009-12-31": "", "2009-09-30": "", "2009-06-30": "", "2009-03-31": "", "2008-12-31": "", "2008-09-30": "", "2008-06-30": "", "2008-03-31": "", "2007-12-31": "", "2007-09-30": "", "2007-06-30": "", "2007-03-31": "", "2006-12-31": "", "2006-09-30": "", "2006-06-30": "", "2006-03-31": "", "2005-12-31": "", "2005-09-30": "", "2005-06-30": "", "2005-03-31": ""}, "Pre-Tax Profit Margin": {"2020-09-30": "10.26130", "2020-06-30": "2.78800", "2020-03-31": "10.06390", "2019-12-31": "-17.42090", "2019-09-30": "12.13260", "2019-06-30": "14.08030", "2019-03-31": "12.55260", "2018-12-31": "12.42260", "2018-09-30": "13.76490", "2018-06-30": "12.32670", "2018-03-31": "10.56190", "2017-12-31": "11.60740", "2017-09-30": "13.93880", "2017-06-30": "14.19220", "2017-03-31": "13.05320", "2016-12-31": "-14.83270", "2016-09-30": "13.68480", "2016-06-30": "13.14240", "2016-03-31": "11.60610", "2015-12-31": "13.87010", "2015-09-30": "12.58400", "2015-06-30": "11.45950", "2015-03-31": "11.24040", "2014-12-31": "11.46850", "2014-09-30": "5.34780", "2014-06-30": "11.55850", "2014-03-31": "10.01670", "2013-12-31": "11.82420", "2013-09-30": "12.89410", "2013-06-30": "12.72090", "2013-03-31": "12.85820", "2012-12-31": "11.09470", "2012-09-30": "12.44670", "2012-06-30": "9.53270", "2012-03-31": "11.09550", "2011-12-31": "-33.18130", "2011-09-30": "11.46440", "2011-06-30": "11.45330", "2011-03-31": "11.48130", "2010-12-31": "8.60280", "2010-09-30": "10.33720", "2010-06-30": "10.54220", "2010-03-31": "8.81740", "2009-12-31": "11.48010", "2009-09-30": "8.89490", "2009-06-30": "7.27890", "2009-03-31": "6.06480", "2008-12-31": "-3.93960", "2008-09-30": "8.02670", "2008-06-30": "12.08650", "2008-03-31": "10.52610", "2007-12-31": "10.03310", "2007-09-30": "-47.74600", "2007-06-30": "10.10990", "2007-03-31": "10.29210", "2006-12-31": "8.91020", "2006-09-30": "11.96610", "2006-06-30": "11.81020", "2006-03-31": "9.76680", "2005-12-31": "10.11040", "2005-09-30": "11.00590", "2005-06-30": "9.72210", "2005-03-31": "7.24820"}, "Net Profit Margin": {"2020-09-30": "7.70280", "2020-06-30": "2.18320", "2020-03-31": "7.87070", "2019-12-31": "-13.44480", "2019-09-30": "9.38750", "2019-06-30": "10.81270", "2019-03-31": "9.90740", "2018-12-31": "10.62410", "2018-09-30": "11.33440", "2018-06-30": "9.48300", "2018-03-31": "8.59720", "2017-12-31": "-4.01850", "2017-09-30": "9.80030", "2017-06-30": "9.85050", "2017-03-31": "9.37040", "2016-12-31": "-9.37500", "2016-09-30": "9.14720", "2016-06-30": "9.57600", "2016-03-31": "8.33330", "2015-12-31": "9.56510", "2015-09-30": "8.49380", "2015-06-30": "7.84590", "2015-03-31": "7.52800", "2014-12-31": "7.69130", "2014-09-30": "3.86310", "2014-06-30": "7.95890", "2014-03-31": "6.79410", "2013-12-31": "7.29370", "2013-09-30": "8.96150", "2013-06-30": "8.45850", "2013-03-31": "9.20870", "2012-12-31": "7.24750", "2012-09-30": "8.84310", "2012-06-30": "9.51240", "2012-03-31": "8.00200", "2011-12-31": "-20.54420", "2011-09-30": "8.11950", "2011-06-30": "7.96560", "2011-03-31": "7.93210", "2010-12-31": "7.35540", "2010-09-30": "7.40250", "2010-06-30": "7.24310", "2010-03-31": "6.26710", "2009-12-31": "8.74670", "2009-09-30": "6.37500", "2009-06-30": "5.09030", "2009-03-31": "4.19910", "2008-12-31": "-1.41040", "2008-09-30": "5.61430", "2008-06-30": "8.50910", "2008-03-31": "7.12630", "2007-12-31": "6.79120", "2007-09-30": "-29.65700", "2007-06-30": "6.92030", "2007-03-31": "6.94740", "2006-12-31": "6.53000", "2006-09-30": "8.11040", "2006-06-30": "7.96610", "2006-03-31": "6.80750", "2005-12-31": "6.97620", "2005-09-30": "7.66750", "2005-06-30": "6.78700", "2005-03-31": "4.93000"}, "Asset Turnover": {"2020-09-30": "0.15890", "2020-06-30": "0.14640", "2020-03-31": "0.17870", "2019-12-31": "0.18930", "2019-09-30": "0.18570", "2019-06-30": "0.20320", "2019-03-31": "0.20080", "2018-12-31": "0.20770", "2018-09-30": "0.20820", "2018-06-30": "0.20650", "2018-03-31": "0.17800", "2017-12-31": "0.19870", "2017-09-30": "0.19290", "2017-06-30": "0.19880", "2017-03-31": "0.19510", "2016-12-31": "0.19880", "2016-09-30": "0.20360", "2016-06-30": "0.20750", "2016-03-31": "0.19440", "2015-12-31": "0.20400", "2015-09-30": "0.19690", "2015-06-30": "0.20750", "2015-03-31": "0.20040", "2014-12-31": "0.21170", "2014-09-30": "0.20470", "2014-06-30": "0.20650", "2014-03-31": "0.20170", "2013-12-31": "0.19140", "2013-09-30": "0.22310", "2013-06-30": "0.22590", "2013-03-31": "0.22020", "2012-12-31": "0.21790", "2012-09-30": "0.22490", "2012-06-30": "0.22980", "2012-03-31": "0.22650", "2011-12-31": "0.21420", "2011-09-30": "0.23670", "2011-06-30": "0.22860", "2011-03-31": "0.22220", "2010-12-31": "0.19780", "2010-09-30": "0.20800", "2010-06-30": "0.20730", "2010-03-31": "0.19600", "2009-12-31": "0.20090", "2009-09-30": "0.20150", "2009-06-30": "0.20100", "2009-03-31": "0.20560", "2008-12-31": "0.21240", "2008-09-30": "0.22430", "2008-06-30": "0.23610", "2008-03-31": "0.23350", "2007-12-31": "0.23150", "2007-09-30": "0.22780", "2007-06-30": "0.26580", "2007-03-31": "0.25720", "2006-12-31": "0.23870", "2006-09-30": "0.24350", "2006-06-30": "0.24890", "2006-03-31": "0.25350", "2005-12-31": "0.23670", "2005-09-30": "0.24440", "2005-06-30": "0.25010", "2005-03-31": "0.24060"}, "Inventory Turnover Ratio": {"2020-09-30": "1.04930", "2020-06-30": "0.95070", "2020-03-31": "1.04350", "2019-12-31": "1.19860", "2019-09-30": "1.10980", "2019-06-30": "1.24250", "2019-03-31": "1.19520", "2018-12-31": "1.32350", "2018-09-30": "1.32230", "2018-06-30": "1.32590", "2018-03-31": "1.28220", "2017-12-31": "1.30430", "2017-09-30": "1.17360", "2017-06-30": "1.20830", "2017-03-31": "1.20340", "2016-12-31": "1.26690", "2016-09-30": "1.20660", "2016-06-30": "1.15330", "2016-03-31": "1.06020", "2015-12-31": "1.17190", "2015-09-30": "1.07500", "2015-06-30": "1.21350", "2015-03-31": "1.17060", "2014-12-31": "1.30290", "2014-09-30": "1.16440", "2014-06-30": "1.21540", "2014-03-31": "1.18850", "2013-12-31": "1.23250", "2013-09-30": "1.16700", "2013-06-30": "1.18850", "2013-03-31": "1.13960", "2012-12-31": "1.18530", "2012-09-30": "1.16170", "2012-06-30": "1.19830", "2012-03-31": "1.16590", "2011-12-31": "1.13920", "2011-09-30": "1.17810", "2011-06-30": "1.14880", "2011-03-31": "1.14390", "2010-12-31": "1.09740", "2010-09-30": "1.18360", "2010-06-30": "1.20910", "2010-03-31": "1.18730", "2009-12-31": "1.22650", "2009-09-30": "1.20520", "2009-06-30": "1.10750", "2009-03-31": "1.08510", "2008-12-31": "1.16730", "2008-09-30": "1.17870", "2008-06-30": "1.27160", "2008-03-31": "1.31330", "2007-12-31": "1.38720", "2007-09-30": "1.29880", "2007-06-30": "1.36480", "2007-03-31": "1.29320", "2006-12-31": "1.27580", "2006-09-30": "1.25200", "2006-06-30": "1.32450", "2006-03-31": "1.30400", "2005-12-31": "1.27640", "2005-09-30": "1.29290", "2005-06-30": "1.27530", "2005-03-31": "1.19500"}, "Receiveable Turnover": {"2020-09-30": "1.61990", "2020-06-30": "1.47720", "2020-03-31": "1.43100", "2019-12-31": "1.47140", "2019-09-30": "1.40370", "2019-06-30": "1.50500", "2019-03-31": "1.41010", "2018-12-31": "1.57880", "2018-09-30": "1.45050", "2018-06-30": "1.50090", "2018-03-31": "1.54120", "2017-12-31": "1.61070", "2017-09-30": "1.52840", "2017-06-30": "1.54600", "2017-03-31": "1.54060", "2016-12-31": "1.64480", "2016-09-30": "1.55230", "2016-06-30": "1.56290", "2016-03-31": "1.46440", "2015-12-31": "1.62780", "2015-09-30": "1.48670", "2015-06-30": "1.57170", "2015-03-31": "1.48630", "2014-12-31": "1.69380", "2014-09-30": "1.56320", "2014-06-30": "1.52990", "2014-03-31": "1.49340", "2013-12-31": "1.48040", "2013-09-30": "1.53220", "2013-06-30": "1.57050", "2013-03-31": "1.54580", "2012-12-31": "1.71580", "2012-09-30": "1.53790", "2012-06-30": "1.52080", "2012-03-31": "1.53440", "2011-12-31": "1.66600", "2011-09-30": "1.56770", "2011-06-30": "1.54080", "2011-03-31": "1.56970", "2010-12-31": "1.59890", "2010-09-30": "1.53210", "2010-06-30": "1.67200", "2010-03-31": "1.52730", "2009-12-31": "1.71510", "2009-09-30": "1.57630", "2009-06-30": "1.53610", "2009-03-31": "1.54250", "2008-12-31": "1.56910", "2008-09-30": "1.63520", "2008-06-30": "1.68550", "2008-03-31": "1.66640", "2007-12-31": "1.75820", "2007-09-30": "1.57250", "2007-06-30": "1.61720", "2007-03-31": "1.65710", "2006-12-31": "1.52010", "2006-09-30": "1.65580", "2006-06-30": "1.65970", "2006-03-31": "1.74370", "2005-12-31": "1.74890", "2005-09-30": "1.59110", "2005-06-30": "1.62710", "2005-03-31": "1.58320"}, "Days Sales In Receivables": {"2020-09-30": "55.55800", "2020-06-30": "60.92490", "2020-03-31": "62.89510", "2019-12-31": "61.16780", "2019-09-30": "64.11760", "2019-06-30": "59.80040", "2019-03-31": "63.82350", "2018-12-31": "57.00570", "2018-09-30": "62.04720", "2018-06-30": "59.96480", "2018-03-31": "58.39700", "2017-12-31": "55.87510", "2017-09-30": "58.88350", "2017-06-30": "58.21500", "2017-03-31": "58.41850", "2016-12-31": "54.71830", "2016-09-30": "57.97750", "2016-06-30": "57.58640", "2016-03-31": "61.45910", "2015-12-31": "55.28800", "2015-09-30": "60.53740", "2015-06-30": "57.26240", "2015-03-31": "60.55250", "2014-12-31": "53.13530", "2014-09-30": "57.57300", "2014-06-30": "58.82580", "2014-03-31": "60.26320", "2013-12-31": "60.79400", "2013-09-30": "58.73790", "2013-06-30": "57.30830", "2013-03-31": "58.22080", "2012-12-31": "52.45360", "2012-09-30": "58.52020", "2012-06-30": "59.17940", "2012-03-31": "58.65540", "2011-12-31": "54.02250", "2011-09-30": "57.40910", "2011-06-30": "58.41120", "2011-03-31": "57.33550", "2010-12-31": "56.28870", "2010-09-30": "58.74350", "2010-06-30": "53.82870", "2010-03-31": "58.92850", "2009-12-31": "52.47430", "2009-09-30": "57.09590", "2009-06-30": "58.58960", "2009-03-31": "58.34690", "2008-12-31": "57.35940", "2008-09-30": "55.03790", "2008-06-30": "53.39710", "2008-03-31": "54.00940", "2007-12-31": "51.18870", "2007-09-30": "57.23350", "2007-06-30": "55.65020", "2007-03-31": "54.31110", "2006-12-31": "59.20760", "2006-09-30": "54.35550", "2006-06-30": "54.22580", "2006-03-31": "51.61370", "2005-12-31": "51.46150", "2005-09-30": "56.56360", "2005-06-30": "55.31380", "2005-03-31": "56.84810"}, "ROE - Return On Equity": {"2020-09-30": "3.75060", "2020-06-30": "1.03960", "2020-03-31": "4.46180", "2019-12-31": "-7.62040", "2019-09-30": "4.27060", "2019-06-30": "5.43480", "2019-03-31": "5.17890", "2018-12-31": "5.82800", "2018-09-30": "6.34850", "2018-06-30": "5.57860", "2018-03-31": "4.74410", "2017-12-31": "-2.12090", "2017-09-30": "4.92700", "2017-06-30": "5.20620", "2017-03-31": "5.13670", "2016-12-31": "-5.54250", "2016-09-30": "4.81120", "2016-06-30": "5.38670", "2016-03-31": "4.50650", "2015-12-31": "5.70040", "2015-09-30": "5.15130", "2015-06-30": "5.11080", "2015-03-31": "5.02840", "2014-12-31": "5.28680", "2014-09-30": "2.21730", "2014-06-30": "4.51830", "2014-03-31": "3.88270", "2013-12-31": "4.12140", "2013-09-30": "5.18110", "2013-06-30": "5.40130", "2013-03-31": "5.95320", "2012-12-31": "4.95710", "2012-09-30": "6.04730", "2012-06-30": "4.73610", "2012-03-31": "5.69000", "2011-12-31": "-15.40140", "2011-09-30": "4.73620", "2011-06-30": "4.57440", "2011-03-31": "4.60890", "2010-12-31": "3.82970", "2010-09-30": "4.33760", "2010-06-30": "4.48240", "2010-03-31": "3.65920", "2009-12-31": "5.33650", "2009-09-30": "4.09210", "2009-06-30": "3.44280", "2009-03-31": "3.17380", "2008-12-31": "-1.08860", "2008-09-30": "3.87710", "2008-06-30": "6.06210", "2008-03-31": "5.31340", "2007-12-31": "5.12360", "2007-09-30": "-24.43080", "2007-06-30": "4.68970", "2007-03-31": "4.73080", "2006-12-31": "4.13480", "2006-09-30": "5.15190", "2006-06-30": "5.15530", "2006-03-31": "4.73520", "2005-12-31": "4.68910", "2005-09-30": "5.50370", "2005-06-30": "5.18950", "2005-03-31": "3.70280"}, "Return On Tangible Equity": {"2020-09-30": "-9.31530", "2020-06-30": "-2.14930", "2020-03-31": "-8.93190", "2019-12-31": "22.44610", "2019-09-30": "-48.11130", "2019-06-30": "-45.02720", "2019-03-31": "-28.48760", "2018-12-31": "-24.83260", "2018-09-30": "-26.27170", "2018-06-30": "-16.45260", "2018-03-31": "-13.15090", "2017-12-31": "21.15390", "2017-09-30": "-68.29510", "2017-06-30": "-43.69490", "2017-03-31": "-30.99900", "2016-12-31": "22.22610", "2016-09-30": "-41.44440", "2016-06-30": "-31.62270", "2016-03-31": "-20.62010", "2015-12-31": "-19.62900", "2015-09-30": "-14.58440", "2015-06-30": "-13.04960", "2015-03-31": "-10.42390", "2014-12-31": "-11.93590", "2014-09-30": "-8.72010", "2014-06-30": "-19.06910", "2014-03-31": "-12.66870", "2013-12-31": "-11.28600", "2013-09-30": "31.34110", "2013-06-30": "50.88150", "2013-03-31": "114.03440", "2012-12-31": "-372.86760", "2012-09-30": "-624.71670", "2012-06-30": "-129.29130", "2012-03-31": "-68.57530", "2011-12-31": "87.31890", "2011-09-30": "47.80390", "2011-06-30": "44.38460", "2011-03-31": "69.41290", "2010-12-31": "189.11860", "2010-09-30": "74.20910", "2010-06-30": "1271.36000", "2010-03-31": "-1502.89300", "2009-12-31": "367.06310", "2009-09-30": "-93.14270", "2009-06-30": "-33.18420", "2009-03-31": "-17.14660", "2008-12-31": "5.71310", "2008-09-30": "83.99620", "2008-06-30": "74.74930", "2008-03-31": "281.54500", "2007-12-31": "-458.05940", "2007-09-30": "234.78020", "2007-06-30": "33.27030", "2007-03-31": "46.25710", "2006-12-31": "41.68220", "2006-09-30": "73.76070", "2006-06-30": "43.18970", "2006-03-31": "44.00340", "2005-12-31": "28.43950", "2005-09-30": "41.25070", "2005-06-30": "60.17870", "2005-03-31": "67.13930"}, "ROA - Return On Assets": {"2020-09-30": "1.22430", "2020-06-30": "0.31960", "2020-03-31": "1.40660", "2019-12-31": "-2.54310", "2019-09-30": "1.74580", "2019-06-30": "2.19710", "2019-03-31": "1.99160", "2018-12-31": "2.20150", "2018-09-30": "2.36250", "2018-06-30": "1.95850", "2018-03-31": "1.52990", "2017-12-31": "-0.79590", "2017-09-30": "1.89900", "2017-06-30": "1.96110", "2017-03-31": "1.83430", "2016-12-31": "-1.85240", "2016-09-30": "1.86850", "2016-06-30": "1.99280", "2016-03-31": "1.62590", "2015-12-31": "1.96590", "2015-09-30": "1.68100", "2015-06-30": "1.62770", "2015-03-31": "1.51740", "2014-12-31": "1.64020", "2014-09-30": "0.79340", "2014-06-30": "1.64890", "2014-03-31": "1.37620", "2013-12-31": "1.40640", "2013-09-30": "2.01120", "2013-06-30": "1.92920", "2013-03-31": "2.03300", "2012-12-31": "1.59080", "2012-09-30": "1.96360", "2012-06-30": "1.49700", "2012-03-31": "1.78830", "2011-12-31": "-4.45250", "2011-09-30": "1.87330", "2011-06-30": "1.79870", "2011-03-31": "1.75940", "2010-12-31": "1.40500", "2010-09-30": "1.54340", "2010-06-30": "1.50600", "2010-03-31": "1.22650", "2009-12-31": "1.75800", "2009-09-30": "1.28650", "2009-06-30": "1.02470", "2009-03-31": "0.86780", "2008-12-31": "-0.29260", "2008-09-30": "1.25560", "2008-06-30": "1.99880", "2008-03-31": "1.66380", "2007-12-31": "1.57560", "2007-09-30": "-6.75570", "2007-06-30": "1.83930", "2007-03-31": "1.78660", "2006-12-31": "1.55870", "2006-09-30": "1.97500", "2006-06-30": "1.98310", "2006-03-31": "1.72550", "2005-12-31": "1.65100", "2005-09-30": "1.87360", "2005-06-30": "1.69770", "2005-03-31": "1.18590"}, "ROI - Return On Investment": {"2020-09-30": "2.40670", "2020-06-30": "0.65310", "2020-03-31": "2.79150", "2019-12-31": "-4.85270", "2019-09-30": "2.75530", "2019-06-30": "3.48030", "2019-03-31": "3.25680", "2018-12-31": "3.60410", "2018-09-30": "3.93600", "2018-06-30": "3.38550", "2018-03-31": "2.65600", "2017-12-31": "-1.55220", "2017-09-30": "3.20660", "2017-06-30": "3.33690", "2017-03-31": "3.20050", "2016-12-31": "-3.35800", "2016-09-30": "3.07850", "2016-06-30": "3.39490", "2016-03-31": "2.80250", "2015-12-31": "3.46100", "2015-09-30": "3.07590", "2015-06-30": "3.03100", "2015-03-31": "2.90150", "2014-12-31": "3.11020", "2014-09-30": "1.39530", "2014-06-30": "2.88690", "2014-03-31": "2.43450", "2013-12-31": "2.54910", "2013-09-30": "4.39240", "2013-06-30": "3.88840", "2013-03-31": "4.22190", "2012-12-31": "3.46570", "2012-09-30": "4.23530", "2012-06-30": "3.28640", "2012-03-31": "3.93680", "2011-12-31": "-10.36950", "2011-09-30": "3.46000", "2011-06-30": "3.34840", "2011-03-31": "3.34000", "2010-12-31": "2.73250", "2010-09-30": "3.06390", "2010-06-30": "3.10220", "2010-03-31": "2.54190", "2009-12-31": "3.69060", "2009-09-30": "2.79510", "2009-06-30": "2.30350", "2009-03-31": "2.06110", "2008-12-31": "-0.70950", "2008-09-30": "2.71240", "2008-06-30": "4.29540", "2008-03-31": "3.69630", "2007-12-31": "3.53320", "2007-09-30": "-16.35240", "2007-06-30": "3.33000", "2007-03-31": "3.31980", "2006-12-31": "2.88460", "2006-09-30": "3.65480", "2006-06-30": "3.84460", "2006-03-31": "3.45190", "2005-12-31": "3.37520", "2005-09-30": "3.92390", "2005-06-30": "3.64030", "2005-03-31": "2.58470"}, "Book Value Per Share": {"2020-09-30": "25.97060", "2020-06-30": "24.53380", "2020-03-31": "24.27650", "2019-12-31": "25.02120", "2019-09-30": "28.34330", "2019-06-30": "27.93090", "2019-03-31": "26.59970", "2018-12-31": "25.66210", "2018-09-30": "25.60560", "2018-06-30": "24.28120", "2018-03-31": "24.20440", "2017-12-31": "22.69630", "2017-09-30": "23.43730", "2017-06-30": "22.34590", "2017-03-31": "20.72420", "2016-12-31": "19.43020", "2016-09-30": "22.59120", "2016-06-30": "21.74840", "2016-03-31": "21.01170", "2015-12-31": "19.80420", "2015-09-30": "19.12570", "2015-06-30": "18.81050", "2015-03-31": "17.62830", "2014-12-31": "18.41990", "2014-09-30": "21.56270", "2014-06-30": "22.48790", "2014-03-31": "21.41150", "2013-12-31": "20.87610", "2013-09-30": "19.08350", "2013-06-30": "17.68140", "2013-03-31": "16.85060", "2012-12-31": "16.23960", "2012-09-30": "16.38770", "2012-06-30": "15.77110", "2012-03-31": "15.41950", "2011-12-31": "14.26830", "2011-09-30": "18.62250", "2011-06-30": "18.78370", "2011-03-31": "18.03690", "2010-12-31": "17.07380", "2010-09-30": "16.42470", "2010-06-30": "15.24680", "2010-03-31": "15.35100", "2009-12-31": "15.26990", "2009-09-30": "14.69450", "2009-06-30": "13.81090", "2009-03-31": "12.63190", "2008-12-31": "12.75130", "2008-09-30": "15.50810", "2008-06-30": "16.20230", "2008-03-31": "15.27390", "2007-12-31": "14.70730", "2007-09-30": "13.44420", "2007-06-30": "16.32690", "2007-03-31": "15.47120", "2006-12-31": "15.19030", "2006-09-30": "14.65470", "2006-06-30": "14.10150", "2006-03-31": "13.00790", "2005-12-31": "12.47010", "2005-09-30": "12.10920", "2005-06-30": "11.52000", "2005-03-31": "11.33580"}, "Operating Cash Flow Per Share": {"2020-09-30": 2.2479, "2020-06-30": 1.905, "2020-03-31": "-0.59560", "2019-12-31": 3.6875, "2019-09-30": 1.949, "2019-06-30": 2.5175, "2019-03-31": "-1.65400", "2018-12-31": 3.1437, "2018-09-30": 1.4893, "2018-06-30": 0.9342, "2018-03-31": "1.21640", "2017-12-31": 2.3725, "2017-09-30": 1.7205, "2017-06-30": 1.1056, "2017-03-31": "0.05800", "2016-12-31": 2.5293, "2016-09-30": 1.96, "2016-06-30": 1.1806, "2016-03-31": "-0.30560", "2015-12-31": 1.932, "2015-09-30": 1.1854, "2015-06-30": 0.9792, "2015-03-31": "-0.19690", "2014-12-31": 2.5363, "2014-09-30": 1.1357, "2014-06-30": 1.0751, "2014-03-31": "-0.31760", "2013-12-31": 2.53, "2013-09-30": 1.3621, "2013-06-30": 0.5287, "2013-03-31": "-0.34940", "2012-12-31": 2.6578, "2012-09-30": 1.0947, "2012-06-30": 1.0017, "2012-03-31": "-0.72700", "2011-12-31": 1.4299, "2011-09-30": 0.8443, "2011-06-30": 0.5277, "2011-03-31": "-0.27150", "2010-12-31": 1.2457, "2010-09-30": -0.0707, "2010-06-30": 0.7847, "2010-03-31": "0.28230", "2009-12-31": 1.0772, "2009-09-30": 1.3579, "2009-06-30": 0.516, "2009-03-31": "0.26280", "2008-12-31": 1.0171, "2008-09-30": 0.6797, "2008-06-30": 0.7533, "2008-03-31": "0.72400", "2007-12-31": 1.4348, "2007-09-30": 1.2812, "2007-06-30": 0.5595, "2007-03-31": "0.60270", "2006-12-31": 1.2718, "2006-09-30": 0.5749, "2006-06-30": 0.8042, "2006-03-31": "0.27480", "2005-12-31": 1.283, "2005-09-30": 1.1069, "2005-06-30": 0.7125, "2005-03-31": "-0.09730"}, "Free Cash Flow Per Share": {"2020-09-30": 2.147, "2020-06-30": 1.811, "2020-03-31": "-0.68620", "2019-12-31": 3.4191, "2019-09-30": 1.7122, "2019-06-30": 2.2647, "2019-03-31": "-1.98020", "2018-12-31": 2.6072, "2018-09-30": 0.9853, "2018-06-30": 0.6681, "2018-03-31": "0.77050", "2017-12-31": 2.4984, "2017-09-30": 1.4964, "2017-06-30": 0.921, "2017-03-31": "-0.10120", "2016-12-31": 2.3107, "2016-09-30": 1.7628, "2016-06-30": 0.9214, "2016-03-31": "-0.48390", "2015-12-31": 1.7806, "2015-09-30": 1.0476, "2015-06-30": 0.8191, "2015-03-31": "-0.34630", "2014-12-31": 2.42, "2014-09-30": 1.0093, "2014-06-30": 0.9021, "2014-03-31": "-0.47230", "2013-12-31": 2.3526, "2013-09-30": 1.2461, "2013-06-30": 0.4193, "2013-03-31": "-0.43980", "2012-12-31": 2.571, "2012-09-30": 0.9925, "2012-06-30": 0.9171, "2012-03-31": "-0.84580", "2011-12-31": 1.3133, "2011-09-30": 0.687, "2011-06-30": 0.3561, "2011-03-31": "-0.33170", "2010-12-31": 1.124, "2010-09-30": -0.1565, "2010-06-30": 0.7144, "2010-03-31": "0.21320", "2009-12-31": 0.9811, "2009-09-30": 1.3103, "2009-06-30": 0.4001, "2009-03-31": "0.12150", "2008-12-31": 0.8441, "2008-09-30": 0.4646, "2008-06-30": 0.5618, "2008-03-31": "0.58610", "2007-12-31": 1.82, "2007-09-30": 1.0911, "2007-06-30": 0.319, "2007-03-31": "0.66920", "2006-12-31": 1.2218, "2006-09-30": 0.4966, "2006-06-30": 0.693, "2006-03-31": "0.15900", "2005-12-31": 1.2039, "2005-09-30": 1.0076, "2005-06-30": 0.6348, "2005-03-31": "-0.18590"}}, "revenue": {"Crane Annual Revenue (Millions of US $)": {"2020": "$2,937", "2019": "$3,283", "2018": "$3,346", "2017": "$2,786", "2016": "$2,748", "2015": "$2,741", "2014": "$2,925", "2013": "$2,595", "2012": "$2,579", "2011": "$2,500", "2010": "$2,179", "2009": "$2,196", "2008": "$2,604", "2007": "$2,619", "2006": "$2,257", "2005": "$2,061"}, "Crane Quarterly Revenue (Millions of US $)": {"2020-12-31": "$726", "2020-09-30": "$735", "2020-06-30": "$678", "2020-03-31": "$798", "2019-12-31": "$838", "2019-09-30": "$772", "2019-06-30": "$842", "2019-03-31": "$832", "2018-12-31": "$840", "2018-09-30": "$856", "2018-06-30": "$851", "2018-03-31": "$799", "2017-12-31": "$714", "2017-09-30": "$696", "2017-06-30": "$703", "2017-03-31": "$673", "2016-12-31": "$682", "2016-09-30": "$694", "2016-06-30": "$712", "2016-03-31": "$660", "2015-12-31": "$681", "2015-09-30": "$670", "2015-06-30": "$711", "2015-03-31": "$679", "2014-12-31": "$731", "2014-09-30": "$727", "2014-06-30": "$750", "2014-03-31": "$717", "2013-12-31": "$681", "2013-09-30": "$638", "2013-06-30": "$649", "2013-03-31": "$628", "2012-12-31": "$630", "2012-09-30": "$646", "2012-06-30": "$658", "2012-03-31": "$646", "2011-12-31": "$609", "2011-09-30": "$647", "2011-06-30": "$633", "2011-03-31": "$611", "2010-12-31": "$536", "2010-09-30": "$561", "2010-06-30": "$553", "2010-03-31": "$530", "2009-12-31": "$545", "2009-09-30": "$551", "2009-06-30": "$545", "2009-03-31": "$555", "2008-12-31": "$589", "2008-09-30": "$643", "2008-06-30": "$693", "2008-03-31": "$679", "2007-12-31": "$666", "2007-09-30": "$664", "2007-06-30": "$661", "2007-03-31": "$628", "2006-12-31": "$582", "2006-09-30": "$568", "2006-06-30": "$558", "2006-03-31": "$549", "2005-12-31": "$506", "2005-09-30": "$522", "2005-06-30": "$526", "2005-03-31": "$507"}}, "gross-profit": {"Crane Annual Gross Profit (Millions of US $)": {"2020": "$2,937", "2019": "$1,179", "2018": "$1,189", "2017": "$1,015", "2016": "$990", "2015": "$954", "2014": "$1,016", "2013": "$884", "2012": "$869", "2011": "$847", "2010": "$742", "2009": "$730", "2008": "$853", "2007": "$843", "2006": "$731", "2005": "$643"}, "Crane Quarterly Gross Profit (Millions of US $)": {"2020-12-31": "$726", "2020-09-30": "$256", "2020-06-30": "$226", "2020-03-31": "$287", "2019-12-31": "$289", "2019-09-30": "$278", "2019-06-30": "$307", "2019-03-31": "$305", "2018-12-31": "$295", "2018-09-30": "$311", "2018-06-30": "$305", "2018-03-31": "$278", "2017-12-31": "$259", "2017-09-30": "$254", "2017-06-30": "$258", "2017-03-31": "$244", "2016-12-31": "$248", "2016-09-30": "$245", "2016-06-30": "$263", "2016-03-31": "$234", "2015-12-31": "$239", "2015-09-30": "$238", "2015-06-30": "$241", "2015-03-31": "$237", "2014-12-31": "$249", "2014-09-30": "$251", "2014-06-30": "$262", "2014-03-31": "$254", "2013-12-31": "$227", "2013-09-30": "$216", "2013-06-30": "$223", "2013-03-31": "$218", "2012-12-31": "$212", "2012-09-30": "$220", "2012-06-30": "$222", "2012-03-31": "$216", "2011-12-31": "$198", "2011-09-30": "$219", "2011-06-30": "$217", "2011-03-31": "$213", "2010-12-31": "$185", "2010-09-30": "$188", "2010-06-30": "$191", "2010-03-31": "$178", "2009-12-31": "$196", "2009-09-30": "$185", "2009-06-30": "$176", "2009-03-31": "$173", "2008-12-31": "$181", "2008-09-30": "$208", "2008-06-30": "$238", "2008-03-31": "$226", "2007-12-31": "$211", "2007-09-30": "$218", "2007-06-30": "$209", "2007-03-31": "$205", "2006-12-31": "$182", "2006-09-30": "$190", "2006-06-30": "$182", "2006-03-31": "$178", "2005-12-31": "$159", "2005-09-30": "$166", "2005-06-30": "$162", "2005-03-31": "$155"}}, "operating-income": {"Crane Annual Operating Income (Millions of US $)": {"2020": "$2,937", "2019": "$210", "2018": "$441", "2017": "$388", "2016": "$187", "2015": "$373", "2014": "$316", "2013": "$348", "2012": "$310", "2011": "$37", "2010": "$233", "2009": "$208", "2008": "$238", "2007": "$-127", "2006": "$248", "2005": "$214"}, "Crane Quarterly Operating Income (Millions of US $)": {"2020-12-31": "$726", "2020-09-30": "$85", "2020-06-30": "$31", "2020-03-31": "$89", "2019-12-31": "$-135", "2019-09-30": "$109", "2019-06-30": "$123", "2019-03-31": "$114", "2018-12-31": "$110", "2018-09-30": "$124", "2018-06-30": "$113", "2018-03-31": "$94", "2017-12-31": "$87", "2017-09-30": "$102", "2017-06-30": "$106", "2017-03-31": "$93", "2016-12-31": "$-105", "2016-09-30": "$104", "2016-06-30": "$103", "2016-03-31": "$86", "2015-12-31": "$103", "2015-09-30": "$93", "2015-06-30": "$90", "2015-03-31": "$86", "2014-12-31": "$90", "2014-09-30": "$48", "2014-06-30": "$98", "2014-03-31": "$82", "2013-12-31": "$83", "2013-09-30": "$89", "2013-06-30": "$89", "2013-03-31": "$87", "2012-12-31": "$76", "2012-09-30": "$87", "2012-06-30": "$69", "2012-03-31": "$78", "2011-12-31": "$-195", "2011-09-30": "$80", "2011-06-30": "$79", "2011-03-31": "$73", "2010-12-31": "$52", "2010-09-30": "$63", "2010-06-30": "$65", "2010-03-31": "$53", "2009-12-31": "$69", "2009-09-30": "$55", "2009-06-30": "$45", "2009-03-31": "$38", "2008-12-31": "$22", "2008-09-30": "$55", "2008-06-30": "$86", "2008-03-31": "$75", "2007-12-31": "$46", "2007-09-30": "$-313", "2007-06-30": "$72", "2007-03-31": "$68", "2006-12-31": "$53", "2006-09-30": "$71", "2006-06-30": "$66", "2006-03-31": "$57", "2005-12-31": "$55", "2005-09-30": "$62", "2005-06-30": "$55", "2005-03-31": "$42"}}, "ebitda": {"Crane Annual EBITDA (Millions of US $)": {"2019": "$324", "2018": "$561", "2017": "$461", "2016": "$254", "2015": "$440", "2014": "$392", "2013": "$403", "2012": "$368", "2011": "$100", "2010": "$293", "2009": "$266", "2008": "$295", "2007": "$-65", "2006": "$302", "2005": "$262"}, "Crane Quarterly EBITDA (Millions of US $)": {"2020-09-30": "$117", "2020-06-30": "$64", "2020-03-31": "$119", "2019-12-31": "$-106", "2019-09-30": "$137", "2019-06-30": "$151", "2019-03-31": "$141", "2018-12-31": "$146", "2018-09-30": "$152", "2018-06-30": "$141", "2018-03-31": "$122", "2017-12-31": "$106", "2017-09-30": "$121", "2017-06-30": "$124", "2017-03-31": "$111", "2016-12-31": "$-89", "2016-09-30": "$121", "2016-06-30": "$120", "2016-03-31": "$102", "2015-12-31": "$121", "2015-09-30": "$109", "2015-06-30": "$108", "2015-03-31": "$103", "2014-12-31": "$107", "2014-09-30": "$66", "2014-06-30": "$116", "2014-03-31": "$103", "2013-12-31": "$100", "2013-09-30": "$101", "2013-06-30": "$102", "2013-03-31": "$100", "2012-12-31": "$90", "2012-09-30": "$100", "2012-06-30": "$85", "2012-03-31": "$93", "2011-12-31": "$-180", "2011-09-30": "$96", "2011-06-30": "$95", "2011-03-31": "$89", "2010-12-31": "$67", "2010-09-30": "$78", "2010-06-30": "$81", "2010-03-31": "$68", "2009-12-31": "$84", "2009-09-30": "$69", "2009-06-30": "$60", "2009-03-31": "$53", "2008-12-31": "$35", "2008-09-30": "$69", "2008-06-30": "$101", "2008-03-31": "$90", "2007-12-31": "$62", "2007-09-30": "$-299", "2007-06-30": "$87", "2007-03-31": "$84", "2006-12-31": "$69", "2006-09-30": "$83", "2006-06-30": "$78", "2006-03-31": "$72", "2005-12-31": "$67", "2005-09-30": "$73", "2005-06-30": "$67", "2005-03-31": "$54"}}, "net-income": {"Crane Annual Net Income (Millions of US $)": {"2020": "$181", "2019": "$133", "2018": "$336", "2017": "$172", "2016": "$123", "2015": "$229", "2014": "$193", "2013": "$220", "2012": "$217", "2011": "$26", "2010": "$154", "2009": "$134", "2008": "$135", "2007": "$-62", "2006": "$166", "2005": "$136"}, "Crane Quarterly Net Income (Millions of US $)": {"2020-12-31": "$47", "2020-09-30": "$57", "2020-06-30": "$15", "2020-03-31": "$63", "2019-12-31": "$-113", "2019-09-30": "$73", "2019-06-30": "$91", "2019-03-31": "$82", "2018-12-31": "$89", "2018-09-30": "$97", "2018-06-30": "$81", "2018-03-31": "$69", "2017-12-31": "$-29", "2017-09-30": "$68", "2017-06-30": "$69", "2017-03-31": "$63", "2016-12-31": "$-64", "2016-09-30": "$64", "2016-06-30": "$68", "2016-03-31": "$55", "2015-12-31": "$65", "2015-09-30": "$57", "2015-06-30": "$56", "2015-03-31": "$51", "2014-12-31": "$56", "2014-09-30": "$28", "2014-06-30": "$60", "2014-03-31": "$49", "2013-12-31": "$50", "2013-09-30": "$57", "2013-06-30": "$55", "2013-03-31": "$58", "2012-12-31": "$46", "2012-09-30": "$57", "2012-06-30": "$63", "2012-03-31": "$52", "2011-12-31": "$-125", "2011-09-30": "$53", "2011-06-30": "$50", "2011-03-31": "$48", "2010-12-31": "$39", "2010-09-30": "$42", "2010-06-30": "$40", "2010-03-31": "$33", "2009-12-31": "$48", "2009-09-30": "$35", "2009-06-30": "$28", "2009-03-31": "$23", "2008-12-31": "$-8", "2008-09-30": "$36", "2008-06-30": "$59", "2008-03-31": "$48", "2007-12-31": "$45", "2007-09-30": "$-197", "2007-06-30": "$46", "2007-03-31": "$44", "2006-12-31": "$38", "2006-09-30": "$46", "2006-06-30": "$44", "2006-03-31": "$37", "2005-12-31": "$35", "2005-09-30": "$40", "2005-06-30": "$36", "2005-03-31": "$25"}}, "eps-earnings-per-share-diluted": {"Crane Annual EPS": {"2020": "$3.08", "2019": "$2.20", "2018": "$5.50", "2017": "$2.84", "2016": "$2.07", "2015": "$3.89", "2014": "$3.23", "2013": "$3.73", "2012": "$3.72", "2011": "$0.44", "2010": "$2.59", "2009": "$2.28", "2008": "$2.24", "2007": "$-1.04", "2006": "$2.67", "2005": "$2.25"}, "Crane Quarterly EPS": {"2020-12-31": "$0.80", "2020-09-30": "$0.97", "2020-06-30": "$0.25", "2020-03-31": "$1.05", "2019-12-31": "$-1.85", "2019-09-30": "$1.19", "2019-06-30": "$1.50", "2019-03-31": "$1.36", "2018-12-31": "$1.46", "2018-09-30": "$1.59", "2018-06-30": "$1.32", "2018-03-31": "$1.13", "2017-12-31": "$-0.48", "2017-09-30": "$1.13", "2017-06-30": "$1.14", "2017-03-31": "$1.05", "2016-12-31": "$-1.08", "2016-09-30": "$1.07", "2016-06-30": "$1.15", "2016-03-31": "$0.93", "2015-12-31": "$1.10", "2015-09-30": "$0.97", "2015-06-30": "$0.95", "2015-03-31": "$0.87", "2014-12-31": "$0.94", "2014-09-30": "$0.47", "2014-06-30": "$1.00", "2014-03-31": "$0.82", "2013-12-31": "$0.84", "2013-09-30": "$0.97", "2013-06-30": "$0.93", "2013-03-31": "$0.99", "2012-12-31": "$0.78", "2012-09-30": "$0.99", "2012-06-30": "$1.07", "2012-03-31": "$0.88", "2011-12-31": "$-2.11", "2011-09-30": "$0.89", "2011-06-30": "$0.85", "2011-03-31": "$0.81", "2010-12-31": "$0.66", "2010-09-30": "$0.70", "2010-06-30": "$0.67", "2010-03-31": "$0.56", "2009-12-31": "$0.81", "2009-09-30": "$0.60", "2009-06-30": "$0.47", "2009-03-31": "$0.40", "2008-12-31": "$-0.12", "2008-09-30": "$0.60", "2008-06-30": "$0.97", "2008-03-31": "$0.79", "2007-12-31": "$0.79", "2007-09-30": "$-3.29", "2007-06-30": "$0.75", "2007-03-31": "$0.71", "2006-12-31": "$0.61", "2006-09-30": "$0.74", "2006-06-30": "$0.71", "2006-03-31": "$0.61", "2005-12-31": "$0.58", "2005-09-30": "$0.66", "2005-06-30": "$0.59", "2005-03-31": "$0.42"}}, "shares-outstanding": {"Crane Annual Shares Outstanding (Millions of Shares)": {"2020": "58", "2019": "61", "2018": "61", "2017": "60", "2016": "59", "2015": "59", "2014": "60", "2013": "59", "2012": "58", "2011": "59", "2010": "60", "2009": "59", "2008": "60", "2007": "60", "2006": "62", "2005": "60"}, "Crane Quarterly Shares Outstanding (Millions of Shares)": {"2020-12-31": "58", "2020-09-30": "59", "2020-06-30": "59", "2020-03-31": "60", "2019-12-31": "61", "2019-09-30": "61", "2019-06-30": "61", "2019-03-31": "61", "2018-12-31": "61", "2018-09-30": "61", "2018-06-30": "61", "2018-03-31": "61", "2017-12-31": "60", "2017-09-30": "60", "2017-06-30": "61", "2017-03-31": "60", "2016-12-31": "59", "2016-09-30": "59", "2016-06-30": "59", "2016-03-31": "59", "2015-12-31": "59", "2015-09-30": "59", "2015-06-30": "59", "2015-03-31": "59", "2014-12-31": "60", "2014-09-30": "60", "2014-06-30": "60", "2014-03-31": "60", "2013-12-31": "59", "2013-09-30": "59", "2013-06-30": "59", "2013-03-31": "58", "2012-12-31": "58", "2012-09-30": "58", "2012-06-30": "59", "2012-03-31": "59", "2011-12-31": "59", "2011-09-30": "59", "2011-06-30": "59", "2011-03-31": "60", "2010-12-31": "60", "2010-09-30": "60", "2010-06-30": "60", "2010-03-31": "60", "2009-12-31": "59", "2009-09-30": "59", "2009-06-30": "59", "2009-03-31": "59", "2008-12-31": "60", "2008-09-30": "60", "2008-06-30": "61", "2008-03-31": "61", "2007-12-31": "60", "2007-09-30": "60", "2007-06-30": "61", "2007-03-31": "61", "2006-12-31": "62", "2006-09-30": "62", "2006-06-30": "62", "2006-03-31": "62", "2005-12-31": "60", "2005-09-30": "60", "2005-06-30": "60", "2005-03-31": "60"}}, "total-assets": {"Crane Annual Total Assets (Millions of US $)": {"2019": "$4,424", "2018": "$4,043", "2017": "$3,594", "2016": "$3,428", "2015": "$3,337", "2014": "$3,451", "2013": "$3,560", "2012": "$2,890", "2011": "$2,844", "2010": "$2,707", "2009": "$2,713", "2008": "$2,774", "2007": "$2,877", "2006": "$2,437", "2005": "$2,139"}, "Crane Quarterly Total Assets (Millions of US $)": {"2020-09-30": "$4,623", "2020-06-30": "$4,630", "2020-03-31": "$4,465", "2019-12-31": "$4,424", "2019-09-30": "$4,159", "2019-06-30": "$4,142", "2019-03-31": "$4,142", "2018-12-31": "$4,043", "2018-09-30": "$4,110", "2018-06-30": "$4,121", "2018-03-31": "$4,491", "2017-12-31": "$3,594", "2017-09-30": "$3,607", "2017-06-30": "$3,534", "2017-03-31": "$3,451", "2016-12-31": "$3,428", "2016-09-30": "$3,409", "2016-06-30": "$3,432", "2016-03-31": "$3,395", "2015-12-31": "$3,337", "2015-09-30": "$3,403", "2015-06-30": "$3,428", "2015-03-31": "$3,387", "2014-12-31": "$3,451", "2014-09-30": "$3,554", "2014-06-30": "$3,633", "2014-03-31": "$3,553", "2013-12-31": "$3,560", "2013-09-30": "$2,858", "2013-06-30": "$2,872", "2013-03-31": "$2,850", "2012-12-31": "$2,890", "2012-09-30": "$2,873", "2012-06-30": "$2,862", "2012-03-31": "$2,850", "2011-12-31": "$2,844", "2011-09-30": "$2,734", "2011-06-30": "$2,770", "2011-03-31": "$2,750", "2010-12-31": "$2,707", "2010-09-30": "$2,696", "2010-06-30": "$2,667", "2010-03-31": "$2,706", "2009-12-31": "$2,713", "2009-09-30": "$2,732", "2009-06-30": "$2,713", "2009-03-31": "$2,700", "2008-12-31": "$2,774", "2008-09-30": "$2,865", "2008-06-30": "$2,938", "2008-03-31": "$2,908", "2007-12-31": "$2,877", "2007-09-30": "$2,915", "2007-06-30": "$2,487", "2007-03-31": "$2,443", "2006-12-31": "$2,437", "2006-09-30": "$2,331", "2006-06-30": "$2,242", "2006-03-31": "$2,167", "2005-12-31": "$2,139", "2005-09-30": "$2,137", "2005-06-30": "$2,101", "2005-03-31": "$2,108"}}, "cash-on-hand": {"Crane Annual Cash on Hand (Millions of US $)": {"2019": "$394", "2018": "$343", "2017": "$706", "2016": "$510", "2015": "$364", "2014": "$346", "2013": "$271", "2012": "$424", "2011": "$245", "2010": "$273", "2009": "$373", "2008": "$232", "2007": "$283", "2006": "$139", "2005": "$180"}, "Crane Quarterly Cash on Hand (Millions of US $)": {"2020-09-30": "$545", "2020-06-30": "$592", "2020-03-31": "$303", "2019-12-31": "$394", "2019-09-30": "$389", "2019-06-30": "$307", "2019-03-31": "$257", "2018-12-31": "$343", "2018-09-30": "$324", "2018-06-30": "$318", "2018-03-31": "$642", "2017-12-31": "$706", "2017-09-30": "$572", "2017-06-30": "$509", "2017-03-31": "$505", "2016-12-31": "$510", "2016-09-30": "$436", "2016-06-30": "$409", "2016-03-31": "$354", "2015-12-31": "$364", "2015-09-30": "$335", "2015-06-30": "$326", "2015-03-31": "$297", "2014-12-31": "$346", "2014-09-30": "$302", "2014-06-30": "$314", "2014-03-31": "$250", "2013-12-31": "$271", "2013-09-30": "$403", "2013-06-30": "$421", "2013-03-31": "$385", "2012-12-31": "$424", "2012-09-30": "$281", "2012-06-30": "$252", "2012-03-31": "$196", "2011-12-31": "$245", "2011-09-30": "$211", "2011-06-30": "$231", "2011-03-31": "$233", "2010-12-31": "$273", "2010-09-30": "$316", "2010-06-30": "$336", "2010-03-31": "$320", "2009-12-31": "$373", "2009-09-30": "$305", "2009-06-30": "$233", "2009-03-31": "$210", "2008-12-31": "$232", "2008-09-30": "$278", "2008-06-30": "$322", "2008-03-31": "$295", "2007-12-31": "$283", "2007-09-30": "$162", "2007-06-30": "$135", "2007-03-31": "$134", "2006-12-31": "$139", "2006-09-30": "$99", "2006-06-30": "$100", "2006-03-31": "$97", "2005-12-31": "$180", "2005-09-30": "$114", "2005-06-30": "$60", "2005-03-31": "$33"}}, "long-term-debt": {"Crane Annual Long Term Debt (Millions of US $)": {"2019": "$842", "2018": "$942", "2017": "$494", "2016": "$745", "2015": "$745", "2014": "$749", "2013": "$749", "2012": "$399", "2011": "$399", "2010": "$399", "2009": "$399", "2008": "$398", "2007": "$398", "2006": "$398", "2005": "$293"}, "Crane Quarterly Long Term Debt (Millions of US $)": {"2020-09-30": "$843", "2020-06-30": "$843", "2020-03-31": "$842", "2019-12-31": "$842", "2019-09-30": "$935", "2019-06-30": "$940", "2019-03-31": "$940", "2018-12-31": "$942", "2018-09-30": "$938", "2018-06-30": "$937", "2018-03-31": "$1,139", "2017-12-31": "$494", "2017-09-30": "$746", "2017-06-30": "$746", "2017-03-31": "$746", "2016-12-31": "$745", "2016-09-30": "$745", "2016-06-30": "$745", "2016-03-31": "$745", "2015-12-31": "$745", "2015-09-30": "$749", "2015-06-30": "$749", "2015-03-31": "$749", "2014-12-31": "$749", "2014-09-30": "$749", "2014-06-30": "$749", "2014-03-31": "$749", "2013-12-31": "$749", "2013-09-30": "$199", "2013-06-30": "$399", "2013-03-31": "$399", "2012-12-31": "$399", "2012-09-30": "$399", "2012-06-30": "$399", "2012-03-31": "$399", "2011-12-31": "$399", "2011-09-30": "$399", "2011-06-30": "$399", "2011-03-31": "$399", "2010-12-31": "$399", "2010-09-30": "$399", "2010-06-30": "$399", "2010-03-31": "$399", "2009-12-31": "$399", "2009-09-30": "$399", "2009-06-30": "$399", "2009-03-31": "$399", "2008-12-31": "$398", "2008-09-30": "$398", "2008-06-30": "$398", "2008-03-31": "$398", "2007-12-31": "$398", "2007-09-30": "$398", "2007-06-30": "$398", "2007-03-31": "$392", "2006-12-31": "$398", "2006-09-30": "$366", "2006-06-30": "$294", "2006-03-31": "$294", "2005-12-31": "$293", "2005-09-30": "$293", "2005-06-30": "$293", "2005-03-31": "$292"}}, "total-liabilities": {"Crane Annual Total Liabilities (Millions of US $)": {"2019": "$2,947", "2018": "$2,516", "2017": "$2,245", "2016": "$2,282", "2015": "$2,186", "2014": "$2,380", "2013": "$2,345", "2012": "$1,963", "2011": "$2,021", "2010": "$1,714", "2009": "$1,819", "2008": "$2,029", "2007": "$1,992", "2006": "$1,518", "2005": "$1,386"}, "Crane Quarterly Total Liabilities (Millions of US $)": {"2020-09-30": "$3,114", "2020-06-30": "$3,207", "2020-03-31": "$3,057", "2019-12-31": "$2,947", "2019-09-30": "$2,459", "2019-06-30": "$2,467", "2019-03-31": "$2,549", "2018-12-31": "$2,516", "2018-09-30": "$2,581", "2018-06-30": "$2,674", "2018-03-31": "$3,042", "2017-12-31": "$2,245", "2017-09-30": "$2,217", "2017-06-30": "$2,203", "2017-03-31": "$2,219", "2016-12-31": "$2,282", "2016-09-30": "$2,085", "2016-06-30": "$2,163", "2016-03-31": "$2,170", "2015-12-31": "$2,186", "2015-09-30": "$2,292", "2015-06-30": "$2,336", "2015-03-31": "$2,365", "2014-12-31": "$2,380", "2014-09-30": "$2,282", "2014-06-30": "$2,307", "2014-03-31": "$2,294", "2013-12-31": "$2,345", "2013-09-30": "$1,749", "2013-06-30": "$1,846", "2013-03-31": "$1,877", "2012-12-31": "$1,963", "2012-09-30": "$1,940", "2012-06-30": "$1,957", "2012-03-31": "$1,955", "2011-12-31": "$2,021", "2011-09-30": "$1,653", "2011-06-30": "$1,681", "2011-03-31": "$1,700", "2010-12-31": "$1,714", "2010-09-30": "$1,736", "2010-06-30": "$1,771", "2010-03-31": "$1,799", "2009-12-31": "$1,819", "2009-09-30": "$1,873", "2009-06-30": "$1,906", "2009-03-31": "$1,962", "2008-12-31": "$2,029", "2008-09-30": "$1,937", "2008-06-30": "$1,969", "2008-03-31": "$1,997", "2007-12-31": "$1,992", "2007-09-30": "$2,109", "2007-06-30": "$1,511", "2007-03-31": "$1,520", "2006-12-31": "$1,518", "2006-09-30": "$1,438", "2006-06-30": "$1,380", "2006-03-31": "$1,378", "2005-12-31": "$1,386", "2005-09-30": "$1,410", "2005-06-30": "$1,414", "2005-03-31": "$1,433"}}, "total-share-holder-equity": {"Crane Annual Share Holder Equity (Millions of US $)": {"2019": "$1,476", "2018": "$1,527", "2017": "$1,349", "2016": "$1,146", "2015": "$1,151", "2014": "$1,071", "2013": "$1,215", "2012": "$927", "2011": "$822", "2010": "$993", "2009": "$894", "2008": "$746", "2007": "$885", "2006": "$919", "2005": "$753"}, "Crane Quarterly Share Holder Equity (Millions of US $)": {"2020-09-30": "$1,509", "2020-06-30": "$1,424", "2020-03-31": "$1,408", "2019-12-31": "$1,476", "2019-09-30": "$1,700", "2019-06-30": "$1,674", "2019-03-31": "$1,593", "2018-12-31": "$1,527", "2018-09-30": "$1,530", "2018-06-30": "$1,447", "2018-03-31": "$1,448", "2017-12-31": "$1,349", "2017-09-30": "$1,390", "2017-06-30": "$1,331", "2017-03-31": "$1,232", "2016-12-31": "$1,146", "2016-09-30": "$1,324", "2016-06-30": "$1,270", "2016-03-31": "$1,225", "2015-12-31": "$1,151", "2015-09-30": "$1,110", "2015-06-30": "$1,092", "2015-03-31": "$1,022", "2014-12-31": "$1,071", "2014-09-30": "$1,272", "2014-06-30": "$1,326", "2014-03-31": "$1,259", "2013-12-31": "$1,215", "2013-09-30": "$1,109", "2013-06-30": "$1,026", "2013-03-31": "$973", "2012-12-31": "$927", "2012-09-30": "$933", "2012-06-30": "$905", "2012-03-31": "$896", "2011-12-31": "$822", "2011-09-30": "$1,081", "2011-06-30": "$1,089", "2011-03-31": "$1,050", "2010-12-31": "$993", "2010-09-30": "$959", "2010-06-30": "$896", "2010-03-31": "$907", "2009-12-31": "$894", "2009-09-30": "$859", "2009-06-30": "$808", "2009-03-31": "$738", "2008-12-31": "$746", "2008-09-30": "$928", "2008-06-30": "$969", "2008-03-31": "$910", "2007-12-31": "$885", "2007-09-30": "$806", "2007-06-30": "$975", "2007-03-31": "$923", "2006-12-31": "$919", "2006-09-30": "$894", "2006-06-30": "$862", "2006-03-31": "$790", "2005-12-31": "$753", "2005-09-30": "$728", "2005-06-30": "$687", "2005-03-31": "$675"}}, "profit-margins": {"current": "6.16%"}, "gross margin": {"2020-12-31": "50.90%", "2020-09-30": "34.70%", "2020-06-30": "35.00%", "2020-03-31": "35.72%", "2019-12-31": "35.90%", "2019-09-30": "36.06%", "2019-06-30": "36.14%", "2019-03-31": "35.99%", "2018-12-31": "35.53%", "2018-09-30": "35.81%", "2018-06-30": "35.82%", "2018-03-31": "36.02%", "2017-12-31": "36.43%", "2017-09-30": "36.46%", "2017-06-30": "36.16%", "2017-03-31": "36.22%", "2016-12-31": "36.03%", "2016-09-30": "35.71%", "2016-06-30": "35.77%", "2016-03-31": "34.97%", "2015-12-31": "34.84%", "2015-09-30": "34.58%", "2015-06-30": "34.34%", "2015-03-31": "34.60%", "2014-12-31": "34.74%", "2014-09-30": "34.57%", "2014-06-30": "34.42%", "2014-03-31": "34.26%", "2013-12-31": "34.05%", "2013-09-30": "34.15%", "2013-06-30": "34.20%", "2013-03-31": "34.04%", "2012-12-31": "33.72%", "2012-09-30": "33.45%", "2012-06-30": "33.40%", "2012-03-31": "33.53%", "2011-12-31": "33.88%", "2011-09-30": "34.36%", "2011-06-30": "34.30%", "2011-03-31": "34.37%", "2010-12-31": "34.04%", "2010-09-30": "34.40%", "2010-06-30": "34.42%", "2010-03-31": "33.86%", "2009-12-31": "33.24%", "2009-09-30": "31.92%", "2009-06-30": "31.65%", "2009-03-31": "32.26%", "2008-12-31": "32.76%", "2008-09-30": "32.94%", "2008-06-30": "33.05%", "2008-03-31": "32.36%", "2007-12-31": "32.19%", "2007-09-30": "32.11%", "2007-06-30": "32.23%", "2007-03-31": "32.49%", "2006-12-31": "32.43%", "2006-09-30": "32.51%", "2006-06-30": "32.08%", "2006-03-31": "31.62%", "2005-12-31": "31.15%"}, "operating margin": {"2020-12-31": "31.70%", "2020-09-30": "2.30%", "2020-06-30": "3.05%", "2020-03-31": "5.72%", "2019-12-31": "6.43%", "2019-09-30": "13.88%", "2019-06-30": "13.98%", "2019-03-31": "13.64%", "2018-12-31": "13.18%", "2018-09-30": "12.98%", "2018-06-30": "12.94%", "2018-03-31": "13.36%", "2017-12-31": "13.93%", "2017-09-30": "7.12%", "2017-06-30": "7.19%", "2017-03-31": "7.06%", "2016-12-31": "6.84%", "2016-09-30": "14.42%", "2016-06-30": "14.14%", "2016-03-31": "13.67%", "2015-12-31": "13.57%", "2015-09-30": "12.86%", "2015-06-30": "11.03%", "2015-03-31": "11.15%", "2014-12-31": "10.87%", "2014-09-30": "10.82%", "2014-06-30": "12.63%", "2014-03-31": "12.77%", "2013-12-31": "13.41%", "2013-09-30": "13.40%", "2013-06-30": "13.28%", "2013-03-31": "12.45%", "2012-12-31": "12.02%", "2012-09-30": "1.52%", "2012-06-30": "1.25%", "2012-03-31": "1.66%", "2011-12-31": "1.48%", "2011-09-30": "11.70%", "2011-06-30": "11.41%", "2011-03-31": "11.19%", "2010-12-31": "10.69%", "2010-09-30": "11.42%", "2010-06-30": "11.11%", "2010-03-31": "10.23%", "2009-12-31": "9.43%", "2009-09-30": "7.14%", "2009-06-30": "6.86%", "2009-03-31": "8.10%", "2008-12-31": "9.14%", "2008-09-30": "9.77%", "2008-06-30": "-3.92%", "2008-03-31": "-4.49%", "2007-12-31": "-4.85%", "2007-09-30": "-4.73%", "2007-06-30": "10.82%", "2007-03-31": "11.04%", "2006-12-31": "10.94%", "2006-09-30": "11.42%", "2006-06-30": "11.24%", "2006-03-31": "10.89%", "2005-12-31": "10.38%"}, "ebitda margin": {"2020-09-30": "6.36%", "2020-06-30": "6.93%", "2020-03-31": "9.26%", "2019-12-31": "9.84%", "2019-09-30": "17.50%", "2019-06-30": "17.51%", "2019-03-31": "17.16%", "2018-12-31": "16.77%", "2018-09-30": "16.18%", "2018-06-30": "16.01%", "2018-03-31": "16.24%", "2017-12-31": "16.58%", "2017-09-30": "9.69%", "2017-06-30": "9.70%", "2017-03-31": "9.53%", "2016-12-31": "9.24%", "2016-09-30": "16.89%", "2016-06-30": "16.60%", "2016-03-31": "16.16%", "2015-12-31": "16.09%", "2015-09-30": "15.30%", "2015-06-30": "13.48%", "2015-03-31": "13.58%", "2014-12-31": "13.40%", "2014-09-30": "13.39%", "2014-06-30": "15.08%", "2014-03-31": "15.12%", "2013-12-31": "15.52%", "2013-09-30": "15.44%", "2013-06-30": "15.35%", "2013-03-31": "14.64%", "2012-12-31": "14.26%", "2012-09-30": "3.83%", "2012-06-30": "3.67%", "2012-03-31": "4.10%", "2011-12-31": "4.00%", "2011-09-30": "14.30%", "2011-06-30": "14.05%", "2011-03-31": "13.93%", "2010-12-31": "13.49%", "2010-09-30": "14.21%", "2010-06-30": "13.86%", "2010-03-31": "12.94%", "2009-12-31": "12.11%", "2009-09-30": "9.69%", "2009-06-30": "9.31%", "2009-03-31": "10.40%", "2008-12-31": "11.33%", "2008-09-30": "12.01%", "2008-06-30": "-1.70%", "2008-03-31": "-2.25%", "2007-12-31": "-2.52%", "2007-09-30": "-2.33%", "2007-06-30": "13.24%", "2007-03-31": "13.44%", "2006-12-31": "13.38%", "2006-09-30": "13.76%", "2006-06-30": "13.58%", "2006-03-31": "13.27%", "2005-12-31": "12.66%"}, "pre tax profit margin": {"2020-12-31": "7.63%", "2020-09-30": "0.92%", "2020-06-30": "1.52%", "2020-03-31": "4.52%", "2019-12-31": "5.21%", "2019-09-30": "12.81%", "2019-06-30": "13.20%", "2019-03-31": "12.76%", "2018-12-31": "12.28%", "2018-09-30": "12.11%", "2018-06-30": "12.06%", "2018-03-31": "12.50%", "2017-12-31": "13.21%", "2017-09-30": "6.68%", "2017-06-30": "6.61%", "2017-03-31": "6.37%", "2016-12-31": "6.00%", "2016-09-30": "13.11%", "2016-06-30": "12.82%", "2016-03-31": "12.38%", "2015-12-31": "12.26%", "2015-09-30": "11.68%", "2015-06-30": "9.87%", "2015-03-31": "9.91%", "2014-12-31": "9.64%", "2014-09-30": "9.70%", "2014-06-30": "11.56%", "2014-03-31": "11.84%", "2013-12-31": "12.60%", "2013-09-30": "12.42%", "2013-06-30": "12.30%", "2013-03-31": "11.48%", "2012-12-31": "11.05%", "2012-09-30": "0.51%", "2012-06-30": "0.27%", "2012-03-31": "0.67%", "2011-12-31": "0.60%", "2011-09-30": "10.84%", "2011-06-30": "10.55%", "2011-03-31": "10.26%", "2010-12-31": "9.59%", "2010-09-30": "10.32%", "2010-06-30": "9.96%", "2010-03-31": "9.17%", "2009-12-31": "8.47%", "2009-09-30": "4.46%", "2009-06-30": "4.42%", "2009-03-31": "5.93%", "2008-12-31": "7.07%", "2008-09-30": "10.22%", "2008-06-30": "-3.52%", "2008-03-31": "-4.19%", "2007-12-31": "-4.51%", "2007-09-30": "-5.25%", "2007-06-30": "10.33%", "2007-03-31": "10.74%", "2006-12-31": "10.63%", "2006-09-30": "10.96%", "2006-06-30": "10.68%", "2006-03-31": "10.13%", "2005-12-31": "9.51%"}, "net profit margin": {"2020-12-31": "6.20%", "2020-09-30": "0.72%", "2020-06-30": "1.23%", "2020-03-31": "3.51%", "2019-12-31": "4.05%", "2019-09-30": "10.19%", "2019-06-30": "10.65%", "2019-03-31": "10.33%", "2018-12-31": "10.04%", "2018-09-30": "6.77%", "2018-06-30": "6.18%", "2018-03-31": "6.08%", "2017-12-31": "6.14%", "2017-09-30": "4.94%", "2017-06-30": "4.80%", "2017-03-31": "4.74%", "2016-12-31": "4.48%", "2016-09-30": "9.17%", "2016-06-30": "9.00%", "2016-03-31": "8.56%", "2015-12-31": "8.35%", "2015-09-30": "7.88%", "2015-06-30": "6.71%", "2015-03-31": "6.75%", "2014-12-31": "6.60%", "2014-09-30": "6.50%", "2014-06-30": "7.75%", "2014-03-31": "7.86%", "2013-12-31": "8.47%", "2013-09-30": "8.49%", "2013-06-30": "8.46%", "2013-03-31": "8.74%", "2012-12-31": "8.45%", "2012-09-30": "1.84%", "2012-06-30": "1.68%", "2012-03-31": "1.18%", "2011-12-31": "1.04%", "2011-09-30": "7.83%", "2011-06-30": "7.65%", "2011-03-31": "7.47%", "2010-12-31": "7.06%", "2010-09-30": "7.45%", "2010-06-30": "7.16%", "2010-03-31": "6.63%", "2009-12-31": "6.10%", "2009-09-30": "3.48%", "2009-06-30": "3.39%", "2009-03-31": "4.44%", "2008-12-31": "5.18%", "2008-09-30": "7.01%", "2008-06-30": "-1.67%", "2008-03-31": "-2.17%", "2007-12-31": "-2.37%", "2007-09-30": "-2.72%", "2007-06-30": "7.13%", "2007-03-31": "7.36%", "2006-12-31": "7.31%", "2006-09-30": "7.43%", "2006-06-30": "7.31%", "2006-03-31": "7.04%", "2005-12-31": "6.60%"}, "pe ratio": {"current": "21.27", "2021-02-05": "35.99", "2020-12-31": "34.21", "2020-09-30": "131.13", "2020-06-30": "97.78", "2020-03-31": "26.03", "2019-12-31": "38.93", "2019-09-30": "14.18", "2019-06-30": "13.61", "2019-03-31": "14.16", "2018-12-31": "12.53", "2018-09-30": "26.38", "2018-06-30": "24.58", "2018-03-31": "30.08", "2017-12-31": "29.65", "2017-09-30": "33.72", "2017-06-30": "34.23", "2017-03-31": "31.98", "2016-12-31": "32.48", "2016-09-30": "13.66", "2016-06-30": "12.53", "2016-03-31": "12.43", "2015-12-31": "11.13", "2015-09-30": "11.24", "2015-06-30": "16.24", "2015-03-31": "16.91", "2014-12-31": "16.07", "2014-09-30": "17.82", "2014-06-30": "17.99", "2014-03-31": "17.48", "2013-12-31": "15.70", "2013-09-30": "14.52", "2013-06-30": "13.96", "2013-03-31": "12.48", "2012-12-31": "10.59", "2012-09-30": "43.41", "2012-06-30": "45.04", "2012-03-31": "88.18", "2011-12-31": "99.65", "2011-09-30": "9.20", "2011-06-30": "13.45", "2011-03-31": "13.95", "2010-12-31": "12.91", "2010-09-30": "11.21", "2010-06-30": "9.20", "2010-03-31": "11.62", "2009-12-31": "10.66", "2009-09-30": "15.30", "2009-06-30": "13.11", "2009-03-31": "7.15", "2008-12-31": "5.94", "2008-09-30": "7.22", "2008-06-30": "0.00", "2008-03-31": "0.00", "2007-12-31": "0.00", "2007-09-30": "0.00", "2007-06-30": "11.93", "2007-03-31": "10.72", "2006-12-31": "10.05"}, "price sales": {"2021-02-05": "1.63", "2020-12-31": "1.55", "2020-09-30": "0.97", "2020-06-30": "1.14", "2020-03-31": "0.90", "2019-12-31": "1.56", "2019-09-30": "1.45", "2019-06-30": "1.45", "2019-03-31": "1.47", "2018-12-31": "1.26", "2018-09-30": "1.78", "2018-06-30": "1.51", "2018-03-31": "1.83", "2017-12-31": "1.83", "2017-09-30": "1.64", "2017-06-30": "1.62", "2017-03-31": "1.50", "2016-12-31": "1.44", "2016-09-30": "1.25", "2016-06-30": "1.13", "2016-03-31": "1.06", "2015-12-31": "0.93", "2015-09-30": "0.89", "2015-06-30": "1.10", "2015-03-31": "1.15", "2014-12-31": "1.06", "2014-09-30": "1.15", "2014-06-30": "1.39", "2014-03-31": "1.37", "2013-12-31": "1.33", "2013-09-30": "1.23", "2013-06-30": "1.18", "2013-03-31": "1.09", "2012-12-31": "0.89", "2012-09-30": "0.78", "2012-06-30": "0.71", "2012-03-31": "0.95", "2011-12-31": "0.92", "2011-09-30": "0.72", "2011-06-30": "1.03", "2011-03-31": "1.05", "2010-12-31": "0.91", "2010-09-30": "0.83", "2010-06-30": "0.66", "2010-03-31": "0.77", "2009-12-31": "0.65", "2009-09-30": "0.54", "2009-06-30": "0.45", "2009-03-31": "0.32", "2008-12-31": "0.31", "2008-09-30": "0.51", "2008-06-30": "0.65", "2008-03-31": "0.68", "2007-12-31": "0.74", "2007-09-30": "0.85", "2007-06-30": "0.85", "2007-03-31": "0.79", "2006-12-31": "0.74"}, "price book": {"current": "3.10", "2021-02-05": "3.15", "2020-09-30": "1.92", "2020-06-30": "2.39", "2020-03-31": "1.98", "2019-12-31": "3.36", "2019-09-30": "2.76", "2019-06-30": "2.88", "2019-03-31": "3.05", "2018-12-31": "2.69", "2018-09-30": "3.67", "2018-06-30": "3.14", "2018-03-31": "3.63", "2017-12-31": "3.71", "2017-09-30": "3.21", "2017-06-30": "3.32", "2017-03-31": "3.36", "2016-12-31": "3.44", "2016-09-30": "2.58", "2016-06-30": "2.40", "2016-03-31": "2.34", "2015-12-31": "2.19", "2015-09-30": "2.20", "2015-06-30": "2.80", "2015-03-31": "3.16", "2014-12-31": "2.83", "2014-09-30": "2.59", "2014-06-30": "2.90", "2014-03-31": "2.91", "2013-12-31": "2.81", "2013-09-30": "2.80", "2013-06-30": "2.92", "2013-03-31": "2.85", "2012-12-31": "2.43", "2012-09-30": "2.07", "2012-06-30": "1.94", "2012-03-31": "2.63", "2011-12-31": "2.72", "2011-09-30": "1.59", "2011-06-30": "2.16", "2011-03-31": "2.20", "2010-12-31": "1.96", "2010-09-30": "1.87", "2010-06-30": "1.59", "2010-03-31": "1.85", "2009-12-31": "1.59", "2009-09-30": "1.38", "2009-06-30": "1.26", "2009-03-31": "1.04", "2008-12-31": "1.03", "2008-09-30": "1.44", "2008-06-30": "1.78", "2008-03-31": "1.97", "2007-12-31": "2.17", "2007-09-30": "2.64", "2007-06-30": "2.05", "2007-03-31": "1.92", "2006-12-31": "1.77", "2006-09-30": "2.08", "2006-06-30": "2.14", "2006-03-31": "2.28"}, "price fcf": {"2021-02-05": "", "2020-09-30": "$6.69", "2020-06-30": "$6.26", "2020-03-31": "$6.71", "2019-12-31": "$5.42", "2019-09-30": "$4.60", "2019-06-30": "$3.88", "2019-03-31": "$2.28", "2018-12-31": "$5.03", "2018-09-30": "$4.92", "2018-06-30": "$5.43", "2018-03-31": "$5.69", "2017-12-31": "$4.81", "2017-09-30": "$4.63", "2017-06-30": "$4.89", "2017-03-31": "$4.89", "2016-12-31": "$4.51", "2016-09-30": "$3.98", "2016-06-30": "$3.27", "2016-03-31": "$3.16", "2015-12-31": "$3.30", "2015-09-30": "$3.94", "2015-06-30": "$3.90", "2015-03-31": "$3.99", "2014-12-31": "$3.86", "2014-09-30": "$3.79", "2014-06-30": "$4.03", "2014-03-31": "$3.55", "2013-12-31": "$3.58", "2013-09-30": "$3.80", "2013-06-30": "$3.54", "2013-03-31": "$4.04", "2012-12-31": "$3.63", "2012-09-30": "$2.38", "2012-06-30": "$2.07", "2012-03-31": "$1.51", "2011-12-31": "$2.02", "2011-09-30": "$1.84", "2011-06-30": "$0.99", "2011-03-31": "$1.35", "2010-12-31": "$1.90", "2010-09-30": "$1.75", "2010-06-30": "$3.22", "2010-03-31": "$2.90", "2009-12-31": "$2.81", "2009-09-30": "$2.68", "2009-06-30": "$1.83", "2009-03-31": "$1.99", "2008-12-31": "$2.46", "2008-09-30": "$3.43", "2008-06-30": "$4.06", "2008-03-31": "$3.82", "2007-12-31": "$3.90", "2007-09-30": "$3.30", "2007-06-30": "$2.71", "2007-03-31": "$3.08", "2006-12-31": "$2.57"}, "net worth": {"value": "$4.75B"}, "current ratio": {"2020-12-31": "1.49", "2020-09-30": "1.42", "2020-06-30": "1.33", "2020-03-31": "1.37", "2019-12-31": "1.64", "2019-09-30": "2.25", "2019-06-30": "2.17", "2019-03-31": "1.95", "2018-12-31": "1.84", "2018-09-30": "1.68", "2018-06-30": "1.60", "2018-03-31": "1.80", "2017-12-31": "1.81", "2017-09-30": "2.66", "2017-06-30": "2.78", "2017-03-31": "2.72", "2016-12-31": "2.53", "2016-09-30": "2.35", "2016-06-30": "2.18", "2016-03-31": "2.18", "2015-12-31": "2.10", "2015-09-30": "1.90", "2015-06-30": "1.87", "2015-03-31": "1.79", "2014-12-31": "1.87", "2014-09-30": "1.86", "2014-06-30": "1.81", "2014-03-31": "1.72", "2013-12-31": "1.72", "2013-09-30": "2.06", "2013-06-30": "2.66", "2013-03-31": "2.58", "2012-12-31": "2.31", "2012-09-30": "2.17", "2012-06-30": "2.14", "2012-03-31": "2.15", "2011-12-31": "1.94", "2011-09-30": "1.96", "2011-06-30": "2.06", "2011-03-31": "2.07", "2010-12-31": "1.98", "2010-09-30": "2.21", "2010-06-30": "2.18", "2010-03-31": "2.20", "2009-12-31": "2.24", "2009-09-30": "2.20", "2009-06-30": "2.12", "2009-03-31": "1.98", "2008-12-31": "1.90", "2008-09-30": "2.13", "2008-06-30": "2.25", "2008-03-31": "2.14", "2007-12-31": "2.10", "2007-09-30": "1.87", "2007-06-30": "1.95", "2007-03-31": "1.88", "2006-12-31": "1.91", "2006-09-30": "1.87", "2006-06-30": "1.92", "2006-03-31": "1.90", "2005-12-31": "2.00", "2005-09-30": "1.91", "2005-06-30": "1.82", "2005-03-31": "1.75"}, "quick ratio": {"2020-12-31": "1.08", "2020-09-30": "1.02", "2020-06-30": "0.94", "2020-03-31": "0.91", "2019-12-31": "1.14", "2019-09-30": "1.56", "2019-06-30": "1.50", "2019-03-31": "1.32", "2018-12-31": "1.29", "2018-09-30": "1.19", "2018-06-30": "1.12", "2018-03-31": "1.35", "2017-12-31": "1.40", "2017-09-30": "1.96", "2017-06-30": "2.02", "2017-03-31": "1.99", "2016-12-31": "1.87", "2016-09-30": "1.69", "2016-06-30": "1.53", "2016-03-31": "1.48", "2015-12-31": "1.44", "2015-09-30": "1.29", "2015-06-30": "1.28", "2015-03-31": "1.22", "2014-12-31": "1.29", "2014-09-30": "1.24", "2014-06-30": "1.23", "2014-03-31": "1.15", "2013-12-31": "1.17", "2013-09-30": "1.45", "2013-06-30": "1.89", "2013-03-31": "1.80", "2012-12-31": "1.62", "2012-09-30": "1.47", "2012-06-30": "1.44", "2012-03-31": "1.40", "2011-12-31": "1.26", "2011-09-30": "1.29", "2011-06-30": "1.36", "2011-03-31": "1.38", "2010-12-31": "1.34", "2010-09-30": "1.56", "2010-06-30": "1.55", "2010-03-31": "1.57", "2009-12-31": "1.63", "2009-09-30": "1.55", "2009-06-30": "1.41", "2009-03-31": "1.28", "2008-12-31": "1.25", "2008-09-30": "1.42", "2008-06-30": "1.55", "2008-03-31": "1.48", "2007-12-31": "1.44", "2007-09-30": "1.22", "2007-06-30": "1.26", "2007-03-31": "1.20", "2006-12-31": "1.23", "2006-09-30": "1.16", "2006-06-30": "1.21", "2006-03-31": "1.18", "2005-12-31": "1.32", "2005-09-30": "1.23", "2005-06-30": "1.11", "2005-03-31": "1.02"}, "debt equity ratio": {"current": "0.55", "2020-12-31": "2.00", "2020-09-30": "2.06", "2020-06-30": "2.25", "2020-03-31": "2.17", "2019-12-31": "2.00", "2019-09-30": "1.45", "2019-06-30": "1.47", "2019-03-31": "1.60", "2018-12-31": "1.65", "2018-09-30": "1.69", "2018-06-30": "1.85", "2018-03-31": "2.10", "2017-12-31": "1.67", "2017-09-30": "1.59", "2017-06-30": "1.66", "2017-03-31": "1.80", "2016-12-31": "1.99", "2016-09-30": "1.58", "2016-06-30": "1.70", "2016-03-31": "1.77", "2015-12-31": "1.90", "2015-09-30": "2.06", "2015-06-30": "2.14", "2015-03-31": "2.31", "2014-12-31": "2.22", "2014-09-30": "1.79", "2014-06-30": "1.74", "2014-03-31": "1.82", "2013-12-31": "1.93", "2013-09-30": "1.58", "2013-06-30": "1.80", "2013-03-31": "1.93", "2012-12-31": "2.12", "2012-09-30": "2.08", "2012-06-30": "2.16", "2012-03-31": "2.18", "2011-12-31": "2.46", "2011-09-30": "1.53", "2011-06-30": "1.54", "2011-03-31": "1.62", "2010-12-31": "1.73", "2010-09-30": "1.81", "2010-06-30": "1.98", "2010-03-31": "1.98", "2009-12-31": "2.04", "2009-09-30": "2.18", "2009-06-30": "2.36", "2009-03-31": "2.66", "2008-12-31": "2.72", "2008-09-30": "2.09", "2008-06-30": "2.03", "2008-03-31": "2.19", "2007-12-31": "2.25", "2007-09-30": "2.62", "2007-06-30": "1.55", "2007-03-31": "1.65", "2006-12-31": "1.65", "2006-09-30": "1.61", "2006-06-30": "1.60", "2006-03-31": "1.74", "2005-12-31": "1.84", "2005-09-30": "1.94", "2005-06-30": "2.06", "2005-03-31": "2.12"}, "return on equity": {"2020-12-31": "12.40%", "2020-09-30": "1.51%", "2020-06-30": "2.53%", "2020-03-31": "7.29%", "2019-12-31": "8.26%", "2019-09-30": "20.63%", "2019-06-30": "22.71%", "2019-03-31": "22.90%", "2018-12-31": "22.58%", "2018-09-30": "15.10%", "2018-06-30": "13.42%", "2018-03-31": "12.83%", "2017-12-31": "12.90%", "2017-09-30": "10.67%", "2017-06-30": "10.49%", "2017-03-31": "10.54%", "2016-12-31": "9.91%", "2016-09-30": "20.28%", "2016-06-30": "20.61%", "2016-03-31": "20.36%", "2015-12-31": "20.94%", "2015-09-30": "20.49%", "2015-06-30": "17.14%", "2015-03-31": "16.63%", "2014-12-31": "15.67%", "2014-09-30": "14.75%", "2014-06-30": "17.60%", "2014-03-31": "18.31%", "2013-12-31": "20.36%", "2013-09-30": "21.41%", "2013-06-30": "22.39%", "2013-03-31": "23.97%", "2012-12-31": "23.82%", "2012-09-30": "5.29%", "2012-06-30": "4.64%", "2012-03-31": "3.09%", "2011-12-31": "2.57%", "2011-09-30": "18.04%", "2011-06-30": "17.50%", "2011-03-31": "17.34%", "2010-12-31": "16.40%", "2010-09-30": "17.83%", "2010-06-30": "17.55%", "2010-03-31": "16.61%", "2009-12-31": "16.25%", "2009-09-30": "9.90%", "2009-06-30": "9.81%", "2009-03-31": "13.01%", "2008-12-31": "15.20%", "2008-09-30": "20.37%", "2008-06-30": "-5.04%", "2008-03-31": "-6.49%", "2007-12-31": "-6.91%", "2007-09-30": "-7.62%", "2007-06-30": "18.76%", "2007-03-31": "19.12%", "2006-12-31": "19.05%", "2006-09-30": "19.64%", "2006-06-30": "19.92%", "2006-03-31": "20.01%", "2005-12-31": "19.13%"}, "return on assets": {"2020-12-31": "3.98%", "2020-09-30": "0.49%", "2020-06-30": "0.86%", "2020-03-31": "2.65%", "2019-12-31": "3.15%", "2019-09-30": "8.13%", "2019-06-30": "8.74%", "2019-03-31": "8.50%", "2018-12-31": "8.02%", "2018-09-30": "5.34%", "2018-06-30": "4.78%", "2018-03-31": "4.65%", "2017-12-31": "4.82%", "2017-09-30": "3.88%", "2017-06-30": "3.82%", "2017-03-31": "3.82%", "2016-12-31": "3.60%", "2016-09-30": "7.43%", "2016-06-30": "7.22%", "2016-03-31": "6.87%", "2015-12-31": "6.76%", "2015-09-30": "6.44%", "2015-06-30": "5.53%", "2015-03-31": "5.56%", "2014-12-31": "5.44%", "2014-09-30": "5.23%", "2014-06-30": "6.35%", "2014-03-31": "6.57%", "2013-12-31": "7.25%", "2013-09-30": "7.53%", "2013-06-30": "7.52%", "2013-03-31": "7.81%", "2012-12-31": "7.60%", "2012-09-30": "1.64%", "2012-06-30": "1.52%", "2012-03-31": "1.07%", "2011-12-31": "0.94%", "2011-09-30": "6.93%", "2011-06-30": "6.55%", "2011-03-31": "6.25%", "2010-12-31": "5.72%", "2010-09-30": "6.05%", "2010-06-30": "5.77%", "2010-03-31": "5.30%", "2009-12-31": "4.94%", "2009-09-30": "2.86%", "2009-06-30": "2.86%", "2009-03-31": "3.90%", "2008-12-31": "4.70%", "2008-09-30": "6.49%", "2008-06-30": "-1.55%", "2008-03-31": "-2.07%", "2007-12-31": "-2.31%", "2007-09-30": "-2.68%", "2007-06-30": "7.18%", "2007-03-31": "7.28%", "2006-12-31": "7.19%", "2006-09-30": "7.30%", "2006-06-30": "7.18%", "2006-03-31": "6.93%", "2005-12-31": "6.41%"}, "return on investments": {"2020-12-31": "40.29%", "2020-09-30": "3.05%", "2020-06-30": "3.97%", "2020-03-31": "7.58%", "2019-12-31": "8.36%", "2019-09-30": "17.79%", "2019-06-30": "18.68%", "2019-03-31": "18.72%", "2018-12-31": "17.81%", "2018-09-30": "18.02%", "2018-06-30": "17.70%", "2018-03-31": "18.00%", "2017-12-31": "19.32%", "2017-09-30": "9.70%", "2017-06-30": "9.88%", "2017-03-31": "9.81%", "2016-12-31": "9.47%", "2016-09-30": "19.93%", "2016-06-30": "19.90%", "2016-03-31": "19.67%", "2015-12-31": "20.20%", "2015-09-30": "19.69%", "2015-06-30": "16.85%", "2015-03-31": "16.75%", "2014-12-31": "16.05%", "2014-09-30": "15.42%", "2014-06-30": "19.14%", "2014-03-31": "20.46%", "2013-12-31": "22.93%", "2013-09-30": "25.11%", "2013-06-30": "24.86%", "2013-03-31": "23.92%", "2012-12-31": "23.59%", "2012-09-30": "3.03%", "2012-06-30": "2.42%", "2012-03-31": "3.06%", "2011-12-31": "2.63%", "2011-09-30": "19.56%", "2011-06-30": "18.78%", "2011-03-31": "18.42%", "2010-12-31": "17.42%", "2010-09-30": "19.05%", "2010-06-30": "18.80%", "2010-03-31": "17.54%", "2009-12-31": "16.92%", "2009-09-30": "13.49%", "2009-06-30": "13.29%", "2009-03-31": "16.16%", "2008-12-31": "18.50%", "2008-09-30": "19.83%", "2008-06-30": "-8.21%", "2008-03-31": "-9.29%", "2007-12-31": "-9.82%", "2007-09-30": "-9.21%", "2007-06-30": "20.06%", "2007-03-31": "20.44%", "2006-12-31": "20.51%", "2006-09-30": "21.91%", "2006-06-30": "22.29%", "2006-03-31": "22.18%", "2005-12-31": "21.33%"}, "return on tangible equity": {"2020-09-30": "-3.52%", "2020-06-30": "-7.44%", "2020-03-31": "-29.29%", "2019-12-31": "-46.50%", "2019-09-30": "-133.87%", "2019-06-30": "-117.70%", "2019-03-31": "-92.57%", "2018-12-31": "-77.24%", "2018-09-30": "-57.48%", "2018-06-30": "-60.63%", "2018-03-31": "-77.29%", "2017-12-31": "-114.38%", "2017-09-30": "-72.63%", "2017-06-30": "-65.75%", "2017-03-31": "-60.93%", "2016-12-31": "-53.25%", "2016-09-30": "-103.70%", "2016-06-30": "-80.99%", "2016-03-31": "-65.54%", "2015-12-31": "-55.62%", "2015-09-30": "-49.24%", "2015-06-30": "-44.47%", "2015-03-31": "-48.63%", "2014-12-31": "-51.57%", "2014-09-30": "-50.99%", "2014-06-30": "-89.91%", "2014-03-31": "-156.88%", "2013-12-31": "-871.29%", "2013-09-30": "261.03%", "2013-06-30": "621.58%", "2013-03-31": "-29866.67%", "2012-12-31": "-681.25%", "2012-09-30": "-72.03%", "2012-06-30": "-118.62%", "2012-03-31": "864691128455135360.00%", "2011-12-31": "72.22%", "2011-09-30": "245.95%", "2011-06-30": "277.52%", "2011-03-31": "453.69%", "2010-12-31": "800.00%", "2010-09-30": "931.43%", "2010-06-30": "-2600.00%", "2010-03-31": "-518.92%", "2009-12-31": "-217.89%", "2009-09-30": "-77.81%", "2009-06-30": "-98.75%", "2009-03-31": "-280.25%", "2008-12-31": "-18000.00%", "2008-09-30": "582.95%", "2008-06-30": "-9000.00%", "2008-03-31": "-386.67%", "2007-12-31": "-181.02%", "2007-09-30": "-115.97%", "2007-06-30": "181.25%", "2007-03-31": "196.57%", "2006-12-31": "193.55%", "2006-09-30": "173.26%", "2006-06-30": "152.57%", "2006-03-31": "162.19%", "2005-12-31": "171.61%"}, "dividend yield history": {"last payout": "$1.72", "last yield": "2.11%"}}