{"ticker": "CACC", "price": {"title": "Credit Acceptance Historical Annual Stock Price Data", "value": 347.0, "historical": {"2021": {"Average Stock Price": "349.3342", "Year Open": "336.0000", "Year High": "386.3200", "Year Low": "325.1900", "Year Close": "347.0000", "Annual % Change": "0.25%"}, "2020": {"Average Stock Price": "374.5870", "Year Open": "442.7700", "Year High": "524.4100", "Year Low": "215.8300", "Year Close": "346.1400", "Annual % Change": "-21.75%"}, "2019": {"Average Stock Price": "454.8638", "Year Open": "389.2300", "Year High": "501.0800", "Year Low": "389.2300", "Year Close": "442.3300", "Annual % Change": "15.87%"}, "2018": {"Average Stock Price": "374.4349", "Year Open": "328.6300", "Year High": "464.9100", "Year Low": "305.0100", "Year Close": "381.7600", "Annual % Change": "18.02%"}, "2017": {"Average Stock Price": "245.2892", "Year Open": "216.3400", "Year High": "334.8700", "Year Low": "185.3700", "Year Close": "323.4800", "Annual % Change": "48.72%"}, "2016": {"Average Stock Price": "190.8125", "Year Open": "213.3100", "Year High": "219.0900", "Year Low": "163.0900", "Year Close": "217.5100", "Annual % Change": "1.63%"}, "2015": {"Average Stock Price": "203.8159", "Year Open": "136.9000", "Year High": "273.3700", "Year Low": "132.9500", "Year Close": "214.0200", "Annual % Change": "56.89%"}, "2014": {"Average Stock Price": "132.9564", "Year Open": "129.7500", "Year High": "162.0200", "Year Low": "113.3700", "Year Close": "136.4100", "Annual % Change": "4.94%"}, "2013": {"Average Stock Price": "112.7821", "Year Open": "103.3500", "Year High": "131.4000", "Year Low": "96.7500", "Year Close": "129.9900", "Annual % Change": "27.84%"}, "2012": {"Average Stock Price": "91.0952", "Year Open": "81.4600", "Year High": "106.5000", "Year Low": "78.4700", "Year Close": "101.6800", "Annual % Change": "23.58%"}, "2011": {"Average Stock Price": "72.7696", "Year Open": "63.7500", "Year High": "92.1400", "Year Low": "54.0500", "Year Close": "82.2800", "Annual % Change": "31.08%"}, "2010": {"Average Stock Price": "51.7284", "Year Open": "43.8400", "Year High": "63.3900", "Year Low": "39.0000", "Year Close": "62.7700", "Annual % Change": "49.10%"}, "2009": {"Average Stock Price": "26.3754", "Year Open": "14.4800", "Year High": "43.6900", "Year Low": "14.4800", "Year Close": "42.1000", "Annual % Change": "207.30%"}, "2008": {"Average Stock Price": "17.8489", "Year Open": "18.5000", "Year High": "30.2100", "Year Low": "11.6700", "Year Close": "13.7000", "Annual % Change": "-33.72%"}, "2007": {"Average Stock Price": "24.8702", "Year Open": "33.0300", "Year High": "33.0300", "Year Low": "16.4800", "Year Close": "20.6700", "Annual % Change": "-37.98%"}, "2006": {"Average Stock Price": "26.9814", "Year Open": "16.0000", "Year High": "34.3200", "Year Low": "16.0000", "Year Close": "33.3300", "Annual % Change": "107.02%"}, "2005": {"Average Stock Price": "17.2377", "Year Open": "25.7200", "Year High": "25.7200", "Year Low": "12.5100", "Year Close": "16.1000", "Annual % Change": "-36.74%"}, "2004": {"Average Stock Price": "18.1708", "Year Open": "15.4200", "Year High": "26.1100", "Year Low": "13.0500", "Year Close": "25.4500", "Annual % Change": "66.34%"}, "2003": {"Average Stock Price": "9.7377", "Year Open": "6.5900", "Year High": "15.4600", "Year Low": "4.8000", "Year Close": "15.3000", "Annual % Change": "139.77%"}, "2002": {"Average Stock Price": "9.9440", "Year Open": "9.1400", "Year High": "14.4800", "Year Low": "6.3810", "Year Close": "6.3810", "Annual % Change": "-28.30%"}, "2001": {"Average Stock Price": "7.5632", "Year Open": "5.9060", "Year High": "11.5200", "Year Low": "4.6250", "Year Close": "8.9000", "Annual % Change": "48.33%"}, "2000": {"Average Stock Price": "5.4382", "Year Open": "3.7500", "Year High": "6.6880", "Year Low": "3.6250", "Year Close": "6.0000", "Annual % Change": "62.69%"}, "1999": {"Average Stock Price": "5.7106", "Year Open": "7.5000", "Year High": "9.6250", "Year Low": "3.2500", "Year Close": "3.6880", "Annual % Change": "-49.57%"}, "1998": {"Average Stock Price": "8.0364", "Year Open": "7.6880", "Year High": "12.1900", "Year Low": "4.7500", "Year Close": "7.3130", "Annual % Change": "-5.64%"}, "1997": {"Average Stock Price": "14.2798", "Year Open": "22.8100", "Year High": "25.5000", "Year Low": "3.0000", "Year Close": "7.7500", "Annual % Change": "-67.02%"}, "1996": {"Average Stock Price": "21.8830", "Year Open": "21.5000", "Year High": "28.3750", "Year Low": "15.2500", "Year Close": "23.5000", "Annual % Change": "13.25%"}, "1995": {"Average Stock Price": "21.2780", "Year Open": "17.7500", "Year High": "30.0000", "Year Low": "16.1300", "Year Close": "20.7500", "Annual % Change": "16.90%"}, "1994": {"Average Stock Price": "13.7393", "Year Open": "11.7500", "Year High": "19.5000", "Year Low": "10.2500", "Year Close": "17.7500", "Annual % Change": "44.90%"}, "1993": {"Average Stock Price": "9.1565", "Year Open": "5.5833", "Year High": "13.0000", "Year Low": "5.2083", "Year Close": "12.2500", "Annual % Change": "117.78%"}}}, "market cap": {"value": "$6.12B"}, "income statement": {"Revenue": {"2019-12-31": "1489.00000", "2018-12-31": "1285.80000", "2017-12-31": "1110.00000", "2016-12-31": "969.20000", "2015-12-31": "825.30000", "2014-12-31": "723.50000", "2013-12-31": "682.10000", "2012-12-31": "609.20000", "2011-12-31": "525.20000", "2010-12-31": "442.10000", "2009-12-31": "380.66400", "2008-12-31": "312.18600", "2007-12-31": "239.92700", "2006-12-31": "219.33200", "2005-12-31": "201.26800"}, "Cost Of Goods Sold": {"2019-12-31": "", "2018-12-31": "", "2017-12-31": "", "2016-12-31": "", "2015-12-31": "", "2014-12-31": "", "2013-12-31": "", "2012-12-31": "", "2011-12-31": "", "2010-12-31": "", "2009-12-31": "", "2008-12-31": "", "2007-12-31": "", "2006-12-31": "", "2005-12-31": ""}, "Gross Profit": {"2019-12-31": "1489.00000", "2018-12-31": "1285.80000", "2017-12-31": "1110.00000", "2016-12-31": "969.20000", "2015-12-31": "825.30000", "2014-12-31": "723.50000", "2013-12-31": "682.10000", "2012-12-31": "609.20000", "2011-12-31": "525.20000", "2010-12-31": "442.10000", "2009-12-31": "380.66400", "2008-12-31": "312.18600", "2007-12-31": "239.92700", "2006-12-31": "219.33200", "2005-12-31": "201.26800"}, "Research And Development Expenses": {"2019-12-31": "", "2018-12-31": "", "2017-12-31": "", "2016-12-31": "", "2015-12-31": "", "2014-12-31": "", "2013-12-31": "", "2012-12-31": "", "2011-12-31": "", "2010-12-31": "", "2009-12-31": "", "2008-12-31": "", "2007-12-31": "", "2006-12-31": "", "2005-12-31": ""}, "SG&A Expenses": {"2019-12-31": "328.60000", "2018-12-31": "291.20000", "2017-12-31": "254.00000", "2016-12-31": "224.10000", "2015-12-31": "200.10000", "2014-12-31": "171.30000", "2013-12-31": "156.20000", "2012-12-31": "143.90000", "2011-12-31": "112.20000", "2010-12-31": "107.40000", "2009-12-31": "112.09200", "2008-12-31": "113.30500", "2007-12-31": "100.09100", "2006-12-31": "94.12400", "2005-12-31": "74.20200"}, "Other Operating Income Or Expenses": {"2019-12-31": "-76.40000", "2018-12-31": "-56.90000", "2017-12-31": "-129.30000", "2016-12-31": "-90.20000", "2015-12-31": "-41.50000", "2014-12-31": "-12.80000", "2013-12-31": "-21.90000", "2012-12-31": "-24.00000", "2011-12-31": "-29.00000", "2010-12-31": "-10.00000", "2009-12-31": "12.16400", "2008-12-31": "-46.02900", "2007-12-31": "-19.98600", "2006-12-31": "-11.23200", "2005-12-31": "-6.63600"}, "Operating Expenses": {"2019-12-31": "405.00000", "2018-12-31": "348.10000", "2017-12-31": "383.30000", "2016-12-31": "314.30000", "2015-12-31": "241.60000", "2014-12-31": "184.10000", "2013-12-31": "178.10000", "2012-12-31": "167.90000", "2011-12-31": "141.20000", "2010-12-31": "117.40000", "2009-12-31": "99.92800", "2008-12-31": "159.33400", "2007-12-31": "120.07700", "2006-12-31": "105.35600", "2005-12-31": "80.83800"}, "Operating Income": {"2019-12-31": "1084.00000", "2018-12-31": "937.70010", "2017-12-31": "726.70000", "2016-12-31": "654.90000", "2015-12-31": "583.70000", "2014-12-31": "539.40000", "2013-12-31": "504.00000", "2012-12-31": "441.30000", "2011-12-31": "384.00000", "2010-12-31": "324.70000", "2009-12-31": "280.73600", "2008-12-31": "152.85200", "2007-12-31": "119.85000", "2006-12-31": "113.97600", "2005-12-31": "120.43000"}, "Total Non-Operating Income/Expense": {"2019-12-31": "-228.10000", "2018-12-31": "-182.60000", "2017-12-31": "-142.90000", "2016-12-31": "-123.70000", "2015-12-31": "-109.20000", "2014-12-31": "-118.50000", "2013-12-31": "-105.80000", "2012-12-31": "-98.20000", "2011-12-31": "-87.60000", "2010-12-31": "-71.20000", "2009-12-31": "-51.69800", "2008-12-31": "-45.84000", "2007-12-31": "-36.66900", "2006-12-31": "-23.33600", "2005-12-31": "-12.07400"}, "Pre-Tax Income": {"2019-12-31": "855.90000", "2018-12-31": "755.10000", "2017-12-31": "583.80000", "2016-12-31": "531.20000", "2015-12-31": "474.50000", "2014-12-31": "420.90000", "2013-12-31": "398.20000", "2012-12-31": "343.10000", "2011-12-31": "296.40000", "2010-12-31": "253.50000", "2009-12-31": "229.03800", "2008-12-31": "107.01200", "2007-12-31": "83.18100", "2006-12-31": "90.64000", "2005-12-31": "108.35600"}, "Income Taxes": {"2019-12-31": "199.80000", "2018-12-31": "181.10000", "2017-12-31": "113.60000", "2016-12-31": "198.40000", "2015-12-31": "174.80000", "2014-12-31": "154.70000", "2013-12-31": "145.10000", "2012-12-31": "123.40000", "2011-12-31": "108.40000", "2010-12-31": "83.40000", "2009-12-31": "82.99200", "2008-12-31": "39.94400", "2007-12-31": "29.56700", "2006-12-31": "31.79300", "2005-12-31": "40.15900"}, "Income After Taxes": {"2019-12-31": "656.10000", "2018-12-31": "574.00000", "2017-12-31": "470.20000", "2016-12-31": "332.80000", "2015-12-31": "299.70000", "2014-12-31": "266.20000", "2013-12-31": "253.10000", "2012-12-31": "219.70000", "2011-12-31": "188.00000", "2010-12-31": "170.10000", "2009-12-31": "146.04600", "2008-12-31": "67.06800", "2007-12-31": "53.61400", "2006-12-31": "58.84700", "2005-12-31": "68.19700"}, "Other Income": {"2019-12-31": "", "2018-12-31": "", "2017-12-31": "", "2016-12-31": "", "2015-12-31": "", "2014-12-31": "", "2013-12-31": "", "2012-12-31": "", "2011-12-31": "", "2010-12-31": "", "2009-12-31": "", "2008-12-31": "", "2007-12-31": "", "2006-12-31": "", "2005-12-31": ""}, "Income From Continuous Operations": {"2019-12-31": "656.10000", "2018-12-31": "574.00000", "2017-12-31": "470.20000", "2016-12-31": "332.80000", "2015-12-31": "299.70000", "2014-12-31": "266.20000", "2013-12-31": "253.10000", "2012-12-31": "219.70000", "2011-12-31": "188.00000", "2010-12-31": "170.10000", "2009-12-31": "146.04600", "2008-12-31": "67.06800", "2007-12-31": "53.61400", "2006-12-31": "58.84700", "2005-12-31": "68.19700"}, "Income From Discontinued Operations": {"2019-12-31": "", "2018-12-31": "", "2017-12-31": "", "2016-12-31": "", "2015-12-31": "", "2014-12-31": "", "2013-12-31": "", "2012-12-31": "", "2011-12-31": "", "2010-12-31": "", "2009-12-31": "0.20900", "2008-12-31": "0.10900", "2007-12-31": "1.30200", "2006-12-31": "-0.20700", "2005-12-31": "4.40400"}, "Net Income": {"2019-12-31": "656.10000", "2018-12-31": "574.00000", "2017-12-31": "470.20000", "2016-12-31": "332.80000", "2015-12-31": "299.70000", "2014-12-31": "266.20000", "2013-12-31": "253.10000", "2012-12-31": "219.70000", "2011-12-31": "188.00000", "2010-12-31": "170.10000", "2009-12-31": "146.25500", "2008-12-31": "67.17700", "2007-12-31": "54.91600", "2006-12-31": "58.64000", "2005-12-31": "72.60100"}, "EBITDA": {"2019-12-31": "1106.40000", "2018-12-31": "957.20010", "2017-12-31": "743.10000", "2016-12-31": "670.20000", "2015-12-31": "597.90000", "2014-12-31": "552.60000", "2013-12-31": "517.20000", "2012-12-31": "453.50000", "2011-12-31": "394.00000", "2010-12-31": "335.70000", "2009-12-31": "290.39600", "2008-12-31": "162.45800", "2007-12-31": "123.95500", "2006-12-31": "118.60000", "2005-12-31": "125.63900"}, "EBIT": {"2019-12-31": "1084.00000", "2018-12-31": "937.70010", "2017-12-31": "726.70000", "2016-12-31": "654.90000", "2015-12-31": "583.70000", "2014-12-31": "539.40000", "2013-12-31": "504.00000", "2012-12-31": "441.30000", "2011-12-31": "384.00000", "2010-12-31": "324.70000", "2009-12-31": "280.73600", "2008-12-31": "152.85200", "2007-12-31": "119.85000", "2006-12-31": "113.97600", "2005-12-31": "120.43000"}, "Basic Shares Outstanding": {"2019-12-31": "18.90030", "2018-12-31": "19.44610", "2017-12-31": "19.49770", "2016-12-31": "20.33200", "2015-12-31": "20.89170", "2014-12-31": "22.25710", "2013-12-31": "23.85100", "2012-12-31": "25.41000", "2011-12-31": "26.30200", "2010-12-31": "29.39300", "2009-12-31": "30.59000", "2008-12-31": "30.25000", "2007-12-31": "30.05300", "2006-12-31": "33.03600", "2005-12-31": "36.99100"}, "Shares Outstanding": {"2019-12-31": "18.97660", "2018-12-31": "19.53230", "2017-12-31": "19.55890", "2016-12-31": "20.41000", "2015-12-31": "20.98080", "2014-12-31": "22.33140", "2013-12-31": "24.01000", "2012-12-31": "25.59900", "2011-12-31": "26.60100", "2010-12-31": "29.98500", "2009-12-31": "31.66900", "2008-12-31": "31.10500", "2007-12-31": "31.15400", "2006-12-31": "35.28300", "2005-12-31": "39.20800"}, "Basic EPS": {"2019-12-31": "34.71000", "2018-12-31": "29.52000", "2017-12-31": "24.12000", "2016-12-31": "16.37000", "2015-12-31": "14.35000", "2014-12-31": "11.96000", "2013-12-31": "10.61000", "2012-12-31": "8.65000", "2011-12-31": "7.15000", "2010-12-31": "5.79000", "2009-12-31": "4.78000", "2008-12-31": "2.22000", "2007-12-31": "1.83000", "2006-12-31": "1.78000", "2005-12-31": "1.96000"}, "EPS - Earnings Per Share": {"2019-12-31": "34.57000", "2018-12-31": "29.39000", "2017-12-31": "24.04000", "2016-12-31": "16.31000", "2015-12-31": "14.28000", "2014-12-31": "11.92000", "2013-12-31": "10.54000", "2012-12-31": "8.58000", "2011-12-31": "7.07000", "2010-12-31": "5.67000", "2009-12-31": "4.62000", "2008-12-31": "2.16000", "2007-12-31": "1.76000", "2006-12-31": "1.67000", "2005-12-31": "1.85000"}}, "income statement, quarterly": {"Revenue": {"2020-09-30": "426.50000", "2020-06-30": "406.30000", "2020-03-31": "389.10000", "2019-12-31": "385.90010", "2019-09-30": "378.70000", "2019-06-30": "370.60000", "2019-03-31": "353.80000", "2018-12-31": "342.80000", "2018-09-30": "332.00000", "2018-06-30": "315.40000", "2018-03-31": "295.60000", "2017-12-31": "287.30000", "2017-09-30": "283.90000", "2017-06-30": "276.00000", "2017-03-31": "262.80000", "2016-12-31": "256.20000", "2016-09-30": "246.60000", "2016-06-30": "238.50000", "2016-03-31": "227.90000", "2015-12-31": "217.80000", "2015-09-30": "210.20000", "2015-06-30": "203.10000", "2015-03-31": "194.20000", "2014-12-31": "185.10000", "2014-09-30": "181.70000", "2014-06-30": "179.80000", "2014-03-31": "176.90000", "2013-12-31": "175.30000", "2013-09-30": "172.70000", "2013-06-30": "169.40000", "2013-03-31": "164.70000", "2012-12-31": "159.30000", "2012-09-30": "155.70000", "2012-06-30": "151.80000", "2012-03-31": "142.40000", "2011-12-31": "137.98400", "2011-09-30": "133.73900", "2011-06-30": "129.96500", "2011-03-31": "123.51200", "2010-12-31": "115.39800", "2010-09-30": "111.66100", "2010-06-30": "111.77900", "2010-03-31": "103.26200", "2009-12-31": "100.13500", "2009-09-30": "100.26800", "2009-06-30": "92.37300", "2009-03-31": "87.88800", "2008-12-31": "86.29600", "2008-09-30": "80.10700", "2008-06-30": "75.00500", "2008-03-31": "70.77800", "2007-12-31": "63.23200", "2007-09-30": "61.05800", "2007-06-30": "58.28600", "2007-03-31": "57.35100", "2006-12-31": "55.82300", "2006-09-30": "55.40200", "2006-06-30": "55.08100", "2006-03-31": "53.02600", "2005-12-31": "51.57300", "2005-09-30": "51.62300", "2005-06-30": "50.33600", "2005-03-31": "47.73600"}, "Cost Of Goods Sold": {"2020-09-30": "", "2020-06-30": "", "2020-03-31": "", "2019-12-31": "", "2019-09-30": "", "2019-06-30": "", "2019-03-31": "", "2018-12-31": "", "2018-09-30": "", "2018-06-30": "", "2018-03-31": "", "2017-12-31": "", "2017-09-30": "", "2017-06-30": "", "2017-03-31": "", "2016-12-31": "", "2016-09-30": "", "2016-06-30": "", "2016-03-31": "", "2015-12-31": "", "2015-09-30": "", "2015-06-30": "", "2015-03-31": "", "2014-12-31": "", "2014-09-30": "", "2014-06-30": "", "2014-03-31": "", "2013-12-31": "", "2013-09-30": "", "2013-06-30": "", "2013-03-31": "", "2012-12-31": "", "2012-09-30": "", "2012-06-30": "", "2012-03-31": "", "2011-12-31": "", "2011-09-30": "", "2011-06-30": "", "2011-03-31": "", "2010-12-31": "", "2010-09-30": "", "2010-06-30": "", "2010-03-31": "", "2009-12-31": "", "2009-09-30": "", "2009-06-30": "", "2009-03-31": "", "2008-12-31": "", "2008-09-30": "", "2008-06-30": "", "2008-03-31": "", "2007-12-31": "", "2007-09-30": "", "2007-06-30": "", "2007-03-31": "", "2006-12-31": "", "2006-09-30": "", "2006-06-30": "", "2006-03-31": "", "2005-12-31": "", "2005-09-30": "", "2005-06-30": "", "2005-03-31": ""}, "Gross Profit": {"2020-09-30": "426.50000", "2020-06-30": "406.30000", "2020-03-31": "389.10000", "2019-12-31": "385.90010", "2019-09-30": "378.70000", "2019-06-30": "370.60000", "2019-03-31": "353.80000", "2018-12-31": "342.80000", "2018-09-30": "332.00000", "2018-06-30": "315.40000", "2018-03-31": "295.60000", "2017-12-31": "287.30000", "2017-09-30": "283.90000", "2017-06-30": "276.00000", "2017-03-31": "262.80000", "2016-12-31": "256.20000", "2016-09-30": "246.60000", "2016-06-30": "238.50000", "2016-03-31": "227.90000", "2015-12-31": "217.80000", "2015-09-30": "210.20000", "2015-06-30": "203.10000", "2015-03-31": "194.20000", "2014-12-31": "185.10000", "2014-09-30": "181.70000", "2014-06-30": "179.80000", "2014-03-31": "176.90000", "2013-12-31": "175.30000", "2013-09-30": "172.70000", "2013-06-30": "169.40000", "2013-03-31": "164.70000", "2012-12-31": "159.30000", "2012-09-30": "155.70000", "2012-06-30": "151.80000", "2012-03-31": "142.40000", "2011-12-31": "137.98400", "2011-09-30": "133.73900", "2011-06-30": "129.96500", "2011-03-31": "123.51200", "2010-12-31": "115.39800", "2010-09-30": "111.66100", "2010-06-30": "111.77900", "2010-03-31": "103.26200", "2009-12-31": "100.13500", "2009-09-30": "100.26800", "2009-06-30": "92.37300", "2009-03-31": "87.88800", "2008-12-31": "86.29600", "2008-09-30": "80.10700", "2008-06-30": "75.00500", "2008-03-31": "70.77800", "2007-12-31": "63.23200", "2007-09-30": "61.05800", "2007-06-30": "58.28600", "2007-03-31": "57.35100", "2006-12-31": "55.82300", "2006-09-30": "55.40200", "2006-06-30": "55.08100", "2006-03-31": "53.02600", "2005-12-31": "51.57300", "2005-09-30": "51.62300", "2005-06-30": "50.33600", "2005-03-31": "47.73600"}, "Research And Development Expenses": {"2020-09-30": "", "2020-06-30": "", "2020-03-31": "", "2019-12-31": "", "2019-09-30": "", "2019-06-30": "", "2019-03-31": "", "2018-12-31": "", "2018-09-30": "", "2018-06-30": "", "2018-03-31": "", "2017-12-31": "", "2017-09-30": "", "2017-06-30": "", "2017-03-31": "", "2016-12-31": "", "2016-09-30": "", "2016-06-30": "", "2016-03-31": "", "2015-12-31": "", "2015-09-30": "", "2015-06-30": "", "2015-03-31": "", "2014-12-31": "", "2014-09-30": "", "2014-06-30": "", "2014-03-31": "", "2013-12-31": "", "2013-09-30": "", "2013-06-30": "", "2013-03-31": "", "2012-12-31": "", "2012-09-30": "", "2012-06-30": "", "2012-03-31": "", "2011-12-31": "", "2011-09-30": "", "2011-06-30": "", "2011-03-31": "", "2010-12-31": "", "2010-09-30": "", "2010-06-30": "", "2010-03-31": "", "2009-12-31": "", "2009-09-30": "", "2009-06-30": "", "2009-03-31": "", "2008-12-31": "", "2008-09-30": "", "2008-06-30": "", "2008-03-31": "", "2007-12-31": "", "2007-09-30": "", "2007-06-30": "", "2007-03-31": "", "2006-12-31": "", "2006-09-30": "", "2006-06-30": "", "2006-03-31": "", "2005-12-31": "", "2005-09-30": "", "2005-06-30": "", "2005-03-31": ""}, "SG&A Expenses": {"2020-09-30": "80.40000", "2020-06-30": "81.60000", "2020-03-31": "79.10000", "2019-12-31": "83.70000", "2019-09-30": "81.70000", "2019-06-30": "81.80000", "2019-03-31": "81.40000", "2018-12-31": "75.30000", "2018-09-30": "71.50000", "2018-06-30": "69.60000", "2018-03-31": "74.80000", "2017-12-31": "66.30000", "2017-09-30": "62.10000", "2017-06-30": "61.10000", "2017-03-31": "64.50000", "2016-12-31": "55.40000", "2016-09-30": "55.60000", "2016-06-30": "54.60000", "2016-03-31": "58.50000", "2015-12-31": "50.10000", "2015-09-30": "50.30000", "2015-06-30": "48.50000", "2015-03-31": "51.20000", "2014-12-31": "46.80000", "2014-09-30": "39.40000", "2014-06-30": "41.70000", "2014-03-31": "43.40000", "2013-12-31": "40.20000", "2013-09-30": "37.30000", "2013-06-30": "39.90000", "2013-03-31": "38.80000", "2012-12-31": "37.40000", "2012-09-30": "36.70000", "2012-06-30": "35.20000", "2012-03-31": "34.60000", "2011-12-31": "28.84400", "2011-09-30": "27.56000", "2011-06-30": "27.68300", "2011-03-31": "28.11300", "2010-12-31": "26.82100", "2010-09-30": "28.31300", "2010-06-30": "24.80400", "2010-03-31": "27.46200", "2009-12-31": "27.81600", "2009-09-30": "28.26400", "2009-06-30": "26.97500", "2009-03-31": "29.03700", "2008-12-31": "28.04400", "2008-09-30": "27.84400", "2008-06-30": "27.88200", "2008-03-31": "29.53500", "2007-12-31": "28.52500", "2007-09-30": "24.72100", "2007-06-30": "24.59500", "2007-03-31": "22.25000", "2006-12-31": "31.82500", "2006-09-30": "20.91300", "2006-06-30": "19.66800", "2006-03-31": "21.71800", "2005-12-31": "17.13200", "2005-09-30": "19.58800", "2005-06-30": "18.60300", "2005-03-31": "18.87900"}, "Other Operating Income Or Expenses": {"2020-09-30": "29.80000", "2020-06-30": "-139.40000", "2020-03-31": "-354.70000", "2019-12-31": "-27.20000", "2019-09-30": "-19.30000", "2019-06-30": "-15.40000", "2019-03-31": "-14.50000", "2018-12-31": "-17.70000", "2018-09-30": "-14.00000", "2018-06-30": "-1.80000", "2018-03-31": "-23.40000", "2017-12-31": "-61.30000", "2017-09-30": "-25.70000", "2017-06-30": "-21.80000", "2017-03-31": "-20.50000", "2016-12-31": "-27.40000", "2016-09-30": "-22.80000", "2016-06-30": "-17.90000", "2016-03-31": "-22.10000", "2015-12-31": "-13.70000", "2015-09-30": "-13.20000", "2015-06-30": "-8.40000", "2015-03-31": "-6.20000", "2014-12-31": "0.60000", "2014-09-30": "-4.10000", "2014-06-30": "-4.60000", "2014-03-31": "-4.70000", "2013-12-31": "-4.60000", "2013-09-30": "-6.10000", "2013-06-30": "-5.40000", "2013-03-31": "-5.80000", "2012-12-31": "-6.20000", "2012-09-30": "-9.80000", "2012-06-30": "-2.80000", "2012-03-31": "-5.20000", "2011-12-31": "-6.60600", "2011-09-30": "-4.55000", "2011-06-30": "-8.92800", "2011-03-31": "-8.91600", "2010-12-31": "-1.78200", "2010-09-30": "-0.00200", "2010-06-30": "-1.79000", "2010-03-31": "-6.42600", "2009-12-31": "4.94700", "2009-09-30": "3.59100", "2009-06-30": "3.79000", "2009-03-31": "-0.16400", "2008-12-31": "-14.23600", "2008-09-30": "-8.37000", "2008-06-30": "-20.76900", "2008-03-31": "-2.65400", "2007-12-31": "-6.31000", "2007-09-30": "-5.94700", "2007-06-30": "-3.83100", "2007-03-31": "-3.89800", "2006-12-31": "-3.48600", "2006-09-30": "-4.44400", "2006-06-30": "-2.69600", "2006-03-31": "-0.60600", "2005-12-31": "1.62700", "2005-09-30": "-5.19200", "2005-06-30": "-2.08200", "2005-03-31": "-0.98900"}, "Operating Expenses": {"2020-09-30": "50.60000", "2020-06-30": "221.00000", "2020-03-31": "433.80000", "2019-12-31": "110.90000", "2019-09-30": "101.00000", "2019-06-30": "97.20000", "2019-03-31": "95.90000", "2018-12-31": "93.00000", "2018-09-30": "85.50000", "2018-06-30": "71.40000", "2018-03-31": "98.20000", "2017-12-31": "127.60000", "2017-09-30": "87.80000", "2017-06-30": "82.90000", "2017-03-31": "85.00000", "2016-12-31": "82.80000", "2016-09-30": "78.40000", "2016-06-30": "72.50000", "2016-03-31": "80.60000", "2015-12-31": "63.80000", "2015-09-30": "63.50000", "2015-06-30": "56.90000", "2015-03-31": "57.40000", "2014-12-31": "46.20000", "2014-09-30": "43.50000", "2014-06-30": "46.30000", "2014-03-31": "48.10000", "2013-12-31": "44.80000", "2013-09-30": "43.40000", "2013-06-30": "45.30000", "2013-03-31": "44.60000", "2012-12-31": "43.60000", "2012-09-30": "46.50000", "2012-06-30": "38.00000", "2012-03-31": "39.80000", "2011-12-31": "35.45000", "2011-09-30": "32.11000", "2011-06-30": "36.61100", "2011-03-31": "37.02900", "2010-12-31": "28.60300", "2010-09-30": "28.31500", "2010-06-30": "26.59400", "2010-03-31": "33.88800", "2009-12-31": "22.86900", "2009-09-30": "24.67300", "2009-06-30": "23.18500", "2009-03-31": "29.20100", "2008-12-31": "42.28000", "2008-09-30": "36.21400", "2008-06-30": "48.65100", "2008-03-31": "32.18900", "2007-12-31": "34.83500", "2007-09-30": "30.66800", "2007-06-30": "28.42600", "2007-03-31": "26.14800", "2006-12-31": "35.31100", "2006-09-30": "25.35700", "2006-06-30": "22.36400", "2006-03-31": "22.32400", "2005-12-31": "15.50500", "2005-09-30": "24.78000", "2005-06-30": "20.68500", "2005-03-31": "19.86800"}, "Operating Income": {"2020-09-30": "375.90000", "2020-06-30": "185.30000", "2020-03-31": "-44.70000", "2019-12-31": "275.00010", "2019-09-30": "277.70000", "2019-06-30": "273.40000", "2019-03-31": "257.90000", "2018-12-31": "249.80000", "2018-09-30": "246.50000", "2018-06-30": "244.00000", "2018-03-31": "197.40000", "2017-12-31": "159.70000", "2017-09-30": "196.10000", "2017-06-30": "193.10000", "2017-03-31": "177.80000", "2016-12-31": "173.40000", "2016-09-30": "168.20000", "2016-06-30": "166.00000", "2016-03-31": "147.30000", "2015-12-31": "154.00000", "2015-09-30": "146.70000", "2015-06-30": "146.20000", "2015-03-31": "136.80000", "2014-12-31": "138.90000", "2014-09-30": "138.20000", "2014-06-30": "133.50000", "2014-03-31": "128.80000", "2013-12-31": "130.50000", "2013-09-30": "129.30000", "2013-06-30": "124.10000", "2013-03-31": "120.10000", "2012-12-31": "115.70000", "2012-09-30": "109.20000", "2012-06-30": "113.80000", "2012-03-31": "102.60000", "2011-12-31": "102.53400", "2011-09-30": "101.62900", "2011-06-30": "93.35400", "2011-03-31": "86.48300", "2010-12-31": "86.79500", "2010-09-30": "83.34600", "2010-06-30": "85.18500", "2010-03-31": "69.37400", "2009-12-31": "77.26600", "2009-09-30": "75.59500", "2009-06-30": "69.18800", "2009-03-31": "58.68700", "2008-12-31": "44.01600", "2008-09-30": "43.89300", "2008-06-30": "26.35400", "2008-03-31": "38.58900", "2007-12-31": "28.39700", "2007-09-30": "30.39000", "2007-06-30": "29.86000", "2007-03-31": "31.20300", "2006-12-31": "20.51200", "2006-09-30": "30.04500", "2006-06-30": "32.71700", "2006-03-31": "30.70200", "2005-12-31": "36.06800", "2005-09-30": "26.84300", "2005-06-30": "29.65100", "2005-03-31": "27.86800"}, "Total Non-Operating Income/Expense": {"2020-09-30": "-57.50000", "2020-06-30": "-57.50000", "2020-03-31": "-68.10000", "2019-12-31": "-59.80000", "2019-09-30": "-58.60000", "2019-06-30": "-58.10000", "2019-03-31": "-51.60000", "2018-12-31": "-48.80000", "2018-09-30": "-48.10000", "2018-06-30": "-46.00000", "2018-03-31": "-39.70000", "2017-12-31": "-37.30000", "2017-09-30": "-36.00000", "2017-06-30": "-36.00000", "2017-03-31": "-33.60000", "2016-12-31": "-31.80000", "2016-09-30": "-31.70000", "2016-06-30": "-31.30000", "2016-03-31": "-28.90000", "2015-12-31": "-28.10000", "2015-09-30": "-28.80000", "2015-06-30": "-28.80000", "2015-03-31": "-23.50000", "2014-12-31": "-22.50000", "2014-09-30": "-22.90000", "2014-06-30": "-24.30000", "2014-03-31": "-48.80000", "2013-12-31": "-27.00000", "2013-09-30": "-27.10000", "2013-06-30": "-26.70000", "2013-03-31": "-25.00000", "2012-12-31": "-24.40000", "2012-09-30": "-25.40000", "2012-06-30": "-24.60000", "2012-03-31": "-23.80000", "2011-12-31": "-22.69400", "2011-09-30": "-22.96300", "2011-06-30": "-22.72100", "2011-03-31": "-19.22200", "2010-12-31": "-17.58400", "2010-09-30": "-18.15000", "2010-06-30": "-18.54900", "2010-03-31": "-16.91700", "2009-12-31": "-13.56000", "2009-09-30": "-13.29200", "2009-06-30": "-12.11400", "2009-03-31": "-12.73200", "2008-12-31": "-14.12300", "2008-09-30": "-10.95600", "2008-06-30": "-9.88400", "2008-03-31": "-10.87700", "2007-12-31": "-9.95200", "2007-09-30": "-9.00400", "2007-06-30": "-9.42900", "2007-03-31": "-8.28400", "2006-12-31": "-8.27700", "2006-09-30": "-5.83600", "2006-06-30": "-5.65400", "2006-03-31": "-3.56900", "2005-12-31": "-2.08200", "2005-09-30": "-3.66300", "2005-06-30": "-3.23100", "2005-03-31": "-3.09800"}, "Pre-Tax Income": {"2020-09-30": "318.40000", "2020-06-30": "127.80000", "2020-03-31": "-112.80000", "2019-12-31": "215.20010", "2019-09-30": "219.10000", "2019-06-30": "215.30000", "2019-03-31": "206.30000", "2018-12-31": "201.00000", "2018-09-30": "198.40000", "2018-06-30": "198.00000", "2018-03-31": "157.70000", "2017-12-31": "122.40000", "2017-09-30": "160.10000", "2017-06-30": "157.10000", "2017-03-31": "144.20000", "2016-12-31": "141.60000", "2016-09-30": "136.50000", "2016-06-30": "134.70000", "2016-03-31": "118.40000", "2015-12-31": "125.90000", "2015-09-30": "117.90000", "2015-06-30": "117.40000", "2015-03-31": "113.30000", "2014-12-31": "116.40000", "2014-09-30": "115.30000", "2014-06-30": "109.20000", "2014-03-31": "80.00000", "2013-12-31": "103.50000", "2013-09-30": "102.20000", "2013-06-30": "97.40000", "2013-03-31": "95.10000", "2012-12-31": "91.30000", "2012-09-30": "83.80000", "2012-06-30": "89.20000", "2012-03-31": "78.80000", "2011-12-31": "79.84000", "2011-09-30": "78.66600", "2011-06-30": "70.63300", "2011-03-31": "67.26100", "2010-12-31": "69.21100", "2010-09-30": "65.19600", "2010-06-30": "66.63600", "2010-03-31": "52.45700", "2009-12-31": "63.70600", "2009-09-30": "62.30300", "2009-06-30": "57.07400", "2009-03-31": "45.95500", "2008-12-31": "29.89300", "2008-09-30": "32.93700", "2008-06-30": "16.47000", "2008-03-31": "27.71200", "2007-12-31": "18.44500", "2007-09-30": "21.38600", "2007-06-30": "20.43100", "2007-03-31": "22.91900", "2006-12-31": "12.23500", "2006-09-30": "24.20900", "2006-06-30": "27.06300", "2006-03-31": "27.13300", "2005-12-31": "33.98600", "2005-09-30": "23.18000", "2005-06-30": "26.42000", "2005-03-31": "24.77000"}, "Income Taxes": {"2020-09-30": "76.30000", "2020-06-30": "31.40000", "2020-03-31": "-29.00000", "2019-12-31": "53.30000", "2019-09-30": "53.70000", "2019-06-30": "50.90000", "2019-03-31": "41.90000", "2018-12-31": "49.10000", "2018-09-30": "47.40000", "2018-06-30": "47.00000", "2018-03-31": "37.60000", "2017-12-31": "-54.70000", "2017-09-30": "59.40000", "2017-06-30": "58.00000", "2017-03-31": "50.90000", "2016-12-31": "54.00000", "2016-09-30": "50.60000", "2016-06-30": "49.80000", "2016-03-31": "44.00000", "2015-12-31": "45.90000", "2015-09-30": "43.90000", "2015-06-30": "43.20000", "2015-03-31": "41.80000", "2014-12-31": "43.40000", "2014-09-30": "41.30000", "2014-06-30": "39.80000", "2014-03-31": "30.20000", "2013-12-31": "37.60000", "2013-09-30": "37.10000", "2013-06-30": "35.90000", "2013-03-31": "34.50000", "2012-12-31": "31.40000", "2012-09-30": "30.90000", "2012-06-30": "32.60000", "2012-03-31": "28.50000", "2011-12-31": "29.83500", "2011-09-30": "28.70600", "2011-06-30": "25.78900", "2011-03-31": "24.07000", "2010-12-31": "22.23800", "2010-09-30": "23.14900", "2010-06-30": "17.57100", "2010-03-31": "20.44200", "2009-12-31": "23.63400", "2009-09-30": "21.49100", "2009-06-30": "20.92400", "2009-03-31": "16.94300", "2008-12-31": "11.11600", "2008-09-30": "12.60600", "2008-06-30": "6.09100", "2008-03-31": "10.13100", "2007-12-31": "6.18000", "2007-09-30": "7.91700", "2007-06-30": "7.93800", "2007-03-31": "7.53200", "2006-12-31": "3.72600", "2006-09-30": "8.77500", "2006-06-30": "9.36400", "2006-03-31": "9.92800", "2005-12-31": "11.87100", "2005-09-30": "9.23100", "2005-06-30": "9.81700", "2005-03-31": "9.24000"}, "Income After Taxes": {"2020-09-30": "242.10000", "2020-06-30": "96.40000", "2020-03-31": "-83.80000", "2019-12-31": "161.90000", "2019-09-30": "165.40000", "2019-06-30": "164.40000", "2019-03-31": "164.40000", "2018-12-31": "151.90000", "2018-09-30": "151.00000", "2018-06-30": "151.00000", "2018-03-31": "120.10000", "2017-12-31": "177.10000", "2017-09-30": "100.70000", "2017-06-30": "99.10000", "2017-03-31": "93.30000", "2016-12-31": "87.60000", "2016-09-30": "85.90000", "2016-06-30": "84.90000", "2016-03-31": "74.40000", "2015-12-31": "80.00000", "2015-09-30": "74.00000", "2015-06-30": "74.20000", "2015-03-31": "71.50000", "2014-12-31": "73.00000", "2014-09-30": "74.00000", "2014-06-30": "69.40000", "2014-03-31": "49.80000", "2013-12-31": "65.90000", "2013-09-30": "65.10000", "2013-06-30": "61.50000", "2013-03-31": "60.60000", "2012-12-31": "59.90000", "2012-09-30": "52.90000", "2012-06-30": "56.60000", "2012-03-31": "50.30000", "2011-12-31": "50.00500", "2011-09-30": "49.96000", "2011-06-30": "44.84400", "2011-03-31": "43.19100", "2010-12-31": "46.97300", "2010-09-30": "42.04700", "2010-06-30": "49.06500", "2010-03-31": "32.01500", "2009-12-31": "40.07200", "2009-09-30": "40.81200", "2009-06-30": "36.15000", "2009-03-31": "29.01200", "2008-12-31": "18.77700", "2008-09-30": "20.33100", "2008-06-30": "10.37900", "2008-03-31": "17.58100", "2007-12-31": "12.26500", "2007-09-30": "13.46900", "2007-06-30": "12.49300", "2007-03-31": "15.38700", "2006-12-31": "8.50900", "2006-09-30": "15.43400", "2006-06-30": "17.69900", "2006-03-31": "17.20500", "2005-12-31": "22.11500", "2005-09-30": "13.94900", "2005-06-30": "16.60300", "2005-03-31": "15.53000"}, "Other Income": {"2020-09-30": "", "2020-06-30": "", "2020-03-31": "", "2019-12-31": "", "2019-09-30": "", "2019-06-30": "", "2019-03-31": "", "2018-12-31": "", "2018-09-30": "", "2018-06-30": "", "2018-03-31": "", "2017-12-31": "", "2017-09-30": "", "2017-06-30": "", "2017-03-31": "", "2016-12-31": "", "2016-09-30": "", "2016-06-30": "", "2016-03-31": "", "2015-12-31": "", "2015-09-30": "", "2015-06-30": "", "2015-03-31": "", "2014-12-31": "", "2014-09-30": "", "2014-06-30": "", "2014-03-31": "", "2013-12-31": "", "2013-09-30": "", "2013-06-30": "", "2013-03-31": "", "2012-12-31": "", "2012-09-30": "", "2012-06-30": "", "2012-03-31": "", "2011-12-31": "", "2011-09-30": "", "2011-06-30": "", "2011-03-31": "", "2010-12-31": "", "2010-09-30": "", "2010-06-30": "", "2010-03-31": "", "2009-12-31": "", "2009-09-30": "", "2009-06-30": "", "2009-03-31": "", "2008-12-31": "", "2008-09-30": "", "2008-06-30": "", "2008-03-31": "", "2007-12-31": "", "2007-09-30": "", "2007-06-30": "", "2007-03-31": "", "2006-12-31": "", "2006-09-30": "", "2006-06-30": "", "2006-03-31": "", "2005-12-31": "", "2005-09-30": "", "2005-06-30": "", "2005-03-31": ""}, "Income From Continuous Operations": {"2020-09-30": "242.10000", "2020-06-30": "96.40000", "2020-03-31": "-83.80000", "2019-12-31": "161.90000", "2019-09-30": "165.40000", "2019-06-30": "164.40000", "2019-03-31": "164.40000", "2018-12-31": "151.90000", "2018-09-30": "151.00000", "2018-06-30": "151.00000", "2018-03-31": "120.10000", "2017-12-31": "177.10000", "2017-09-30": "100.70000", "2017-06-30": "99.10000", "2017-03-31": "93.30000", "2016-12-31": "87.60000", "2016-09-30": "85.90000", "2016-06-30": "84.90000", "2016-03-31": "74.40000", "2015-12-31": "80.00000", "2015-09-30": "74.00000", "2015-06-30": "74.20000", "2015-03-31": "71.50000", "2014-12-31": "73.00000", "2014-09-30": "74.00000", "2014-06-30": "69.40000", "2014-03-31": "49.80000", "2013-12-31": "65.90000", "2013-09-30": "65.10000", "2013-06-30": "61.50000", "2013-03-31": "60.60000", "2012-12-31": "59.90000", "2012-09-30": "52.90000", "2012-06-30": "56.60000", "2012-03-31": "50.30000", "2011-12-31": "50.00500", "2011-09-30": "49.96000", "2011-06-30": "44.84400", "2011-03-31": "43.19100", "2010-12-31": "46.97300", "2010-09-30": "42.04700", "2010-06-30": "49.06500", "2010-03-31": "32.01500", "2009-12-31": "40.07200", "2009-09-30": "40.81200", "2009-06-30": "36.15000", "2009-03-31": "29.01200", "2008-12-31": "18.77700", "2008-09-30": "20.33100", "2008-06-30": "10.37900", "2008-03-31": "17.58100", "2007-12-31": "12.26500", "2007-09-30": "13.46900", "2007-06-30": "12.49300", "2007-03-31": "15.38700", "2006-12-31": "8.50900", "2006-09-30": "15.43400", "2006-06-30": "17.69900", "2006-03-31": "17.20500", "2005-12-31": "22.11500", "2005-09-30": "13.94900", "2005-06-30": "16.60300", "2005-03-31": "15.53000"}, "Income From Discontinued Operations": {"2020-09-30": "", "2020-06-30": "", "2020-03-31": "", "2019-12-31": "", "2019-09-30": "", "2019-06-30": "", "2019-03-31": "", "2018-12-31": "", "2018-09-30": "", "2018-06-30": "", "2018-03-31": "", "2017-12-31": "", "2017-09-30": "", "2017-06-30": "", "2017-03-31": "", "2016-12-31": "", "2016-09-30": "", "2016-06-30": "", "2016-03-31": "", "2015-12-31": "", "2015-09-30": "", "2015-06-30": "", "2015-03-31": "", "2014-12-31": "", "2014-09-30": "", "2014-06-30": "", "2014-03-31": "", "2013-12-31": "", "2013-09-30": "", "2013-06-30": "", "2013-03-31": "", "2012-12-31": "", "2012-09-30": "", "2012-06-30": "", "2012-03-31": "", "2011-12-31": "", "2011-09-30": "", "2011-06-30": "", "2011-03-31": "", "2010-12-31": "", "2010-09-30": "", "2010-06-30": "-0.02500", "2010-03-31": "-0.00500", "2009-12-31": "0.26300", "2009-09-30": "-0.07800", "2009-06-30": "0.03500", "2009-03-31": "-0.01100", "2008-12-31": "-0.22100", "2008-09-30": "0.32600", "2008-06-30": "-0.03500", "2008-03-31": "0.03900", "2007-12-31": "0.21900", "2007-09-30": "1.27300", "2007-06-30": "-0.16300", "2007-03-31": "-0.02700", "2006-12-31": "-0.01400", "2006-09-30": "-0.09200", "2006-06-30": "-0.09300", "2006-03-31": "-0.00800", "2005-12-31": "3.12500", "2005-09-30": "0.64500", "2005-06-30": "0.45000", "2005-03-31": "0.18400"}, "Net Income": {"2020-09-30": "242.10000", "2020-06-30": "96.40000", "2020-03-31": "-83.80000", "2019-12-31": "161.90000", "2019-09-30": "165.40000", "2019-06-30": "164.40000", "2019-03-31": "164.40000", "2018-12-31": "151.90000", "2018-09-30": "151.00000", "2018-06-30": "151.00000", "2018-03-31": "120.10000", "2017-12-31": "177.10000", "2017-09-30": "100.70000", "2017-06-30": "99.10000", "2017-03-31": "93.30000", "2016-12-31": "87.60000", "2016-09-30": "85.90000", "2016-06-30": "84.90000", "2016-03-31": "74.40000", "2015-12-31": "80.00000", "2015-09-30": "74.00000", "2015-06-30": "74.20000", "2015-03-31": "71.50000", "2014-12-31": "73.00000", "2014-09-30": "74.00000", "2014-06-30": "69.40000", "2014-03-31": "49.80000", "2013-12-31": "65.90000", "2013-09-30": "65.10000", "2013-06-30": "61.50000", "2013-03-31": "60.60000", "2012-12-31": "59.90000", "2012-09-30": "52.90000", "2012-06-30": "56.60000", "2012-03-31": "50.30000", "2011-12-31": "50.00500", "2011-09-30": "49.96000", "2011-06-30": "44.84400", "2011-03-31": "43.19100", "2010-12-31": "47.00300", "2010-09-30": "42.04700", "2010-06-30": "49.04000", "2010-03-31": "32.01000", "2009-12-31": "40.33500", "2009-09-30": "40.73400", "2009-06-30": "36.18500", "2009-03-31": "29.00100", "2008-12-31": "18.55600", "2008-09-30": "20.65700", "2008-06-30": "10.34400", "2008-03-31": "17.62000", "2007-12-31": "12.48400", "2007-09-30": "14.74200", "2007-06-30": "12.33000", "2007-03-31": "15.36000", "2006-12-31": "8.49500", "2006-09-30": "15.34200", "2006-06-30": "17.60600", "2006-03-31": "17.19700", "2005-12-31": "25.24000", "2005-09-30": "14.59400", "2005-06-30": "17.05300", "2005-03-31": "15.71400"}, "EBITDA": {"2020-09-30": "382.10000", "2020-06-30": "191.10000", "2020-03-31": "-39.20000", "2019-12-31": "280.80010", "2019-09-30": "283.60000", "2019-06-30": "279.00000", "2019-03-31": "263.00000", "2018-12-31": "255.40000", "2018-09-30": "251.50000", "2018-06-30": "248.70000", "2018-03-31": "201.60000", "2017-12-31": "163.90000", "2017-09-30": "200.00000", "2017-06-30": "197.30000", "2017-03-31": "181.90000", "2016-12-31": "177.20000", "2016-09-30": "172.10000", "2016-06-30": "169.80000", "2016-03-31": "151.10000", "2015-12-31": "157.50000", "2015-09-30": "150.40000", "2015-06-30": "149.50000", "2015-03-31": "140.50000", "2014-12-31": "142.40000", "2014-09-30": "141.70000", "2014-06-30": "136.70000", "2014-03-31": "131.80000", "2013-12-31": "134.10000", "2013-09-30": "132.60000", "2013-06-30": "127.20000", "2013-03-31": "123.30000", "2012-12-31": "119.10000", "2012-09-30": "112.20000", "2012-06-30": "116.80000", "2012-03-31": "105.40000", "2011-12-31": "105.11200", "2011-09-30": "104.23800", "2011-06-30": "95.67900", "2011-03-31": "88.97100", "2010-12-31": "89.09300", "2010-09-30": "85.90700", "2010-06-30": "88.07800", "2010-03-31": "72.62200", "2009-12-31": "79.98300", "2009-09-30": "79.81500", "2009-06-30": "70.54000", "2009-03-31": "60.05800", "2008-12-31": "49.65300", "2008-09-30": "45.29100", "2008-06-30": "27.69400", "2008-03-31": "39.82000", "2007-12-31": "29.50400", "2007-09-30": "31.31600", "2007-06-30": "30.88400", "2007-03-31": "32.25100", "2006-12-31": "21.59800", "2006-09-30": "31.11000", "2006-06-30": "33.92000", "2006-03-31": "31.97200", "2005-12-31": "37.32000", "2005-09-30": "28.09500", "2005-06-30": "31.05300", "2005-03-31": "29.17100"}, "EBIT": {"2020-09-30": "375.90000", "2020-06-30": "185.30000", "2020-03-31": "-44.70000", "2019-12-31": "275.00000", "2019-09-30": "277.70000", "2019-06-30": "273.40000", "2019-03-31": "257.90000", "2018-12-31": "249.80010", "2018-09-30": "246.50000", "2018-06-30": "244.00000", "2018-03-31": "197.40000", "2017-12-31": "159.70000", "2017-09-30": "196.10000", "2017-06-30": "193.10000", "2017-03-31": "177.80000", "2016-12-31": "173.40000", "2016-09-30": "168.20000", "2016-06-30": "166.00000", "2016-03-31": "147.30000", "2015-12-31": "153.99990", "2015-09-30": "146.70000", "2015-06-30": "146.20000", "2015-03-31": "136.80000", "2014-12-31": "138.90000", "2014-09-30": "138.20000", "2014-06-30": "133.50000", "2014-03-31": "128.80000", "2013-12-31": "130.50000", "2013-09-30": "129.30000", "2013-06-30": "124.10000", "2013-03-31": "120.10000", "2012-12-31": "115.70000", "2012-09-30": "109.20000", "2012-06-30": "113.80000", "2012-03-31": "102.60000", "2011-12-31": "102.53400", "2011-09-30": "101.62900", "2011-06-30": "93.35400", "2011-03-31": "86.48300", "2010-12-31": "86.79500", "2010-09-30": "83.34600", "2010-06-30": "85.18500", "2010-03-31": "69.37400", "2009-12-31": "77.26600", "2009-09-30": "75.59500", "2009-06-30": "69.18800", "2009-03-31": "58.68700", "2008-12-31": "44.01600", "2008-09-30": "43.89300", "2008-06-30": "26.35400", "2008-03-31": "38.58900", "2007-12-31": "28.39700", "2007-09-30": "30.39000", "2007-06-30": "29.86000", "2007-03-31": "31.20300", "2006-12-31": "20.51200", "2006-09-30": "30.04500", "2006-06-30": "32.71700", "2006-03-31": "30.70200", "2005-12-31": "36.06800", "2005-09-30": "26.84300", "2005-06-30": "29.65100", "2005-03-31": "27.86800"}, "Basic Shares Outstanding": {"2020-09-30": "17.84480", "2020-06-30": "17.84480", "2020-03-31": "18.18550", "2019-12-31": "18.90030", "2019-09-30": "18.94470", "2019-06-30": "18.94470", "2019-03-31": "18.95520", "2018-12-31": "19.44610", "2018-09-30": "19.46560", "2018-06-30": "19.46560", "2018-03-31": "19.43770", "2017-12-31": "19.49770", "2017-09-30": "19.40730", "2017-06-30": "19.45820", "2017-03-31": "19.72250", "2016-12-31": "20.33200", "2016-09-30": "20.37960", "2016-06-30": "20.37960", "2016-03-31": "20.43520", "2015-12-31": "20.89170", "2015-09-30": "20.94680", "2015-06-30": "20.94680", "2015-03-31": "20.92300", "2014-12-31": "22.25710", "2014-09-30": "21.88860", "2014-06-30": "22.65340", "2014-03-31": "23.46300", "2013-12-31": "23.85100", "2013-09-30": "23.67300", "2013-06-30": "23.97400", "2013-03-31": "24.33000", "2012-12-31": "25.41000", "2012-09-30": "24.90800", "2012-06-30": "25.92600", "2012-03-31": "26.15800", "2011-12-31": "26.30200", "2011-09-30": "26.03300", "2011-06-30": "25.97500", "2011-03-31": "27.19600", "2010-12-31": "29.39300", "2010-09-30": "28.06300", "2010-06-30": "31.17200", "2010-03-31": "31.04200", "2009-12-31": "30.59000", "2009-09-30": "30.65900", "2009-06-30": "30.60100", "2009-03-31": "30.48000", "2008-12-31": "30.25000", "2008-09-30": "30.31000", "2008-06-30": "30.25300", "2008-03-31": "30.10700", "2007-12-31": "30.05300", "2007-09-30": "30.01500", "2007-06-30": "30.14000", "2007-03-31": "30.05400", "2006-12-31": "33.03600", "2006-09-30": "33.09400", "2006-06-30": "32.98000", "2006-03-31": "36.14700", "2005-12-31": "36.99100", "2005-09-30": "37.02000", "2005-06-30": "37.01600", "2005-03-31": "36.90000"}, "Shares Outstanding": {"2020-09-30": "17.84980", "2020-06-30": "17.84710", "2020-03-31": "18.18550", "2019-12-31": "18.97660", "2019-09-30": "18.95090", "2019-06-30": "18.95000", "2019-03-31": "19.00450", "2018-12-31": "19.53230", "2018-09-30": "19.47400", "2018-06-30": "19.47220", "2018-03-31": "19.47360", "2017-12-31": "19.55890", "2017-09-30": "19.41550", "2017-06-30": "19.46350", "2017-03-31": "19.77270", "2016-12-31": "20.41000", "2016-09-30": "20.38460", "2016-06-30": "20.38280", "2016-03-31": "20.48580", "2015-12-31": "20.98080", "2015-09-30": "20.95270", "2015-06-30": "20.95180", "2015-03-31": "20.94900", "2014-12-31": "22.33140", "2014-09-30": "21.89520", "2014-06-30": "22.65890", "2014-03-31": "23.52800", "2013-12-31": "24.01000", "2013-09-30": "23.70800", "2013-06-30": "24.01700", "2013-03-31": "24.42600", "2012-12-31": "25.59900", "2012-09-30": "24.96200", "2012-06-30": "25.98000", "2012-03-31": "26.28400", "2011-12-31": "26.60100", "2011-09-30": "26.13600", "2011-06-30": "26.11100", "2011-03-31": "27.48900", "2010-12-31": "29.98500", "2010-09-30": "28.45200", "2010-06-30": "31.60100", "2010-03-31": "31.58400", "2009-12-31": "31.66900", "2009-09-30": "31.53900", "2009-06-30": "31.42300", "2009-03-31": "31.18000", "2008-12-31": "31.10500", "2008-09-30": "31.02400", "2008-06-30": "31.08800", "2008-03-31": "30.89100", "2007-12-31": "31.15400", "2007-09-30": "31.14000", "2007-06-30": "31.31200", "2007-03-31": "31.28400", "2006-12-31": "35.28300", "2006-09-30": "35.07500", "2006-06-30": "35.43400", "2006-03-31": "38.60900", "2005-12-31": "39.20800", "2005-09-30": "38.91300", "2005-06-30": "39.06500", "2005-03-31": "39.45700"}, "Basic EPS": {"2020-09-30": "13.57000", "2020-06-30": "5.40000", "2020-03-31": "-4.61000", "2019-12-31": "8.63000", "2019-09-30": "8.73000", "2019-06-30": "8.68000", "2019-03-31": "8.67000", "2018-12-31": "7.82000", "2018-09-30": "7.76000", "2018-06-30": "7.76000", "2018-03-31": "6.18000", "2017-12-31": "9.11000", "2017-09-30": "5.19000", "2017-06-30": "5.09000", "2017-03-31": "4.73000", "2016-12-31": "4.34000", "2016-09-30": "4.22000", "2016-06-30": "4.17000", "2016-03-31": "3.64000", "2015-12-31": "3.86000", "2015-09-30": "3.53000", "2015-06-30": "3.54000", "2015-03-31": "3.42000", "2014-12-31": "3.40000", "2014-09-30": "3.38000", "2014-06-30": "3.06000", "2014-03-31": "2.12000", "2013-12-31": "2.80000", "2013-09-30": "2.75000", "2013-06-30": "2.57000", "2013-03-31": "2.49000", "2012-12-31": "2.42000", "2012-09-30": "2.13000", "2012-06-30": "2.18000", "2012-03-31": "1.92000", "2011-12-31": "1.91000", "2011-09-30": "1.92000", "2011-06-30": "1.73000", "2011-03-31": "1.59000", "2010-12-31": "1.69000", "2010-09-30": "1.50000", "2010-06-30": "1.57000", "2010-03-31": "1.03000", "2009-12-31": "1.32000", "2009-09-30": "1.33000", "2009-06-30": "1.18000", "2009-03-31": "0.95000", "2008-12-31": "0.61000", "2008-09-30": "0.68000", "2008-06-30": "0.34000", "2008-03-31": "0.59000", "2007-12-31": "0.42000", "2007-09-30": "0.49000", "2007-06-30": "0.41000", "2007-03-31": "0.51000", "2006-12-31": "0.31000", "2006-09-30": "0.46000", "2006-06-30": "0.53000", "2006-03-31": "0.48000", "2005-12-31": "0.68000", "2005-09-30": "0.39000", "2005-06-30": "0.46000", "2005-03-31": "0.43000"}, "EPS - Earnings Per Share": {"2020-09-30": "13.56000", "2020-06-30": "5.40000", "2020-03-31": "-4.61000", "2019-12-31": "8.51000", "2019-09-30": "8.73000", "2019-06-30": "8.68000", "2019-03-31": "8.65000", "2018-12-31": "7.72000", "2018-09-30": "7.75000", "2018-06-30": "7.75000", "2018-03-31": "6.17000", "2017-12-31": "9.04000", "2017-09-30": "5.19000", "2017-06-30": "5.09000", "2017-03-31": "4.72000", "2016-12-31": "4.30000", "2016-09-30": "4.21000", "2016-06-30": "4.17000", "2016-03-31": "3.63000", "2015-12-31": "3.80000", "2015-09-30": "3.53000", "2015-06-30": "3.54000", "2015-03-31": "3.41000", "2014-12-31": "3.36000", "2014-09-30": "3.38000", "2014-06-30": "3.06000", "2014-03-31": "2.12000", "2013-12-31": "2.75000", "2013-09-30": "2.75000", "2013-06-30": "2.56000", "2013-03-31": "2.48000", "2012-12-31": "2.36000", "2012-09-30": "2.12000", "2012-06-30": "2.18000", "2012-03-31": "1.92000", "2011-12-31": "1.87000", "2011-09-30": "1.91000", "2011-06-30": "1.72000", "2011-03-31": "1.57000", "2010-12-31": "1.63000", "2010-09-30": "1.48000", "2010-06-30": "1.55000", "2010-03-31": "1.01000", "2009-12-31": "1.25000", "2009-09-30": "1.29000", "2009-06-30": "1.15000", "2009-03-31": "0.93000", "2008-12-31": "0.59000", "2008-09-30": "0.67000", "2008-06-30": "0.33000", "2008-03-31": "0.57000", "2007-12-31": "0.41000", "2007-09-30": "0.47000", "2007-06-30": "0.39000", "2007-03-31": "0.49000", "2006-12-31": "0.28000", "2006-09-30": "0.44000", "2006-06-30": "0.50000", "2006-03-31": "0.45000", "2005-12-31": "0.63000", "2005-09-30": "0.38000", "2005-06-30": "0.44000", "2005-03-31": "0.40000"}}, "balance sheet": {"Cash On Hand": {"2019-12-31": "577.00000", "2018-12-31": "387.90000", "2017-12-31": "309.90000", "2016-12-31": "284.60000", "2015-12-31": "222.00000", "2014-12-31": "217.20000", "2013-12-31": "169.10000", "2012-12-31": "147.50000", "2011-12-31": "110.20000", "2010-12-31": "71.13300", "2009-12-31": "87.74700", "2008-12-31": "86.83200", "2007-12-31": "78.10400", "2006-12-31": "57.70100", "2005-12-31": "23.90800"}, "Receivables": {"2019-12-31": "66.20000", "2018-12-31": "7.90000", "2017-12-31": "2.20000", "2016-12-31": "2.30000", "2015-12-31": "10.00000", "2014-12-31": "1.40000", "2013-12-31": "1.10000", "2012-12-31": "1.10000", "2011-12-31": "0.50000", "2010-12-31": "12.00200", "2009-12-31": "3.95600", "2008-12-31": "", "2007-12-31": "20.71200", "2006-12-31": "11.73400", "2005-12-31": "4.02200"}, "Inventory": {"2019-12-31": "", "2018-12-31": "", "2017-12-31": "", "2016-12-31": "", "2015-12-31": "", "2014-12-31": "", "2013-12-31": "", "2012-12-31": "", "2011-12-31": "", "2010-12-31": "", "2009-12-31": "", "2008-12-31": "", "2007-12-31": "", "2006-12-31": "", "2005-12-31": ""}, "Pre-Paid Expenses": {"2019-12-31": "", "2018-12-31": "", "2017-12-31": "", "2016-12-31": "", "2015-12-31": "", "2014-12-31": "", "2013-12-31": "", "2012-12-31": "", "2011-12-31": "", "2010-12-31": "", "2009-12-31": "", "2008-12-31": "", "2007-12-31": "", "2006-12-31": "", "2005-12-31": ""}, "Other Current Assets": {"2019-12-31": "", "2018-12-31": "", "2017-12-31": "", "2016-12-31": "", "2015-12-31": "", "2014-12-31": "", "2013-12-31": "", "2012-12-31": "", "2011-12-31": "", "2010-12-31": "", "2009-12-31": "", "2008-12-31": "", "2007-12-31": "", "2006-12-31": "", "2005-12-31": ""}, "Total Current Assets": {"2019-12-31": "7328.40000", "2018-12-31": "6159.10000", "2017-12-31": "4931.70000", "2016-12-31": "4173.50000", "2015-12-31": "3333.50000", "2014-12-31": "2731.50000", "2013-12-31": "2383.00000", "2012-12-31": "2082.10000", "2011-12-31": "1709.30000", "2010-12-31": "1301.14800", "2009-12-31": "1141.71600", "2008-12-31": "1104.74900", "2007-12-31": "909.36900", "2006-12-31": "695.21500", "2005-12-31": "591.45800"}, "Property, Plant, And Equipment": {"2019-12-31": "59.70000", "2018-12-31": "40.20000", "2017-12-31": "20.50000", "2016-12-31": "18.20000", "2015-12-31": "18.90000", "2014-12-31": "20.90000", "2013-12-31": "22.30000", "2012-12-31": "22.20000", "2011-12-31": "18.50000", "2010-12-31": "16.31100", "2009-12-31": "18.73500", "2008-12-31": "21.04900", "2007-12-31": "20.12400", "2006-12-31": "16.20300", "2005-12-31": "17.99200"}, "Long-Term Investments": {"2019-12-31": "", "2018-12-31": "", "2017-12-31": "", "2016-12-31": "", "2015-12-31": "", "2014-12-31": "", "2013-12-31": "", "2012-12-31": "", "2011-12-31": "", "2010-12-31": "", "2009-12-31": "", "2008-12-31": "", "2007-12-31": "", "2006-12-31": "", "2005-12-31": ""}, "Goodwill And Intangible Assets": {"2019-12-31": "", "2018-12-31": "", "2017-12-31": "", "2016-12-31": "", "2015-12-31": "", "2014-12-31": "", "2013-12-31": "", "2012-12-31": "", "2011-12-31": "", "2010-12-31": "", "2009-12-31": "", "2008-12-31": "", "2007-12-31": "", "2006-12-31": "", "2005-12-31": ""}, "Other Long-Term Assets": {"2019-12-31": "35.10000", "2018-12-31": "38.10000", "2017-12-31": "33.40000", "2016-12-31": "26.30000", "2015-12-31": "20.20000", "2014-12-31": "33.00000", "2013-12-31": "28.10000", "2012-12-31": "28.90000", "2011-12-31": "30.80000", "2010-12-31": "26.05600", "2009-12-31": "15.78500", "2008-12-31": "13.55600", "2007-12-31": "12.68900", "2006-12-31": "13.79500", "2005-12-31": "9.94400"}, "Total Long-Term Assets": {"2019-12-31": "94.80000", "2018-12-31": "78.30000", "2017-12-31": "53.90000", "2016-12-31": "44.50000", "2015-12-31": "39.10000", "2014-12-31": "53.90000", "2013-12-31": "50.40000", "2012-12-31": "51.10000", "2011-12-31": "49.30000", "2010-12-31": "42.36700", "2009-12-31": "34.52000", "2008-12-31": "34.60500", "2007-12-31": "32.81300", "2006-12-31": "29.99800", "2005-12-31": "27.93600"}, "Total Assets": {"2019-12-31": "7423.20000", "2018-12-31": "6237.40000", "2017-12-31": "4985.60000", "2016-12-31": "4218.00000", "2015-12-31": "3372.60000", "2014-12-31": "2785.40000", "2013-12-31": "2433.40000", "2012-12-31": "2133.20000", "2011-12-31": "1758.60000", "2010-12-31": "1343.51500", "2009-12-31": "1176.23600", "2008-12-31": "1139.35400", "2007-12-31": "942.18200", "2006-12-31": "725.21300", "2005-12-31": "619.39400"}, "Total Current Liabilities": {"2019-12-31": "206.60000", "2018-12-31": "360.80000", "2017-12-31": "205.50000", "2016-12-31": "167.50000", "2015-12-31": "185.50000", "2014-12-31": "236.80000", "2013-12-31": "236.50000", "2012-12-31": "155.60000", "2011-12-31": "141.20000", "2010-12-31": "211.99700", "2009-12-31": "174.59500", "2008-12-31": "146.12900", "2007-12-31": "116.13400", "2006-12-31": "116.69400", "2005-12-31": "92.00500"}, "Long Term Debt": {"2019-12-31": "4538.80000", "2018-12-31": "3649.00000", "2017-12-31": "3056.90000", "2016-12-31": "2603.70000", "2015-12-31": "2010.10000", "2014-12-31": "1633.00000", "2013-12-31": "1289.60000", "2012-12-31": "1207.30000", "2011-12-31": "954.00000", "2010-12-31": "548.96700", "2009-12-31": "409.67900", "2008-12-31": "580.41400", "2007-12-31": "495.83000", "2006-12-31": "353.77500", "2005-12-31": "110.60500"}, "Other Non-Current Liabilities": {"2019-12-31": "", "2018-12-31": "", "2017-12-31": "", "2016-12-31": "", "2015-12-31": "", "2014-12-31": "", "2013-12-31": "", "2012-12-31": "", "2011-12-31": "", "2010-12-31": "", "2009-12-31": "", "2008-12-31": "", "2007-12-31": "", "2006-12-31": "", "2005-12-31": ""}, "Total Long Term Liabilities": {"2019-12-31": "4861.30000", "2018-12-31": "3885.70000", "2017-12-31": "3244.30000", "2016-12-31": "2876.80000", "2015-12-31": "2259.00000", "2014-12-31": "1846.40000", "2013-12-31": "1446.80000", "2012-12-31": "1355.70000", "2011-12-31": "1077.40000", "2010-12-31": "657.04400", "2009-12-31": "503.43100", "2008-12-31": "655.47400", "2007-12-31": "560.59800", "2006-12-31": "398.17200", "2005-12-31": "154.36300"}, "Total Liabilities": {"2019-12-31": "5067.90000", "2018-12-31": "4246.50000", "2017-12-31": "3449.80000", "2016-12-31": "3044.30000", "2015-12-31": "2444.50000", "2014-12-31": "2083.20000", "2013-12-31": "1683.30000", "2012-12-31": "1511.30000", "2011-12-31": "1218.60000", "2010-12-31": "869.04100", "2009-12-31": "678.02600", "2008-12-31": "801.60300", "2007-12-31": "676.73200", "2006-12-31": "514.86600", "2005-12-31": "246.36800"}, "Common Stock Net": {"2019-12-31": "0.20000", "2018-12-31": "0.20000", "2017-12-31": "0.20000", "2016-12-31": "0.20000", "2015-12-31": "0.20000", "2014-12-31": "0.20000", "2013-12-31": "0.20000", "2012-12-31": "0.20000", "2011-12-31": "0.30000", "2010-12-31": "0.27300", "2009-12-31": "0.31100", "2008-12-31": "0.30600", "2007-12-31": "0.30200", "2006-12-31": "0.30200", "2005-12-31": "0.37000"}, "Retained Earnings (Accumulated Deficit)": {"2019-12-31": "2196.60000", "2018-12-31": "1836.10000", "2017-12-31": "1390.30000", "2016-12-31": "1042.00000", "2015-12-31": "827.20000", "2014-12-31": "613.40000", "2013-12-31": "686.90000", "2012-12-31": "568.40000", "2011-12-31": "500.90000", "2010-12-31": "443.32600", "2009-12-31": "474.43300", "2008-12-31": "328.17800", "2007-12-31": "261.00100", "2006-12-31": "209.25300", "2005-12-31": "344.51300"}, "Comprehensive Income": {"2019-12-31": "0.80000", "2018-12-31": "-0.30000", "2017-12-31": "-0.20000", "2016-12-31": "-0.20000", "2015-12-31": "-0.10000", "2014-12-31": "-0.10000", "2013-12-31": "-0.20000", "2012-12-31": "-0.10000", "2011-12-31": "0.00000", "2010-12-31": "-0.11000", "2009-12-31": "-0.90400", "2008-12-31": "-2.56200", "2007-12-31": "0.01300", "2006-12-31": "-0.03600", "2005-12-31": "-0.03700"}, "Other Share Holders Equity": {"2019-12-31": "", "2018-12-31": "", "2017-12-31": "", "2016-12-31": "", "2015-12-31": "", "2014-12-31": "", "2013-12-31": "", "2012-12-31": "", "2011-12-31": "", "2010-12-31": "", "2009-12-31": "", "2008-12-31": "", "2007-12-31": "", "2006-12-31": "", "2005-12-31": ""}, "Share Holder Equity": {"2019-12-31": "2355.30000", "2018-12-31": "1990.90000", "2017-12-31": "1535.80000", "2016-12-31": "1173.70000", "2015-12-31": "928.10000", "2014-12-31": "702.20000", "2013-12-31": "750.10000", "2012-12-31": "621.90000", "2011-12-31": "540.00000", "2010-12-31": "474.47400", "2009-12-31": "498.21000", "2008-12-31": "337.75100", "2007-12-31": "265.45000", "2006-12-31": "210.34700", "2005-12-31": "373.02600"}, "Total Liabilities And Share Holders Equity": {"2019-12-31": "7423.20000", "2018-12-31": "6237.40000", "2017-12-31": "4985.60000", "2016-12-31": "4218.00000", "2015-12-31": "3372.60000", "2014-12-31": "2785.40000", "2013-12-31": "2433.40000", "2012-12-31": "2133.20000", "2011-12-31": "1758.60000", "2010-12-31": "1343.51500", "2009-12-31": "1176.23600", "2008-12-31": "1139.35400", "2007-12-31": "942.18200", "2006-12-31": "725.21300", "2005-12-31": "619.39400"}}, "balance sheet, quarterly": {"Cash On Hand": {"2020-09-30": "467.60000", "2020-06-30": "459.10000", "2020-03-31": "497.00000", "2019-12-31": "577.00000", "2019-09-30": "414.30000", "2019-06-30": "410.00000", "2019-03-31": "521.20000", "2018-12-31": "387.90000", "2018-09-30": "600.00000", "2018-06-30": "448.10000", "2018-03-31": "431.30000", "2017-12-31": "309.90000", "2017-09-30": "324.60000", "2017-06-30": "387.60000", "2017-03-31": "374.50000", "2016-12-31": "284.60000", "2016-09-30": "285.50000", "2016-06-30": "438.60000", "2016-03-31": "283.90000", "2015-12-31": "222.00000", "2015-09-30": "361.20000", "2015-06-30": "230.90000", "2015-03-31": "338.60000", "2014-12-31": "217.20000", "2014-09-30": "261.10000", "2014-06-30": "217.90000", "2014-03-31": "204.50000", "2013-12-31": "169.10000", "2013-09-30": "171.70000", "2013-06-30": "173.40000", "2013-03-31": "171.60000", "2012-12-31": "147.50000", "2012-09-30": "173.43100", "2012-06-30": "134.41700", "2012-03-31": "165.57900", "2011-12-31": "110.20000", "2011-09-30": "95.65400", "2011-06-30": "92.52400", "2011-03-31": "86.76100", "2010-12-31": "71.13300", "2010-09-30": "60.83800", "2010-06-30": "68.28900", "2010-03-31": "91.82200", "2009-12-31": "87.74700", "2009-09-30": "80.40800", "2009-06-30": "80.17700", "2009-03-31": "90.23300", "2008-12-31": "86.83200", "2008-09-30": "87.86000", "2008-06-30": "91.21700", "2008-03-31": "85.55200", "2007-12-31": "78.10400", "2007-09-30": "73.42900", "2007-06-30": "77.91900", "2007-03-31": "58.47900", "2006-12-31": "57.70100", "2006-09-30": "112.48900", "2006-06-30": "34.69700", "2006-03-31": "20.94900", "2005-12-31": "23.90800", "2005-09-30": "44.62400", "2005-06-30": "36.27600", "2005-03-31": "33.25900"}, "Receivables": {"2020-09-30": "8.70000", "2020-06-30": "36.30000", "2020-03-31": "59.60000", "2019-12-31": "66.20000", "2019-09-30": "10.80000", "2019-06-30": "21.80000", "2019-03-31": "7.50000", "2018-12-31": "7.90000", "2018-09-30": "20.20000", "2018-06-30": "25.60000", "2018-03-31": "2.50000", "2017-12-31": "2.20000", "2017-09-30": "5.50000", "2017-06-30": "8.40000", "2017-03-31": "3.20000", "2016-12-31": "2.30000", "2016-09-30": "5.40000", "2016-06-30": "10.00000", "2016-03-31": "19.80000", "2015-12-31": "10.00000", "2015-09-30": "0.30000", "2015-06-30": "10.70000", "2015-03-31": "1.00000", "2014-12-31": "1.40000", "2014-09-30": "1.40000", "2014-06-30": "1.60000", "2014-03-31": "2.00000", "2013-12-31": "1.10000", "2013-09-30": "1.20000", "2013-06-30": "0.80000", "2013-03-31": "0.60000", "2012-12-31": "1.10000", "2012-09-30": "", "2012-06-30": "0.52400", "2012-03-31": "0.40600", "2011-12-31": "0.50000", "2011-09-30": "0.49900", "2011-06-30": "2.72400", "2011-03-31": "0.70800", "2010-12-31": "12.00200", "2010-09-30": "6.97600", "2010-06-30": "6.99500", "2010-03-31": "0.78700", "2009-12-31": "3.95600", "2009-09-30": "4.46000", "2009-06-30": "", "2009-03-31": "", "2008-12-31": "", "2008-09-30": "10.01200", "2008-06-30": "12.42600", "2008-03-31": "18.05800", "2007-12-31": "20.71200", "2007-09-30": "11.88400", "2007-06-30": "4.50400", "2007-03-31": "14.92500", "2006-12-31": "11.73400", "2006-09-30": "8.98900", "2006-06-30": "", "2006-03-31": "0.73100", "2005-12-31": "4.02200", "2005-09-30": "1.49000", "2005-06-30": "7.90000", "2005-03-31": ""}, "Inventory": {"2020-09-30": "", "2020-06-30": "", "2020-03-31": "", "2019-12-31": "", "2019-09-30": "", "2019-06-30": "", "2019-03-31": "", "2018-12-31": "", "2018-09-30": "", "2018-06-30": "", "2018-03-31": "", "2017-12-31": "", "2017-09-30": "", "2017-06-30": "", "2017-03-31": "", "2016-12-31": "", "2016-09-30": "", "2016-06-30": "", "2016-03-31": "", "2015-12-31": "", "2015-09-30": "", "2015-06-30": "", "2015-03-31": "", "2014-12-31": "", "2014-09-30": "", "2014-06-30": "", "2014-03-31": "", "2013-12-31": "", "2013-09-30": "", "2013-06-30": "", "2013-03-31": "", "2012-12-31": "", "2012-09-30": "", "2012-06-30": "", "2012-03-31": "", "2011-12-31": "", "2011-09-30": "", "2011-06-30": "", "2011-03-31": "", "2010-12-31": "", "2010-09-30": "", "2010-06-30": "", "2010-03-31": "", "2009-12-31": "", "2009-09-30": "", "2009-06-30": "", "2009-03-31": "", "2008-12-31": "", "2008-09-30": "", "2008-06-30": "", "2008-03-31": "", "2007-12-31": "", "2007-09-30": "", "2007-06-30": "", "2007-03-31": "", "2006-12-31": "", "2006-09-30": "", "2006-06-30": "", "2006-03-31": "", "2005-12-31": "", "2005-09-30": "", "2005-06-30": "", "2005-03-31": ""}, "Pre-Paid Expenses": {"2020-09-30": "", "2020-06-30": "", "2020-03-31": "", "2019-12-31": "", "2019-09-30": "", "2019-06-30": "", "2019-03-31": "", "2018-12-31": "", "2018-09-30": "", "2018-06-30": "", "2018-03-31": "", "2017-12-31": "", "2017-09-30": "", "2017-06-30": "", "2017-03-31": "", "2016-12-31": "", "2016-09-30": "", "2016-06-30": "", "2016-03-31": "", "2015-12-31": "", "2015-09-30": "", "2015-06-30": "", "2015-03-31": "", "2014-12-31": "", "2014-09-30": "", "2014-06-30": "", "2014-03-31": "", "2013-12-31": "", "2013-09-30": "", "2013-06-30": "", "2013-03-31": "", "2012-12-31": "", "2012-09-30": "", "2012-06-30": "", "2012-03-31": "", "2011-12-31": "", "2011-09-30": "", "2011-06-30": "", "2011-03-31": "", "2010-12-31": "", "2010-09-30": "", "2010-06-30": "", "2010-03-31": "", "2009-12-31": "", "2009-09-30": "", "2009-06-30": "", "2009-03-31": "", "2008-12-31": "", "2008-09-30": "", "2008-06-30": "", "2008-03-31": "", "2007-12-31": "", "2007-09-30": "", "2007-06-30": "", "2007-03-31": "", "2006-12-31": "", "2006-09-30": "", "2006-06-30": "", "2006-03-31": "", "2005-12-31": "", "2005-09-30": "", "2005-06-30": "", "2005-03-31": ""}, "Other Current Assets": {"2020-09-30": "", "2020-06-30": "", "2020-03-31": "", "2019-12-31": "", "2019-09-30": "", "2019-06-30": "", "2019-03-31": "", "2018-12-31": "", "2018-09-30": "", "2018-06-30": "", "2018-03-31": "", "2017-12-31": "", "2017-09-30": "", "2017-06-30": "", "2017-03-31": "", "2016-12-31": "", "2016-09-30": "", "2016-06-30": "", "2016-03-31": "", "2015-12-31": "", "2015-09-30": "", "2015-06-30": "", "2015-03-31": "", "2014-12-31": "", "2014-09-30": "", "2014-06-30": "", "2014-03-31": "", "2013-12-31": "", "2013-09-30": "", "2013-06-30": "", "2013-03-31": "", "2012-12-31": "", "2012-09-30": "", "2012-06-30": "", "2012-03-31": "", "2011-12-31": "", "2011-09-30": "", "2011-06-30": "", "2011-03-31": "", "2010-12-31": "", "2010-09-30": "", "2010-06-30": "", "2010-03-31": "", "2009-12-31": "", "2009-09-30": "", "2009-06-30": "", "2009-03-31": "", "2008-12-31": "", "2008-09-30": "", "2008-06-30": "", "2008-03-31": "", "2007-12-31": "", "2007-09-30": "", "2007-06-30": "", "2007-03-31": "", "2006-12-31": "", "2006-09-30": "", "2006-06-30": "", "2006-03-31": "", "2005-12-31": "", "2005-09-30": "", "2005-06-30": "", "2005-03-31": ""}, "Total Current Assets": {"2020-09-30": "7341.50000", "2020-06-30": "7245.20000", "2020-03-31": "7175.10000", "2019-12-31": "7328.40000", "2019-09-30": "6988.80000", "2019-06-30": "6815.80000", "2019-03-31": "6672.40000", "2018-12-31": "6159.10000", "2018-09-30": "6177.80000", "2018-06-30": "5818.10000", "2018-03-31": "5483.50000", "2017-12-31": "4931.70000", "2017-09-30": "4781.50000", "2017-06-30": "4679.60000", "2017-03-31": "4513.70000", "2016-12-31": "4173.50000", "2016-09-30": "4055.30000", "2016-06-30": "3983.70000", "2016-03-31": "3667.10000", "2015-12-31": "3333.50000", "2015-09-30": "3321.00000", "2015-06-30": "3076.30000", "2015-03-31": "3072.80000", "2014-12-31": "2731.50000", "2014-09-30": "2669.90000", "2014-06-30": "2577.50000", "2014-03-31": "2524.50000", "2013-12-31": "2383.00000", "2013-09-30": "2336.30000", "2013-06-30": "2266.90000", "2013-03-31": "2200.80000", "2012-12-31": "2082.10000", "2012-09-30": "2050.14900", "2012-06-30": "1950.83000", "2012-03-31": "1903.78100", "2011-12-31": "1709.30000", "2011-09-30": "1621.55600", "2011-06-30": "1533.33400", "2011-03-31": "1439.95700", "2010-12-31": "1301.14800", "2010-09-30": "1243.93200", "2010-06-30": "1210.06000", "2010-03-31": "1180.95100", "2009-12-31": "1141.71600", "2009-09-30": "1141.96800", "2009-06-30": "1137.11800", "2009-03-31": "1138.33300", "2008-12-31": "1104.74900", "2008-09-30": "1134.27900", "2008-06-30": "1115.79300", "2008-03-31": "1038.17800", "2007-12-31": "909.36900", "2007-09-30": "841.30900", "2007-06-30": "826.58200", "2007-03-31": "781.00500", "2006-12-31": "695.21500", "2006-09-30": "721.64000", "2006-06-30": "621.60500", "2006-03-31": "612.44700", "2005-12-31": "591.45800", "2005-09-30": "612.50800", "2005-06-30": "604.18010", "2005-03-31": "587.81600"}, "Property, Plant, And Equipment": {"2020-09-30": "61.00000", "2020-06-30": "62.00000", "2020-03-31": "62.30000", "2019-12-31": "59.70000", "2019-09-30": "58.50000", "2019-06-30": "53.10000", "2019-03-31": "43.40000", "2018-12-31": "40.20000", "2018-09-30": "38.70000", "2018-06-30": "23.10000", "2018-03-31": "20.40000", "2017-12-31": "20.50000", "2017-09-30": "20.30000", "2017-06-30": "20.00000", "2017-03-31": "19.80000", "2016-12-31": "18.20000", "2016-09-30": "17.70000", "2016-06-30": "18.60000", "2016-03-31": "19.00000", "2015-12-31": "18.90000", "2015-09-30": "19.50000", "2015-06-30": "20.00000", "2015-03-31": "20.60000", "2014-12-31": "20.90000", "2014-09-30": "21.80000", "2014-06-30": "23.00000", "2014-03-31": "23.10000", "2013-12-31": "22.30000", "2013-09-30": "22.30000", "2013-06-30": "22.40000", "2013-03-31": "22.00000", "2012-12-31": "22.20000", "2012-09-30": "21.86300", "2012-06-30": "21.98400", "2012-03-31": "21.16800", "2011-12-31": "18.50000", "2011-09-30": "16.77600", "2011-06-30": "16.82700", "2011-03-31": "16.86400", "2010-12-31": "16.31100", "2010-09-30": "16.42100", "2010-06-30": "18.34400", "2010-03-31": "18.32400", "2009-12-31": "18.73500", "2009-09-30": "18.80100", "2009-06-30": "19.63500", "2009-03-31": "20.48700", "2008-12-31": "21.04900", "2008-09-30": "21.55000", "2008-06-30": "21.84400", "2008-03-31": "21.28300", "2007-12-31": "20.12400", "2007-09-30": "18.76000", "2007-06-30": "17.20900", "2007-03-31": "16.40200", "2006-12-31": "16.20300", "2006-09-30": "16.71500", "2006-06-30": "16.40800", "2006-03-31": "17.07500", "2005-12-31": "17.99200", "2005-09-30": "18.95000", "2005-06-30": "19.52000", "2005-03-31": "19.84400"}, "Long-Term Investments": {"2020-09-30": "", "2020-06-30": "", "2020-03-31": "", "2019-12-31": "", "2019-09-30": "", "2019-06-30": "", "2019-03-31": "", "2018-12-31": "", "2018-09-30": "", "2018-06-30": "", "2018-03-31": "", "2017-12-31": "", "2017-09-30": "", "2017-06-30": "", "2017-03-31": "", "2016-12-31": "", "2016-09-30": "", "2016-06-30": "", "2016-03-31": "", "2015-12-31": "", "2015-09-30": "", "2015-06-30": "", "2015-03-31": "", "2014-12-31": "", "2014-09-30": "", "2014-06-30": "", "2014-03-31": "", "2013-12-31": "", "2013-09-30": "", "2013-06-30": "", "2013-03-31": "", "2012-12-31": "", "2012-09-30": "", "2012-06-30": "", "2012-03-31": "", "2011-12-31": "", "2011-09-30": "", "2011-06-30": "", "2011-03-31": "", "2010-12-31": "", "2010-09-30": "", "2010-06-30": "", "2010-03-31": "", "2009-12-31": "", "2009-09-30": "", "2009-06-30": "", "2009-03-31": "", "2008-12-31": "", "2008-09-30": "", "2008-06-30": "", "2008-03-31": "", "2007-12-31": "", "2007-09-30": "", "2007-06-30": "", "2007-03-31": "", "2006-12-31": "", "2006-09-30": "", "2006-06-30": "", "2006-03-31": "", "2005-12-31": "", "2005-09-30": "", "2005-06-30": "", "2005-03-31": ""}, "Goodwill And Intangible Assets": {"2020-09-30": "", "2020-06-30": "", "2020-03-31": "", "2019-12-31": "", "2019-09-30": "", "2019-06-30": "", "2019-03-31": "", "2018-12-31": "", "2018-09-30": "", "2018-06-30": "", "2018-03-31": "", "2017-12-31": "", "2017-09-30": "", "2017-06-30": "", "2017-03-31": "", "2016-12-31": "", "2016-09-30": "", "2016-06-30": "", "2016-03-31": "", "2015-12-31": "", "2015-09-30": "", "2015-06-30": "", "2015-03-31": "", "2014-12-31": "", "2014-09-30": "", "2014-06-30": "", "2014-03-31": "", "2013-12-31": "", "2013-09-30": "", "2013-06-30": "", "2013-03-31": "", "2012-12-31": "", "2012-09-30": "", "2012-06-30": "", "2012-03-31": "", "2011-12-31": "", "2011-09-30": "", "2011-06-30": "", "2011-03-31": "", "2010-12-31": "", "2010-09-30": "", "2010-06-30": "", "2010-03-31": "", "2009-12-31": "", "2009-09-30": "", "2009-06-30": "", "2009-03-31": "", "2008-12-31": "", "2008-09-30": "", "2008-06-30": "", "2008-03-31": "", "2007-12-31": "", "2007-09-30": "", "2007-06-30": "", "2007-03-31": "", "2006-12-31": "", "2006-09-30": "", "2006-06-30": "", "2006-03-31": "", "2005-12-31": "", "2005-09-30": "", "2005-06-30": "", "2005-03-31": ""}, "Other Long-Term Assets": {"2020-09-30": "19.00000", "2020-06-30": "30.40000", "2020-03-31": "22.20000", "2019-12-31": "35.10000", "2019-09-30": "23.70000", "2019-06-30": "39.60000", "2019-03-31": "34.10000", "2018-12-31": "38.10000", "2018-09-30": "27.60000", "2018-06-30": "33.10000", "2018-03-31": "30.10000", "2017-12-31": "33.40000", "2017-09-30": "25.10000", "2017-06-30": "28.20000", "2017-03-31": "23.20000", "2016-12-31": "26.30000", "2016-09-30": "20.10000", "2016-06-30": "22.10000", "2016-03-31": "17.90000", "2015-12-31": "20.20000", "2015-09-30": "35.10000", "2015-06-30": "36.20000", "2015-03-31": "33.70000", "2014-12-31": "33.00000", "2014-09-30": "30.80000", "2014-06-30": "27.10000", "2014-03-31": "26.10000", "2013-12-31": "28.10000", "2013-09-30": "26.60000", "2013-06-30": "26.00000", "2013-03-31": "25.50000", "2012-12-31": "28.90000", "2012-09-30": "31.31000", "2012-06-30": "30.11300", "2012-03-31": "30.08400", "2011-12-31": "30.80000", "2011-09-30": "32.32000", "2011-06-30": "31.49400", "2011-03-31": "35.26900", "2010-12-31": "26.05600", "2010-09-30": "23.93200", "2010-06-30": "26.41400", "2010-03-31": "28.48100", "2009-12-31": "15.78500", "2009-09-30": "17.13200", "2009-06-30": "14.53900", "2009-03-31": "18.15700", "2008-12-31": "13.55600", "2008-09-30": "14.52700", "2008-06-30": "14.46400", "2008-03-31": "20.31700", "2007-12-31": "12.68900", "2007-09-30": "11.12500", "2007-06-30": "12.80600", "2007-03-31": "15.46400", "2006-12-31": "13.79500", "2006-09-30": "13.80500", "2006-06-30": "12.58000", "2006-03-31": "11.33800", "2005-12-31": "9.94400", "2005-09-30": "7.89600", "2005-06-30": "9.68400", "2005-03-31": "10.09600"}, "Total Long-Term Assets": {"2020-09-30": "80.00000", "2020-06-30": "92.40000", "2020-03-31": "84.50000", "2019-12-31": "94.80000", "2019-09-30": "82.20000", "2019-06-30": "92.70000", "2019-03-31": "77.50000", "2018-12-31": "78.30000", "2018-09-30": "66.30000", "2018-06-30": "56.20000", "2018-03-31": "50.50000", "2017-12-31": "53.90000", "2017-09-30": "45.40000", "2017-06-30": "48.20000", "2017-03-31": "43.00000", "2016-12-31": "44.50000", "2016-09-30": "37.80000", "2016-06-30": "40.70000", "2016-03-31": "36.90000", "2015-12-31": "39.10000", "2015-09-30": "54.60000", "2015-06-30": "56.20000", "2015-03-31": "54.30000", "2014-12-31": "53.90000", "2014-09-30": "52.60000", "2014-06-30": "50.10000", "2014-03-31": "49.20000", "2013-12-31": "50.40000", "2013-09-30": "48.90000", "2013-06-30": "48.40000", "2013-03-31": "47.50000", "2012-12-31": "51.10000", "2012-09-30": "53.17300", "2012-06-30": "52.09700", "2012-03-31": "51.25200", "2011-12-31": "49.30000", "2011-09-30": "49.09600", "2011-06-30": "48.32100", "2011-03-31": "52.13300", "2010-12-31": "42.36700", "2010-09-30": "40.35300", "2010-06-30": "44.75800", "2010-03-31": "46.80500", "2009-12-31": "34.52000", "2009-09-30": "35.93300", "2009-06-30": "34.17400", "2009-03-31": "38.64400", "2008-12-31": "34.60500", "2008-09-30": "36.07700", "2008-06-30": "36.30800", "2008-03-31": "41.60000", "2007-12-31": "32.81300", "2007-09-30": "29.88500", "2007-06-30": "30.01500", "2007-03-31": "31.86600", "2006-12-31": "29.99800", "2006-09-30": "30.52000", "2006-06-30": "28.98800", "2006-03-31": "28.41300", "2005-12-31": "27.93600", "2005-09-30": "26.84600", "2005-06-30": "29.20400", "2005-03-31": "29.94000"}, "Total Assets": {"2020-09-30": "7421.50000", "2020-06-30": "7337.60000", "2020-03-31": "7259.60000", "2019-12-31": "7423.20000", "2019-09-30": "7071.00000", "2019-06-30": "6908.50000", "2019-03-31": "6749.90000", "2018-12-31": "6237.40000", "2018-09-30": "6244.10000", "2018-06-30": "5874.30000", "2018-03-31": "5534.00000", "2017-12-31": "4985.60000", "2017-09-30": "4826.90000", "2017-06-30": "4727.80000", "2017-03-31": "4556.70000", "2016-12-31": "4218.00000", "2016-09-30": "4093.10000", "2016-06-30": "4024.40000", "2016-03-31": "3704.00000", "2015-12-31": "3372.60000", "2015-09-30": "3375.60000", "2015-06-30": "3132.50000", "2015-03-31": "3127.10000", "2014-12-31": "2785.40000", "2014-09-30": "2722.50000", "2014-06-30": "2627.60000", "2014-03-31": "2573.70000", "2013-12-31": "2433.40000", "2013-09-30": "2385.20000", "2013-06-30": "2315.30000", "2013-03-31": "2248.30000", "2012-12-31": "2133.20000", "2012-09-30": "2103.32200", "2012-06-30": "2002.92700", "2012-03-31": "1955.03300", "2011-12-31": "1758.60000", "2011-09-30": "1670.65200", "2011-06-30": "1581.65500", "2011-03-31": "1492.09000", "2010-12-31": "1343.51500", "2010-09-30": "1284.28500", "2010-06-30": "1254.81800", "2010-03-31": "1227.75600", "2009-12-31": "1176.23600", "2009-09-30": "1177.90100", "2009-06-30": "1171.29200", "2009-03-31": "1176.97700", "2008-12-31": "1139.35400", "2008-09-30": "1170.35600", "2008-06-30": "1152.10100", "2008-03-31": "1079.77800", "2007-12-31": "942.18200", "2007-09-30": "871.19400", "2007-06-30": "856.59700", "2007-03-31": "812.87100", "2006-12-31": "725.21300", "2006-09-30": "752.16000", "2006-06-30": "650.59300", "2006-03-31": "640.86000", "2005-12-31": "619.39400", "2005-09-30": "639.35400", "2005-06-30": "633.38400", "2005-03-31": "617.75600"}, "Total Current Liabilities": {"2020-09-30": "313.10000", "2020-06-30": "341.80000", "2020-03-31": "250.70000", "2019-12-31": "206.60000", "2019-09-30": "237.00000", "2019-06-30": "242.00000", "2019-03-31": "213.40000", "2018-12-31": "360.80000", "2018-09-30": "168.10000", "2018-06-30": "172.70000", "2018-03-31": "247.50000", "2017-12-31": "205.50000", "2017-09-30": "271.20000", "2017-06-30": "140.60000", "2017-03-31": "308.30000", "2016-12-31": "167.50000", "2016-09-30": "221.10000", "2016-06-30": "142.30000", "2016-03-31": "168.20000", "2015-12-31": "185.50000", "2015-09-30": "126.50000", "2015-06-30": "156.80000", "2015-03-31": "145.80000", "2014-12-31": "236.80000", "2014-09-30": "131.70000", "2014-06-30": "219.00000", "2014-03-31": "231.50000", "2013-12-31": "236.50000", "2013-09-30": "203.20000", "2013-06-30": "263.70000", "2013-03-31": "246.10000", "2012-12-31": "155.60000", "2012-09-30": "223.92200", "2012-06-30": "209.17600", "2012-03-31": "293.94800", "2011-12-31": "141.20000", "2011-09-30": "190.92000", "2011-06-30": "223.44700", "2011-03-31": "240.53600", "2010-12-31": "211.99700", "2010-09-30": "176.44700", "2010-06-30": "83.34200", "2010-03-31": "138.83400", "2009-12-31": "174.59500", "2009-09-30": "183.60600", "2009-06-30": "199.42300", "2009-03-31": "202.02300", "2008-12-31": "146.12900", "2008-09-30": "162.74500", "2008-06-30": "119.99600", "2008-03-31": "171.13900", "2007-12-31": "116.13400", "2007-09-30": "118.01900", "2007-06-30": "125.34200", "2007-03-31": "120.97500", "2006-12-31": "116.69400", "2006-09-30": "203.40200", "2006-06-30": "94.50600", "2006-03-31": "163.79800", "2005-12-31": "92.00500", "2005-09-30": "107.32000", "2005-06-30": "106.76400", "2005-03-31": "96.95200"}, "Long Term Debt": {"2020-09-30": "4493.60000", "2020-06-30": "4638.60000", "2020-03-31": "4757.90000", "2019-12-31": "4538.80000", "2019-09-30": "4180.00000", "2019-06-30": "4184.20000", "2019-03-31": "4231.30000", "2018-12-31": "3649.00000", "2018-09-30": "3876.90000", "2018-06-30": "3665.80000", "2018-03-31": "3423.40000", "2017-12-31": "3056.90000", "2017-09-30": "2870.30000", "2017-06-30": "3014.40000", "2017-03-31": "2771.20000", "2016-12-31": "2603.70000", "2016-09-30": "2425.20000", "2016-06-30": "2538.30000", "2016-03-31": "2292.00000", "2015-12-31": "2010.10000", "2015-09-30": "2081.20000", "2015-06-30": "1893.20000", "2015-03-31": "1983.50000", "2014-12-31": "1633.00000", "2014-09-30": "1651.30000", "2014-06-30": "1548.50000", "2014-03-31": "1442.30000", "2013-12-31": "1289.60000", "2013-09-30": "1346.40000", "2013-06-30": "1256.40000", "2013-03-31": "1240.10000", "2012-12-31": "1207.30000", "2012-09-30": "1146.26100", "2012-06-30": "1118.94600", "2012-03-31": "959.13100", "2011-12-31": "954.00000", "2011-09-30": "869.55700", "2011-06-30": "807.49900", "2011-03-31": "753.52000", "2010-12-31": "548.96700", "2010-09-30": "576.86100", "2010-06-30": "489.17200", "2010-03-31": "469.88700", "2009-12-31": "409.67900", "2009-09-30": "441.77600", "2009-06-30": "476.21400", "2009-03-31": "527.72700", "2008-12-31": "580.41400", "2008-09-30": "609.03700", "2008-06-30": "665.25900", "2008-03-31": "551.41400", "2007-12-31": "495.83000", "2007-09-30": "453.21000", "2007-06-30": "440.64800", "2007-03-31": "410.09800", "2006-12-31": "353.77500", "2006-09-30": "297.47000", "2006-06-30": "210.58500", "2006-03-31": "141.23700", "2005-12-31": "110.60500", "2005-09-30": "148.06900", "2005-06-30": "160.58400", "2005-03-31": "172.81300"}, "Other Non-Current Liabilities": {"2020-09-30": "", "2020-06-30": "", "2020-03-31": "", "2019-12-31": "", "2019-09-30": "", "2019-06-30": "", "2019-03-31": "", "2018-12-31": "", "2018-09-30": "", "2018-06-30": "", "2018-03-31": "", "2017-12-31": "", "2017-09-30": "", "2017-06-30": "", "2017-03-31": "", "2016-12-31": "", "2016-09-30": "", "2016-06-30": "", "2016-03-31": "", "2015-12-31": "", "2015-09-30": "", "2015-06-30": "", "2015-03-31": "", "2014-12-31": "", "2014-09-30": "", "2014-06-30": "", "2014-03-31": "", "2013-12-31": "", "2013-09-30": "", "2013-06-30": "", "2013-03-31": "", "2012-12-31": "", "2012-09-30": "", "2012-06-30": "", "2012-03-31": "", "2011-12-31": "", "2011-09-30": "", "2011-06-30": "", "2011-03-31": "", "2010-12-31": "", "2010-09-30": "", "2010-06-30": "", "2010-03-31": "", "2009-12-31": "", "2009-09-30": "", "2009-06-30": "", "2009-03-31": "", "2008-12-31": "", "2008-09-30": "", "2008-06-30": "", "2008-03-31": "", "2007-12-31": "", "2007-09-30": "", "2007-06-30": "", "2007-03-31": "", "2006-12-31": "", "2006-09-30": "", "2006-06-30": "", "2006-03-31": "", "2005-12-31": "", "2005-09-30": "", "2005-06-30": "", "2005-03-31": ""}, "Total Long Term Liabilities": {"2020-09-30": "4799.90000", "2020-06-30": "4930.70000", "2020-03-31": "5042.80000", "2019-12-31": "4861.30000", "2019-09-30": "4451.20000", "2019-06-30": "4451.20000", "2019-03-31": "4487.60000", "2018-12-31": "3885.70000", "2018-09-30": "4112.70000", "2018-06-30": "3892.00000", "2018-03-31": "3629.80000", "2017-12-31": "3244.30000", "2017-09-30": "3203.90000", "2017-06-30": "3339.00000", "2017-03-31": "3084.60000", "2016-12-31": "2876.80000", "2016-09-30": "2706.30000", "2016-06-30": "2804.00000", "2016-03-31": "2544.40000", "2015-12-31": "2259.00000", "2015-09-30": "2317.80000", "2015-06-30": "2121.80000", "2015-03-31": "2204.00000", "2014-12-31": "1846.40000", "2014-09-30": "1842.30000", "2014-06-30": "1735.80000", "2014-03-31": "1627.20000", "2013-12-31": "1446.80000", "2013-09-30": "1492.20000", "2013-06-30": "1397.70000", "2013-03-31": "1377.60000", "2012-12-31": "1355.70000", "2012-09-30": "1281.59500", "2012-06-30": "1253.39400", "2012-03-31": "1088.51900", "2011-12-31": "1077.40000", "2011-09-30": "986.46200", "2011-06-30": "916.29690", "2011-03-31": "856.24400", "2010-12-31": "657.04400", "2010-09-30": "683.41300", "2010-06-30": "589.85800", "2010-03-31": "558.13800", "2009-12-31": "503.43100", "2009-09-30": "542.68700", "2009-06-30": "564.70800", "2009-03-31": "606.56400", "2008-12-31": "655.47400", "2008-09-30": "687.88500", "2008-06-30": "734.37500", "2008-03-31": "622.74400", "2007-12-31": "560.59800", "2007-09-30": "503.34900", "2007-06-30": "491.39800", "2007-03-31": "465.03900", "2006-12-31": "398.17200", "2006-09-30": "341.88900", "2006-06-30": "254.25800", "2006-03-31": "190.80600", "2005-12-31": "154.36300", "2005-09-30": "182.88400", "2005-06-30": "192.15200", "2005-03-31": "204.10500"}, "Total Liabilities": {"2020-09-30": "5113.00000", "2020-06-30": "5272.50000", "2020-03-31": "5293.50000", "2019-12-31": "5067.90000", "2019-09-30": "4688.20000", "2019-06-30": "4693.20000", "2019-03-31": "4701.00000", "2018-12-31": "4246.50000", "2018-09-30": "4280.80000", "2018-06-30": "4064.70000", "2018-03-31": "3877.30000", "2017-12-31": "3449.80000", "2017-09-30": "3475.10000", "2017-06-30": "3479.60000", "2017-03-31": "3392.90000", "2016-12-31": "3044.30000", "2016-09-30": "2927.40000", "2016-06-30": "2946.30000", "2016-03-31": "2712.60000", "2015-12-31": "2444.50000", "2015-09-30": "2444.30000", "2015-06-30": "2278.60000", "2015-03-31": "2349.80000", "2014-12-31": "2083.20000", "2014-09-30": "1974.00000", "2014-06-30": "1954.80000", "2014-03-31": "1858.70000", "2013-12-31": "1683.30000", "2013-09-30": "1695.40000", "2013-06-30": "1661.40000", "2013-03-31": "1623.70000", "2012-12-31": "1511.30000", "2012-09-30": "1505.51700", "2012-06-30": "1462.57000", "2012-03-31": "1382.46700", "2011-12-31": "1218.60000", "2011-09-30": "1177.38200", "2011-06-30": "1139.74400", "2011-03-31": "1096.78000", "2010-12-31": "869.04100", "2010-09-30": "859.86000", "2010-06-30": "673.20000", "2010-03-31": "696.97200", "2009-12-31": "678.02600", "2009-09-30": "726.29300", "2009-06-30": "764.13100", "2009-03-31": "808.58700", "2008-12-31": "801.60300", "2008-09-30": "850.63000", "2008-06-30": "854.37100", "2008-03-31": "793.88300", "2007-12-31": "676.73200", "2007-09-30": "621.36800", "2007-06-30": "616.74000", "2007-03-31": "586.01400", "2006-12-31": "514.86600", "2006-09-30": "545.29100", "2006-06-30": "348.76400", "2006-03-31": "354.60400", "2005-12-31": "246.36800", "2005-09-30": "290.20400", "2005-06-30": "298.91600", "2005-03-31": "301.05700"}, "Common Stock Net": {"2020-09-30": "0.20000", "2020-06-30": "0.20000", "2020-03-31": "0.20000", "2019-12-31": "0.20000", "2019-09-30": "0.20000", "2019-06-30": "0.20000", "2019-03-31": "0.20000", "2018-12-31": "0.20000", "2018-09-30": "0.20000", "2018-06-30": "0.20000", "2018-03-31": "0.20000", "2017-12-31": "0.20000", "2017-09-30": "0.20000", "2017-06-30": "0.20000", "2017-03-31": "0.20000", "2016-12-31": "0.20000", "2016-09-30": "0.20000", "2016-06-30": "0.20000", "2016-03-31": "0.20000", "2015-12-31": "0.20000", "2015-09-30": "0.20000", "2015-06-30": "0.20000", "2015-03-31": "0.20000", "2014-12-31": "0.20000", "2014-09-30": "0.20000", "2014-06-30": "0.20000", "2014-03-31": "0.20000", "2013-12-31": "0.20000", "2013-09-30": "0.20000", "2013-06-30": "0.20000", "2013-03-31": "0.20000", "2012-12-31": "0.20000", "2012-09-30": "0.24600", "2012-06-30": "0.24500", "2012-03-31": "0.25600", "2011-12-31": "0.30000", "2011-09-30": "0.25700", "2011-06-30": "0.25600", "2011-03-31": "0.25600", "2010-12-31": "0.27300", "2010-09-30": "0.27100", "2010-06-30": "0.31000", "2010-03-31": "0.31000", "2009-12-31": "0.31100", "2009-09-30": "0.30900", "2009-06-30": "0.30800", "2009-03-31": "0.30800", "2008-12-31": "0.30600", "2008-09-30": "0.30600", "2008-06-30": "0.30600", "2008-03-31": "0.30500", "2007-12-31": "0.30200", "2007-09-30": "0.30200", "2007-06-30": "0.30300", "2007-03-31": "0.30300", "2006-12-31": "0.30200", "2006-09-30": "0.30100", "2006-06-30": "0.33400", "2006-03-31": "0.33000", "2005-12-31": "0.37000", "2005-09-30": "0.37000", "2005-06-30": "0.37000", "2005-03-31": "0.37000"}, "Retained Earnings (Accumulated Deficit)": {"2020-09-30": "2146.20000", "2020-06-30": "1904.10000", "2020-03-31": "1807.70000", "2019-12-31": "2196.60000", "2019-09-30": "2226.00000", "2019-06-30": "2060.60000", "2019-03-31": "1896.20000", "2018-12-31": "1836.10000", "2018-09-30": "1811.30000", "2018-06-30": "1660.30000", "2018-03-31": "1509.30000", "2017-12-31": "1390.30000", "2017-09-30": "1213.20000", "2017-06-30": "1112.50000", "2017-03-31": "1031.10000", "2016-12-31": "1042.00000", "2016-09-30": "1035.40000", "2016-06-30": "949.50000", "2016-03-31": "864.70000", "2015-12-31": "827.20000", "2015-09-30": "832.70000", "2015-06-30": "758.70000", "2015-03-31": "684.50000", "2014-12-31": "613.40000", "2014-09-30": "665.50000", "2014-06-30": "591.50000", "2014-03-31": "637.20000", "2013-12-31": "686.90000", "2013-09-30": "629.00000", "2013-06-30": "595.20000", "2013-03-31": "569.90000", "2012-12-31": "568.40000", "2012-09-30": "548.10400", "2012-06-30": "495.14800", "2012-03-31": "531.54000", "2011-12-31": "500.90000", "2011-09-30": "455.04900", "2011-06-30": "405.08900", "2011-03-31": "360.24500", "2010-12-31": "443.32600", "2010-09-30": "397.21900", "2010-06-30": "555.48300", "2010-03-31": "506.44300", "2009-12-31": "474.43300", "2009-09-30": "434.09800", "2009-06-30": "393.36400", "2009-03-31": "357.17900", "2008-12-31": "328.17800", "2008-09-30": "309.62200", "2008-06-30": "288.96500", "2008-03-31": "278.62100", "2007-12-31": "261.00100", "2007-09-30": "248.51800", "2007-06-30": "236.85600", "2007-03-31": "224.52400", "2006-12-31": "209.25300", "2006-09-30": "209.03600", "2006-06-30": "304.31700", "2006-03-31": "287.67400", "2005-12-31": "344.51300", "2005-09-30": "319.27300", "2005-06-30": "304.67900", "2005-03-31": "287.62600"}, "Comprehensive Income": {"2020-09-30": "1.70000", "2020-06-30": "1.90000", "2020-03-31": "0.70000", "2019-12-31": "0.80000", "2019-09-30": "0.90000", "2019-06-30": "0.80000", "2019-03-31": "0.30000", "2018-12-31": "-0.30000", "2018-09-30": "-0.60000", "2018-06-30": "-0.60000", "2018-03-31": "-0.50000", "2017-12-31": "-0.20000", "2017-09-30": "", "2017-06-30": "", "2017-03-31": "-0.10000", "2016-12-31": "-0.20000", "2016-09-30": "0.30000", "2016-06-30": "0.40000", "2016-03-31": "0.30000", "2015-12-31": "-0.10000", "2015-09-30": "0.10000", "2015-06-30": "", "2015-03-31": "0.20000", "2014-12-31": "-0.10000", "2014-09-30": "-0.10000", "2014-06-30": "0.00000", "2014-03-31": "-0.10000", "2013-12-31": "-0.20000", "2013-09-30": "-0.20000", "2013-06-30": "-0.20000", "2013-03-31": "0.00000", "2012-12-31": "-0.10000", "2012-09-30": "0.00000", "2012-06-30": "0.01700", "2012-03-31": "0.01000", "2011-12-31": "", "2011-09-30": "0.00200", "2011-06-30": "-0.02300", "2011-03-31": "-0.06900", "2010-12-31": "-0.11000", "2010-09-30": "-0.14400", "2010-06-30": "-0.12700", "2010-03-31": "-0.60000", "2009-12-31": "-0.90400", "2009-09-30": "-1.29000", "2009-06-30": "-1.64100", "2009-03-31": "-2.17700", "2008-12-31": "-2.56200", "2008-09-30": "-0.18500", "2008-06-30": "-0.18800", "2008-03-31": "0.05600", "2007-12-31": "0.01300", "2007-09-30": "-0.00800", "2007-06-30": "-0.03200", "2007-03-31": "-0.02500", "2006-12-31": "-0.03600", "2006-09-30": "-0.03600", "2006-06-30": "-0.06500", "2006-03-31": "-0.05600", "2005-12-31": "-0.03700", "2005-09-30": "1.90600", "2005-06-30": "2.33300", "2005-03-31": "2.23800"}, "Other Share Holders Equity": {"2020-09-30": "", "2020-06-30": "", "2020-03-31": "", "2019-12-31": "", "2019-09-30": "", "2019-06-30": "", "2019-03-31": "", "2018-12-31": "", "2018-09-30": "", "2018-06-30": "", "2018-03-31": "", "2017-12-31": "", "2017-09-30": "", "2017-06-30": "", "2017-03-31": "", "2016-12-31": "", "2016-09-30": "", "2016-06-30": "", "2016-03-31": "", "2015-12-31": "", "2015-09-30": "", "2015-06-30": "", "2015-03-31": "", "2014-12-31": "", "2014-09-30": "", "2014-06-30": "", "2014-03-31": "", "2013-12-31": "", "2013-09-30": "", "2013-06-30": "", "2013-03-31": "", "2012-12-31": "", "2012-09-30": "", "2012-06-30": "", "2012-03-31": "", "2011-12-31": "", "2011-09-30": "", "2011-06-30": "", "2011-03-31": "", "2010-12-31": "", "2010-09-30": "", "2010-06-30": "", "2010-03-31": "", "2009-12-31": "", "2009-09-30": "", "2009-06-30": "", "2009-03-31": "", "2008-12-31": "", "2008-09-30": "", "2008-06-30": "", "2008-03-31": "", "2007-12-31": "", "2007-09-30": "", "2007-06-30": "", "2007-03-31": "", "2006-12-31": "", "2006-09-30": "", "2006-06-30": "", "2006-03-31": "", "2005-12-31": "", "2005-09-30": "", "2005-06-30": "", "2005-03-31": ""}, "Share Holder Equity": {"2020-09-30": "2308.50000", "2020-06-30": "2065.10000", "2020-03-31": "1966.10000", "2019-12-31": "2355.30000", "2019-09-30": "2382.80000", "2019-06-30": "2215.30000", "2019-03-31": "2048.90000", "2018-12-31": "1990.90000", "2018-09-30": "1963.30000", "2018-06-30": "1809.60000", "2018-03-31": "1656.70000", "2017-12-31": "1535.80000", "2017-09-30": "1351.80000", "2017-06-30": "1248.20000", "2017-03-31": "1163.80000", "2016-12-31": "1173.70000", "2016-09-30": "1165.70000", "2016-06-30": "1078.10000", "2016-03-31": "991.40000", "2015-12-31": "928.10000", "2015-09-30": "931.30000", "2015-06-30": "853.90000", "2015-03-31": "777.30000", "2014-12-31": "702.20000", "2014-09-30": "748.50000", "2014-06-30": "672.80000", "2014-03-31": "715.00000", "2013-12-31": "750.10000", "2013-09-30": "689.80000", "2013-06-30": "653.90000", "2013-03-31": "624.60000", "2012-12-31": "621.90000", "2012-09-30": "597.80500", "2012-06-30": "540.35700", "2012-03-31": "572.56600", "2011-12-31": "540.00000", "2011-09-30": "493.27000", "2011-06-30": "441.91100", "2011-03-31": "395.31000", "2010-12-31": "474.47400", "2010-09-30": "424.42500", "2010-06-30": "581.61800", "2010-03-31": "530.78400", "2009-12-31": "498.21000", "2009-09-30": "451.60800", "2009-06-30": "407.16100", "2009-03-31": "368.39000", "2008-12-31": "337.75100", "2008-09-30": "319.72600", "2008-06-30": "297.73000", "2008-03-31": "285.89500", "2007-12-31": "265.45000", "2007-09-30": "249.82600", "2007-06-30": "239.85700", "2007-03-31": "226.85700", "2006-12-31": "210.34700", "2006-09-30": "206.86900", "2006-06-30": "301.82900", "2006-03-31": "286.25600", "2005-12-31": "373.02600", "2005-09-30": "349.15000", "2005-06-30": "334.46800", "2005-03-31": "316.69900"}, "Total Liabilities And Share Holders Equity": {"2020-09-30": "7421.50000", "2020-06-30": "7337.60000", "2020-03-31": "7259.60000", "2019-12-31": "7423.20000", "2019-09-30": "7071.00000", "2019-06-30": "6908.50000", "2019-03-31": "6749.90000", "2018-12-31": "6237.40000", "2018-09-30": "6244.10000", "2018-06-30": "5874.30000", "2018-03-31": "5534.00000", "2017-12-31": "4985.60000", "2017-09-30": "4826.90000", "2017-06-30": "4727.80000", "2017-03-31": "4556.70000", "2016-12-31": "4218.00000", "2016-09-30": "4093.10000", "2016-06-30": "4024.40000", "2016-03-31": "3704.00000", "2015-12-31": "3372.60000", "2015-09-30": "3375.60000", "2015-06-30": "3132.50000", "2015-03-31": "3127.10000", "2014-12-31": "2785.40000", "2014-09-30": "2722.50000", "2014-06-30": "2627.60000", "2014-03-31": "2573.70000", "2013-12-31": "2433.40000", "2013-09-30": "2385.20000", "2013-06-30": "2315.30000", "2013-03-31": "2248.30000", "2012-12-31": "2133.20000", "2012-09-30": "2103.32200", "2012-06-30": "2002.92700", "2012-03-31": "1955.03300", "2011-12-31": "1758.60000", "2011-09-30": "1670.65200", "2011-06-30": "1581.65500", "2011-03-31": "1492.09000", "2010-12-31": "1343.51500", "2010-09-30": "1284.28500", "2010-06-30": "1254.81800", "2010-03-31": "1227.75600", "2009-12-31": "1176.23600", "2009-09-30": "1177.90100", "2009-06-30": "1171.29200", "2009-03-31": "1176.97700", "2008-12-31": "1139.35400", "2008-09-30": "1170.35600", "2008-06-30": "1152.10100", "2008-03-31": "1079.77800", "2007-12-31": "942.18200", "2007-09-30": "871.19400", "2007-06-30": "856.59700", "2007-03-31": "812.87100", "2006-12-31": "725.21300", "2006-09-30": "752.16000", "2006-06-30": "650.59300", "2006-03-31": "640.86000", "2005-12-31": "619.39400", "2005-09-30": "639.35400", "2005-06-30": "633.38400", "2005-03-31": "617.75600"}}, "cash flow statement": {"Net Income/Loss": {"2019-12-31": "656.10000", "2018-12-31": "574.00000", "2017-12-31": "470.20000", "2016-12-31": "332.80000", "2015-12-31": "299.70000", "2014-12-31": "266.20000", "2013-12-31": "253.10000", "2012-12-31": "219.70000", "2011-12-31": "188.00000", "2010-12-31": "170.10000", "2009-12-31": "146.25500", "2008-12-31": "67.17700", "2007-12-31": "54.91600", "2006-12-31": "58.64000", "2005-12-31": "72.60100"}, "Total Depreciation And Amortization - Cash Flow": {"2019-12-31": "22.40000", "2018-12-31": "19.50000", "2017-12-31": "16.40000", "2016-12-31": "15.30000", "2015-12-31": "14.20000", "2014-12-31": "13.20000", "2013-12-31": "13.20000", "2012-12-31": "12.20000", "2011-12-31": "10.00000", "2010-12-31": "11.00000", "2009-12-31": "9.66000", "2008-12-31": "9.60600", "2007-12-31": "4.10500", "2006-12-31": "4.62400", "2005-12-31": "5.20900"}, "Other Non-Cash Items": {"2019-12-31": "171.10000", "2018-12-31": "116.30000", "2017-12-31": "59.20000", "2016-12-31": "121.90000", "2015-12-31": "89.80000", "2014-12-31": "106.20000", "2013-12-31": "39.30000", "2012-12-31": "61.20000", "2011-12-31": "46.20000", "2010-12-31": "29.50000", "2009-12-31": "12.48100", "2008-12-31": "62.18900", "2007-12-31": "45.14800", "2006-12-31": "11.45800", "2005-12-31": "14.28100"}, "Total Non-Cash Items": {"2019-12-31": "193.50000", "2018-12-31": "135.80000", "2017-12-31": "75.60000", "2016-12-31": "137.20000", "2015-12-31": "104.00000", "2014-12-31": "119.40000", "2013-12-31": "52.50000", "2012-12-31": "73.40000", "2011-12-31": "56.20000", "2010-12-31": "40.50000", "2009-12-31": "22.14100", "2008-12-31": "71.79500", "2007-12-31": "49.25300", "2006-12-31": "16.08200", "2005-12-31": "19.49000"}, "Change In Accounts Receivable": {"2019-12-31": "", "2018-12-31": "", "2017-12-31": "", "2016-12-31": "", "2015-12-31": "", "2014-12-31": "", "2013-12-31": "", "2012-12-31": "", "2011-12-31": "", "2010-12-31": "", "2009-12-31": "", "2008-12-31": "", "2007-12-31": "", "2006-12-31": "", "2005-12-31": ""}, "Change In Inventories": {"2019-12-31": "", "2018-12-31": "", "2017-12-31": "", "2016-12-31": "", "2015-12-31": "", "2014-12-31": "", "2013-12-31": "", "2012-12-31": "", "2011-12-31": "", "2010-12-31": "", "2009-12-31": "", "2008-12-31": "", "2007-12-31": "", "2006-12-31": "", "2005-12-31": ""}, "Change In Accounts Payable": {"2019-12-31": "", "2018-12-31": "", "2017-12-31": "", "2016-12-31": "", "2015-12-31": "", "2014-12-31": "", "2013-12-31": "", "2012-12-31": "", "2011-12-31": "", "2010-12-31": "", "2009-12-31": "", "2008-12-31": "", "2007-12-31": "", "2006-12-31": "", "2005-12-31": ""}, "Change In Assets/Liabilities": {"2019-12-31": "6.00000", "2018-12-31": "-4.40000", "2017-12-31": "-6.50000", "2016-12-31": "-5.90000", "2015-12-31": "-1.00000", "2014-12-31": "-3.70000", "2013-12-31": "-1.50000", "2012-12-31": "1.30000", "2011-12-31": "-2.20000", "2010-12-31": "-1.10000", "2009-12-31": "0.83100", "2008-12-31": "-0.78100", "2007-12-31": "1.10600", "2006-12-31": "-3.42500", "2005-12-31": "-0.49000"}, "Total Change In Assets/Liabilities": {"2019-12-31": "-37.30000", "2018-12-31": "-5.90000", "2017-12-31": "20.20000", "2016-12-31": "37.20000", "2015-12-31": "0.50000", "2014-12-31": "-20.40000", "2013-12-31": "20.10000", "2012-12-31": "15.50000", "2011-12-31": "31.50000", "2010-12-31": "-9.90000", "2009-12-31": "-8.03500", "2008-12-31": "20.85800", "2007-12-31": "-6.41900", "2006-12-31": "11.45200", "2005-12-31": "12.28600"}, "Cash Flow From Operating Activities": {"2019-12-31": "812.30000", "2018-12-31": "703.90000", "2017-12-31": "566.00000", "2016-12-31": "507.20000", "2015-12-31": "404.20000", "2014-12-31": "365.20000", "2013-12-31": "325.70000", "2012-12-31": "308.60000", "2011-12-31": "275.70000", "2010-12-31": "200.70000", "2009-12-31": "160.36100", "2008-12-31": "159.83000", "2007-12-31": "97.75000", "2006-12-31": "86.17400", "2005-12-31": "104.37700"}, "Net Change In Property, Plant, And Equipment": {"2019-12-31": "-26.80000", "2018-12-31": "-25.10000", "2017-12-31": "-8.40000", "2016-12-31": "-5.50000", "2015-12-31": "-4.00000", "2014-12-31": "-4.30000", "2013-12-31": "-5.60000", "2012-12-31": "-8.80000", "2011-12-31": "-6.30000", "2010-12-31": "-3.50000", "2009-12-31": "-2.92500", "2008-12-31": "-6.34100", "2007-12-31": "-7.65900", "2006-12-31": "-1.53600", "2005-12-31": "-2.86300"}, "Net Change In Intangible Assets": {"2019-12-31": "", "2018-12-31": "", "2017-12-31": "", "2016-12-31": "", "2015-12-31": "", "2014-12-31": "", "2013-12-31": "", "2012-12-31": "", "2011-12-31": "", "2010-12-31": "", "2009-12-31": "", "2008-12-31": "", "2007-12-31": "", "2006-12-31": "", "2005-12-31": ""}, "Net Acquisitions/Divestitures": {"2019-12-31": "", "2018-12-31": "", "2017-12-31": "", "2016-12-31": "", "2015-12-31": "", "2014-12-31": "", "2013-12-31": "", "2012-12-31": "", "2011-12-31": "", "2010-12-31": "", "2009-12-31": "", "2008-12-31": "", "2007-12-31": "", "2006-12-31": "", "2005-12-31": ""}, "Net Change In Short-term Investments": {"2019-12-31": "0.90000", "2018-12-31": "-12.60000", "2017-12-31": "-1.10000", "2016-12-31": "2.60000", "2015-12-31": "4.40000", "2014-12-31": "0.10000", "2013-12-31": "-7.90000", "2012-12-31": "-45.50000", "2011-12-31": "0.00000", "2010-12-31": "2.30000", "2009-12-31": "0.21000", "2008-12-31": "-0.04700", "2007-12-31": "0.34800", "2006-12-31": "-0.21500", "2005-12-31": "-2.47000"}, "Net Change In Long-Term Investments": {"2019-12-31": "", "2018-12-31": "", "2017-12-31": "", "2016-12-31": "", "2015-12-31": "", "2014-12-31": "", "2013-12-31": "", "2012-12-31": "", "2011-12-31": "", "2010-12-31": "", "2009-12-31": "", "2008-12-31": "", "2007-12-31": "", "2006-12-31": "", "2005-12-31": ""}, "Net Change In Investments - Total": {"2019-12-31": "0.90000", "2018-12-31": "-12.60000", "2017-12-31": "-1.10000", "2016-12-31": "2.60000", "2015-12-31": "4.40000", "2014-12-31": "0.10000", "2013-12-31": "-7.90000", "2012-12-31": "-45.50000", "2011-12-31": "0.00000", "2010-12-31": "2.30000", "2009-12-31": "0.21000", "2008-12-31": "-0.04700", "2007-12-31": "0.34800", "2006-12-31": "-0.21500", "2005-12-31": "-2.47000"}, "Investing Activities - Other": {"2019-12-31": "-998.30000", "2018-12-31": "-1200.60000", "2017-12-31": "-862.30000", "2016-12-31": "-875.29990", "2015-12-31": "-639.90000", "2014-12-31": "-359.20010", "2013-12-31": "-320.10000", "2012-12-31": "-346.60000", "2011-12-31": "-447.70000", "2010-12-31": "-162.10000", "2009-12-31": "-22.04600", "2008-12-31": "-259.64700", "2007-12-31": "-233.17200", "2006-12-31": "-105.83500", "2005-12-31": "-44.49400"}, "Cash Flow From Investing Activities": {"2019-12-31": "-1024.20000", "2018-12-31": "-1238.30000", "2017-12-31": "-871.80000", "2016-12-31": "-878.20000", "2015-12-31": "-639.50000", "2014-12-31": "-363.40000", "2013-12-31": "-333.60000", "2012-12-31": "-400.90000", "2011-12-31": "-454.00000", "2010-12-31": "-163.30000", "2009-12-31": "-24.76100", "2008-12-31": "-266.03500", "2007-12-31": "-240.48300", "2006-12-31": "-107.58600", "2005-12-31": "-49.82700"}, "Net Long-Term Debt": {"2019-12-31": "898.70000", "2018-12-31": "591.70020", "2017-12-31": "457.00000", "2016-12-31": "593.50000", "2015-12-31": "393.79990", "2014-12-31": "347.39990", "2013-12-31": "82.60000", "2012-12-31": "253.40000", "2011-12-31": "404.90000", "2010-12-31": "138.70000", "2009-12-31": "-170.73500", "2008-12-31": "84.58400", "2007-12-31": "141.49200", "2006-12-31": "242.14200", "2005-12-31": "-75.79600"}, "Net Current Debt": {"2019-12-31": "-171.90010", "2018-12-31": "158.00000", "2017-12-31": "13.90020", "2016-12-31": "-57.70000", "2015-12-31": "-61.80010", "2014-12-31": "16.70000", "2013-12-31": "59.30010", "2012-12-31": "-0.40010", "2011-12-31": "-92.80010", "2010-12-31": "39.40000", "2009-12-31": "36.00000", "2008-12-31": "25.00000", "2007-12-31": "-2.10000", "2006-12-31": "2.10000", "2005-12-31": "28.60000"}, "Debt Issuance/Retirement Net - Total": {"2019-12-31": "726.79980", "2018-12-31": "749.70020", "2017-12-31": "470.90010", "2016-12-31": "535.80000", "2015-12-31": "331.99990", "2014-12-31": "364.09990", "2013-12-31": "141.90010", "2012-12-31": "252.99990", "2011-12-31": "312.10000", "2010-12-31": "178.10000", "2009-12-31": "-134.73500", "2008-12-31": "109.58400", "2007-12-31": "139.39200", "2006-12-31": "244.24200", "2005-12-31": "-47.19600"}, "Net Common Equity Issued/Repurchased": {"2019-12-31": "-300.40000", "2018-12-31": "-129.10000", "2017-12-31": "-123.50000", "2016-12-31": "-121.70000", "2015-12-31": "-86.50000", "2014-12-31": "-343.10000", "2013-12-31": "-134.60000", "2012-12-31": "-151.90000", "2011-12-31": "-127.90000", "2010-12-31": "-199.30000", "2009-12-31": "1.40000", "2008-12-31": "2.30900", "2007-12-31": "-6.94600", "2006-12-31": "-235.07700", "2005-12-31": "0.21000"}, "Net Total Equity Issued/Repurchased": {"2019-12-31": "-300.40000", "2018-12-31": "-129.10000", "2017-12-31": "-123.50000", "2016-12-31": "-121.70000", "2015-12-31": "-86.50000", "2014-12-31": "-343.10000", "2013-12-31": "-134.60000", "2012-12-31": "-151.90000", "2011-12-31": "-127.90000", "2010-12-31": "-199.30000", "2009-12-31": "1.40000", "2008-12-31": "2.30900", "2007-12-31": "-6.94600", "2006-12-31": "-235.07700", "2005-12-31": "0.21000"}, "Total Common And Preferred Stock Dividends Paid": {"2019-12-31": "", "2018-12-31": "", "2017-12-31": "", "2016-12-31": "", "2015-12-31": "", "2014-12-31": "", "2013-12-31": "", "2012-12-31": "", "2011-12-31": "", "2010-12-31": "", "2009-12-31": "", "2008-12-31": "", "2007-12-31": "", "2006-12-31": "", "2005-12-31": ""}, "Financial Activities - Other": {"2019-12-31": "-26.10000", "2018-12-31": "-20.70000", "2017-12-31": "-17.10000", "2016-12-31": "22.50000", "2015-12-31": "-10.30000", "2014-12-31": "-20.60000", "2013-12-31": "-4.20000", "2012-12-31": "-4.50000", "2011-12-31": "-5.00000", "2010-12-31": "-14.60000", "2009-12-31": "-3.24000", "2008-12-31": "-3.26900", "2007-12-31": "2.51200", "2006-12-31": "13.67000", "2005-12-31": ""}, "Cash Flow From Financial Activities": {"2019-12-31": "400.30000", "2018-12-31": "599.90000", "2017-12-31": "330.30000", "2016-12-31": "436.60000", "2015-12-31": "235.20000", "2014-12-31": "0.40000", "2013-12-31": "3.10000", "2012-12-31": "96.60000", "2011-12-31": "179.20000", "2010-12-31": "-35.80000", "2009-12-31": "-136.57500", "2008-12-31": "108.62400", "2007-12-31": "134.95800", "2006-12-31": "22.83500", "2005-12-31": "-46.98600"}, "Net Cash Flow": {"2019-12-31": "188.40000", "2018-12-31": "65.50000", "2017-12-31": "24.50000", "2016-12-31": "65.60000", "2015-12-31": "-0.10000", "2014-12-31": "2.20000", "2013-12-31": "-4.80000", "2012-12-31": "4.30000", "2011-12-31": "0.90000", "2010-12-31": "1.60000", "2009-12-31": "-0.98400", "2008-12-31": "2.44200", "2007-12-31": "-7.81600", "2006-12-31": "1.43800", "2005-12-31": "6.47600"}, "Stock-Based Compensation": {"2019-12-31": "7.60000", "2018-12-31": "10.30000", "2017-12-31": "15.40000", "2016-12-31": "7.40000", "2015-12-31": "12.40000", "2014-12-31": "15.30000", "2013-12-31": "8.50000", "2012-12-31": "12.20000", "2011-12-31": "1.90000", "2010-12-31": "4.10000", "2009-12-31": "6.80500", "2008-12-31": "4.30900", "2007-12-31": "4.65900", "2006-12-31": "0.08700", "2005-12-31": "2.33100"}, "Common Stock Dividends Paid": {"2019-12-31": "", "2018-12-31": "", "2017-12-31": "", "2016-12-31": "", "2015-12-31": "", "2014-12-31": "", "2013-12-31": "", "2012-12-31": "", "2011-12-31": "", "2010-12-31": "", "2009-12-31": "", "2008-12-31": "", "2007-12-31": "", "2006-12-31": "", "2005-12-31": ""}}, "cash flow statement, quarterly": {"Net Income/Loss": {"2020-09-30": 242.1, "2020-06-30": 96.4, "2020-03-31": "-83.80000", "2019-12-31": 161.9, "2019-09-30": 165.4, "2019-06-30": 164.4, "2019-03-31": "164.40000", "2018-12-31": 151.9, "2018-09-30": 151, "2018-06-30": 151, "2018-03-31": "120.10000", "2017-12-31": 177.1, "2017-09-30": 100.7, "2017-06-30": 99.1, "2017-03-31": "93.30000", "2016-12-31": 87.6, "2016-09-30": 85.9, "2016-06-30": 84.9, "2016-03-31": "74.40000", "2015-12-31": 80, "2015-09-30": 74, "2015-06-30": 74.2, "2015-03-31": "71.50000", "2014-12-31": 73, "2014-09-30": 74, "2014-06-30": 69.4, "2014-03-31": "49.80000", "2013-12-31": 65.9, "2013-09-30": 65.1, "2013-06-30": 61.5, "2013-03-31": "60.60000", "2012-12-31": 59.9, "2012-09-30": 52.9, "2012-06-30": 56.6, "2012-03-31": "50.30000", "2011-12-31": 50.005, "2011-09-30": 49.96, "2011-06-30": 44.844, "2011-03-31": "43.19100", "2010-12-31": 47.003, "2010-09-30": 42.047, "2010-06-30": 49.04, "2010-03-31": "32.01000", "2009-12-31": 40.335, "2009-09-30": 40.734, "2009-06-30": 36.185, "2009-03-31": "29.00100", "2008-12-31": 18.556, "2008-09-30": 20.657, "2008-06-30": 10.344, "2008-03-31": "17.62000", "2007-12-31": 12.484, "2007-09-30": 14.742, "2007-06-30": 12.33, "2007-03-31": "15.36000", "2006-12-31": 8.495, "2006-09-30": 15.342, "2006-06-30": 17.606, "2006-03-31": "17.19700", "2005-12-31": 25.24, "2005-09-30": 14.594, "2005-06-30": 17.053, "2005-03-31": "15.71400"}, "Total Depreciation And Amortization - Cash Flow": {"2020-09-30": 6.2, "2020-06-30": 5.8, "2020-03-31": "5.50000", "2019-12-31": 5.8, "2019-09-30": 5.9, "2019-06-30": 5.6, "2019-03-31": "5.10000", "2018-12-31": 5.6, "2018-09-30": 5, "2018-06-30": 4.7, "2018-03-31": "4.20000", "2017-12-31": 4.2, "2017-09-30": 3.9, "2017-06-30": 4.2, "2017-03-31": "4.10000", "2016-12-31": 3.8, "2016-09-30": 3.9, "2016-06-30": 3.8, "2016-03-31": "3.80000", "2015-12-31": 3.5, "2015-09-30": 3.7, "2015-06-30": 3.3, "2015-03-31": "3.70000", "2014-12-31": 3.5, "2014-09-30": 3.5, "2014-06-30": 3.2, "2014-03-31": "3.00000", "2013-12-31": 3.6, "2013-09-30": 3.3, "2013-06-30": 3.1, "2013-03-31": "3.20000", "2012-12-31": 3.4, "2012-09-30": 3, "2012-06-30": 3, "2012-03-31": "2.80000", "2011-12-31": 2.578, "2011-09-30": 2.609, "2011-06-30": 2.325, "2011-03-31": "2.48800", "2010-12-31": 2.298, "2010-09-30": 2.561, "2010-06-30": 2.893, "2010-03-31": "3.24800", "2009-12-31": 2.717, "2009-09-30": 4.22, "2009-06-30": 1.352, "2009-03-31": "1.37100", "2008-12-31": 5.637, "2008-09-30": 1.398, "2008-06-30": 1.34, "2008-03-31": "1.23100", "2007-12-31": 1.107, "2007-09-30": 0.926, "2007-06-30": 1.024, "2007-03-31": "1.04800", "2006-12-31": 1.086, "2006-09-30": 1.065, "2006-06-30": 1.203, "2006-03-31": "1.27000", "2005-12-31": 1.252, "2005-09-30": 1.252, "2005-06-30": 1.402, "2005-03-31": "1.30300"}, "Other Non-Cash Items": {"2020-09-30": -14.3, "2020-06-30": 147.5, "2020-03-31": "326.20000", "2019-12-31": 81.9, "2019-09-30": 25.6, "2019-06-30": 27.5, "2019-03-31": "36.10000", "2018-12-31": 21, "2018-09-30": 26.1, "2018-06-30": 23.6, "2018-03-31": "45.60000", "2017-12-31": -77.7, "2017-09-30": 37.6, "2017-06-30": 36, "2017-03-31": "63.30000", "2016-12-31": 21.4, "2016-09-30": 40.2, "2016-06-30": 32.8, "2016-03-31": "27.50000", "2015-12-31": 28.6, "2015-09-30": 24.5, "2015-06-30": 19.3, "2015-03-31": "17.40000", "2014-12-31": 27.5, "2014-09-30": 9.6, "2014-06-30": 10.5, "2014-03-31": "58.60000", "2013-12-31": 18.5, "2013-09-30": 11.9, "2013-06-30": 12.6, "2013-03-31": "-3.70000", "2012-12-31": 22.9, "2012-09-30": 14.8, "2012-06-30": 11.6, "2012-03-31": "11.90000", "2011-12-31": 13.459, "2011-09-30": 13.021, "2011-06-30": 15.586, "2011-03-31": "4.13400", "2010-12-31": 5.805, "2010-09-30": 6.829, "2010-06-30": 14.936, "2010-03-31": "1.93000", "2009-12-31": -10.435, "2009-09-30": 10.396, "2009-06-30": 7.331, "2009-03-31": "5.18900", "2008-12-31": 13.378, "2008-09-30": 19.131, "2008-06-30": 19.584, "2008-03-31": "10.09600", "2007-12-31": 23.308, "2007-09-30": 5.899, "2007-06-30": 1.021, "2007-03-31": "14.92000", "2006-12-31": 3.319, "2006-09-30": 5.059, "2006-06-30": -3.145, "2006-03-31": "6.22500", "2005-12-31": 4.3, "2005-09-30": 8.055, "2005-06-30": 1.622, "2005-03-31": "0.30400"}, "Total Non-Cash Items": {"2020-09-30": -8.1, "2020-06-30": 153.3, "2020-03-31": "331.70000", "2019-12-31": 87.7, "2019-09-30": 31.5, "2019-06-30": 33.1, "2019-03-31": "41.20000", "2018-12-31": 26.6, "2018-09-30": 31.1, "2018-06-30": 28.3, "2018-03-31": "49.80000", "2017-12-31": -73.5, "2017-09-30": 41.5, "2017-06-30": 40.2, "2017-03-31": "67.40000", "2016-12-31": 25.2, "2016-09-30": 44.1, "2016-06-30": 36.6, "2016-03-31": "31.30000", "2015-12-31": 32.1, "2015-09-30": 28.2, "2015-06-30": 22.6, "2015-03-31": "21.10000", "2014-12-31": 31, "2014-09-30": 13.1, "2014-06-30": 13.7, "2014-03-31": "61.60000", "2013-12-31": 22.1, "2013-09-30": 15.2, "2013-06-30": 15.7, "2013-03-31": "-0.50000", "2012-12-31": 26.3, "2012-09-30": 17.8, "2012-06-30": 14.6, "2012-03-31": "14.70000", "2011-12-31": 16.037, "2011-09-30": 15.63, "2011-06-30": 17.911, "2011-03-31": "6.62200", "2010-12-31": 8.103, "2010-09-30": 9.39, "2010-06-30": 17.829, "2010-03-31": "5.17800", "2009-12-31": -7.718, "2009-09-30": 14.616, "2009-06-30": 8.683, "2009-03-31": "6.56000", "2008-12-31": 19.015, "2008-09-30": 20.529, "2008-06-30": 20.924, "2008-03-31": "11.32700", "2007-12-31": 24.415, "2007-09-30": 6.825, "2007-06-30": 2.045, "2007-03-31": "15.96800", "2006-12-31": 4.405, "2006-09-30": 6.124, "2006-06-30": -1.942, "2006-03-31": "7.49500", "2005-12-31": 5.552, "2005-09-30": 9.307, "2005-06-30": 3.024, "2005-03-31": "1.60700"}, "Change In Accounts Receivable": {"2020-09-30": 0, "2020-06-30": 0, "2020-03-31": "", "2019-12-31": 0, "2019-09-30": 0, "2019-06-30": 0, "2019-03-31": "", "2018-12-31": 0, "2018-09-30": 0, "2018-06-30": 0, "2018-03-31": "", "2017-12-31": 0, "2017-09-30": 0, "2017-06-30": 0, "2017-03-31": "", "2016-12-31": 0, "2016-09-30": 0, "2016-06-30": 0, "2016-03-31": "", "2015-12-31": 0, "2015-09-30": 0, "2015-06-30": 0, "2015-03-31": "", "2014-12-31": 0, "2014-09-30": 0, "2014-06-30": 0, "2014-03-31": "", "2013-12-31": 0, "2013-09-30": 0, "2013-06-30": 0, "2013-03-31": "", "2012-12-31": 0, "2012-09-30": 0, "2012-06-30": 0, "2012-03-31": "", "2011-12-31": 0, "2011-09-30": 0, "2011-06-30": 0, "2011-03-31": "", "2010-12-31": 0, "2010-09-30": 0, "2010-06-30": 0, "2010-03-31": "", "2009-12-31": 0, "2009-09-30": 0, "2009-06-30": 0, "2009-03-31": "", "2008-12-31": 0, "2008-09-30": 0, "2008-06-30": 0, "2008-03-31": "", "2007-12-31": 0, "2007-09-30": 0, "2007-06-30": 0, "2007-03-31": "", "2006-12-31": 0, "2006-09-30": 0, "2006-06-30": 0, "2006-03-31": "", "2005-12-31": 0, "2005-09-30": 0, "2005-06-30": 0, "2005-03-31": ""}, "Change In Inventories": {"2020-09-30": 0, "2020-06-30": 0, "2020-03-31": "", "2019-12-31": 0, "2019-09-30": 0, "2019-06-30": 0, "2019-03-31": "", "2018-12-31": 0, "2018-09-30": 0, "2018-06-30": 0, "2018-03-31": "", "2017-12-31": 0, "2017-09-30": 0, "2017-06-30": 0, "2017-03-31": "", "2016-12-31": 0, "2016-09-30": 0, "2016-06-30": 0, "2016-03-31": "", "2015-12-31": 0, "2015-09-30": 0, "2015-06-30": 0, "2015-03-31": "", "2014-12-31": 0, "2014-09-30": 0, "2014-06-30": 0, "2014-03-31": "", "2013-12-31": 0, "2013-09-30": 0, "2013-06-30": 0, "2013-03-31": "", "2012-12-31": 0, "2012-09-30": 0, "2012-06-30": 0, "2012-03-31": "", "2011-12-31": 0, "2011-09-30": 0, "2011-06-30": 0, "2011-03-31": "", "2010-12-31": 0, "2010-09-30": 0, "2010-06-30": 0, "2010-03-31": "", "2009-12-31": 0, "2009-09-30": 0, "2009-06-30": 0, "2009-03-31": "", "2008-12-31": 0, "2008-09-30": 0, "2008-06-30": 0, "2008-03-31": "", "2007-12-31": 0, "2007-09-30": 0, "2007-06-30": 0, "2007-03-31": "", "2006-12-31": 0, "2006-09-30": 0, "2006-06-30": 0, "2006-03-31": "", "2005-12-31": 0, "2005-09-30": 0, "2005-06-30": 0, "2005-03-31": ""}, "Change In Accounts Payable": {"2020-09-30": 0, "2020-06-30": 0, "2020-03-31": "", "2019-12-31": 0, "2019-09-30": 0, "2019-06-30": 0, "2019-03-31": "", "2018-12-31": 0, "2018-09-30": 0, "2018-06-30": 0, "2018-03-31": "", "2017-12-31": 0, "2017-09-30": 0, "2017-06-30": 0, "2017-03-31": "", "2016-12-31": 0, "2016-09-30": 0, "2016-06-30": 0, "2016-03-31": "", "2015-12-31": 0, "2015-09-30": 0, "2015-06-30": 0, "2015-03-31": "", "2014-12-31": 0, "2014-09-30": 0, "2014-06-30": 0, "2014-03-31": "", "2013-12-31": 0, "2013-09-30": 0, "2013-06-30": 0, "2013-03-31": "", "2012-12-31": 0, "2012-09-30": 0, "2012-06-30": 0, "2012-03-31": "", "2011-12-31": 0, "2011-09-30": 0, "2011-06-30": 0, "2011-03-31": "", "2010-12-31": 0, "2010-09-30": 0, "2010-06-30": 0, "2010-03-31": "", "2009-12-31": 0, "2009-09-30": 0, "2009-06-30": 0, "2009-03-31": "", "2008-12-31": 0, "2008-09-30": 0, "2008-06-30": 0, "2008-03-31": "", "2007-12-31": 0, "2007-09-30": 0, "2007-06-30": 0, "2007-03-31": "", "2006-12-31": 0, "2006-09-30": 0, "2006-06-30": 0, "2006-03-31": "", "2005-12-31": 0, "2005-09-30": 0, "2005-06-30": 0, "2005-03-31": ""}, "Change In Assets/Liabilities": {"2020-09-30": 10.7, "2020-06-30": -8.8, "2020-03-31": "12.30000", "2019-12-31": -12, "2019-09-30": 15.2, "2019-06-30": -4.6, "2019-03-31": "7.40000", "2018-12-31": -10.8, "2018-09-30": 5.2, "2018-06-30": -1.8, "2018-03-31": "3.00000", "2017-12-31": -8.3, "2017-09-30": 2.6, "2017-06-30": -3.7, "2017-03-31": "2.90000", "2016-12-31": -6.5, "2016-09-30": 1.9, "2016-06-30": -3.4, "2016-03-31": "2.10000", "2015-12-31": -4, "2015-09-30": 1.9, "2015-06-30": -2.4, "2015-03-31": "3.50000", "2014-12-31": -3.6, "2014-09-30": -1.3, "2014-06-30": 0.1, "2014-03-31": "1.10000", "2013-12-31": -1.9, "2013-09-30": -1.9, "2013-06-30": 0.1, "2013-03-31": "2.20000", "2012-12-31": 1, "2012-09-30": -0.8, "2012-06-30": 0.1, "2012-03-31": "1.00000", "2011-12-31": 1.503, "2011-09-30": -0.739, "2011-06-30": 4.573, "2011-03-31": "-7.53700", "2010-12-31": -1.627, "2010-09-30": 2.346, "2010-06-30": 4.404, "2010-03-31": "-6.22300", "2009-12-31": 1.807, "2009-09-30": 0.007, "2009-06-30": 3.618, "2009-03-31": "-4.60100", "2008-12-31": 1.057, "2008-09-30": -0.063, "2008-06-30": 5.853, "2008-03-31": "-7.62800", "2007-12-31": -1.705, "2007-09-30": 1.68, "2007-06-30": 2.658, "2007-03-31": "-1.52700", "2006-12-31": 0.129, "2006-09-30": -1.283, "2006-06-30": -1.202, "2006-03-31": "-1.06900", "2005-12-31": -2.39, "2005-09-30": 1.435, "2005-06-30": 0.142, "2005-03-31": "0.32300"}, "Total Change In Assets/Liabilities": {"2020-09-30": 42.7, "2020-06-30": 25.3, "2020-03-31": "-16.60000", "2019-12-31": -45.3, "2019-09-30": 10.5, "2019-06-30": -26.6, "2019-03-31": "24.10000", "2018-12-31": 24.4, "2018-09-30": 8.9, "2018-06-30": -76.7, "2018-03-31": "37.50000", "2017-12-31": 47.8, "2017-09-30": 11.4, "2017-06-30": -40.2, "2017-03-31": "1.20000", "2016-12-31": 30.9, "2016-09-30": 5, "2016-06-30": 15.3, "2016-03-31": "-14.00000", "2015-12-31": -8.2, "2015-09-30": 8.6, "2015-06-30": -24.7, "2015-03-31": "24.80000", "2014-12-31": -9.2, "2014-09-30": 9, "2014-06-30": -2.3, "2014-03-31": "-17.90000", "2013-12-31": 16.3, "2013-09-30": 0.4, "2013-06-30": -17.4, "2013-03-31": "20.80000", "2012-12-31": 3.9, "2012-09-30": -3.8, "2012-06-30": -8.7, "2012-03-31": "24.10000", "2011-12-31": 7.301, "2011-09-30": -3.192, "2011-06-30": -8.867, "2011-03-31": "36.25800", "2010-12-31": -5.062, "2010-09-30": -2.946, "2010-06-30": -32.466, "2010-03-31": "30.57400", "2009-12-31": -0.876, "2009-09-30": -8.311, "2009-06-30": -12.764, "2009-03-31": "13.91600", "2008-12-31": 12.246, "2008-09-30": 0.364, "2008-06-30": 9.317, "2008-03-31": "-1.06900", "2007-12-31": -11.418, "2007-09-30": -5.823, "2007-06-30": 9.848, "2007-03-31": "0.97400", "2006-12-31": 8.526, "2006-09-30": -3.226, "2006-06-30": -2.233, "2006-03-31": "8.38500", "2005-12-31": -3.897, "2005-09-30": 8.909, "2005-06-30": -11.389, "2005-03-31": "18.66300"}, "Cash Flow From Operating Activities": {"2020-09-30": 276.7, "2020-06-30": 275, "2020-03-31": "231.30000", "2019-12-31": 204.3, "2019-09-30": 207.4, "2019-06-30": 170.9, "2019-03-31": "229.70000", "2018-12-31": 202.9, "2018-09-30": 191, "2018-06-30": 102.6, "2018-03-31": "207.40000", "2017-12-31": 151.4, "2017-09-30": 153.6, "2017-06-30": 99.1, "2017-03-31": "161.90000", "2016-12-31": 143.7, "2016-09-30": 135, "2016-06-30": 136.8, "2016-03-31": "91.70000", "2015-12-31": 103.9, "2015-09-30": 110.8, "2015-06-30": 72.1, "2015-03-31": "117.40000", "2014-12-31": 94.8, "2014-09-30": 96.1, "2014-06-30": 80.8, "2014-03-31": "93.50000", "2013-12-31": 104.3, "2013-09-30": 80.7, "2013-06-30": 59.8, "2013-03-31": "80.90000", "2012-12-31": 90.1, "2012-09-30": 66.9, "2012-06-30": 62.5, "2012-03-31": "89.10000", "2011-12-31": 73.343, "2011-09-30": 62.398, "2011-06-30": 53.888, "2011-03-31": "86.07100", "2010-12-31": 50.044, "2010-09-30": 48.491, "2010-06-30": 34.403, "2010-03-31": "67.76200", "2009-12-31": 31.741, "2009-09-30": 47.039, "2009-06-30": 32.104, "2009-03-31": "49.47700", "2008-12-31": 49.817, "2008-09-30": 41.55, "2008-06-30": 40.585, "2008-03-31": "27.87800", "2007-12-31": 25.481, "2007-09-30": 15.744, "2007-06-30": 24.223, "2007-03-31": "32.30200", "2006-12-31": 21.426, "2006-09-30": 18.24, "2006-06-30": 13.431, "2006-03-31": "33.07700", "2005-12-31": 26.895, "2005-09-30": 32.81, "2005-06-30": 8.688, "2005-03-31": "35.98400"}, "Net Change In Property, Plant, And Equipment": {"2020-09-30": -1.4, "2020-06-30": -1.9, "2020-03-31": "-4.40000", "2019-12-31": -3.2, "2019-09-30": -7.3, "2019-06-30": -11.6, "2019-03-31": "-4.70000", "2018-12-31": -3, "2018-09-30": -16.9, "2018-06-30": -4, "2018-03-31": "-1.20000", "2017-12-31": -1.5, "2017-09-30": -1.8, "2017-06-30": -1.9, "2017-03-31": "-3.20000", "2016-12-31": -1.9, "2016-09-30": -0.7, "2016-06-30": -1.2, "2016-03-31": "-1.70000", "2015-12-31": -0.8, "2015-09-30": -1, "2015-06-30": -0.9, "2015-03-31": "-1.30000", "2014-12-31": -0.7, "2014-09-30": -0.3, "2014-06-30": -1.2, "2014-03-31": "-2.10000", "2013-12-31": -1.3, "2013-09-30": -1.3, "2013-06-30": -1.8, "2013-03-31": "-1.20000", "2012-12-31": -1.7, "2012-09-30": -1.1, "2012-06-30": -2.1, "2012-03-31": "-3.90000", "2011-12-31": -2.731, "2011-09-30": -1, "2011-06-30": -0.987, "2011-03-31": "-1.58200", "2010-12-31": -2.346, "2010-09-30": 0.772, "2010-06-30": -1.145, "2010-03-31": "-0.78100", "2009-12-31": -1.136, "2009-09-30": -0.382, "2009-06-30": -0.598, "2009-03-31": "-0.80900", "2008-12-31": -0.946, "2008-09-30": -1.104, "2008-06-30": -1.901, "2008-03-31": "-2.39000", "2007-12-31": -1.981, "2007-09-30": -2.65, "2007-06-30": -1.766, "2007-03-31": "-1.26200", "2006-12-31": -1.292, "2006-09-30": 0.445, "2006-06-30": -0.298, "2006-03-31": "-0.39100", "2005-12-31": -0.18, "2005-09-30": -0.563, "2005-06-30": -0.86, "2005-03-31": "-1.26000"}, "Net Change In Intangible Assets": {"2020-09-30": 0, "2020-06-30": 0, "2020-03-31": "", "2019-12-31": 0, "2019-09-30": 0, "2019-06-30": 0, "2019-03-31": "", "2018-12-31": 0, "2018-09-30": 0, "2018-06-30": 0, "2018-03-31": "", "2017-12-31": 0, "2017-09-30": 0, "2017-06-30": 0, "2017-03-31": "", "2016-12-31": 0, "2016-09-30": 0, "2016-06-30": 0, "2016-03-31": "", "2015-12-31": 0, "2015-09-30": 0, "2015-06-30": 0, "2015-03-31": "", "2014-12-31": 0, "2014-09-30": 0, "2014-06-30": 0, "2014-03-31": "", "2013-12-31": 0, "2013-09-30": 0, "2013-06-30": 0, "2013-03-31": "", "2012-12-31": 0, "2012-09-30": 0, "2012-06-30": 0, "2012-03-31": "", "2011-12-31": 0, "2011-09-30": 0, "2011-06-30": 0, "2011-03-31": "", "2010-12-31": 0, "2010-09-30": 0, "2010-06-30": 0, "2010-03-31": "", "2009-12-31": 0, "2009-09-30": 0, "2009-06-30": 0, "2009-03-31": "", "2008-12-31": 0, "2008-09-30": 0, "2008-06-30": 0, "2008-03-31": "", "2007-12-31": 0, "2007-09-30": 0, "2007-06-30": 0, "2007-03-31": "", "2006-12-31": 0, "2006-09-30": 0, "2006-06-30": 0, "2006-03-31": "", "2005-12-31": 0, "2005-09-30": 0, "2005-06-30": 0, "2005-03-31": ""}, "Net Acquisitions/Divestitures": {"2020-09-30": 0, "2020-06-30": 0, "2020-03-31": "", "2019-12-31": 0, "2019-09-30": 0, "2019-06-30": 0, "2019-03-31": "", "2018-12-31": 0, "2018-09-30": 0, "2018-06-30": 0, "2018-03-31": "", "2017-12-31": 0, "2017-09-30": 0, "2017-06-30": 0, "2017-03-31": "", "2016-12-31": 0, "2016-09-30": 0, "2016-06-30": 0, "2016-03-31": "", "2015-12-31": 0, "2015-09-30": 0, "2015-06-30": 0, "2015-03-31": "", "2014-12-31": 0, "2014-09-30": 0, "2014-06-30": 0, "2014-03-31": "", "2013-12-31": 0, "2013-09-30": 0, "2013-06-30": 0, "2013-03-31": "", "2012-12-31": 0, "2012-09-30": 0, "2012-06-30": 0, "2012-03-31": "", "2011-12-31": 0, "2011-09-30": 0, "2011-06-30": 0, "2011-03-31": "", "2010-12-31": 0, "2010-09-30": 0, "2010-06-30": 0, "2010-03-31": "", "2009-12-31": 0, "2009-09-30": 0, "2009-06-30": 0, "2009-03-31": "", "2008-12-31": 0, "2008-09-30": 0, "2008-06-30": 0, "2008-03-31": "", "2007-12-31": 0, "2007-09-30": 0, "2007-06-30": 0, "2007-03-31": "", "2006-12-31": 0, "2006-09-30": 0, "2006-06-30": 0, "2006-03-31": "", "2005-12-31": 0, "2005-09-30": 0, "2005-06-30": 0, "2005-03-31": ""}, "Net Change In Short-term Investments": {"2020-09-30": 1, "2020-06-30": -3.1, "2020-03-31": "-3.90000", "2019-12-31": 0.7, "2019-09-30": 1.7, "2019-06-30": 1.1, "2019-03-31": "-2.60000", "2018-12-31": -1.5, "2018-09-30": -2.1, "2018-06-30": -3.4, "2018-03-31": "-5.60000", "2017-12-31": -0.4, "2017-09-30": 0.4, "2017-06-30": 0.2, "2017-03-31": "-1.30000", "2016-12-31": 0.9, "2016-09-30": -0.7, "2016-06-30": 2.7, "2016-03-31": "-0.30000", "2015-12-31": 1.8, "2015-09-30": 1.7, "2015-06-30": 0.5, "2015-03-31": "0.40000", "2014-12-31": -1.8, "2014-09-30": 2.8, "2014-06-30": -2.3, "2014-03-31": "1.40000", "2013-12-31": -1.8, "2013-09-30": -4.4, "2013-06-30": -0.3, "2013-03-31": "-1.40000", "2012-12-31": -46.3, "2012-09-30": 0.9, "2012-06-30": -0.1, "2012-03-31": "0.00000", "2011-12-31": 0.002, "2011-09-30": -0.079, "2011-06-30": 0.075, "2011-03-31": "0.00200", "2010-12-31": -0.005, "2010-09-30": 2.067, "2010-06-30": 0.196, "2010-03-31": "0.04200", "2009-12-31": -0.37, "2009-09-30": 0.119, "2009-06-30": 0.254, "2009-03-31": "0.20700", "2008-12-31": 0.645, "2008-09-30": 0.253, "2008-06-30": -1.265, "2008-03-31": "0.32000", "2007-12-31": 0.246, "2007-09-30": 0.297, "2007-06-30": 0.108, "2007-03-31": "-0.30300", "2006-12-31": 0.077, "2006-09-30": 0.251, "2006-06-30": -0.493, "2006-03-31": "-0.05000", "2005-12-31": 0.085, "2005-09-30": -1.292, "2005-06-30": -0.346, "2005-03-31": "-0.91700"}, "Net Change In Long-Term Investments": {"2020-09-30": 0, "2020-06-30": 0, "2020-03-31": "", "2019-12-31": 0, "2019-09-30": 0, "2019-06-30": 0, "2019-03-31": "", "2018-12-31": 0, "2018-09-30": 0, "2018-06-30": 0, "2018-03-31": "", "2017-12-31": 0, "2017-09-30": 0, "2017-06-30": 0, "2017-03-31": "", "2016-12-31": 0, "2016-09-30": 0, "2016-06-30": 0, "2016-03-31": "", "2015-12-31": 0, "2015-09-30": 0, "2015-06-30": 0, "2015-03-31": "", "2014-12-31": 0, "2014-09-30": 0, "2014-06-30": 0, "2014-03-31": "", "2013-12-31": 0, "2013-09-30": 0, "2013-06-30": 0, "2013-03-31": "", "2012-12-31": 0, "2012-09-30": 0, "2012-06-30": 0, "2012-03-31": "", "2011-12-31": 0, "2011-09-30": 0, "2011-06-30": 0, "2011-03-31": "", "2010-12-31": 0, "2010-09-30": 0, "2010-06-30": 0, "2010-03-31": "", "2009-12-31": 0, "2009-09-30": 0, "2009-06-30": 0, "2009-03-31": "", "2008-12-31": 0, "2008-09-30": 0, "2008-06-30": 0, "2008-03-31": "", "2007-12-31": 0, "2007-09-30": 0, "2007-06-30": 0, "2007-03-31": "", "2006-12-31": 0, "2006-09-30": 0, "2006-06-30": 0, "2006-03-31": "", "2005-12-31": 0, "2005-09-30": 0, "2005-06-30": 0, "2005-03-31": ""}, "Net Change In Investments - Total": {"2020-09-30": 1, "2020-06-30": -3.1, "2020-03-31": "-3.90000", "2019-12-31": 0.7, "2019-09-30": 1.7, "2019-06-30": 1.1, "2019-03-31": "-2.60000", "2018-12-31": -1.5, "2018-09-30": -2.1, "2018-06-30": -3.4, "2018-03-31": "-5.60000", "2017-12-31": -0.4, "2017-09-30": 0.4, "2017-06-30": 0.2, "2017-03-31": "-1.30000", "2016-12-31": 0.9, "2016-09-30": -0.7, "2016-06-30": 2.7, "2016-03-31": "-0.30000", "2015-12-31": 1.8, "2015-09-30": 1.7, "2015-06-30": 0.5, "2015-03-31": "0.40000", "2014-12-31": -1.8, "2014-09-30": 2.8, "2014-06-30": -2.3, "2014-03-31": "1.40000", "2013-12-31": -1.8, "2013-09-30": -4.4, "2013-06-30": -0.3, "2013-03-31": "-1.40000", "2012-12-31": -46.3, "2012-09-30": 0.9, "2012-06-30": -0.1, "2012-03-31": "", "2011-12-31": 0.002, "2011-09-30": -0.079, "2011-06-30": 0.075, "2011-03-31": "0.00200", "2010-12-31": -0.005, "2010-09-30": 2.067, "2010-06-30": 0.196, "2010-03-31": "0.04200", "2009-12-31": -0.37, "2009-09-30": 0.119, "2009-06-30": 0.254, "2009-03-31": "0.20700", "2008-12-31": 0.645, "2008-09-30": 0.253, "2008-06-30": -1.265, "2008-03-31": "0.32000", "2007-12-31": 0.246, "2007-09-30": 0.297, "2007-06-30": 0.108, "2007-03-31": "-0.30300", "2006-12-31": 0.077, "2006-09-30": 0.251, "2006-06-30": -0.493, "2006-03-31": "-0.05000", "2005-12-31": 0.085, "2005-09-30": -1.292, "2005-06-30": -0.346, "2005-03-31": "-0.91700"}, "Investing Activities - Other": {"2020-09-30": -85.5998, "2020-06-30": -270.7001, "2020-03-31": "-288.00000", "2019-12-31": -148.7, "2019-09-30": -199, "2019-06-30": -255.7, "2019-03-31": "-394.90000", "2018-12-31": -223.4, "2018-09-30": -227.1999, "2018-06-30": -296.5001, "2018-03-31": "-453.50000", "2017-12-31": -229.5, "2017-09-30": -193.5, "2017-06-30": -169.4, "2017-03-31": "-269.90000", "2016-12-31": -84.1999, "2016-09-30": -251.2, "2016-06-30": -197.6, "2016-03-31": "-342.30000", "2015-12-31": -147.1, "2015-09-30": -136.5, "2015-06-30": -88.5, "2015-03-31": "-267.80000", "2014-12-31": -57.1001, "2014-09-30": -102.3, "2014-06-30": -54.6, "2014-03-31": "-145.20000", "2013-12-31": -49.1, "2013-09-30": -76.1, "2013-06-30": -70.1, "2013-03-31": "-124.80000", "2012-12-31": 12.3, "2012-09-30": -109.9, "2012-06-30": -49.2, "2012-03-31": "-199.80000", "2011-12-31": -93.24, "2011-09-30": -96.983, "2011-06-30": -99.252, "2011-03-31": "-158.22500", "2010-12-31": -51.75, "2010-09-30": -35.97, "2010-06-30": -24.933, "2010-03-31": "-49.44700", "2009-12-31": 5.599, "2009-09-30": 3.08, "2009-06-30": 6.282, "2009-03-31": "-37.00700", "2008-12-31": 6.898, "2008-09-30": -28.742, "2008-06-30": -102.72, "2008-03-31": "-135.08300", "2007-12-31": -70.554, "2007-09-30": -9.856, "2007-06-30": -58.245, "2007-03-31": "-94.51700", "2006-12-31": -32.887, "2006-09-30": -29.172, "2006-06-30": -13.495, "2006-03-31": "-30.28100", "2005-12-31": 14.894, "2005-09-30": -5.949, "2005-06-30": -13.01, "2005-03-31": "-40.42900"}, "Cash Flow From Investing Activities": {"2020-09-30": -86, "2020-06-30": -275.7, "2020-03-31": "-296.30000", "2019-12-31": -151.2, "2019-09-30": -204.6, "2019-06-30": -266.2, "2019-03-31": "-402.20000", "2018-12-31": -227.9, "2018-09-30": -246.2, "2018-06-30": -303.9, "2018-03-31": "-460.30000", "2017-12-31": -231.4, "2017-09-30": -194.9, "2017-06-30": -171.1, "2017-03-31": "-274.40000", "2016-12-31": -85.2, "2016-09-30": -252.6, "2016-06-30": -196.1, "2016-03-31": "-344.30000", "2015-12-31": -146.1, "2015-09-30": -135.8, "2015-06-30": -88.9, "2015-03-31": "-268.70000", "2014-12-31": -59.6, "2014-09-30": -99.8, "2014-06-30": -58.1, "2014-03-31": "-145.90000", "2013-12-31": -52.2, "2013-09-30": -81.8, "2013-06-30": -72.2, "2013-03-31": "-127.40000", "2012-12-31": -35.7, "2012-09-30": -110.1, "2012-06-30": -51.4, "2012-03-31": "-203.70000", "2011-12-31": -95.969, "2011-09-30": -98.062, "2011-06-30": -100.164, "2011-03-31": "-159.80500", "2010-12-31": -54.101, "2010-09-30": -33.131, "2010-06-30": -25.882, "2010-03-31": "-50.18600", "2009-12-31": 4.093, "2009-09-30": 2.817, "2009-06-30": 5.938, "2009-03-31": "-37.60900", "2008-12-31": 6.597, "2008-09-30": -29.593, "2008-06-30": -105.886, "2008-03-31": "-137.15300", "2007-12-31": -72.289, "2007-09-30": -12.209, "2007-06-30": -59.903, "2007-03-31": "-96.08200", "2006-12-31": -34.102, "2006-09-30": -28.476, "2006-06-30": -14.286, "2006-03-31": "-30.72200", "2005-12-31": 14.799, "2005-09-30": -7.804, "2005-06-30": -14.216, "2005-03-31": "-42.60600"}, "Net Long-Term Debt": {"2020-09-30": -144.6, "2020-06-30": -121.9001, "2020-03-31": "217.00010", "2019-12-31": 363.3001, "2019-09-30": -2.5001, "2019-06-30": -50.2, "2019-03-31": "588.10000", "2018-12-31": -230.8999, "2018-09-30": 211.4001, "2018-06-30": 243.4, "2018-03-31": "367.80000", "2017-12-31": 189.3, "2017-09-30": -145.4, "2017-06-30": 245.1, "2017-03-31": "168.00000", "2016-12-31": 179.2, "2016-09-30": -114.5, "2016-06-30": 248.1, "2016-03-31": "280.70000", "2015-12-31": -54.3001, "2015-09-30": 187.9, "2015-06-30": -90.3, "2015-03-31": "350.50000", "2014-12-31": -18.3002, "2014-09-30": 102.8001, "2014-06-30": 109.9, "2014-03-31": "153.00000", "2013-12-31": -56.6, "2013-09-30": 90, "2013-06-30": 16.4, "2013-03-31": "32.80000", "2012-12-31": 61.0001, "2012-09-30": 27.3999, "2012-06-30": 159.8, "2012-03-31": "5.20000", "2011-12-31": 84.368, "2011-09-30": 62.083, "2011-06-30": 54.007, "2011-03-31": "204.44200", "2010-12-31": -28.046, "2010-09-30": 87.522, "2010-06-30": 19.123, "2010-03-31": "60.10100", "2009-12-31": -32.097, "2009-09-30": -34.438, "2009-06-30": -51.513, "2009-03-31": "-52.68700", "2008-12-31": -28.623, "2008-09-30": -56.222, "2008-06-30": 113.845, "2008-03-31": "55.58400", "2007-12-31": 42.104, "2007-09-30": 12.637, "2007-06-30": 30.479, "2007-03-31": "56.27200", "2006-12-31": 57.018, "2006-09-30": 85.382, "2006-06-30": 69.11, "2006-03-31": "30.63200", "2005-12-31": -37.61, "2005-09-30": -12.683, "2005-06-30": -12.344, "2005-03-31": "-13.15900"}, "Net Current Debt": {"2020-09-30": -34.8003, "2020-06-30": 80.6, "2020-03-31": "79.90000", "2019-12-31": -52.2001, "2019-09-30": 13.8, "2019-06-30": 38.4, "2019-03-31": "-171.90000", "2018-12-31": 171.9, "2018-09-30": 0, "2018-06-30": -23, "2018-03-31": "9.10000", "2017-12-31": -116.5998, "2017-09-30": 130.5, "2017-06-30": -134.1, "2017-03-31": "134.10000", "2016-12-31": -85.2, "2016-09-30": 85.2, "2016-06-30": -36.3, "2016-03-31": "-21.40000", "2015-12-31": 57.6999, "2015-09-30": -24.7999, "2015-06-30": 24.7999, "2015-03-31": "-119.50000", "2014-12-31": 110.7, "2014-09-30": -97.4, "2014-06-30": -9.7, "2014-03-31": "13.10000", "2013-12-31": 15.2, "2013-09-30": -63.1999, "2013-06-30": 34.9, "2013-03-31": "72.40000", "2012-12-31": -72.3, "2012-09-30": 102.7, "2012-06-30": -160.5001, "2012-03-31": "129.70000", "2011-12-31": -55.5, "2011-09-30": -27.8001, "2011-06-30": -5.6, "2011-03-31": "-3.90000", "2010-12-31": 34, "2010-09-30": 98.4, "2010-06-30": -24.1, "2010-03-31": "-68.90000", "2009-12-31": -5.2, "2009-09-30": -11.4, "2009-06-30": 14.6, "2009-03-31": "38.00000", "2008-12-31": -21.6, "2008-09-30": 44.8, "2008-06-30": -49.3, "2008-03-31": "51.10000", "2007-12-31": -1, "2007-09-30": -7.2, "2007-06-30": 7.6, "2007-03-31": "-1.50000", "2006-12-31": 12.4, "2006-09-30": -8.4, "2006-06-30": -67.53, "2006-03-31": "65.63000", "2005-12-31": -9.7, "2005-09-30": 1.3, "2005-06-30": 17.4, "2005-03-31": "19.60000"}, "Debt Issuance/Retirement Net - Total": {"2020-09-30": -179.4003, "2020-06-30": -41.3001, "2020-03-31": "296.90010", "2019-12-31": 311.0998, "2019-09-30": 11.3, "2019-06-30": -11.8, "2019-03-31": "416.20000", "2018-12-31": -58.9999, "2018-09-30": 211.4002, "2018-06-30": 220.3999, "2018-03-31": "376.90000", "2017-12-31": 72.7001, "2017-09-30": -14.9, "2017-06-30": 111, "2017-03-31": "302.10000", "2016-12-31": 94, "2016-09-30": -29.3, "2016-06-30": 211.8, "2016-03-31": "259.30000", "2015-12-31": 3.3999, "2015-09-30": 163.1001, "2015-06-30": -65.5001, "2015-03-31": "231.00000", "2014-12-31": 92.3998, "2014-09-30": 5.4001, "2014-06-30": 100.2001, "2014-03-31": "166.09990", "2013-12-31": -41.4, "2013-09-30": 26.8, "2013-06-30": 51.3001, "2013-03-31": "105.20000", "2012-12-31": -11.2999, "2012-09-30": 130.0998, "2012-06-30": -0.7, "2012-03-31": "134.90000", "2011-12-31": 28.868, "2011-09-30": 34.283, "2011-06-30": 48.407, "2011-03-31": "200.54200", "2010-12-31": 5.954, "2010-09-30": 185.922, "2010-06-30": -4.977, "2010-03-31": "-8.79900", "2009-12-31": -37.297, "2009-09-30": -45.838, "2009-06-30": -36.913, "2009-03-31": "-14.68700", "2008-12-31": -50.223, "2008-09-30": -11.422, "2008-06-30": 64.545, "2008-03-31": "106.68400", "2007-12-31": 41.104, "2007-09-30": 5.437, "2007-06-30": 38.079, "2007-03-31": "54.77200", "2006-12-31": 69.418, "2006-09-30": 76.982, "2006-06-30": 1.58, "2006-03-31": "96.26200", "2005-12-31": -47.31, "2005-09-30": -11.383, "2005-06-30": 5.056, "2005-03-31": "6.44100"}, "Net Common Equity Issued/Repurchased": {"2020-09-30": 0, "2020-06-30": 0, "2020-03-31": "-307.10000", "2019-12-31": -191.2, "2019-09-30": 0, "2019-06-30": 0, "2019-03-31": "-109.20000", "2018-12-31": -127.1, "2018-09-30": 0, "2018-06-30": 0, "2018-03-31": "-2.00000", "2017-12-31": 0, "2017-09-30": 0, "2017-06-30": -17.7, "2017-03-31": "-105.80000", "2016-12-31": -80.9, "2016-09-30": 0, "2016-06-30": 0, "2016-03-31": "-40.80000", "2015-12-31": -85.4, "2015-09-30": 0, "2015-06-30": 0, "2015-03-31": "-1.10000", "2014-12-31": -125, "2014-09-30": 0, "2014-06-30": -115.1, "2014-03-31": "-103.00000", "2013-12-31": -8, "2013-09-30": -31, "2013-06-30": -35.9, "2013-03-31": "-59.70000", "2012-12-31": -39.4, "2012-09-30": -84.3, "2012-06-30": -8.4, "2012-03-31": "-19.80000", "2011-12-31": -4.006, "2011-09-30": 0.308, "2011-06-30": 0.558, "2011-03-31": "-124.76000", "2010-12-31": 1.587, "2010-09-30": -199.163, "2010-06-30": 0.153, "2010-03-31": "-1.87700", "2009-12-31": 1.051, "2009-09-30": 0.537, "2009-06-30": 0.196, "2009-03-31": "-0.38400", "2008-12-31": 0.273, "2008-09-30": 0.191, "2008-06-30": 0.453, "2008-03-31": "1.39200", "2007-12-31": 0.454, "2007-09-30": -6.202, "2007-06-30": -1.53, "2007-03-31": "0.33200", "2006-12-31": -120.676, "2006-09-30": -4.954, "2006-06-30": -5.657, "2006-03-31": "-103.79000", "2005-12-31": 0.065, "2005-09-30": 0.004, "2005-06-30": 0.092, "2005-03-31": "0.04900"}, "Net Total Equity Issued/Repurchased": {"2020-09-30": 0, "2020-06-30": 0, "2020-03-31": "-307.10000", "2019-12-31": -191.2, "2019-09-30": 0, "2019-06-30": 0, "2019-03-31": "-109.20000", "2018-12-31": -127.1, "2018-09-30": 0, "2018-06-30": 0, "2018-03-31": "-2.00000", "2017-12-31": 0, "2017-09-30": 0, "2017-06-30": -17.7, "2017-03-31": "-105.80000", "2016-12-31": -80.9, "2016-09-30": 0, "2016-06-30": 0, "2016-03-31": "-40.80000", "2015-12-31": -85.4, "2015-09-30": 0, "2015-06-30": 0, "2015-03-31": "-1.10000", "2014-12-31": -125, "2014-09-30": 0, "2014-06-30": -115.1, "2014-03-31": "-103.00000", "2013-12-31": -8, "2013-09-30": -31, "2013-06-30": -35.9, "2013-03-31": "-59.70000", "2012-12-31": -39.4, "2012-09-30": -84.3, "2012-06-30": -8.4, "2012-03-31": "-19.80000", "2011-12-31": -4.006, "2011-09-30": 0.308, "2011-06-30": 0.558, "2011-03-31": "-124.76000", "2010-12-31": 1.587, "2010-09-30": -199.163, "2010-06-30": 0.153, "2010-03-31": "-1.87700", "2009-12-31": 1.051, "2009-09-30": 0.537, "2009-06-30": 0.196, "2009-03-31": "-0.38400", "2008-12-31": 0.273, "2008-09-30": 0.191, "2008-06-30": 0.453, "2008-03-31": "1.39200", "2007-12-31": 0.454, "2007-09-30": -6.202, "2007-06-30": -1.53, "2007-03-31": "0.33200", "2006-12-31": -120.676, "2006-09-30": -4.954, "2006-06-30": -5.657, "2006-03-31": "-103.79000", "2005-12-31": 0.065, "2005-09-30": 0.004, "2005-06-30": 0.092, "2005-03-31": "0.04900"}, "Total Common And Preferred Stock Dividends Paid": {"2020-09-30": 0, "2020-06-30": 0, "2020-03-31": "", "2019-12-31": 0, "2019-09-30": 0, "2019-06-30": 0, "2019-03-31": "", "2018-12-31": 0, "2018-09-30": 0, "2018-06-30": 0, "2018-03-31": "", "2017-12-31": 0, "2017-09-30": 0, "2017-06-30": 0, "2017-03-31": "", "2016-12-31": 0, "2016-09-30": 0, "2016-06-30": 0, "2016-03-31": "", "2015-12-31": 0, "2015-09-30": 0, "2015-06-30": 0, "2015-03-31": "", "2014-12-31": 0, "2014-09-30": 0, "2014-06-30": 0, "2014-03-31": "", "2013-12-31": 0, "2013-09-30": 0, "2013-06-30": 0, "2013-03-31": "", "2012-12-31": 0, "2012-09-30": 0, "2012-06-30": 0, "2012-03-31": "", "2011-12-31": 0, "2011-09-30": 0, "2011-06-30": 0, "2011-03-31": "", "2010-12-31": 0, "2010-09-30": 0, "2010-06-30": 0, "2010-03-31": "", "2009-12-31": 0, "2009-09-30": 0, "2009-06-30": 0, "2009-03-31": "", "2008-12-31": 0, "2008-09-30": 0, "2008-06-30": 0, "2008-03-31": "", "2007-12-31": 0, "2007-09-30": 0, "2007-06-30": 0, "2007-03-31": "", "2006-12-31": 0, "2006-09-30": 0, "2006-06-30": 0, "2006-03-31": "", "2005-12-31": 0, "2005-09-30": 0, "2005-06-30": 0, "2005-03-31": ""}, "Financial Activities - Other": {"2020-09-30": -1.7, "2020-06-30": -0.6, "2020-03-31": "-8.70000", "2019-12-31": -9.8, "2019-09-30": -8.1, "2019-06-30": -3.6, "2019-03-31": "-4.60000", "2018-12-31": -2.9, "2018-09-30": -6.6, "2018-06-30": -5.4, "2018-03-31": "-5.80000", "2017-12-31": -7.4, "2017-09-30": -6.4, "2017-06-30": -8, "2017-03-31": "4.70000", "2016-12-31": -5.4, "2016-09-30": -5.7, "2016-06-30": -3.3, "2016-03-31": "36.90000", "2015-12-31": -4.2, "2015-09-30": -4.7, "2015-06-30": -3.1, "2015-03-31": "1.70000", "2014-12-31": -0.5, "2014-09-30": -4.1, "2014-06-30": -6.7, "2014-03-31": "-9.30000", "2013-12-31": -2.1, "2013-09-30": -0.1, "2013-06-30": -1.8, "2013-03-31": "-0.20000", "2012-12-31": -0.4, "2012-09-30": -2, "2012-06-30": -1.6, "2012-03-31": "-0.50000", "2011-12-31": -1.178, "2011-09-30": -0.983, "2011-06-30": -1.584, "2011-03-31": "-1.25500", "2010-12-31": -1.254, "2010-09-30": -2.118, "2010-06-30": -3.76, "2010-03-31": "-7.46800", "2009-12-31": 0.974, "2009-09-30": -4.55, "2009-06-30": 0.183, "2009-03-31": "0.15300", "2008-12-31": -4.259, "2008-09-30": 0.125, "2008-06-30": 0.383, "2008-03-31": "0.48200", "2007-12-31": 0.346, "2007-09-30": 0.91, "2007-06-30": 0.797, "2007-03-31": "0.45900", "2006-12-31": 5.51, "2006-09-30": 4.631, "2006-06-30": 3.529, "2006-03-31": "", "2005-12-31": 0, "2005-09-30": 0, "2005-06-30": 0, "2005-03-31": ""}, "Cash Flow From Financial Activities": {"2020-09-30": -181.1, "2020-06-30": -41.9, "2020-03-31": "-18.90000", "2019-12-31": 110.1, "2019-09-30": 3.2, "2019-06-30": -15.4, "2019-03-31": "302.40000", "2018-12-31": -189, "2018-09-30": 204.8, "2018-06-30": 215, "2018-03-31": "369.10000", "2017-12-31": 65.3, "2017-09-30": -21.3, "2017-06-30": 85.3, "2017-03-31": "201.00000", "2016-12-31": 7.7, "2016-09-30": -35, "2016-06-30": 208.5, "2016-03-31": "255.40000", "2015-12-31": -86.2, "2015-09-30": 158.4, "2015-06-30": -68.6, "2015-03-31": "231.60000", "2014-12-31": -33.1, "2014-09-30": 1.3, "2014-06-30": -21.6, "2014-03-31": "53.80000", "2013-12-31": -51.5, "2013-09-30": -4.3, "2013-06-30": 13.6, "2013-03-31": "45.30000", "2012-12-31": -51.1, "2012-09-30": 43.8, "2012-06-30": -10.7, "2012-03-31": "114.60000", "2011-12-31": 23.684, "2011-09-30": 33.608, "2011-06-30": 47.381, "2011-03-31": "74.52700", "2010-12-31": 6.287, "2010-09-30": -15.359, "2010-06-30": -8.584, "2010-03-31": "-18.14400", "2009-12-31": -35.272, "2009-09-30": -49.851, "2009-06-30": -36.534, "2009-03-31": "-14.91800", "2008-12-31": -54.209, "2008-09-30": -11.106, "2008-06-30": 65.381, "2008-03-31": "108.55800", "2007-12-31": 41.904, "2007-09-30": 0.145, "2007-06-30": 37.346, "2007-03-31": "55.56300", "2006-12-31": -45.748, "2006-09-30": 76.659, "2006-06-30": -0.548, "2006-03-31": "-7.52800", "2005-12-31": -47.245, "2005-09-30": -11.379, "2005-06-30": 5.148, "2005-03-31": "6.49000"}, "Net Cash Flow": {"2020-09-30": 9.6, "2020-06-30": -42.6, "2020-03-31": "-83.90000", "2019-12-31": 163.2, "2019-09-30": 6, "2019-06-30": -110.7, "2019-03-31": "129.90000", "2018-12-31": -214, "2018-09-30": 149.6, "2018-06-30": 13.7, "2018-03-31": "116.20000", "2017-12-31": -14.7, "2017-09-30": -62.6, "2017-06-30": 13.3, "2017-03-31": "88.50000", "2016-12-31": 66.2, "2016-09-30": -152.6, "2016-06-30": 149.2, "2016-03-31": "2.80000", "2015-12-31": -128.4, "2015-09-30": 133.4, "2015-06-30": -85.4, "2015-03-31": "80.30000", "2014-12-31": 2.1, "2014-09-30": -2.4, "2014-06-30": 1.1, "2014-03-31": "1.40000", "2013-12-31": 0.6, "2013-09-30": -5.4, "2013-06-30": 1.2, "2013-03-31": "-1.20000", "2012-12-31": 3.3, "2012-09-30": 0.6, "2012-06-30": 0.4, "2012-03-31": "0.00000", "2011-12-31": 1.058, "2011-09-30": -2.056, "2011-06-30": 1.105, "2011-03-31": "0.79300", "2010-12-31": 2.233, "2010-09-30": 0, "2010-06-30": -0.065, "2010-03-31": "-0.56800", "2009-12-31": 0.56, "2009-09-30": 0.001, "2009-06-30": 1.503, "2009-03-31": "-3.04800", "2008-12-31": 2.22, "2008-09-30": 0.852, "2008-06-30": 0.022, "2008-03-31": "-0.65200", "2007-12-31": -4.695, "2007-09-30": 3.578, "2007-06-30": 1.53, "2007-03-31": "-8.22900", "2006-12-31": -58.32, "2006-09-30": 66.412, "2006-06-30": -1.484, "2006-03-31": "-5.17000", "2005-12-31": -7.246, "2005-09-30": 13.348, "2005-06-30": 0.713, "2005-03-31": "-0.33900"}, "Stock-Based Compensation": {"2020-09-30": 1.5, "2020-06-30": 1.4, "2020-03-31": "1.80000", "2019-12-31": 1.9, "2019-09-30": 2, "2019-06-30": 1.5, "2019-03-31": "2.20000", "2018-12-31": 2.5, "2018-09-30": 2.7, "2018-06-30": 2, "2018-03-31": "3.10000", "2017-12-31": 7.1, "2017-09-30": 2.9, "2017-06-30": 2.9, "2017-03-31": "2.50000", "2016-12-31": 1.8, "2016-09-30": 1.8, "2016-06-30": 1.7, "2016-03-31": "2.10000", "2015-12-31": 2.4, "2015-09-30": 3.3, "2015-06-30": 2.6, "2015-03-31": "4.10000", "2014-12-31": 5.7, "2014-09-30": 1.8, "2014-06-30": 3.4, "2014-03-31": "4.40000", "2013-12-31": 2.5, "2013-09-30": 1.3, "2013-06-30": 3.2, "2013-03-31": "1.50000", "2012-12-31": 3.6, "2012-09-30": 4.1, "2012-06-30": 3.7, "2012-03-31": "0.80000", "2011-12-31": 0.344, "2011-09-30": 0.364, "2011-06-30": 0.601, "2011-03-31": "0.59100", "2010-12-31": 1.045, "2010-09-30": 0.887, "2010-06-30": 0.985, "2010-03-31": "1.18300", "2009-12-31": 1.879, "2009-09-30": 1.771, "2009-06-30": 1.671, "2009-03-31": "1.48400", "2008-12-31": 1.482, "2008-09-30": 1.02, "2008-06-30": 0.899, "2008-03-31": "0.90800", "2007-12-31": 2.319, "2007-09-30": 0.495, "2007-06-30": 1.408, "2007-03-31": "0.43700", "2006-12-31": -0.101, "2006-09-30": 0.242, "2006-06-30": 0.104, "2006-03-31": "-0.15800", "2005-12-31": 0.514, "2005-09-30": 0.511, "2005-06-30": 0.529, "2005-03-31": "0.77700"}, "Common Stock Dividends Paid": {"2020-09-30": 0, "2020-06-30": 0, "2020-03-31": "", "2019-12-31": 0, "2019-09-30": 0, "2019-06-30": 0, "2019-03-31": "", "2018-12-31": 0, "2018-09-30": 0, "2018-06-30": 0, "2018-03-31": "", "2017-12-31": 0, "2017-09-30": 0, "2017-06-30": 0, "2017-03-31": "", "2016-12-31": 0, "2016-09-30": 0, "2016-06-30": 0, "2016-03-31": "", "2015-12-31": 0, "2015-09-30": 0, "2015-06-30": 0, "2015-03-31": "", "2014-12-31": 0, "2014-09-30": 0, "2014-06-30": 0, "2014-03-31": "", "2013-12-31": 0, "2013-09-30": 0, "2013-06-30": 0, "2013-03-31": "", "2012-12-31": 0, "2012-09-30": 0, "2012-06-30": 0, "2012-03-31": "", "2011-12-31": 0, "2011-09-30": 0, "2011-06-30": 0, "2011-03-31": "", "2010-12-31": 0, "2010-09-30": 0, "2010-06-30": 0, "2010-03-31": "", "2009-12-31": 0, "2009-09-30": 0, "2009-06-30": 0, "2009-03-31": "", "2008-12-31": 0, "2008-09-30": 0, "2008-06-30": 0, "2008-03-31": "", "2007-12-31": 0, "2007-09-30": 0, "2007-06-30": 0, "2007-03-31": "", "2006-12-31": 0, "2006-09-30": 0, "2006-06-30": 0, "2006-03-31": "", "2005-12-31": 0, "2005-09-30": 0, "2005-06-30": 0, "2005-03-31": ""}}, "financial ratios": {"Current Ratio": {"2019-12-31": "35.47150", "2018-12-31": "17.07070", "2017-12-31": "23.99850", "2016-12-31": "24.91640", "2015-12-31": "17.97040", "2014-12-31": "11.53510", "2013-12-31": "10.07610", "2012-12-31": "13.38110", "2011-12-31": "12.10550", "2010-12-31": "6.13760", "2009-12-31": "6.53920", "2008-12-31": "7.56010", "2007-12-31": "7.83030", "2006-12-31": "5.95760", "2005-12-31": "6.42850"}, "Long-term Debt / Capital": {"2019-12-31": "0.65840", "2018-12-31": "0.64700", "2017-12-31": "0.66560", "2016-12-31": "0.68930", "2015-12-31": "0.68410", "2014-12-31": "0.69930", "2013-12-31": "0.63220", "2012-12-31": "0.66000", "2011-12-31": "0.63860", "2010-12-31": "0.53640", "2009-12-31": "0.45120", "2008-12-31": "0.63210", "2007-12-31": "0.65130", "2006-12-31": "0.62710", "2005-12-31": "0.22870"}, "Debt/Equity Ratio": {"2019-12-31": "1.92710", "2018-12-31": "1.91920", "2017-12-31": "1.99950", "2016-12-31": "2.21840", "2015-12-31": "2.22800", "2014-12-31": "2.49570", "2013-12-31": "1.85630", "2012-12-31": "2.01130", "2011-12-31": "1.84800", "2010-12-31": "1.44510", "2009-12-31": "1.01760", "2008-12-31": "1.90000", "2007-12-31": "2.00460", "2006-12-31": "1.86440", "2005-12-31": "0.39380"}, "Gross Margin": {"2019-12-31": "100.00000", "2018-12-31": "100.00000", "2017-12-31": "100.00000", "2016-12-31": "100.00000", "2015-12-31": "100.00000", "2014-12-31": "100.00000", "2013-12-31": "100.00000", "2012-12-31": "100.00000", "2011-12-31": "100.00000", "2010-12-31": "100.00000", "2009-12-31": "100.00000", "2008-12-31": "100.00000", "2007-12-31": "100.00000", "2006-12-31": "100.00000", "2005-12-31": "100.00000"}, "Operating Margin": {"2019-12-31": "72.80050", "2018-12-31": "72.92740", "2017-12-31": "65.46850", "2016-12-31": "67.57120", "2015-12-31": "70.72580", "2014-12-31": "74.55430", "2013-12-31": "73.88950", "2012-12-31": "72.43930", "2011-12-31": "73.11500", "2010-12-31": "73.44490", "2009-12-31": "73.74900", "2008-12-31": "48.96180", "2007-12-31": "49.95270", "2006-12-31": "51.96510", "2005-12-31": "59.83560"}, "EBIT Margin": {"2019-12-31": "72.80050", "2018-12-31": "72.92740", "2017-12-31": "65.46850", "2016-12-31": "67.57120", "2015-12-31": "70.72580", "2014-12-31": "74.55430", "2013-12-31": "73.88950", "2012-12-31": "72.43930", "2011-12-31": "73.11500", "2010-12-31": "73.44490", "2009-12-31": "73.74900", "2008-12-31": "48.96180", "2007-12-31": "49.95270", "2006-12-31": "51.96510", "2005-12-31": "59.83560"}, "EBITDA Margin": {"2019-12-31": "74.30490", "2018-12-31": "74.44390", "2017-12-31": "66.94600", "2016-12-31": "69.14980", "2015-12-31": "72.44640", "2014-12-31": "76.37870", "2013-12-31": "75.82470", "2012-12-31": "74.44190", "2011-12-31": "75.01900", "2010-12-31": "75.93310", "2009-12-31": "76.28670", "2008-12-31": "52.03890", "2007-12-31": "51.66360", "2006-12-31": "54.07330", "2005-12-31": "62.42370"}, "Pre-Tax Profit Margin": {"2019-12-31": "57.48150", "2018-12-31": "58.72610", "2017-12-31": "52.59460", "2016-12-31": "54.80810", "2015-12-31": "57.49430", "2014-12-31": "58.17550", "2013-12-31": "58.37850", "2012-12-31": "56.31980", "2011-12-31": "56.43560", "2010-12-31": "57.34000", "2009-12-31": "60.16800", "2008-12-31": "34.27830", "2007-12-31": "34.66930", "2006-12-31": "41.32550", "2005-12-31": "53.83670"}, "Net Profit Margin": {"2019-12-31": "44.06310", "2018-12-31": "44.64150", "2017-12-31": "42.36040", "2016-12-31": "34.33760", "2015-12-31": "36.31410", "2014-12-31": "36.79340", "2013-12-31": "37.10600", "2012-12-31": "36.06370", "2011-12-31": "35.79590", "2010-12-31": "38.47550", "2009-12-31": "38.42100", "2008-12-31": "21.51830", "2007-12-31": "22.88860", "2006-12-31": "26.73570", "2005-12-31": "36.07180"}, "Asset Turnover": {"2019-12-31": "0.20060", "2018-12-31": "0.20610", "2017-12-31": "0.22260", "2016-12-31": "0.22980", "2015-12-31": "0.24470", "2014-12-31": "0.25970", "2013-12-31": "0.28030", "2012-12-31": "0.28560", "2011-12-31": "0.29860", "2010-12-31": "0.32910", "2009-12-31": "0.32360", "2008-12-31": "0.27400", "2007-12-31": "0.25470", "2006-12-31": "0.30240", "2005-12-31": "0.32490"}, "Inventory Turnover Ratio": {"2019-12-31": "", "2018-12-31": "", "2017-12-31": "", "2016-12-31": "", "2015-12-31": "", "2014-12-31": "", "2013-12-31": "", "2012-12-31": "", "2011-12-31": "", "2010-12-31": "", "2009-12-31": "", "2008-12-31": "", "2007-12-31": "", "2006-12-31": "", "2005-12-31": ""}, "Receiveable Turnover": {"2019-12-31": "22.49250", "2018-12-31": "162.75950", "2017-12-31": "504.54540", "2016-12-31": "421.39130", "2015-12-31": "82.53000", "2014-12-31": "516.78570", "2013-12-31": "620.09090", "2012-12-31": "553.81820", "2011-12-31": "1050.40000", "2010-12-31": "36.83550", "2009-12-31": "96.22450", "2008-12-31": "", "2007-12-31": "11.58400", "2006-12-31": "18.69200", "2005-12-31": "50.04180"}, "Days Sales In Receivables": {"2019-12-31": "16.22770", "2018-12-31": "2.24260", "2017-12-31": "0.72340", "2016-12-31": "0.86620", "2015-12-31": "4.42260", "2014-12-31": "0.70630", "2013-12-31": "0.58860", "2012-12-31": "0.65910", "2011-12-31": "0.34750", "2010-12-31": "9.90890", "2009-12-31": "3.79320", "2008-12-31": "", "2007-12-31": "31.50910", "2006-12-31": "19.52710", "2005-12-31": "7.29390"}, "ROE - Return On Equity": {"2019-12-31": "27.85630", "2018-12-31": "28.83120", "2017-12-31": "30.61600", "2016-12-31": "28.35480", "2015-12-31": "32.29180", "2014-12-31": "37.90940", "2013-12-31": "33.74220", "2012-12-31": "35.32720", "2011-12-31": "34.81480", "2010-12-31": "35.85020", "2009-12-31": "29.31420", "2008-12-31": "19.85720", "2007-12-31": "20.19740", "2006-12-31": "27.97620", "2005-12-31": "18.28210"}, "Return On Tangible Equity": {"2019-12-31": "27.85630", "2018-12-31": "28.83120", "2017-12-31": "30.61600", "2016-12-31": "28.35480", "2015-12-31": "32.29180", "2014-12-31": "37.90940", "2013-12-31": "33.74220", "2012-12-31": "35.32720", "2011-12-31": "34.81480", "2010-12-31": "35.85020", "2009-12-31": "29.31420", "2008-12-31": "19.85720", "2007-12-31": "20.19740", "2006-12-31": "27.97620", "2005-12-31": "18.28210"}, "ROA - Return On Assets": {"2019-12-31": "8.83850", "2018-12-31": "9.20260", "2017-12-31": "9.43120", "2016-12-31": "7.89000", "2015-12-31": "8.88630", "2014-12-31": "9.55700", "2013-12-31": "10.40110", "2012-12-31": "10.29910", "2011-12-31": "10.69030", "2010-12-31": "12.66080", "2009-12-31": "12.41640", "2008-12-31": "5.88650", "2007-12-31": "5.69040", "2006-12-31": "8.11440", "2005-12-31": "11.01030"}, "ROI - Return On Investment": {"2019-12-31": "9.51680", "2018-12-31": "10.17750", "2017-12-31": "10.23800", "2016-12-31": "8.81030", "2015-12-31": "10.20010", "2014-12-31": "11.39950", "2013-12-31": "12.40870", "2012-12-31": "12.01070", "2011-12-31": "12.58370", "2010-12-31": "16.62040", "2009-12-31": "16.08630", "2008-12-31": "7.30460", "2007-12-31": "7.04260", "2006-12-31": "10.43160", "2005-12-31": "14.10100"}, "Book Value Per Share": {"2019-12-31": "128.33320", "2018-12-31": "104.93330", "2017-12-31": "79.53390", "2016-12-31": "59.04810", "2015-12-31": "46.09850", "2014-12-31": "34.09070", "2013-12-31": "32.69410", "2012-12-31": "25.78890", "2011-12-31": "21.07400", "2010-12-31": "17.37750", "2009-12-31": "16.05160", "2008-12-31": "11.01350", "2007-12-31": "8.77780", "2006-12-31": "6.96970", "2005-12-31": "10.07440"}, "Operating Cash Flow Per Share": {"2019-12-31": 6.7677, "2018-12-31": 7.0995, "2017-12-31": 4.0876, "2016-12-31": 5.5853, "2015-12-31": 2.9116, "2014-12-31": 2.7885, "2013-12-31": 1.51, "2012-12-31": 1.6909, "2011-12-31": 3.671, "2010-12-31": 1.6296, "2009-12-31": -0.0747, "2008-12-31": 2.0008, "2007-12-31": 0.6952, "2006-12-31": -0.2197, "2005-12-31": 2.6621}, "Free Cash Flow Per Share": {"2019-12-31": 6.6405, "2018-12-31": 6.244, "2017-12-31": 3.9276, "2016-12-31": 5.5065, "2015-12-31": 2.9135, "2014-12-31": 2.8291, "2013-12-31": 1.6206, "2012-12-31": 1.584, "2011-12-31": 3.5508, "2010-12-31": 1.6053, "2009-12-31": 0.0368, "2008-12-31": 2.0427, "2007-12-31": 0.493, "2006-12-31": -0.1903, "2005-12-31": 2.5891}}, "financial ratios, quarterly": {"Current Ratio": {"2020-09-30": "23.44780", "2020-06-30": "21.19720", "2020-03-31": "28.62030", "2019-12-31": "35.47150", "2019-09-30": "29.48860", "2019-06-30": "28.16450", "2019-03-31": "31.26710", "2018-12-31": "17.07070", "2018-09-30": "36.75080", "2018-06-30": "33.68910", "2018-03-31": "22.15560", "2017-12-31": "23.99850", "2017-09-30": "17.63090", "2017-06-30": "33.28310", "2017-03-31": "14.64060", "2016-12-31": "24.91640", "2016-09-30": "18.34150", "2016-06-30": "27.99510", "2016-03-31": "21.80200", "2015-12-31": "17.97040", "2015-09-30": "26.25300", "2015-06-30": "19.61930", "2015-03-31": "21.07550", "2014-12-31": "11.53510", "2014-09-30": "20.27260", "2014-06-30": "11.76940", "2014-03-31": "10.90500", "2013-12-31": "10.07610", "2013-09-30": "11.49750", "2013-06-30": "8.59650", "2013-03-31": "8.94270", "2012-12-31": "13.38110", "2012-09-30": "9.15560", "2012-06-30": "9.32630", "2012-03-31": "6.47660", "2011-12-31": "12.10550", "2011-09-30": "8.49340", "2011-06-30": "6.86220", "2011-03-31": "5.98650", "2010-12-31": "6.13760", "2010-09-30": "7.04990", "2010-06-30": "14.51920", "2010-03-31": "8.50620", "2009-12-31": "6.53920", "2009-09-30": "6.21970", "2009-06-30": "5.70200", "2009-03-31": "5.63470", "2008-12-31": "7.56010", "2008-09-30": "6.96970", "2008-06-30": "9.29860", "2008-03-31": "6.06630", "2007-12-31": "7.83030", "2007-09-30": "7.12860", "2007-06-30": "6.59460", "2007-03-31": "6.45590", "2006-12-31": "5.95760", "2006-09-30": "3.54790", "2006-06-30": "6.57740", "2006-03-31": "3.73900", "2005-12-31": "6.42850", "2005-09-30": "5.70730", "2005-06-30": "5.65900", "2005-03-31": "6.06300"}, "Long-term Debt / Capital": {"2020-09-30": "0.66060", "2020-06-30": "0.69190", "2020-03-31": "0.70760", "2019-12-31": "0.65840", "2019-09-30": "0.63690", "2019-06-30": "0.65380", "2019-03-31": "0.67380", "2018-12-31": "0.64700", "2018-09-30": "0.66380", "2018-06-30": "0.66950", "2018-03-31": "0.67390", "2017-12-31": "0.66560", "2017-09-30": "0.67980", "2017-06-30": "0.70720", "2017-03-31": "0.70420", "2016-12-31": "0.68930", "2016-09-30": "0.67540", "2016-06-30": "0.70190", "2016-03-31": "0.69810", "2015-12-31": "0.68410", "2015-09-30": "0.69090", "2015-06-30": "0.68920", "2015-03-31": "0.71850", "2014-12-31": "0.69930", "2014-09-30": "0.68810", "2014-06-30": "0.69710", "2014-03-31": "0.66860", "2013-12-31": "0.63220", "2013-09-30": "0.66120", "2013-06-30": "0.65770", "2013-03-31": "0.66500", "2012-12-31": "0.66000", "2012-09-30": "0.65720", "2012-06-30": "0.67430", "2012-03-31": "0.62620", "2011-12-31": "0.63860", "2011-09-30": "0.63810", "2011-06-30": "0.64630", "2011-03-31": "0.65590", "2010-12-31": "0.53640", "2010-09-30": "0.57610", "2010-06-30": "0.45680", "2010-03-31": "0.46960", "2009-12-31": "0.45120", "2009-09-30": "0.49450", "2009-06-30": "0.53910", "2009-03-31": "0.58890", "2008-12-31": "0.63210", "2008-09-30": "0.65580", "2008-06-30": "0.69080", "2008-03-31": "0.65860", "2007-12-31": "0.65130", "2007-09-30": "0.64460", "2007-06-30": "0.64750", "2007-03-31": "0.64380", "2006-12-31": "0.62710", "2006-09-30": "0.58980", "2006-06-30": "0.41100", "2006-03-31": "0.33040", "2005-12-31": "0.22870", "2005-09-30": "0.29780", "2005-06-30": "0.32440", "2005-03-31": "0.35300"}, "Debt/Equity Ratio": {"2020-09-30": "2.00100", "2020-06-30": "2.32390", "2020-03-31": "2.46060", "2019-12-31": "1.92710", "2019-09-30": "1.77610", "2019-06-30": "1.90610", "2019-03-31": "2.06520", "2018-12-31": "1.91920", "2018-09-30": "1.97470", "2018-06-30": "2.02580", "2018-03-31": "2.08030", "2017-12-31": "1.99950", "2017-09-30": "2.21990", "2017-06-30": "2.41500", "2017-03-31": "2.49640", "2016-12-31": "2.21840", "2016-09-30": "2.15360", "2016-06-30": "2.35440", "2016-03-31": "2.34850", "2015-12-31": "2.22800", "2015-09-30": "2.23470", "2015-06-30": "2.24620", "2015-03-31": "2.55180", "2014-12-31": "2.49570", "2014-09-30": "2.21790", "2014-06-30": "2.45940", "2014-03-31": "2.17930", "2013-12-31": "1.85630", "2013-09-30": "2.07890", "2013-06-30": "2.15200", "2013-03-31": "2.17100", "2012-12-31": "2.01130", "2012-09-30": "2.11120", "2012-06-30": "2.09500", "2012-03-31": "1.97830", "2011-12-31": "1.84800", "2011-09-30": "1.96440", "2011-06-30": "2.11510", "2011-03-31": "2.24210", "2010-12-31": "1.44510", "2010-09-30": "1.60110", "2010-06-30": "0.84840", "2010-03-31": "0.93880", "2009-12-31": "1.01760", "2009-09-30": "1.20520", "2009-06-30": "1.44930", "2009-03-31": "1.70210", "2008-12-31": "1.90000", "2008-09-30": "2.16420", "2008-06-30": "2.36240", "2008-03-31": "2.23440", "2007-12-31": "2.00460", "2007-09-30": "1.96340", "2007-06-30": "2.02270", "2007-03-31": "1.97040", "2006-12-31": "1.86440", "2006-09-30": "1.56360", "2006-06-30": "0.81170", "2006-03-31": "0.84950", "2005-12-31": "0.39380", "2005-09-30": "0.55580", "2005-06-30": "0.61380", "2005-03-31": "0.63190"}, "Gross Margin": {"2020-09-30": "100.00000", "2020-06-30": "100.00000", "2020-03-31": "100.00000", "2019-12-31": "100.00000", "2019-09-30": "100.00000", "2019-06-30": "100.00000", "2019-03-31": "100.00000", "2018-12-31": "100.00000", "2018-09-30": "100.00000", "2018-06-30": "100.00000", "2018-03-31": "100.00000", "2017-12-31": "100.00000", "2017-09-30": "100.00000", "2017-06-30": "100.00000", "2017-03-31": "100.00000", "2016-12-31": "100.00000", "2016-09-30": "100.00000", "2016-06-30": "100.00000", "2016-03-31": "100.00000", "2015-12-31": "100.00000", "2015-09-30": "100.00000", "2015-06-30": "100.00000", "2015-03-31": "100.00000", "2014-12-31": "100.00000", "2014-09-30": "100.00000", "2014-06-30": "100.00000", "2014-03-31": "100.00000", "2013-12-31": "100.00000", "2013-09-30": "100.00000", "2013-06-30": "100.00000", "2013-03-31": "100.00000", "2012-12-31": "100.00000", "2012-09-30": "100.00000", "2012-06-30": "100.00000", "2012-03-31": "100.00000", "2011-12-31": "100.00000", "2011-09-30": "100.00000", "2011-06-30": "100.00000", "2011-03-31": "100.00000", "2010-12-31": "100.00000", "2010-09-30": "100.00000", "2010-06-30": "100.00000", "2010-03-31": "100.00000", "2009-12-31": "100.00000", "2009-09-30": "100.00000", "2009-06-30": "100.00000", "2009-03-31": "100.00000", "2008-12-31": "100.00000", "2008-09-30": "100.00000", "2008-06-30": "100.00000", "2008-03-31": "100.00000", "2007-12-31": "100.00000", "2007-09-30": "100.00000", "2007-06-30": "100.00000", "2007-03-31": "100.00000", "2006-12-31": "100.00000", "2006-09-30": "100.00000", "2006-06-30": "100.00000", "2006-03-31": "100.00000", "2005-12-31": "100.00000", "2005-09-30": "100.00000", "2005-06-30": "100.00000", "2005-03-31": "100.00000"}, "Operating Margin": {"2020-09-30": "88.13600", "2020-06-30": "45.60670", "2020-03-31": "-11.48810", "2019-12-31": "71.26200", "2019-09-30": "73.32980", "2019-06-30": "73.77230", "2019-03-31": "72.89430", "2018-12-31": "72.87050", "2018-09-30": "74.24700", "2018-06-30": "77.36210", "2018-03-31": "66.77940", "2017-12-31": "55.58650", "2017-09-30": "69.07360", "2017-06-30": "69.96380", "2017-03-31": "67.65600", "2016-12-31": "67.68150", "2016-09-30": "68.20760", "2016-06-30": "69.60170", "2016-03-31": "64.63360", "2015-12-31": "70.70710", "2015-09-30": "69.79070", "2015-06-30": "71.98430", "2015-03-31": "70.44280", "2014-12-31": "75.04050", "2014-09-30": "76.05940", "2014-06-30": "74.24920", "2014-03-31": "72.80950", "2013-12-31": "74.44380", "2013-09-30": "74.86970", "2013-06-30": "73.25860", "2013-03-31": "72.92050", "2012-12-31": "72.63030", "2012-09-30": "70.13490", "2012-06-30": "74.96710", "2012-03-31": "72.05060", "2011-12-31": "74.30860", "2011-09-30": "75.99060", "2011-06-30": "71.83010", "2011-03-31": "70.01990", "2010-12-31": "75.21360", "2010-09-30": "74.64200", "2010-06-30": "76.20840", "2010-03-31": "67.18250", "2009-12-31": "77.16180", "2009-09-30": "75.39300", "2009-06-30": "74.90070", "2009-03-31": "66.77480", "2008-12-31": "51.00590", "2008-09-30": "54.79300", "2008-06-30": "35.13630", "2008-03-31": "54.52120", "2007-12-31": "44.90920", "2007-09-30": "49.77240", "2007-06-30": "51.23010", "2007-03-31": "54.40710", "2006-12-31": "36.74470", "2006-09-30": "54.23090", "2006-06-30": "59.39800", "2006-03-31": "57.89990", "2005-12-31": "69.93580", "2005-09-30": "51.99820", "2005-06-30": "58.90610", "2005-03-31": "58.37940"}, "EBIT Margin": {"2020-09-30": "88.13600", "2020-06-30": "45.60670", "2020-03-31": "-11.48810", "2019-12-31": "71.26200", "2019-09-30": "73.32980", "2019-06-30": "73.77230", "2019-03-31": "72.89430", "2018-12-31": "72.87050", "2018-09-30": "74.24700", "2018-06-30": "77.36210", "2018-03-31": "66.77940", "2017-12-31": "55.58650", "2017-09-30": "69.07360", "2017-06-30": "69.96380", "2017-03-31": "67.65600", "2016-12-31": "67.68150", "2016-09-30": "68.20760", "2016-06-30": "69.60170", "2016-03-31": "64.63360", "2015-12-31": "70.70710", "2015-09-30": "69.79070", "2015-06-30": "71.98430", "2015-03-31": "70.44280", "2014-12-31": "75.04050", "2014-09-30": "76.05940", "2014-06-30": "74.24920", "2014-03-31": "72.80950", "2013-12-31": "74.44380", "2013-09-30": "74.86970", "2013-06-30": "73.25860", "2013-03-31": "72.92050", "2012-12-31": "72.63030", "2012-09-30": "70.13490", "2012-06-30": "74.96710", "2012-03-31": "72.05060", "2011-12-31": "74.30860", "2011-09-30": "75.99060", "2011-06-30": "71.83010", "2011-03-31": "70.01990", "2010-12-31": "75.21360", "2010-09-30": "74.64200", "2010-06-30": "76.20840", "2010-03-31": "67.18250", "2009-12-31": "77.16190", "2009-09-30": "75.39300", "2009-06-30": "74.90070", "2009-03-31": "66.77480", "2008-12-31": "51.00590", "2008-09-30": "54.79300", "2008-06-30": "35.13630", "2008-03-31": "54.52120", "2007-12-31": "44.90920", "2007-09-30": "49.77240", "2007-06-30": "51.23010", "2007-03-31": "54.40710", "2006-12-31": "36.74470", "2006-09-30": "54.23090", "2006-06-30": "59.39800", "2006-03-31": "57.89990", "2005-12-31": "69.93580", "2005-09-30": "51.99820", "2005-06-30": "58.90610", "2005-03-31": "58.37940"}, "EBITDA Margin": {"2020-09-30": "", "2020-06-30": "", "2020-03-31": "", "2019-12-31": "", "2019-09-30": "", "2019-06-30": "", "2019-03-31": "", "2018-12-31": "", "2018-09-30": "", "2018-06-30": "", "2018-03-31": "", "2017-12-31": "", "2017-09-30": "", "2017-06-30": "", "2017-03-31": "", "2016-12-31": "", "2016-09-30": "", "2016-06-30": "", "2016-03-31": "", "2015-12-31": "", "2015-09-30": "", "2015-06-30": "", "2015-03-31": "", "2014-12-31": "", "2014-09-30": "", "2014-06-30": "", "2014-03-31": "", "2013-12-31": "", "2013-09-30": "", "2013-06-30": "", "2013-03-31": "", "2012-12-31": "", "2012-09-30": "", "2012-06-30": "", "2012-03-31": "", "2011-12-31": "", "2011-09-30": "", "2011-06-30": "", "2011-03-31": "", "2010-12-31": "", "2010-09-30": "", "2010-06-30": "", "2010-03-31": "", "2009-12-31": "", "2009-09-30": "", "2009-06-30": "", "2009-03-31": "", "2008-12-31": "", "2008-09-30": "", "2008-06-30": "", "2008-03-31": "", "2007-12-31": "", "2007-09-30": "", "2007-06-30": "", "2007-03-31": "", "2006-12-31": "", "2006-09-30": "", "2006-06-30": "", "2006-03-31": "", "2005-12-31": "", "2005-09-30": "", "2005-06-30": "", "2005-03-31": ""}, "Pre-Tax Profit Margin": {"2020-09-30": "74.65420", "2020-06-30": "31.45460", "2020-03-31": "-28.99000", "2019-12-31": "55.76580", "2019-09-30": "57.85580", "2019-06-30": "58.09500", "2019-03-31": "58.30980", "2018-12-31": "58.63480", "2018-09-30": "59.75900", "2018-06-30": "62.77740", "2018-03-31": "53.34910", "2017-12-31": "42.60350", "2017-09-30": "56.39310", "2017-06-30": "56.92030", "2017-03-31": "54.87060", "2016-12-31": "55.26930", "2016-09-30": "55.35280", "2016-06-30": "56.47800", "2016-03-31": "51.95260", "2015-12-31": "57.80530", "2015-09-30": "56.08940", "2015-06-30": "57.80400", "2015-03-31": "58.34190", "2014-12-31": "62.88490", "2014-09-30": "63.45630", "2014-06-30": "60.73420", "2014-03-31": "45.22330", "2013-12-31": "59.04170", "2013-09-30": "59.17780", "2013-06-30": "57.49710", "2013-03-31": "57.74140", "2012-12-31": "57.31320", "2012-09-30": "53.82150", "2012-06-30": "58.76150", "2012-03-31": "55.33710", "2011-12-31": "57.86180", "2011-09-30": "58.82050", "2011-06-30": "54.34770", "2011-03-31": "54.45710", "2010-12-31": "59.97590", "2010-09-30": "58.38740", "2010-06-30": "59.61410", "2010-03-31": "50.79990", "2009-12-31": "63.62010", "2009-09-30": "62.13650", "2009-06-30": "61.78650", "2009-03-31": "52.28810", "2008-12-31": "34.64010", "2008-09-30": "41.11630", "2008-06-30": "21.95850", "2008-03-31": "39.15340", "2007-12-31": "29.17040", "2007-09-30": "35.02570", "2007-06-30": "35.05300", "2007-03-31": "39.96270", "2006-12-31": "21.91750", "2006-09-30": "43.69700", "2006-06-30": "49.13310", "2006-03-31": "51.16920", "2005-12-31": "65.89880", "2005-09-30": "44.90250", "2005-06-30": "52.48730", "2005-03-31": "51.88960"}, "Net Profit Margin": {"2020-09-30": "56.76440", "2020-06-30": "23.72630", "2020-03-31": "-21.53690", "2019-12-31": "41.95390", "2019-09-30": "43.67570", "2019-06-30": "44.36050", "2019-03-31": "46.46690", "2018-12-31": "44.31160", "2018-09-30": "45.48190", "2018-06-30": "47.87570", "2018-03-31": "40.62920", "2017-12-31": "61.64290", "2017-09-30": "35.47020", "2017-06-30": "35.90580", "2017-03-31": "35.50230", "2016-12-31": "34.19200", "2016-09-30": "34.83370", "2016-06-30": "35.59750", "2016-03-31": "32.64590", "2015-12-31": "36.73100", "2015-09-30": "35.20460", "2015-06-30": "36.53370", "2015-03-31": "36.81770", "2014-12-31": "39.43820", "2014-09-30": "40.72650", "2014-06-30": "38.59840", "2014-03-31": "28.15150", "2013-12-31": "37.59270", "2013-09-30": "37.69540", "2013-06-30": "36.30460", "2013-03-31": "36.79420", "2012-12-31": "37.60200", "2012-09-30": "33.97560", "2012-06-30": "37.28590", "2012-03-31": "35.32300", "2011-12-31": "36.23970", "2011-09-30": "37.35630", "2011-06-30": "34.50470", "2011-03-31": "34.96910", "2010-12-31": "40.73120", "2010-09-30": "37.65590", "2010-06-30": "43.87230", "2010-03-31": "30.99880", "2009-12-31": "40.28060", "2009-09-30": "40.62510", "2009-06-30": "39.17270", "2009-03-31": "32.99770", "2008-12-31": "21.50270", "2008-09-30": "25.78680", "2008-06-30": "13.79110", "2008-03-31": "24.89470", "2007-12-31": "19.74320", "2007-09-30": "24.14430", "2007-06-30": "21.15430", "2007-03-31": "26.78240", "2006-12-31": "15.21770", "2006-09-30": "27.69210", "2006-06-30": "31.96380", "2006-03-31": "32.43130", "2005-12-31": "48.94030", "2005-09-30": "28.27030", "2005-06-30": "33.87830", "2005-03-31": "32.91860"}, "Asset Turnover": {"2020-09-30": "0.05750", "2020-06-30": "0.05540", "2020-03-31": "0.05360", "2019-12-31": "0.05200", "2019-09-30": "0.05360", "2019-06-30": "0.05360", "2019-03-31": "0.05240", "2018-12-31": "0.05500", "2018-09-30": "0.05320", "2018-06-30": "0.05370", "2018-03-31": "0.05340", "2017-12-31": "0.05760", "2017-09-30": "0.05880", "2017-06-30": "0.05840", "2017-03-31": "0.05770", "2016-12-31": "0.06070", "2016-09-30": "0.06020", "2016-06-30": "0.05930", "2016-03-31": "0.06150", "2015-12-31": "0.06460", "2015-09-30": "0.06230", "2015-06-30": "0.06480", "2015-03-31": "0.06210", "2014-12-31": "0.06650", "2014-09-30": "0.06670", "2014-06-30": "0.06840", "2014-03-31": "0.06870", "2013-12-31": "0.07200", "2013-09-30": "0.07240", "2013-06-30": "0.07320", "2013-03-31": "0.07330", "2012-12-31": "0.07470", "2012-09-30": "0.07400", "2012-06-30": "0.07580", "2012-03-31": "0.07280", "2011-12-31": "0.07850", "2011-09-30": "0.08010", "2011-06-30": "0.08220", "2011-03-31": "0.08280", "2010-12-31": "0.08590", "2010-09-30": "0.08690", "2010-06-30": "0.08910", "2010-03-31": "0.08410", "2009-12-31": "0.08510", "2009-09-30": "0.08510", "2009-06-30": "0.07890", "2009-03-31": "0.07470", "2008-12-31": "0.07570", "2008-09-30": "0.06840", "2008-06-30": "0.06510", "2008-03-31": "0.06550", "2007-12-31": "0.06710", "2007-09-30": "0.07010", "2007-06-30": "0.06800", "2007-03-31": "0.07060", "2006-12-31": "0.07700", "2006-09-30": "0.07370", "2006-06-30": "0.08470", "2006-03-31": "0.08270", "2005-12-31": "0.08330", "2005-09-30": "0.08070", "2005-06-30": "0.07950", "2005-03-31": "0.07730"}, "Inventory Turnover Ratio": {"2020-09-30": "", "2020-06-30": "", "2020-03-31": "", "2019-12-31": "", "2019-09-30": "", "2019-06-30": "", "2019-03-31": "", "2018-12-31": "", "2018-09-30": "", "2018-06-30": "", "2018-03-31": "", "2017-12-31": "", "2017-09-30": "", "2017-06-30": "", "2017-03-31": "", "2016-12-31": "", "2016-09-30": "", "2016-06-30": "", "2016-03-31": "", "2015-12-31": "", "2015-09-30": "", "2015-06-30": "", "2015-03-31": "", "2014-12-31": "", "2014-09-30": "", "2014-06-30": "", "2014-03-31": "", "2013-12-31": "", "2013-09-30": "", "2013-06-30": "", "2013-03-31": "", "2012-12-31": "", "2012-09-30": "", "2012-06-30": "", "2012-03-31": "", "2011-12-31": "", "2011-09-30": "", "2011-06-30": "", "2011-03-31": "", "2010-12-31": "", "2010-09-30": "", "2010-06-30": "", "2010-03-31": "", "2009-12-31": "", "2009-09-30": "", "2009-06-30": "", "2009-03-31": "", "2008-12-31": "", "2008-09-30": "", "2008-06-30": "", "2008-03-31": "", "2007-12-31": "", "2007-09-30": "", "2007-06-30": "", "2007-03-31": "", "2006-12-31": "", "2006-09-30": "", "2006-06-30": "", "2006-03-31": "", "2005-12-31": "", "2005-09-30": "", "2005-06-30": "", "2005-03-31": ""}, "Receiveable Turnover": {"2020-09-30": "49.02300", "2020-06-30": "11.19280", "2020-03-31": "6.52850", "2019-12-31": "5.82930", "2019-09-30": "35.06480", "2019-06-30": "17.00000", "2019-03-31": "47.17330", "2018-12-31": "43.39240", "2018-09-30": "16.43560", "2018-06-30": "12.32030", "2018-03-31": "118.24000", "2017-12-31": "130.59090", "2017-09-30": "51.61820", "2017-06-30": "32.85710", "2017-03-31": "82.12500", "2016-12-31": "111.39130", "2016-09-30": "45.66670", "2016-06-30": "23.85000", "2016-03-31": "11.51010", "2015-12-31": "21.78000", "2015-09-30": "700.66660", "2015-06-30": "18.98130", "2015-03-31": "194.20000", "2014-12-31": "132.21430", "2014-09-30": "129.78570", "2014-06-30": "112.37500", "2014-03-31": "88.45000", "2013-12-31": "159.36360", "2013-09-30": "143.91670", "2013-06-30": "211.75000", "2013-03-31": "274.50000", "2012-12-31": "144.81820", "2012-09-30": "", "2012-06-30": "289.69470", "2012-03-31": "350.73890", "2011-12-31": "275.96800", "2011-09-30": "268.01400", "2011-06-30": "47.71110", "2011-03-31": "174.45200", "2010-12-31": "9.61490", "2010-09-30": "16.00650", "2010-06-30": "15.97980", "2010-03-31": "131.20970", "2009-12-31": "25.31220", "2009-09-30": "22.48160", "2009-06-30": "", "2009-03-31": "", "2008-12-31": "", "2008-09-30": "8.00110", "2008-06-30": "6.03610", "2008-03-31": "3.91950", "2007-12-31": "3.05290", "2007-09-30": "5.13780", "2007-06-30": "12.94090", "2007-03-31": "3.84260", "2006-12-31": "4.75740", "2006-09-30": "6.16330", "2006-06-30": "", "2006-03-31": "72.53900", "2005-12-31": "12.82270", "2005-09-30": "34.64630", "2005-06-30": "6.37160", "2005-03-31": ""}, "Days Sales In Receivables": {"2020-09-30": "1.83590", "2020-06-30": "8.04090", "2020-03-31": "13.78570", "2019-12-31": "15.43920", "2019-09-30": "2.56670", "2019-06-30": "5.29410", "2019-03-31": "1.90790", "2018-12-31": "2.07410", "2018-09-30": "5.47590", "2018-06-30": "7.30500", "2018-03-31": "0.76120", "2017-12-31": "0.68920", "2017-09-30": "1.74360", "2017-06-30": "2.73910", "2017-03-31": "1.09590", "2016-12-31": "0.80800", "2016-09-30": "1.97080", "2016-06-30": "3.77360", "2016-03-31": "7.81920", "2015-12-31": "4.13220", "2015-09-30": "0.12840", "2015-06-30": "4.74150", "2015-03-31": "0.46340", "2014-12-31": "0.68070", "2014-09-30": "0.69350", "2014-06-30": "0.80090", "2014-03-31": "1.01750", "2013-12-31": "0.56470", "2013-09-30": "0.62540", "2013-06-30": "0.42500", "2013-03-31": "0.32790", "2012-12-31": "0.62150", "2012-09-30": "", "2012-06-30": "0.31070", "2012-03-31": "0.25660", "2011-12-31": "0.32610", "2011-09-30": "0.33580", "2011-06-30": "1.88640", "2011-03-31": "0.51590", "2010-12-31": "9.36050", "2010-09-30": "5.62270", "2010-06-30": "5.63210", "2010-03-31": "0.68590", "2009-12-31": "3.55560", "2009-09-30": "4.00330", "2009-06-30": "", "2009-03-31": "", "2008-12-31": "", "2008-09-30": "11.24850", "2008-06-30": "14.91020", "2008-03-31": "22.96220", "2007-12-31": "29.48000", "2007-09-30": "17.51710", "2007-06-30": "6.95470", "2007-03-31": "23.42160", "2006-12-31": "18.91800", "2006-09-30": "14.60250", "2006-06-30": "", "2006-03-31": "1.24070", "2005-12-31": "7.01880", "2005-09-30": "2.59770", "2005-06-30": "14.12510", "2005-03-31": ""}, "ROE - Return On Equity": {"2020-09-30": "10.48730", "2020-06-30": "4.66810", "2020-03-31": "-4.26220", "2019-12-31": "6.87390", "2019-09-30": "6.94140", "2019-06-30": "7.42110", "2019-03-31": "8.02380", "2018-12-31": "7.62970", "2018-09-30": "7.69110", "2018-06-30": "8.34440", "2018-03-31": "7.24940", "2017-12-31": "11.53150", "2017-09-30": "7.44930", "2017-06-30": "7.93940", "2017-03-31": "8.01680", "2016-12-31": "7.46360", "2016-09-30": "7.36900", "2016-06-30": "7.87500", "2016-03-31": "7.50450", "2015-12-31": "8.61980", "2015-09-30": "7.94590", "2015-06-30": "8.68950", "2015-03-31": "9.19850", "2014-12-31": "10.39590", "2014-09-30": "9.88640", "2014-06-30": "10.31510", "2014-03-31": "6.96500", "2013-12-31": "8.78550", "2013-09-30": "9.43750", "2013-06-30": "9.40510", "2013-03-31": "9.70220", "2012-12-31": "9.63180", "2012-09-30": "8.84900", "2012-06-30": "10.47460", "2012-03-31": "8.78500", "2011-12-31": "9.26020", "2011-09-30": "10.12830", "2011-06-30": "10.14780", "2011-03-31": "10.92590", "2010-12-31": "9.90000", "2010-09-30": "9.90680", "2010-06-30": "8.43590", "2010-03-31": "6.03160", "2009-12-31": "8.04320", "2009-09-30": "9.03700", "2009-06-30": "8.87860", "2009-03-31": "7.87540", "2008-12-31": "5.55940", "2008-09-30": "6.35890", "2008-06-30": "3.48600", "2008-03-31": "6.14950", "2007-12-31": "4.62050", "2007-09-30": "5.39140", "2007-06-30": "5.20850", "2007-03-31": "6.78270", "2006-12-31": "4.04520", "2006-09-30": "7.46080", "2006-06-30": "5.86390", "2006-03-31": "6.01040", "2005-12-31": "5.92850", "2005-09-30": "3.99510", "2005-06-30": "4.96400", "2005-03-31": "4.90370"}, "Return On Tangible Equity": {"2020-09-30": "10.48730", "2020-06-30": "4.66810", "2020-03-31": "-4.26220", "2019-12-31": "6.87390", "2019-09-30": "6.94140", "2019-06-30": "7.42110", "2019-03-31": "8.02380", "2018-12-31": "7.62970", "2018-09-30": "7.69110", "2018-06-30": "8.34440", "2018-03-31": "7.24940", "2017-12-31": "11.53150", "2017-09-30": "7.44930", "2017-06-30": "7.93940", "2017-03-31": "8.01680", "2016-12-31": "7.46360", "2016-09-30": "7.36900", "2016-06-30": "7.87500", "2016-03-31": "7.50450", "2015-12-31": "8.61980", "2015-09-30": "7.94590", "2015-06-30": "8.68950", "2015-03-31": "9.19850", "2014-12-31": "10.39590", "2014-09-30": "9.88640", "2014-06-30": "10.31510", "2014-03-31": "6.96500", "2013-12-31": "8.78550", "2013-09-30": "9.43750", "2013-06-30": "9.40510", "2013-03-31": "9.70220", "2012-12-31": "9.63180", "2012-09-30": "8.84900", "2012-06-30": "10.47460", "2012-03-31": "8.78500", "2011-12-31": "9.26020", "2011-09-30": "10.12830", "2011-06-30": "10.14780", "2011-03-31": "10.92590", "2010-12-31": "9.90000", "2010-09-30": "9.90680", "2010-06-30": "8.43590", "2010-03-31": "6.03160", "2009-12-31": "8.04320", "2009-09-30": "9.03700", "2009-06-30": "8.87860", "2009-03-31": "7.87530", "2008-12-31": "5.55940", "2008-09-30": "6.35890", "2008-06-30": "3.48600", "2008-03-31": "6.14950", "2007-12-31": "4.62050", "2007-09-30": "5.39140", "2007-06-30": "5.20850", "2007-03-31": "6.78270", "2006-12-31": "4.04520", "2006-09-30": "7.46080", "2006-06-30": "5.86390", "2006-03-31": "6.01040", "2005-12-31": "5.92850", "2005-09-30": "3.99510", "2005-06-30": "4.96400", "2005-03-31": "4.90370"}, "ROA - Return On Assets": {"2020-09-30": "3.26210", "2020-06-30": "1.31380", "2020-03-31": "-1.15430", "2019-12-31": "2.18100", "2019-09-30": "2.33910", "2019-06-30": "2.37970", "2019-03-31": "2.43560", "2018-12-31": "2.43530", "2018-09-30": "2.41830", "2018-06-30": "2.57050", "2018-03-31": "2.17020", "2017-12-31": "3.55220", "2017-09-30": "2.08620", "2017-06-30": "2.09610", "2017-03-31": "2.04750", "2016-12-31": "2.07680", "2016-09-30": "2.09870", "2016-06-30": "2.10960", "2016-03-31": "2.00860", "2015-12-31": "2.37210", "2015-09-30": "2.19220", "2015-06-30": "2.36870", "2015-03-31": "2.28650", "2014-12-31": "2.62080", "2014-09-30": "2.71810", "2014-06-30": "2.64120", "2014-03-31": "1.93500", "2013-12-31": "2.70810", "2013-09-30": "2.72930", "2013-06-30": "2.65620", "2013-03-31": "2.69540", "2012-12-31": "2.80800", "2012-09-30": "2.51510", "2012-06-30": "2.82590", "2012-03-31": "2.57280", "2011-12-31": "2.84350", "2011-09-30": "2.99040", "2011-06-30": "2.83530", "2011-03-31": "2.89470", "2010-12-31": "3.49630", "2010-09-30": "3.27400", "2010-06-30": "3.91010", "2010-03-31": "2.60760", "2009-12-31": "3.40680", "2009-09-30": "3.46480", "2009-06-30": "3.08630", "2009-03-31": "2.46500", "2008-12-31": "1.64800", "2008-09-30": "1.73720", "2008-06-30": "0.90090", "2008-03-31": "1.62820", "2007-12-31": "1.30180", "2007-09-30": "1.54600", "2007-06-30": "1.45840", "2007-03-31": "1.89290", "2006-12-31": "1.17330", "2006-09-30": "2.05200", "2006-06-30": "2.72040", "2006-03-31": "2.68470", "2005-12-31": "3.57040", "2005-09-30": "2.18170", "2005-06-30": "2.62130", "2005-03-31": "2.51390"}, "ROI - Return On Investment": {"2020-09-30": "3.55920", "2020-06-30": "1.43800", "2020-03-31": "-1.24630", "2019-12-31": "2.34840", "2019-09-30": "2.52030", "2019-06-30": "2.56900", "2019-03-31": "2.61780", "2018-12-31": "2.69330", "2018-09-30": "2.58550", "2018-06-30": "2.75780", "2018-03-31": "2.36410", "2017-12-31": "3.85610", "2017-09-30": "2.38510", "2017-06-30": "2.32490", "2017-03-31": "2.37100", "2016-12-31": "2.31910", "2016-09-30": "2.39220", "2016-06-30": "2.34760", "2016-03-31": "2.26590", "2015-12-31": "2.72280", "2015-09-30": "2.45640", "2015-06-30": "2.70100", "2015-03-31": "2.58980", "2014-12-31": "3.12610", "2014-09-30": "3.08360", "2014-06-30": "3.12430", "2014-03-31": "2.30840", "2013-12-31": "3.23090", "2013-09-30": "3.19710", "2013-06-30": "3.21940", "2013-03-31": "3.24990", "2012-12-31": "3.27470", "2012-09-30": "3.03310", "2012-06-30": "3.41110", "2012-03-31": "3.28390", "2011-12-31": "3.34710", "2011-09-30": "3.66590", "2011-06-30": "3.58920", "2011-03-31": "3.75960", "2010-12-31": "4.58970", "2010-09-30": "4.19930", "2010-06-30": "4.58210", "2010-03-31": "3.19940", "2009-12-31": "4.41380", "2009-09-30": "4.56820", "2009-06-30": "4.09230", "2009-03-31": "3.23750", "2008-12-31": "2.04510", "2008-09-30": "2.18900", "2008-06-30": "1.07780", "2008-03-31": "2.09970", "2007-12-31": "1.61110", "2007-09-30": "1.91580", "2007-06-30": "1.83580", "2007-03-31": "2.41570", "2006-12-31": "1.50840", "2006-09-30": "3.06020", "2006-06-30": "3.45400", "2006-03-31": "4.02460", "2005-12-31": "4.57270", "2005-09-30": "2.80540", "2005-06-30": "3.35380", "2005-03-31": "3.17250"}, "Book Value Per Share": {"2020-09-30": "130.80060", "2020-06-30": "117.00640", "2020-03-31": "111.40010", "2019-12-31": "128.33320", "2019-09-30": "126.76490", "2019-06-30": "117.85390", "2019-03-31": "109.00140", "2018-12-31": "104.93330", "2018-09-30": "101.67470", "2018-06-30": "93.71480", "2018-03-31": "85.79490", "2017-12-31": "79.53390", "2017-09-30": "70.00520", "2017-06-30": "64.64010", "2017-03-31": "60.01440", "2016-12-31": "59.04810", "2016-09-30": "57.34380", "2016-06-30": "53.03520", "2016-03-31": "48.76780", "2015-12-31": "46.09850", "2015-09-30": "45.21310", "2015-06-30": "41.45650", "2015-03-31": "37.73670", "2014-12-31": "34.09070", "2014-09-30": "34.66240", "2014-06-30": "31.15680", "2014-03-31": "31.76370", "2013-12-31": "32.69410", "2013-09-30": "29.97440", "2013-06-30": "28.08730", "2013-03-31": "26.48070", "2012-12-31": "25.78890", "2012-09-30": "24.34950", "2012-06-30": "22.01760", "2012-03-31": "22.34140", "2011-12-31": "21.07400", "2011-09-30": "19.21810", "2011-06-30": "17.23520", "2011-03-31": "15.45150", "2010-12-31": "17.37750", "2010-09-30": "15.63720", "2010-06-30": "18.74740", "2010-03-31": "17.11490", "2009-12-31": "16.05160", "2009-09-30": "14.57460", "2009-06-30": "13.19000", "2009-03-31": "11.94370", "2008-12-31": "11.01350", "2008-09-30": "10.45880", "2008-06-30": "9.74760", "2008-03-31": "9.37580", "2007-12-31": "8.77780", "2007-09-30": "8.27980", "2007-06-30": "7.91220", "2007-03-31": "7.48900", "2006-12-31": "6.96970", "2006-09-30": "6.87800", "2006-06-30": "9.04630", "2006-03-31": "8.67310", "2005-12-31": "10.07440", "2005-09-30": "9.43060", "2005-06-30": "9.03500", "2005-03-31": "8.55830"}, "Operating Cash Flow Per Share": {"2020-09-30": 15.4973, "2020-06-30": 15.6498, "2020-03-31": "12.71900", "2019-12-31": 10.7224, "2019-09-30": 10.9431, "2019-06-30": 9.0533, "2019-03-31": "12.08660", "2018-12-31": 10.3111, "2018-09-30": 9.8064, "2018-06-30": 5.2699, "2018-03-31": "10.65030", "2017-12-31": 7.5842, "2017-09-30": 7.9443, "2017-06-30": 5.2216, "2017-03-31": "8.18810", "2016-12-31": 7.0185, "2016-09-30": 6.6217, "2016-06-30": 6.7341, "2016-03-31": "4.47630", "2015-12-31": 4.933, "2015-09-30": 5.2877, "2015-06-30": 3.4405, "2015-03-31": "5.60410", "2014-12-31": 4.004, "2014-09-30": 4.6574, "2014-06-30": 3.7183, "2014-03-31": "3.97400", "2013-12-31": 4.2266, "2013-09-30": 3.4802, "2013-06-30": 2.5464, "2013-03-31": "3.31200", "2012-12-31": 3.3019, "2012-09-30": 2.918, "2012-06-30": 2.4454, "2012-03-31": "3.38990", "2011-12-31": 2.6218, "2011-09-30": 2.3823, "2011-06-30": 2.2291, "2011-03-31": "3.13110", "2010-12-31": 1.3982, "2010-09-30": 2.0621, "2010-06-30": 1.0875, "2010-03-31": "2.14550", "2009-12-31": 0.9856, "2009-09-30": 1.4819, "2009-06-30": 1.0094, "2009-03-31": "1.58680", "2008-12-31": 1.5923, "2008-09-30": 1.3439, "2008-06-30": 1.2997, "2008-03-31": "0.90250", "2007-12-31": 0.8168, "2007-09-30": 0.5156, "2007-06-30": 0.7727, "2007-03-31": "1.03250", "2006-12-31": 0.5964, "2006-09-30": 0.5335, "2006-06-30": 0.4558, "2006-03-31": "0.85670", "2005-12-31": 0.6709, "2005-09-30": 0.8477, "2005-06-30": 0.2315, "2005-03-31": "0.91200"}, "Free Cash Flow Per Share": {"2020-09-30": 15.4189, "2020-06-30": 15.5388, "2020-03-31": "12.47700", "2019-12-31": 10.5556, "2019-09-30": 10.5579, "2019-06-30": 8.4404, "2019-03-31": "11.83930", "2018-12-31": 10.1609, "2018-09-30": 8.9387, "2018-06-30": 5.0644, "2018-03-31": "10.58870", "2017-12-31": 7.5101, "2017-09-30": 7.8509, "2017-06-30": 5.1215, "2017-03-31": "8.02620", "2016-12-31": 6.9256, "2016-09-30": 6.5873, "2016-06-30": 6.6749, "2016-03-31": "4.39330", "2015-12-31": 4.895, "2015-09-30": 5.24, "2015-06-30": 3.3976, "2015-03-31": "5.54200", "2014-12-31": 3.9758, "2014-09-30": 4.6386, "2014-06-30": 3.662, "2014-03-31": "3.88470", "2013-12-31": 4.1748, "2013-09-30": 3.4238, "2013-06-30": 2.4705, "2013-03-31": "3.26290", "2012-12-31": 3.2425, "2012-09-30": 2.8646, "2012-06-30": 2.3628, "2012-03-31": "3.24150", "2011-12-31": 2.5215, "2011-09-30": 2.3441, "2011-06-30": 2.1882, "2011-03-31": "3.07360", "2010-12-31": 1.3221, "2010-09-30": 2.0825, "2010-06-30": 1.0513, "2010-03-31": "2.12070", "2009-12-31": 0.9499, "2009-09-30": 1.47, "2009-06-30": 0.9905, "2009-03-31": "1.56090", "2008-12-31": 1.5623, "2008-09-30": 1.308, "2008-06-30": 1.2391, "2008-03-31": "0.82510", "2007-12-31": 0.7534, "2007-09-30": 0.4299, "2007-06-30": 0.7163, "2007-03-31": "0.99220", "2006-12-31": 0.5598, "2006-09-30": 0.5459, "2006-06-30": 0.4465, "2006-03-31": "0.84660", "2005-12-31": 0.6669, "2005-09-30": 0.8329, "2005-06-30": 0.2093, "2005-03-31": "0.88000"}}, "revenue": {"Credit Acceptance Annual Revenue (Millions of US $)": {"2019": "$1,489", "2018": "$1,286", "2017": "$1,110", "2016": "$969", "2015": "$825", "2014": "$724", "2013": "$682", "2012": "$609", "2011": "$525", "2010": "$442", "2009": "$381", "2008": "$312", "2007": "$240", "2006": "$219", "2005": "$201"}, "Credit Acceptance Quarterly Revenue (Millions of US $)": {"2020-09-30": "$427", "2020-06-30": "$406", "2020-03-31": "$389", "2019-12-31": "$386", "2019-09-30": "$379", "2019-06-30": "$371", "2019-03-31": "$354", "2018-12-31": "$343", "2018-09-30": "$332", "2018-06-30": "$315", "2018-03-31": "$296", "2017-12-31": "$287", "2017-09-30": "$284", "2017-06-30": "$276", "2017-03-31": "$263", "2016-12-31": "$256", "2016-09-30": "$247", "2016-06-30": "$239", "2016-03-31": "$228", "2015-12-31": "$218", "2015-09-30": "$210", "2015-06-30": "$203", "2015-03-31": "$194", "2014-12-31": "$185", "2014-09-30": "$182", "2014-06-30": "$180", "2014-03-31": "$177", "2013-12-31": "$175", "2013-09-30": "$173", "2013-06-30": "$169", "2013-03-31": "$165", "2012-12-31": "$159", "2012-09-30": "$156", "2012-06-30": "$152", "2012-03-31": "$142", "2011-12-31": "$138", "2011-09-30": "$134", "2011-06-30": "$130", "2011-03-31": "$124", "2010-12-31": "$115", "2010-09-30": "$112", "2010-06-30": "$112", "2010-03-31": "$103", "2009-12-31": "$100", "2009-09-30": "$100", "2009-06-30": "$92", "2009-03-31": "$88", "2008-12-31": "$86", "2008-09-30": "$80", "2008-06-30": "$75", "2008-03-31": "$71", "2007-12-31": "$63", "2007-09-30": "$61", "2007-06-30": "$58", "2007-03-31": "$57", "2006-12-31": "$56", "2006-09-30": "$55", "2006-06-30": "$55", "2006-03-31": "$53", "2005-12-31": "$52", "2005-09-30": "$52", "2005-06-30": "$50", "2005-03-31": "$48"}}, "gross-profit": {"Credit Acceptance Annual Gross Profit (Millions of US $)": {"2019": "$1,489", "2018": "$1,286", "2017": "$1,110", "2016": "$969", "2015": "$825", "2014": "$724", "2013": "$682", "2012": "$609", "2011": "$525", "2010": "$442", "2009": "$381", "2008": "$312", "2007": "$240", "2006": "$219", "2005": "$201"}, "Credit Acceptance Quarterly Gross Profit (Millions of US $)": {"2020-09-30": "$427", "2020-06-30": "$406", "2020-03-31": "$389", "2019-12-31": "$386", "2019-09-30": "$379", "2019-06-30": "$371", "2019-03-31": "$354", "2018-12-31": "$343", "2018-09-30": "$332", "2018-06-30": "$315", "2018-03-31": "$296", "2017-12-31": "$287", "2017-09-30": "$284", "2017-06-30": "$276", "2017-03-31": "$263", "2016-12-31": "$256", "2016-09-30": "$247", "2016-06-30": "$239", "2016-03-31": "$228", "2015-12-31": "$218", "2015-09-30": "$210", "2015-06-30": "$203", "2015-03-31": "$194", "2014-12-31": "$185", "2014-09-30": "$182", "2014-06-30": "$180", "2014-03-31": "$177", "2013-12-31": "$175", "2013-09-30": "$173", "2013-06-30": "$169", "2013-03-31": "$165", "2012-12-31": "$159", "2012-09-30": "$156", "2012-06-30": "$152", "2012-03-31": "$142", "2011-12-31": "$138", "2011-09-30": "$134", "2011-06-30": "$130", "2011-03-31": "$124", "2010-12-31": "$115", "2010-09-30": "$112", "2010-06-30": "$112", "2010-03-31": "$103", "2009-12-31": "$100", "2009-09-30": "$100", "2009-06-30": "$92", "2009-03-31": "$88", "2008-12-31": "$86", "2008-09-30": "$80", "2008-06-30": "$75", "2008-03-31": "$71", "2007-12-31": "$63", "2007-09-30": "$61", "2007-06-30": "$58", "2007-03-31": "$57", "2006-12-31": "$56", "2006-09-30": "$55", "2006-06-30": "$55", "2006-03-31": "$53", "2005-12-31": "$52", "2005-09-30": "$52", "2005-06-30": "$50", "2005-03-31": "$48"}}, "operating-income": {"Credit Acceptance Annual Operating Income (Millions of US $)": {"2019": "$1,084", "2018": "$938", "2017": "$727", "2016": "$655", "2015": "$584", "2014": "$539", "2013": "$504", "2012": "$441", "2011": "$384", "2010": "$325", "2009": "$281", "2008": "$153", "2007": "$120", "2006": "$114", "2005": "$120"}, "Credit Acceptance Quarterly Operating Income (Millions of US $)": {"2020-09-30": "$376", "2020-06-30": "$185", "2020-03-31": "$-45", "2019-12-31": "$275", "2019-09-30": "$278", "2019-06-30": "$273", "2019-03-31": "$258", "2018-12-31": "$250", "2018-09-30": "$247", "2018-06-30": "$244", "2018-03-31": "$197", "2017-12-31": "$160", "2017-09-30": "$196", "2017-06-30": "$193", "2017-03-31": "$178", "2016-12-31": "$173", "2016-09-30": "$168", "2016-06-30": "$166", "2016-03-31": "$147", "2015-12-31": "$154", "2015-09-30": "$147", "2015-06-30": "$146", "2015-03-31": "$137", "2014-12-31": "$139", "2014-09-30": "$138", "2014-06-30": "$134", "2014-03-31": "$129", "2013-12-31": "$131", "2013-09-30": "$129", "2013-06-30": "$124", "2013-03-31": "$120", "2012-12-31": "$116", "2012-09-30": "$109", "2012-06-30": "$114", "2012-03-31": "$103", "2011-12-31": "$103", "2011-09-30": "$102", "2011-06-30": "$93", "2011-03-31": "$86", "2010-12-31": "$87", "2010-09-30": "$83", "2010-06-30": "$85", "2010-03-31": "$69", "2009-12-31": "$77", "2009-09-30": "$76", "2009-06-30": "$69", "2009-03-31": "$59", "2008-12-31": "$44", "2008-09-30": "$44", "2008-06-30": "$26", "2008-03-31": "$39", "2007-12-31": "$28", "2007-09-30": "$30", "2007-06-30": "$30", "2007-03-31": "$31", "2006-12-31": "$21", "2006-09-30": "$30", "2006-06-30": "$33", "2006-03-31": "$31", "2005-12-31": "$36", "2005-09-30": "$27", "2005-06-30": "$30", "2005-03-31": "$28"}}, "ebitda": {"Credit Acceptance Annual EBITDA (Millions of US $)": {"2019": "$1,106", "2018": "$957", "2017": "$743", "2016": "$670", "2015": "$598", "2014": "$553", "2013": "$517", "2012": "$454", "2011": "$394", "2010": "$336", "2009": "$290", "2008": "$162", "2007": "$124", "2006": "$119", "2005": "$126"}, "Credit Acceptance Quarterly EBITDA (Millions of US $)": {"2020-09-30": "$382", "2020-06-30": "$191", "2020-03-31": "$-39", "2019-12-31": "$281", "2019-09-30": "$284", "2019-06-30": "$279", "2019-03-31": "$263", "2018-12-31": "$255", "2018-09-30": "$252", "2018-06-30": "$249", "2018-03-31": "$202", "2017-12-31": "$164", "2017-09-30": "$200", "2017-06-30": "$197", "2017-03-31": "$182", "2016-12-31": "$177", "2016-09-30": "$172", "2016-06-30": "$170", "2016-03-31": "$151", "2015-12-31": "$158", "2015-09-30": "$150", "2015-06-30": "$150", "2015-03-31": "$141", "2014-12-31": "$142", "2014-09-30": "$142", "2014-06-30": "$137", "2014-03-31": "$132", "2013-12-31": "$134", "2013-09-30": "$133", "2013-06-30": "$127", "2013-03-31": "$123", "2012-12-31": "$119", "2012-09-30": "$112", "2012-06-30": "$117", "2012-03-31": "$105", "2011-12-31": "$105", "2011-09-30": "$104", "2011-06-30": "$96", "2011-03-31": "$89", "2010-12-31": "$89", "2010-09-30": "$86", "2010-06-30": "$88", "2010-03-31": "$73", "2009-12-31": "$80", "2009-09-30": "$80", "2009-06-30": "$71", "2009-03-31": "$60", "2008-12-31": "$50", "2008-09-30": "$45", "2008-06-30": "$28", "2008-03-31": "$40", "2007-12-31": "$30", "2007-09-30": "$31", "2007-06-30": "$31", "2007-03-31": "$32", "2006-12-31": "$22", "2006-09-30": "$31", "2006-06-30": "$34", "2006-03-31": "$32", "2005-12-31": "$37", "2005-09-30": "$28", "2005-06-30": "$31", "2005-03-31": "$29"}}, "net-income": {"Credit Acceptance Annual Net Income (Millions of US $)": {"2019": "$656", "2018": "$574", "2017": "$470", "2016": "$333", "2015": "$300", "2014": "$266", "2013": "$253", "2012": "$220", "2011": "$188", "2010": "$170", "2009": "$146", "2008": "$67", "2007": "$55", "2006": "$59", "2005": "$73"}, "Credit Acceptance Quarterly Net Income (Millions of US $)": {"2020-09-30": "$242", "2020-06-30": "$96", "2020-03-31": "$-84", "2019-12-31": "$162", "2019-09-30": "$165", "2019-06-30": "$164", "2019-03-31": "$164", "2018-12-31": "$152", "2018-09-30": "$151", "2018-06-30": "$151", "2018-03-31": "$120", "2017-12-31": "$177", "2017-09-30": "$101", "2017-06-30": "$99", "2017-03-31": "$93", "2016-12-31": "$88", "2016-09-30": "$86", "2016-06-30": "$85", "2016-03-31": "$74", "2015-12-31": "$80", "2015-09-30": "$74", "2015-06-30": "$74", "2015-03-31": "$72", "2014-12-31": "$73", "2014-09-30": "$74", "2014-06-30": "$69", "2014-03-31": "$50", "2013-12-31": "$66", "2013-09-30": "$65", "2013-06-30": "$62", "2013-03-31": "$61", "2012-12-31": "$60", "2012-09-30": "$53", "2012-06-30": "$57", "2012-03-31": "$50", "2011-12-31": "$50", "2011-09-30": "$50", "2011-06-30": "$45", "2011-03-31": "$43", "2010-12-31": "$47", "2010-09-30": "$42", "2010-06-30": "$49", "2010-03-31": "$32", "2009-12-31": "$40", "2009-09-30": "$41", "2009-06-30": "$36", "2009-03-31": "$29", "2008-12-31": "$19", "2008-09-30": "$21", "2008-06-30": "$10", "2008-03-31": "$18", "2007-12-31": "$12", "2007-09-30": "$15", "2007-06-30": "$12", "2007-03-31": "$15", "2006-12-31": "$8", "2006-09-30": "$15", "2006-06-30": "$18", "2006-03-31": "$17", "2005-12-31": "$25", "2005-09-30": "$15", "2005-06-30": "$17", "2005-03-31": "$16"}}, "eps-earnings-per-share-diluted": {"Credit Acceptance Annual EPS": {"2019": "$34.57", "2018": "$29.39", "2017": "$24.04", "2016": "$16.31", "2015": "$14.28", "2014": "$11.92", "2013": "$10.54", "2012": "$8.58", "2011": "$7.07", "2010": "$5.67", "2009": "$4.62", "2008": "$2.16", "2007": "$1.76", "2006": "$1.67", "2005": "$1.85"}, "Credit Acceptance Quarterly EPS": {"2020-09-30": "$13.56", "2020-06-30": "$5.40", "2020-03-31": "$-4.61", "2019-12-31": "$8.51", "2019-09-30": "$8.73", "2019-06-30": "$8.68", "2019-03-31": "$8.65", "2018-12-31": "$7.72", "2018-09-30": "$7.75", "2018-06-30": "$7.75", "2018-03-31": "$6.17", "2017-12-31": "$9.04", "2017-09-30": "$5.19", "2017-06-30": "$5.09", "2017-03-31": "$4.72", "2016-12-31": "$4.30", "2016-09-30": "$4.21", "2016-06-30": "$4.17", "2016-03-31": "$3.63", "2015-12-31": "$3.80", "2015-09-30": "$3.53", "2015-06-30": "$3.54", "2015-03-31": "$3.41", "2014-12-31": "$3.36", "2014-09-30": "$3.38", "2014-06-30": "$3.06", "2014-03-31": "$2.12", "2013-12-31": "$2.75", "2013-09-30": "$2.75", "2013-06-30": "$2.56", "2013-03-31": "$2.48", "2012-12-31": "$2.36", "2012-09-30": "$2.12", "2012-06-30": "$2.18", "2012-03-31": "$1.92", "2011-12-31": "$1.87", "2011-09-30": "$1.91", "2011-06-30": "$1.72", "2011-03-31": "$1.57", "2010-12-31": "$1.63", "2010-09-30": "$1.48", "2010-06-30": "$1.55", "2010-03-31": "$1.01", "2009-12-31": "$1.25", "2009-09-30": "$1.29", "2009-06-30": "$1.15", "2009-03-31": "$0.93", "2008-12-31": "$0.59", "2008-09-30": "$0.67", "2008-06-30": "$0.33", "2008-03-31": "$0.57", "2007-12-31": "$0.41", "2007-09-30": "$0.47", "2007-06-30": "$0.39", "2007-03-31": "$0.49", "2006-12-31": "$0.28", "2006-09-30": "$0.44", "2006-06-30": "$0.50", "2006-03-31": "$0.45", "2005-12-31": "$0.63", "2005-09-30": "$0.38", "2005-06-30": "$0.44", "2005-03-31": "$0.40"}}, "shares-outstanding": {"Credit Acceptance Annual Shares Outstanding (Millions of Shares)": {"2019": "19", "2018": "20", "2017": "20", "2016": "20", "2015": "21", "2014": "22", "2013": "24", "2012": "26", "2011": "27", "2010": "30", "2009": "32", "2008": "31", "2007": "31", "2006": "35", "2005": "39"}, "Credit Acceptance Quarterly Shares Outstanding (Millions of Shares)": {"2020-09-30": "18", "2020-06-30": "18", "2020-03-31": "18", "2019-12-31": "19", "2019-09-30": "19", "2019-06-30": "19", "2019-03-31": "19", "2018-12-31": "20", "2018-09-30": "19", "2018-06-30": "19", "2018-03-31": "19", "2017-12-31": "20", "2017-09-30": "19", "2017-06-30": "19", "2017-03-31": "20", "2016-12-31": "20", "2016-09-30": "20", "2016-06-30": "20", "2016-03-31": "20", "2015-12-31": "21", "2015-09-30": "21", "2015-06-30": "21", "2015-03-31": "21", "2014-12-31": "22", "2014-09-30": "22", "2014-06-30": "23", "2014-03-31": "24", "2013-12-31": "24", "2013-09-30": "24", "2013-06-30": "24", "2013-03-31": "24", "2012-12-31": "26", "2012-09-30": "25", "2012-06-30": "26", "2012-03-31": "26", "2011-12-31": "27", "2011-09-30": "26", "2011-06-30": "26", "2011-03-31": "27", "2010-12-31": "30", "2010-09-30": "28", "2010-06-30": "32", "2010-03-31": "32", "2009-12-31": "32", "2009-09-30": "32", "2009-06-30": "31", "2009-03-31": "31", "2008-12-31": "31", "2008-09-30": "31", "2008-06-30": "31", "2008-03-31": "31", "2007-12-31": "31", "2007-09-30": "31", "2007-06-30": "31", "2007-03-31": "31", "2006-12-31": "35", "2006-09-30": "35", "2006-06-30": "35", "2006-03-31": "39", "2005-12-31": "39", "2005-09-30": "39", "2005-06-30": "39", "2005-03-31": "39"}}, "total-assets": {"Credit Acceptance Annual Total Assets (Millions of US $)": {"2019": "$7,423", "2018": "$6,237", "2017": "$4,986", "2016": "$4,218", "2015": "$3,373", "2014": "$2,785", "2013": "$2,433", "2012": "$2,133", "2011": "$1,759", "2010": "$1,344", "2009": "$1,176", "2008": "$1,139", "2007": "$942", "2006": "$725", "2005": "$619"}, "Credit Acceptance Quarterly Total Assets (Millions of US $)": {"2020-09-30": "$7,422", "2020-06-30": "$7,338", "2020-03-31": "$7,260", "2019-12-31": "$7,423", "2019-09-30": "$7,071", "2019-06-30": "$6,909", "2019-03-31": "$6,750", "2018-12-31": "$6,237", "2018-09-30": "$6,244", "2018-06-30": "$5,874", "2018-03-31": "$5,534", "2017-12-31": "$4,986", "2017-09-30": "$4,827", "2017-06-30": "$4,728", "2017-03-31": "$4,557", "2016-12-31": "$4,218", "2016-09-30": "$4,093", "2016-06-30": "$4,024", "2016-03-31": "$3,704", "2015-12-31": "$3,373", "2015-09-30": "$3,376", "2015-06-30": "$3,133", "2015-03-31": "$3,127", "2014-12-31": "$2,785", "2014-09-30": "$2,723", "2014-06-30": "$2,628", "2014-03-31": "$2,574", "2013-12-31": "$2,433", "2013-09-30": "$2,385", "2013-06-30": "$2,315", "2013-03-31": "$2,248", "2012-12-31": "$2,133", "2012-09-30": "$2,103", "2012-06-30": "$2,003", "2012-03-31": "$1,955", "2011-12-31": "$1,759", "2011-09-30": "$1,671", "2011-06-30": "$1,582", "2011-03-31": "$1,492", "2010-12-31": "$1,344", "2010-09-30": "$1,284", "2010-06-30": "$1,255", "2010-03-31": "$1,228", "2009-12-31": "$1,176", "2009-09-30": "$1,178", "2009-06-30": "$1,171", "2009-03-31": "$1,177", "2008-12-31": "$1,139", "2008-09-30": "$1,170", "2008-06-30": "$1,152", "2008-03-31": "$1,080", "2007-12-31": "$942", "2007-09-30": "$871", "2007-06-30": "$857", "2007-03-31": "$813", "2006-12-31": "$725", "2006-09-30": "$752", "2006-06-30": "$651", "2006-03-31": "$641", "2005-12-31": "$619", "2005-09-30": "$639", "2005-06-30": "$633", "2005-03-31": "$618"}}, "cash-on-hand": {"Credit Acceptance Annual Cash on Hand (Millions of US $)": {"2019": "$577", "2018": "$388", "2017": "$310", "2016": "$285", "2015": "$222", "2014": "$217", "2013": "$169", "2012": "$148", "2011": "$110", "2010": "$71", "2009": "$88", "2008": "$87", "2007": "$78", "2006": "$58", "2005": "$24"}, "Credit Acceptance Quarterly Cash on Hand (Millions of US $)": {"2020-09-30": "$468", "2020-06-30": "$459", "2020-03-31": "$497", "2019-12-31": "$577", "2019-09-30": "$414", "2019-06-30": "$410", "2019-03-31": "$521", "2018-12-31": "$388", "2018-09-30": "$600", "2018-06-30": "$448", "2018-03-31": "$431", "2017-12-31": "$310", "2017-09-30": "$325", "2017-06-30": "$388", "2017-03-31": "$375", "2016-12-31": "$285", "2016-09-30": "$286", "2016-06-30": "$439", "2016-03-31": "$284", "2015-12-31": "$222", "2015-09-30": "$361", "2015-06-30": "$231", "2015-03-31": "$339", "2014-12-31": "$217", "2014-09-30": "$261", "2014-06-30": "$218", "2014-03-31": "$205", "2013-12-31": "$169", "2013-09-30": "$172", "2013-06-30": "$173", "2013-03-31": "$172", "2012-12-31": "$148", "2012-09-30": "$173", "2012-06-30": "$134", "2012-03-31": "$166", "2011-12-31": "$110", "2011-09-30": "$96", "2011-06-30": "$93", "2011-03-31": "$87", "2010-12-31": "$71", "2010-09-30": "$61", "2010-06-30": "$68", "2010-03-31": "$92", "2009-12-31": "$88", "2009-09-30": "$80", "2009-06-30": "$80", "2009-03-31": "$90", "2008-12-31": "$87", "2008-09-30": "$88", "2008-06-30": "$91", "2008-03-31": "$86", "2007-12-31": "$78", "2007-09-30": "$73", "2007-06-30": "$78", "2007-03-31": "$58", "2006-12-31": "$58", "2006-09-30": "$112", "2006-06-30": "$35", "2006-03-31": "$21", "2005-12-31": "$24", "2005-09-30": "$45", "2005-06-30": "$36", "2005-03-31": "$33"}}, "long-term-debt": {"Credit Acceptance Annual Long Term Debt (Millions of US $)": {"2019": "$4,539", "2018": "$3,649", "2017": "$3,057", "2016": "$2,604", "2015": "$2,010", "2014": "$1,633", "2013": "$1,290", "2012": "$1,207", "2011": "$954", "2010": "$549", "2009": "$410", "2008": "$580", "2007": "$496", "2006": "$354", "2005": "$111"}, "Credit Acceptance Quarterly Long Term Debt (Millions of US $)": {"2020-09-30": "$4,494", "2020-06-30": "$4,639", "2020-03-31": "$4,758", "2019-12-31": "$4,539", "2019-09-30": "$4,180", "2019-06-30": "$4,184", "2019-03-31": "$4,231", "2018-12-31": "$3,649", "2018-09-30": "$3,877", "2018-06-30": "$3,666", "2018-03-31": "$3,423", "2017-12-31": "$3,057", "2017-09-30": "$2,870", "2017-06-30": "$3,014", "2017-03-31": "$2,771", "2016-12-31": "$2,604", "2016-09-30": "$2,425", "2016-06-30": "$2,538", "2016-03-31": "$2,292", "2015-12-31": "$2,010", "2015-09-30": "$2,081", "2015-06-30": "$1,893", "2015-03-31": "$1,984", "2014-12-31": "$1,633", "2014-09-30": "$1,651", "2014-06-30": "$1,549", "2014-03-31": "$1,442", "2013-12-31": "$1,290", "2013-09-30": "$1,346", "2013-06-30": "$1,256", "2013-03-31": "$1,240", "2012-12-31": "$1,207", "2012-09-30": "$1,146", "2012-06-30": "$1,119", "2012-03-31": "$959", "2011-12-31": "$954", "2011-09-30": "$870", "2011-06-30": "$807", "2011-03-31": "$754", "2010-12-31": "$549", "2010-09-30": "$577", "2010-06-30": "$489", "2010-03-31": "$470", "2009-12-31": "$410", "2009-09-30": "$442", "2009-06-30": "$476", "2009-03-31": "$528", "2008-12-31": "$580", "2008-09-30": "$609", "2008-06-30": "$665", "2008-03-31": "$551", "2007-12-31": "$496", "2007-09-30": "$453", "2007-06-30": "$441", "2007-03-31": "$410", "2006-12-31": "$354", "2006-09-30": "$297", "2006-06-30": "$211", "2006-03-31": "$141", "2005-12-31": "$111", "2005-09-30": "$148", "2005-06-30": "$161", "2005-03-31": "$173"}}, "total-liabilities": {"Credit Acceptance Annual Total Liabilities (Millions of US $)": {"2019": "$5,068", "2018": "$4,247", "2017": "$3,450", "2016": "$3,044", "2015": "$2,445", "2014": "$2,083", "2013": "$1,683", "2012": "$1,511", "2011": "$1,219", "2010": "$869", "2009": "$678", "2008": "$802", "2007": "$677", "2006": "$515", "2005": "$246"}, "Credit Acceptance Quarterly Total Liabilities (Millions of US $)": {"2020-09-30": "$5,113", "2020-06-30": "$5,273", "2020-03-31": "$5,294", "2019-12-31": "$5,068", "2019-09-30": "$4,688", "2019-06-30": "$4,693", "2019-03-31": "$4,701", "2018-12-31": "$4,247", "2018-09-30": "$4,281", "2018-06-30": "$4,065", "2018-03-31": "$3,877", "2017-12-31": "$3,450", "2017-09-30": "$3,475", "2017-06-30": "$3,480", "2017-03-31": "$3,393", "2016-12-31": "$3,044", "2016-09-30": "$2,927", "2016-06-30": "$2,946", "2016-03-31": "$2,713", "2015-12-31": "$2,445", "2015-09-30": "$2,444", "2015-06-30": "$2,279", "2015-03-31": "$2,350", "2014-12-31": "$2,083", "2014-09-30": "$1,974", "2014-06-30": "$1,955", "2014-03-31": "$1,859", "2013-12-31": "$1,683", "2013-09-30": "$1,695", "2013-06-30": "$1,661", "2013-03-31": "$1,624", "2012-12-31": "$1,511", "2012-09-30": "$1,506", "2012-06-30": "$1,463", "2012-03-31": "$1,382", "2011-12-31": "$1,219", "2011-09-30": "$1,177", "2011-06-30": "$1,140", "2011-03-31": "$1,097", "2010-12-31": "$869", "2010-09-30": "$860", "2010-06-30": "$673", "2010-03-31": "$697", "2009-12-31": "$678", "2009-09-30": "$726", "2009-06-30": "$764", "2009-03-31": "$809", "2008-12-31": "$802", "2008-09-30": "$851", "2008-06-30": "$854", "2008-03-31": "$794", "2007-12-31": "$677", "2007-09-30": "$621", "2007-06-30": "$617", "2007-03-31": "$586", "2006-12-31": "$515", "2006-09-30": "$545", "2006-06-30": "$349", "2006-03-31": "$355", "2005-12-31": "$246", "2005-09-30": "$290", "2005-06-30": "$299", "2005-03-31": "$301"}}, "total-share-holder-equity": {"Credit Acceptance Annual Share Holder Equity (Millions of US $)": {"2019": "$2,355", "2018": "$1,991", "2017": "$1,536", "2016": "$1,174", "2015": "$928", "2014": "$702", "2013": "$750", "2012": "$622", "2011": "$540", "2010": "$474", "2009": "$498", "2008": "$338", "2007": "$265", "2006": "$210", "2005": "$373"}, "Credit Acceptance Quarterly Share Holder Equity (Millions of US $)": {"2020-09-30": "$2,309", "2020-06-30": "$2,065", "2020-03-31": "$1,966", "2019-12-31": "$2,355", "2019-09-30": "$2,383", "2019-06-30": "$2,215", "2019-03-31": "$2,049", "2018-12-31": "$1,991", "2018-09-30": "$1,963", "2018-06-30": "$1,810", "2018-03-31": "$1,657", "2017-12-31": "$1,536", "2017-09-30": "$1,352", "2017-06-30": "$1,248", "2017-03-31": "$1,164", "2016-12-31": "$1,174", "2016-09-30": "$1,166", "2016-06-30": "$1,078", "2016-03-31": "$991", "2015-12-31": "$928", "2015-09-30": "$931", "2015-06-30": "$854", "2015-03-31": "$777", "2014-12-31": "$702", "2014-09-30": "$749", "2014-06-30": "$673", "2014-03-31": "$715", "2013-12-31": "$750", "2013-09-30": "$690", "2013-06-30": "$654", "2013-03-31": "$625", "2012-12-31": "$622", "2012-09-30": "$598", "2012-06-30": "$540", "2012-03-31": "$573", "2011-12-31": "$540", "2011-09-30": "$493", "2011-06-30": "$442", "2011-03-31": "$395", "2010-12-31": "$474", "2010-09-30": "$424", "2010-06-30": "$582", "2010-03-31": "$531", "2009-12-31": "$498", "2009-09-30": "$452", "2009-06-30": "$407", "2009-03-31": "$368", "2008-12-31": "$338", "2008-09-30": "$320", "2008-06-30": "$298", "2008-03-31": "$286", "2007-12-31": "$265", "2007-09-30": "$250", "2007-06-30": "$240", "2007-03-31": "$227", "2006-12-31": "$210", "2006-09-30": "$207", "2006-06-30": "$302", "2006-03-31": "$286", "2005-12-31": "$373", "2005-09-30": "$349", "2005-06-30": "$334", "2005-03-31": "$317"}}, "profit-margins": {"current": "25.22%"}, "gross margin": {"2020-09-30": "100.00%", "2020-06-30": "100.00%", "2020-03-31": "100.00%", "2019-12-31": "100.00%", "2019-09-30": "100.00%", "2019-06-30": "100.00%", "2019-03-31": "100.00%", "2018-12-31": "100.00%", "2018-09-30": "100.00%", "2018-06-30": "100.00%", "2018-03-31": "100.00%", "2017-12-31": "100.00%", "2017-09-30": "100.00%", "2017-06-30": "100.00%", "2017-03-31": "100.00%", "2016-12-31": "100.00%", "2016-09-30": "100.00%", "2016-06-30": "100.00%", "2016-03-31": "100.00%", "2015-12-31": "100.00%", "2015-09-30": "100.00%", "2015-06-30": "100.00%", "2015-03-31": "100.00%", "2014-12-31": "100.00%", "2014-09-30": "100.00%", "2014-06-30": "100.00%", "2014-03-31": "100.00%", "2013-12-31": "100.00%", "2013-09-30": "100.00%", "2013-06-30": "100.00%", "2013-03-31": "100.00%", "2012-12-31": "100.00%", "2012-09-30": "100.00%", "2012-06-30": "100.00%", "2012-03-31": "100.00%", "2011-12-31": "100.00%", "2011-09-30": "100.00%", "2011-06-30": "100.00%", "2011-03-31": "100.00%", "2010-12-31": "100.00%", "2010-09-30": "100.00%", "2010-06-30": "100.00%", "2010-03-31": "100.00%", "2009-12-31": "100.00%", "2009-09-30": "100.00%", "2009-06-30": "100.00%", "2009-03-31": "100.00%", "2008-12-31": "100.00%", "2008-09-30": "100.00%", "2008-06-30": "100.00%", "2008-03-31": "100.00%", "2007-12-31": "100.00%", "2007-09-30": "100.00%", "2007-06-30": "100.00%", "2007-03-31": "100.00%", "2006-12-31": "100.00%", "2006-09-30": "100.00%", "2006-06-30": "100.00%", "2006-03-31": "100.00%", "2005-12-31": "100.00%"}, "operating margin": {"2020-09-30": "49.19%", "2020-06-30": "44.42%", "2020-03-31": "51.21%", "2019-12-31": "72.75%", "2019-09-30": "73.19%", "2019-06-30": "73.43%", "2019-03-31": "74.33%", "2018-12-31": "72.94%", "2018-09-30": "68.94%", "2018-06-30": "67.43%", "2018-03-31": "65.27%", "2017-12-31": "65.50%", "2017-09-30": "68.58%", "2017-06-30": "68.33%", "2017-03-31": "68.16%", "2016-12-31": "67.42%", "2016-09-30": "68.13%", "2016-06-30": "68.60%", "2016-03-31": "69.15%", "2015-12-31": "70.79%", "2015-09-30": "71.84%", "2015-06-30": "73.30%", "2015-03-31": "73.95%", "2014-12-31": "74.59%", "2014-09-30": "74.51%", "2014-06-30": "74.18%", "2014-03-31": "73.92%", "2013-12-31": "73.90%", "2013-09-30": "73.42%", "2013-06-30": "72.27%", "2013-03-31": "72.63%", "2012-12-31": "72.58%", "2012-09-30": "72.96%", "2012-06-30": "74.56%", "2012-03-31": "73.71%", "2011-12-31": "73.00%", "2011-09-30": "73.16%", "2011-06-30": "72.56%", "2011-03-31": "73.65%", "2010-12-31": "73.30%", "2010-09-30": "73.54%", "2010-06-30": "73.98%", "2010-03-31": "73.67%", "2009-12-31": "73.95%", "2009-09-30": "67.76%", "2009-06-30": "62.43%", "2009-03-31": "52.58%", "2008-12-31": "49.04%", "2008-09-30": "47.40%", "2008-06-30": "45.56%", "2008-03-31": "50.20%", "2007-12-31": "49.79%", "2007-09-30": "48.28%", "2007-06-30": "49.56%", "2007-03-31": "51.57%", "2006-12-31": "52.51%", "2006-09-30": "60.47%", "2006-06-30": "59.91%", "2006-03-31": "59.90%", "2005-12-31": "59.90%"}, "ebitda margin": {"2020-09-30": "50.68%", "2020-06-30": "45.96%", "2020-03-31": "52.79%", "2019-12-31": "74.30%", "2019-09-30": "74.71%", "2019-06-30": "74.93%", "2019-03-31": "75.82%", "2018-12-31": "74.49%", "2018-09-30": "70.49%", "2018-06-30": "68.95%", "2018-03-31": "66.75%", "2017-12-31": "66.94%", "2017-09-30": "70.06%", "2017-06-30": "69.87%", "2017-03-31": "69.75%", "2016-12-31": "69.07%", "2016-09-30": "69.85%", "2016-06-30": "70.28%", "2016-03-31": "70.90%", "2015-12-31": "72.61%", "2015-09-30": "73.61%", "2015-06-30": "75.26%", "2015-03-31": "75.84%", "2014-12-31": "76.38%", "2014-09-30": "76.33%", "2014-06-30": "76.03%", "2014-03-31": "75.79%", "2013-12-31": "75.81%", "2013-09-30": "75.38%", "2013-06-30": "74.11%", "2013-03-31": "74.53%", "2012-12-31": "74.38%", "2012-09-30": "74.66%", "2012-06-30": "76.15%", "2012-03-31": "75.37%", "2011-12-31": "74.90%", "2011-09-30": "75.15%", "2011-06-30": "74.84%", "2011-03-31": "76.03%", "2010-12-31": "76.02%", "2010-09-30": "76.58%", "2010-06-30": "77.35%", "2010-03-31": "76.96%", "2009-12-31": "76.58%", "2009-09-30": "71.31%", "2009-06-30": "65.32%", "2009-03-31": "55.62%", "2008-12-31": "52.24%", "2008-09-30": "49.48%", "2008-06-30": "47.78%", "2008-03-31": "52.17%", "2007-12-31": "51.88%", "2007-09-30": "50.00%", "2007-06-30": "51.33%", "2007-03-31": "53.36%", "2006-12-31": "54.34%", "2006-09-30": "62.33%", "2006-06-30": "61.79%", "2006-03-31": "61.84%", "2005-12-31": "61.88%"}, "pre tax profit margin": {"2020-09-30": "34.08%", "2020-06-30": "28.78%", "2020-03-31": "35.15%", "2019-12-31": "57.38%", "2019-09-30": "58.12%", "2019-06-30": "58.57%", "2019-03-31": "59.75%", "2018-12-31": "58.71%", "2018-09-30": "54.96%", "2018-06-30": "53.98%", "2018-03-31": "52.23%", "2017-12-31": "52.52%", "2017-09-30": "55.89%", "2017-06-30": "55.66%", "2017-03-31": "55.52%", "2016-12-31": "54.85%", "2016-09-30": "55.36%", "2016-06-30": "55.53%", "2016-03-31": "55.76%", "2015-12-31": "57.45%", "2015-09-30": "58.59%", "2015-06-30": "60.34%", "2015-03-31": "61.13%", "2014-12-31": "58.01%", "2014-09-30": "57.14%", "2014-06-30": "56.03%", "2014-03-31": "55.19%", "2013-12-31": "58.36%", "2013-09-30": "57.81%", "2013-06-30": "56.55%", "2013-03-31": "56.80%", "2012-12-31": "56.32%", "2012-09-30": "56.46%", "2012-06-30": "57.77%", "2012-03-31": "56.80%", "2011-12-31": "56.46%", "2011-09-30": "56.86%", "2011-06-30": "56.55%", "2011-03-31": "57.88%", "2010-12-31": "57.24%", "2010-09-30": "58.08%", "2010-06-30": "59.04%", "2010-03-31": "59.49%", "2009-12-31": "60.26%", "2009-09-30": "53.28%", "2009-06-30": "47.98%", "2009-03-31": "37.99%", "2008-12-31": "34.29%", "2008-09-30": "32.87%", "2008-06-30": "30.74%", "2008-03-31": "34.39%", "2007-12-31": "34.31%", "2007-09-30": "32.76%", "2007-06-30": "34.96%", "2007-03-31": "38.57%", "2006-12-31": "41.10%", "2006-09-30": "52.09%", "2006-06-30": "52.36%", "2006-03-31": "53.14%", "2005-12-31": "53.47%"}, "net profit margin": {"2020-09-30": "25.87%", "2020-06-30": "21.73%", "2020-03-31": "26.69%", "2019-12-31": "43.96%", "2019-09-30": "44.57%", "2019-06-30": "45.07%", "2019-03-31": "45.98%", "2018-12-31": "44.63%", "2018-09-30": "48.70%", "2018-06-30": "46.45%", "2018-03-31": "43.48%", "2017-12-31": "42.34%", "2017-09-30": "35.31%", "2017-06-30": "35.12%", "2017-03-31": "35.02%", "2016-12-31": "34.33%", "2016-09-30": "34.87%", "2016-06-30": "34.97%", "2016-03-31": "35.16%", "2015-12-31": "36.36%", "2015-09-30": "36.99%", "2015-06-30": "38.35%", "2015-03-31": "38.87%", "2014-12-31": "36.74%", "2014-09-30": "36.27%", "2014-06-30": "35.46%", "2014-03-31": "35.01%", "2013-12-31": "37.24%", "2013-09-30": "37.24%", "2013-06-30": "36.36%", "2013-03-31": "36.55%", "2012-12-31": "36.12%", "2012-09-30": "35.71%", "2012-06-30": "36.57%", "2012-03-31": "35.85%", "2011-12-31": "35.74%", "2011-09-30": "36.78%", "2011-06-30": "36.80%", "2011-03-31": "39.09%", "2010-12-31": "38.46%", "2010-09-30": "38.17%", "2010-06-30": "39.04%", "2010-03-31": "37.72%", "2009-12-31": "38.42%", "2009-09-30": "34.15%", "2009-06-30": "30.35%", "2009-03-31": "24.01%", "2008-12-31": "21.79%", "2008-09-30": "21.11%", "2008-06-30": "20.37%", "2008-03-31": "22.53%", "2007-12-31": "22.59%", "2007-09-30": "21.55%", "2007-06-30": "22.12%", "2007-03-31": "25.11%", "2006-12-31": "26.48%", "2006-09-30": "34.88%", "2006-06-30": "35.38%", "2006-03-31": "35.75%", "2005-12-31": "36.14%"}, "pe ratio": {"current": "9.04", "2021-02-05": "15.12", "2020-09-30": "14.76", "2020-06-30": "23.12", "2020-03-31": "11.95", "2019-12-31": "12.76", "2019-09-30": "13.63", "2019-06-30": "14.72", "2019-03-31": "14.15", "2018-12-31": "12.96", "2018-09-30": "14.24", "2018-06-30": "12.53", "2018-03-31": "12.93", "2017-12-31": "13.42", "2017-09-30": "14.49", "2017-06-30": "14.01", "2017-03-31": "11.44", "2016-12-31": "13.31", "2016-09-30": "12.69", "2016-06-30": "12.20", "2016-03-31": "12.49", "2015-12-31": "14.95", "2015-09-30": "14.13", "2015-06-30": "17.87", "2015-03-31": "14.66", "2014-12-31": "11.36", "2014-09-30": "11.10", "2014-06-30": "11.47", "2014-03-31": "13.90", "2013-12-31": "12.27", "2013-09-30": "10.87", "2013-06-30": "10.99", "2013-03-31": "13.31", "2012-12-31": "11.80", "2012-09-30": "10.52", "2012-06-30": "10.66", "2012-03-31": "13.54", "2011-12-31": "11.57", "2011-09-30": "9.34", "2011-06-30": "13.08", "2011-03-31": "11.28", "2010-12-31": "10.95", "2010-09-30": "11.40", "2010-06-30": "9.53", "2010-03-31": "8.74", "2009-12-31": "9.07", "2009-09-30": "8.11", "2009-06-30": "6.52", "2009-03-31": "8.49", "2008-12-31": "6.31", "2008-09-30": "8.63", "2008-06-30": "14.44", "2008-03-31": "8.49", "2007-12-31": "11.81", "2007-09-30": "14.26", "2007-06-30": "16.87", "2007-03-31": "15.99", "2006-12-31": "20.08"}, "price sales": {"2021-02-05": "3.93", "2020-09-30": "3.83", "2020-06-30": "4.96", "2020-03-31": "3.15", "2019-12-31": "5.64", "2019-09-30": "6.09", "2019-06-30": "6.65", "2019-03-31": "6.51", "2018-12-31": "5.79", "2018-09-30": "6.94", "2018-06-30": "5.82", "2018-03-31": "5.63", "2017-12-31": "5.70", "2017-09-30": "5.13", "2017-06-30": "4.93", "2017-03-31": "4.02", "2016-12-31": "4.58", "2016-09-30": "4.44", "2016-06-30": "4.28", "2016-03-31": "4.40", "2015-12-31": "5.44", "2015-09-30": "5.28", "2015-06-30": "6.92", "2015-03-31": "5.77", "2014-12-31": "4.26", "2014-09-30": "4.06", "2014-06-30": "4.10", "2014-03-31": "4.88", "2013-12-31": "4.58", "2013-09-30": "4.06", "2013-06-30": "4.00", "2013-03-31": "4.88", "2012-12-31": "4.29", "2012-09-30": "3.77", "2012-06-30": "3.92", "2012-03-31": "4.88", "2011-12-31": "4.16", "2011-09-30": "3.49", "2011-06-30": "4.90", "2011-03-31": "4.49", "2010-12-31": "4.31", "2010-09-30": "4.36", "2010-06-30": "3.71", "2010-03-31": "3.29", "2009-12-31": "3.48", "2009-09-30": "2.75", "2009-06-30": "1.97", "2009-03-31": "2.03", "2008-12-31": "1.36", "2008-09-30": "1.82", "2008-06-30": "2.94", "2008-03-31": "1.91", "2007-12-31": "2.69", "2007-09-30": "3.19", "2007-06-30": "3.91", "2007-03-31": "4.15", "2006-12-31": "5.47"}, "price book": {"current": "2.65", "2021-02-05": "2.65", "2020-09-30": "2.59", "2020-06-30": "3.58", "2020-03-31": "2.30", "2019-12-31": "3.45", "2019-09-30": "3.64", "2019-06-30": "4.11", "2019-03-31": "4.15", "2018-12-31": "3.64", "2018-09-30": "4.31", "2018-06-30": "3.77", "2018-03-31": "3.85", "2017-12-31": "4.07", "2017-09-30": "4.00", "2017-06-30": "3.98", "2017-03-31": "3.32", "2016-12-31": "3.68", "2016-09-30": "3.51", "2016-06-30": "3.49", "2016-03-31": "3.72", "2015-12-31": "4.64", "2015-09-30": "4.35", "2015-06-30": "5.94", "2015-03-31": "5.17", "2014-12-31": "4.00", "2014-09-30": "3.64", "2014-06-30": "3.95", "2014-03-31": "4.48", "2013-12-31": "3.98", "2013-09-30": "3.70", "2013-06-30": "3.74", "2013-03-31": "4.61", "2012-12-31": "3.94", "2012-09-30": "3.51", "2012-06-30": "3.83", "2012-03-31": "4.52", "2011-12-31": "3.90", "2011-09-30": "3.35", "2011-06-30": "4.90", "2011-03-31": "4.59", "2010-12-31": "3.61", "2010-09-30": "3.87", "2010-06-30": "2.60", "2010-03-31": "2.41", "2009-12-31": "2.62", "2009-09-30": "2.21", "2009-06-30": "1.66", "2009-03-31": "1.80", "2008-12-31": "1.24", "2008-09-30": "1.63", "2008-06-30": "2.62", "2008-03-31": "1.66", "2007-12-31": "2.35", "2007-09-30": "2.79", "2007-06-30": "3.39", "2007-03-31": "3.63", "2006-12-31": "4.78", "2006-09-30": "4.32", "2006-06-30": "3.00", "2006-03-31": "2.71"}, "price fcf": {"2021-02-05": "", "2020-09-30": "$53.99", "2020-06-30": "$49.13", "2020-03-31": "$42.03", "2019-12-31": "$41.39", "2019-09-30": "$41.00", "2019-06-30": "$39.38", "2019-03-31": "$36.00", "2018-12-31": "$34.75", "2018-09-30": "$32.10", "2018-06-30": "$31.01", "2018-03-31": "$31.07", "2017-12-31": "$28.51", "2017-09-30": "$27.92", "2017-06-30": "$26.66", "2017-03-31": "$28.21", "2016-12-31": "$24.58", "2016-09-30": "$22.55", "2016-06-30": "$21.20", "2016-03-31": "$17.93", "2015-12-31": "$19.07", "2015-09-30": "$18.16", "2015-06-30": "$17.55", "2015-03-31": "$17.82", "2014-12-31": "$16.16", "2014-09-30": "$16.36", "2014-06-30": "$15.15", "2014-03-31": "$13.95", "2013-12-31": "$13.33", "2013-09-30": "$12.40", "2013-06-30": "$11.84", "2013-03-31": "$11.73", "2012-12-31": "$11.71", "2012-09-30": "$10.99", "2012-06-30": "$10.47", "2012-03-31": "$10.30", "2011-12-31": "$10.13", "2011-09-30": "$8.93", "2011-06-30": "$8.67", "2011-03-31": "$7.53", "2010-12-31": "$6.58", "2010-09-30": "$6.20", "2010-06-30": "$5.59", "2010-03-31": "$5.53", "2009-12-31": "$4.97", "2009-09-30": "$5.58", "2009-06-30": "$5.42", "2009-03-31": "$5.67", "2008-12-31": "$4.93", "2008-09-30": "$4.13", "2008-06-30": "$3.25", "2008-03-31": "$2.72", "2007-12-31": "$2.89", "2007-09-30": "$2.70", "2007-06-30": "$2.81", "2007-03-31": "$2.54", "2006-12-31": "$2.40"}, "net worth": {"value": "$6.12B"}, "current ratio": {"current": "23.45", "2020-09-30": "23.45", "2020-06-30": "21.20", "2020-03-31": "28.62", "2019-12-31": "35.47", "2019-09-30": "29.49", "2019-06-30": "28.16", "2019-03-31": "31.27", "2018-12-31": "17.07", "2018-09-30": "36.75", "2018-06-30": "33.69", "2018-03-31": "22.16", "2017-12-31": "24.00", "2017-09-30": "17.63", "2017-06-30": "33.28", "2017-03-31": "14.64", "2016-12-31": "24.92", "2016-09-30": "18.34", "2016-06-30": "28.00", "2016-03-31": "21.80", "2015-12-31": "17.97", "2015-09-30": "26.25", "2015-06-30": "19.62", "2015-03-31": "21.08", "2014-12-31": "11.54", "2014-09-30": "20.27", "2014-06-30": "11.77", "2014-03-31": "10.91", "2013-12-31": "10.08", "2013-09-30": "11.50", "2013-06-30": "8.60", "2013-03-31": "8.94", "2012-12-31": "13.38", "2012-09-30": "9.16", "2012-06-30": "9.33", "2012-03-31": "6.48", "2011-12-31": "12.11", "2011-09-30": "8.49", "2011-06-30": "6.86", "2011-03-31": "5.99", "2010-12-31": "6.14", "2010-09-30": "7.05", "2010-06-30": "14.52", "2010-03-31": "8.51", "2009-12-31": "6.54", "2009-09-30": "6.22", "2009-06-30": "5.70", "2009-03-31": "5.64", "2008-12-31": "7.56", "2008-09-30": "6.97", "2008-06-30": "9.30", "2008-03-31": "6.07", "2007-12-31": "7.83", "2007-09-30": "7.13", "2007-06-30": "6.60", "2007-03-31": "6.46", "2006-12-31": "5.96", "2006-09-30": "3.55", "2006-06-30": "6.58", "2006-03-31": "3.74", "2005-12-31": "6.43", "2005-09-30": "5.71", "2005-06-30": "5.66", "2005-03-31": "6.06"}, "quick ratio": {"2020-09-30": "0.00", "2020-06-30": "0.00", "2020-03-31": "0.00", "2019-12-31": "0.00", "2019-09-30": "0.00", "2019-06-30": "0.00", "2019-03-31": "0.00", "2018-12-31": "0.00", "2018-09-30": "0.00", "2018-06-30": "0.00", "2018-03-31": "0.00", "2017-12-31": "0.00", "2017-09-30": "0.00", "2017-06-30": "0.00", "2017-03-31": "0.00", "2016-12-31": "0.00", "2016-09-30": "0.00", "2016-06-30": "0.00", "2016-03-31": "0.00", "2015-12-31": "0.00", "2015-09-30": "0.00", "2015-06-30": "0.00", "2015-03-31": "0.00", "2014-12-31": "0.00", "2014-09-30": "0.00", "2014-06-30": "0.00", "2014-03-31": "0.00", "2013-12-31": "0.00", "2013-09-30": "0.00", "2013-06-30": "0.00", "2013-03-31": "0.00", "2012-12-31": "0.00", "2012-09-30": "0.00", "2012-06-30": "0.00", "2012-03-31": "0.00", "2011-12-31": "0.00", "2011-09-30": "0.00", "2011-06-30": "0.00", "2011-03-31": "0.00", "2010-12-31": "0.00", "2010-09-30": "0.00", "2010-06-30": "0.00", "2010-03-31": "0.00", "2009-12-31": "0.00", "2009-09-30": "0.00", "2009-06-30": "0.00", "2009-03-31": "0.00", "2008-12-31": "0.00", "2008-09-30": "0.00", "2008-06-30": "0.00", "2008-03-31": "0.00", "2007-12-31": "0.00", "2007-09-30": "0.00", "2007-06-30": "0.00", "2007-03-31": "0.00", "2006-12-31": "0.00", "2006-09-30": "0.00", "2006-06-30": "0.00", "2006-03-31": "0.00", "2005-12-31": "0.00", "2005-09-30": "0.00", "2005-06-30": "0.00", "2005-03-31": "0.00"}, "debt equity ratio": {"current": "1.95", "2020-09-30": "2.22", "2020-06-30": "2.55", "2020-03-31": "2.69", "2019-12-31": "2.15", "2019-09-30": "1.97", "2019-06-30": "2.12", "2019-03-31": "2.29", "2018-12-31": "2.13", "2018-09-30": "2.18", "2018-06-30": "2.25", "2018-03-31": "2.34", "2017-12-31": "2.25", "2017-09-30": "2.57", "2017-06-30": "2.79", "2017-03-31": "2.92", "2016-12-31": "2.59", "2016-09-30": "2.51", "2016-06-30": "2.73", "2016-03-31": "2.74", "2015-12-31": "2.63", "2015-09-30": "2.63", "2015-06-30": "2.67", "2015-03-31": "3.02", "2014-12-31": "2.97", "2014-09-30": "2.64", "2014-06-30": "2.91", "2014-03-31": "2.60", "2013-12-31": "2.24", "2013-09-30": "2.46", "2013-06-30": "2.54", "2013-03-31": "2.60", "2012-12-31": "2.43", "2012-09-30": "2.52", "2012-06-30": "2.71", "2012-03-31": "2.42", "2011-12-31": "2.26", "2011-09-30": "2.39", "2011-06-30": "2.58", "2011-03-31": "2.77", "2010-12-31": "1.83", "2010-09-30": "2.03", "2010-06-30": "1.16", "2010-03-31": "1.31", "2009-12-31": "1.36", "2009-09-30": "1.61", "2009-06-30": "1.88", "2009-03-31": "2.20", "2008-12-31": "2.37", "2008-09-30": "2.66", "2008-06-30": "2.87", "2008-03-31": "2.78", "2007-12-31": "2.55", "2007-09-30": "2.49", "2007-06-30": "2.57", "2007-03-31": "2.58", "2006-12-31": "2.45", "2006-09-30": "2.64", "2006-06-30": "1.16", "2006-03-31": "1.24", "2005-12-31": "0.66", "2005-09-30": "0.83", "2005-06-30": "0.89", "2005-03-31": "0.95"}, "return on equity": {"2020-09-30": "19.14%", "2020-06-30": "15.46%", "2020-03-31": "18.25%", "2019-12-31": "29.10%", "2019-09-30": "29.87%", "2019-06-30": "30.71%", "2019-03-31": "31.64%", "2018-12-31": "30.94%", "2018-09-30": "34.40%", "2018-06-30": "34.56%", "2018-03-31": "34.32%", "2017-12-31": "35.47%", "2017-09-30": "30.86%", "2017-06-30": "30.81%", "2017-03-31": "30.73%", "2016-12-31": "30.21%", "2016-09-30": "31.23%", "2016-06-30": "31.87%", "2016-03-31": "32.61%", "2015-12-31": "34.38%", "2015-09-30": "35.91%", "2015-06-30": "38.03%", "2015-03-31": "39.71%", "2014-12-31": "37.48%", "2014-09-30": "35.89%", "2014-06-30": "35.36%", "2014-03-31": "34.60%", "2013-12-31": "37.37%", "2013-09-30": "38.29%", "2013-06-30": "37.78%", "2013-03-31": "38.74%", "2012-12-31": "37.72%", "2012-09-30": "37.32%", "2012-06-30": "38.58%", "2012-03-31": "38.09%", "2011-12-31": "40.21%", "2011-09-30": "41.02%", "2011-06-30": "40.81%", "2011-03-31": "38.61%", "2010-12-31": "33.81%", "2010-09-30": "32.04%", "2010-06-30": "31.41%", "2010-03-31": "31.57%", "2009-12-31": "33.86%", "2009-09-30": "31.95%", "2009-06-30": "29.31%", "2009-03-31": "23.87%", "2008-12-31": "21.90%", "2008-09-30": "20.87%", "2008-06-30": "20.02%", "2008-03-31": "21.90%", "2007-12-31": "22.00%", "2007-09-30": "21.57%", "2007-06-30": "22.62%", "2007-03-31": "23.68%", "2006-12-31": "23.08%", "2006-09-30": "25.68%", "2006-06-30": "22.90%", "2006-03-31": "22.06%", "2005-12-31": "21.27%"}, "return on assets": {"2020-09-30": "5.65%", "2020-06-30": "4.66%", "2020-03-31": "5.68%", "2019-12-31": "9.31%", "2019-09-30": "9.57%", "2019-06-30": "9.66%", "2019-03-31": "9.85%", "2018-12-31": "9.61%", "2018-09-30": "10.58%", "2018-06-30": "10.35%", "2018-03-31": "9.90%", "2017-12-31": "9.84%", "2017-09-30": "8.31%", "2017-06-30": "8.32%", "2017-03-31": "8.34%", "2016-12-31": "8.30%", "2016-09-30": "8.56%", "2016-06-30": "8.65%", "2016-03-31": "8.89%", "2015-12-31": "9.22%", "2015-09-30": "9.44%", "2015-06-30": "9.96%", "2015-03-31": "10.23%", "2014-12-31": "9.93%", "2014-09-30": "10.00%", "2014-06-30": "9.98%", "2014-03-31": "10.01%", "2013-12-31": "10.83%", "2013-09-30": "10.92%", "2013-06-30": "10.73%", "2013-03-31": "10.89%", "2012-12-31": "10.74%", "2012-09-30": "10.74%", "2012-06-30": "11.21%", "2012-03-31": "11.20%", "2011-12-31": "11.56%", "2011-09-30": "12.15%", "2011-06-30": "12.42%", "2011-03-31": "13.47%", "2010-12-31": "13.30%", "2010-09-30": "13.19%", "2010-06-30": "13.40%", "2010-03-31": "12.54%", "2009-12-31": "12.42%", "2009-09-30": "10.72%", "2009-06-30": "9.02%", "2009-03-31": "6.81%", "2008-12-31": "5.99%", "2008-09-30": "5.62%", "2008-06-30": "5.44%", "2008-03-31": "6.08%", "2007-12-31": "6.20%", "2007-09-30": "6.12%", "2007-06-30": "6.36%", "2007-03-31": "7.62%", "2006-12-31": "8.38%", "2006-09-30": "11.27%", "2006-06-30": "11.76%", "2006-03-31": "11.69%", "2005-12-31": "11.64%"}, "return on investments": {"2020-09-30": "11.66%", "2020-06-30": "10.31%", "2020-03-31": "11.75%", "2019-12-31": "16.59%", "2019-09-30": "17.02%", "2019-06-30": "17.02%", "2019-03-31": "17.20%", "2018-12-31": "17.03%", "2018-09-30": "16.16%", "2018-06-30": "16.46%", "2018-03-31": "16.43%", "2017-12-31": "17.09%", "2017-09-30": "18.27%", "2017-06-30": "18.30%", "2017-03-31": "18.37%", "2016-12-31": "18.34%", "2016-09-30": "18.92%", "2016-06-30": "19.11%", "2016-03-31": "19.83%", "2015-12-31": "20.39%", "2015-09-30": "20.97%", "2015-06-30": "21.87%", "2015-03-31": "22.56%", "2014-12-31": "23.70%", "2014-09-30": "24.13%", "2014-06-30": "24.75%", "2014-03-31": "25.20%", "2013-12-31": "25.68%", "2013-09-30": "25.60%", "2013-06-30": "25.53%", "2013-03-31": "25.87%", "2012-12-31": "26.14%", "2012-09-30": "26.69%", "2012-06-30": "27.91%", "2012-03-31": "28.45%", "2011-12-31": "29.23%", "2011-09-30": "30.77%", "2011-06-30": "31.57%", "2011-03-31": "32.14%", "2010-12-31": "31.64%", "2010-09-30": "31.55%", "2010-06-30": "31.71%", "2010-03-31": "31.59%", "2009-12-31": "31.40%", "2009-09-30": "27.63%", "2009-06-30": "23.83%", "2009-03-31": "18.67%", "2008-12-31": "16.78%", "2008-09-30": "15.70%", "2008-06-30": "15.07%", "2008-03-31": "17.04%", "2007-12-31": "17.11%", "2007-09-30": "17.33%", "2007-06-30": "18.78%", "2007-03-31": "20.75%", "2006-12-31": "22.92%", "2006-09-30": "26.98%", "2006-06-30": "26.46%", "2006-03-31": "26.06%", "2005-12-31": "24.62%"}, "return on tangible equity": {"2020-09-30": "19.14%", "2020-06-30": "15.46%", "2020-03-31": "18.25%", "2019-12-31": "29.10%", "2019-09-30": "29.87%", "2019-06-30": "30.71%", "2019-03-31": "31.64%", "2018-12-31": "30.94%", "2018-09-30": "34.40%", "2018-06-30": "34.56%", "2018-03-31": "34.32%", "2017-12-31": "35.47%", "2017-09-30": "30.86%", "2017-06-30": "30.81%", "2017-03-31": "30.73%", "2016-12-31": "30.21%", "2016-09-30": "31.23%", "2016-06-30": "31.87%", "2016-03-31": "32.61%", "2015-12-31": "34.38%", "2015-09-30": "35.91%", "2015-06-30": "38.03%", "2015-03-31": "39.71%", "2014-12-31": "37.48%", "2014-09-30": "35.89%", "2014-06-30": "35.36%", "2014-03-31": "34.60%", "2013-12-31": "37.37%", "2013-09-30": "38.29%", "2013-06-30": "37.78%", "2013-03-31": "38.74%", "2012-12-31": "37.72%", "2012-09-30": "37.32%", "2012-06-30": "38.58%", "2012-03-31": "38.09%", "2011-12-31": "40.21%", "2011-09-30": "41.02%", "2011-06-30": "40.81%", "2011-03-31": "38.61%", "2010-12-31": "33.81%", "2010-09-30": "32.04%", "2010-06-30": "31.41%", "2010-03-31": "31.57%", "2009-12-31": "33.86%", "2009-09-30": "31.95%", "2009-06-30": "29.31%", "2009-03-31": "23.87%", "2008-12-31": "21.90%", "2008-09-30": "20.87%", "2008-06-30": "20.02%", "2008-03-31": "21.90%", "2007-12-31": "22.00%", "2007-09-30": "21.57%", "2007-06-30": "22.62%", "2007-03-31": "23.68%", "2006-12-31": "23.08%", "2006-09-30": "25.68%", "2006-06-30": "22.90%", "2006-03-31": "22.06%", "2005-12-31": "21.27%"}, "dividend yield history": {"last payout": "$0.00", "last yield": "0.00%"}}