{"ticker": "CRM", "price": {"title": "Salesforce, Inc Historical Annual Stock Price Data", "value": 241.24, "historical": {"2020": {"Average Stock Price": "200.8653", "Year Open": "166.9900", "Year High": "281.2500", "Year Low": "124.3000", "Year Close": "222.5300", "Annual % Change": "36.82%"}, "2019": {"Average Stock Price": "155.1048", "Year Open": "135.5500", "Year High": "166.9500", "Year Low": "130.4000", "Year Close": "162.6400", "Annual % Change": "18.74%"}, "2018": {"Average Stock Price": "132.2096", "Year Open": "104.4100", "Year High": "160.4300", "Year Low": "104.0300", "Year Close": "136.9700", "Annual % Change": "33.98%"}, "2017": {"Average Stock Price": "90.2596", "Year Open": "70.5400", "Year High": "108.8000", "Year Low": "70.5400", "Year Close": "102.2300", "Annual % Change": "49.33%"}, "2016": {"Average Stock Price": "74.5540", "Year Open": "76.7100", "Year High": "83.7700", "Year Low": "54.0500", "Year Close": "68.4600", "Annual % Change": "-12.68%"}, "2015": {"Average Stock Price": "70.6554", "Year Open": "59.2400", "Year High": "82.1400", "Year Low": "55.1100", "Year Close": "78.4000", "Annual % Change": "32.19%"}, "2014": {"Average Stock Price": "57.2536", "Year Open": "54.8600", "Year High": "66.2200", "Year Low": "49.1300", "Year Close": "59.3100", "Annual % Change": "7.47%"}, "2013": {"Average Stock Price": "45.9442", "Year Open": "42.7925", "Year High": "57.3100", "Year Low": "36.7500", "Year Close": "55.1900", "Annual % Change": "31.33%"}, "2012": {"Average Stock Price": "35.7277", "Year Open": "25.3000", "Year High": "42.7250", "Year Low": "24.3700", "Year Close": "42.0250", "Annual % Change": "65.68%"}, "2011": {"Average Stock Price": "32.9300", "Year Open": "34.1500", "Year High": "39.8300", "Year Low": "24.5050", "Year Close": "25.3650", "Annual % Change": "-23.14%"}, "2010": {"Average Stock Price": "24.2122", "Year Open": "18.7050", "Year High": "37.6450", "Year Low": "15.5200", "Year Close": "33.0000", "Annual % Change": "78.93%"}, "2009": {"Average Stock Price": "11.3698", "Year Open": "8.5050", "Year High": "18.6600", "Year Low": "6.4425", "Year Close": "18.4425", "Annual % Change": "130.46%"}, "2008": {"Average Stock Price": "13.4276", "Year Open": "15.0700", "Year High": "18.6075", "Year Low": "5.4900", "Year Close": "8.0025", "Annual % Change": "-48.94%"}, "2007": {"Average Stock Price": "11.6935", "Year Open": "9.0175", "Year High": "16.2475", "Year Low": "9.0175", "Year Close": "15.6725", "Annual % Change": "71.99%"}, "2006": {"Average Stock Price": "8.6181", "Year Open": "8.5600", "Year High": "11.0000", "Year Low": "5.4625", "Year Close": "9.1125", "Annual % Change": "13.73%"}, "2005": {"Average Stock Price": "5.1920", "Year Open": "4.1500", "Year High": "8.9075", "Year Low": "3.2675", "Year Close": "8.0125", "Annual % Change": "89.20%"}, "2004": {"Average Stock Price": "3.9945", "Year Open": "4.3000", "Year High": "5.4900", "Year Low": "2.3975", "Year Close": "4.2350", "Annual % Change": "0.00%"}}}, "market cap": {"value": "$216.58B"}, "income statement": {"Revenue": {"2020-01-31": "17098.00000", "2019-01-31": "13282.00000", "2018-01-31": "10540.00000", "2017-01-31": "8437.00000", "2016-01-31": "6667.21600", "2015-01-31": "5373.58600", "2014-01-31": "4071.00300", "2013-01-31": "3050.19500", "2012-01-31": "2266.53900", "2011-01-31": "1657.13900", "2010-01-31": "1305.58300", "2009-01-31": "1076.76900", "2008-01-31": "748.70000", "2007-01-31": "497.09800", "2006-01-31": "309.85700", "2005-01-31": "176.37500"}, "Cost Of Goods Sold": {"2020-01-31": "4235.00000", "2019-01-31": "3451.00000", "2018-01-31": "2773.00000", "2017-01-31": "2234.00000", "2016-01-31": "1654.54800", "2015-01-31": "1289.27000", "2014-01-31": "968.42800", "2013-01-31": "683.57900", "2012-01-31": "488.88600", "2011-01-31": "323.81300", "2010-01-31": "257.92500", "2009-01-31": "220.47100", "2008-01-31": "171.59100", "2007-01-31": "118.89000", "2006-01-31": "69.12600", "2005-01-31": "33.45400"}, "Gross Profit": {"2020-01-31": "12863.00000", "2019-01-31": "9831.00000", "2018-01-31": "7767.00000", "2017-01-31": "6203.00000", "2016-01-31": "5012.66800", "2015-01-31": "4084.31600", "2014-01-31": "3102.57500", "2013-01-31": "2366.61600", "2012-01-31": "1777.65300", "2011-01-31": "1333.32600", "2010-01-31": "1047.65800", "2009-01-31": "856.29800", "2008-01-31": "577.10900", "2007-01-31": "378.20800", "2006-01-31": "240.73100", "2005-01-31": "142.92100"}, "Research And Development Expenses": {"2020-01-31": "2766.00000", "2019-01-31": "1886.00000", "2018-01-31": "1553.00000", "2017-01-31": "1208.00000", "2016-01-31": "946.30000", "2015-01-31": "792.91700", "2014-01-31": "623.79800", "2013-01-31": "429.47900", "2012-01-31": "295.34700", "2011-01-31": "187.88700", "2010-01-31": "131.89700", "2009-01-31": "99.53000", "2008-01-31": "63.81200", "2007-01-31": "44.61400", "2006-01-31": "23.33000", "2005-01-31": "9.82200"}, "SG&A Expenses": {"2020-01-31": "9634.00000", "2019-01-31": "7410.00000", "2018-01-31": "5760.00000", "2017-01-31": "4777.00000", "2016-01-31": "3988.06200", "2015-01-31": "3437.03200", "2014-01-31": "2764.85100", "2013-01-31": "2047.84700", "2012-01-31": "1517.39100", "2011-01-31": "1047.94200", "2010-01-31": "800.48900", "2009-01-31": "693.02600", "2008-01-31": "492.98800", "2007-01-31": "337.19200", "2006-01-31": "197.58400", "2005-01-31": "126.57900"}, "Other Operating Income Or Expenses": {"2020-01-31": "-166.00000", "2019-01-31": "0.00000", "2018-01-31": "0.00000", "2017-01-31": "", "2016-01-31": "36.61700", "2015-01-31": "0.00000", "2014-01-31": "0.00000", "2013-01-31": "", "2012-01-31": "", "2011-01-31": "", "2010-01-31": "", "2009-01-31": "", "2008-01-31": "", "2007-01-31": "", "2006-01-31": "0.28500", "2005-01-31": ""}, "Operating Expenses": {"2020-01-31": "16801.00000", "2019-01-31": "12747.00000", "2018-01-31": "10086.00000", "2017-01-31": "8219.00000", "2016-01-31": "6552.29300", "2015-01-31": "5519.21900", "2014-01-31": "4357.07700", "2013-01-31": "3160.90500", "2012-01-31": "2301.62400", "2011-01-31": "1559.64200", "2010-01-31": "1190.31100", "2009-01-31": "1013.02700", "2008-01-31": "728.39100", "2007-01-31": "500.69600", "2006-01-31": "289.75500", "2005-01-31": "169.85500"}, "Operating Income": {"2020-01-31": "297.00000", "2019-01-31": "535.00000", "2018-01-31": "454.00000", "2017-01-31": "218.00000", "2016-01-31": "114.92290", "2015-01-31": "-145.63280", "2014-01-31": "-286.07420", "2013-01-31": "-110.71000", "2012-01-31": "-35.08500", "2011-01-31": "97.49710", "2010-01-31": "115.27210", "2009-01-31": "63.74210", "2008-01-31": "20.30900", "2007-01-31": "-3.59800", "2006-01-31": "20.10200", "2005-01-31": "6.52000"}, "Total Non-Operating Income/Expense": {"2020-01-31": "409.00000", "2019-01-31": "448.00000", "2018-01-31": "-34.00000", "2017-01-31": "-39.00000", "2016-01-31": "-50.64400", "2015-01-31": "-67.45200", "2014-01-31": "-71.86100", "2013-01-31": "-17.08400", "2012-01-31": "1.76800", "2011-01-31": "6.80100", "2010-01-31": "27.10900", "2009-01-31": "21.85000", "2008-01-31": "25.90400", "2007-01-31": "16.09400", "2006-01-31": "8.09600", "2005-01-31": "2.63300"}, "Pre-Tax Income": {"2020-01-31": "706.00000", "2019-01-31": "983.00000", "2018-01-31": "420.00000", "2017-01-31": "179.00000", "2016-01-31": "64.27900", "2015-01-31": "-213.08500", "2014-01-31": "-357.93500", "2013-01-31": "-127.79400", "2012-01-31": "-33.31700", "2011-01-31": "104.29800", "2010-01-31": "142.38100", "2009-01-31": "85.59200", "2008-01-31": "46.21300", "2007-01-31": "12.49600", "2006-01-31": "28.19800", "2005-01-31": "9.15300"}, "Income Taxes": {"2020-01-31": "580.00000", "2019-01-31": "-127.00000", "2018-01-31": "60.00000", "2017-01-31": "-144.00000", "2016-01-31": "111.70500", "2015-01-31": "49.60300", "2014-01-31": "-125.76000", "2013-01-31": "142.65100", "2012-01-31": "-21.74500", "2011-01-31": "34.60100", "2010-01-31": "57.68900", "2009-01-31": "37.55700", "2008-01-31": "23.38500", "2007-01-31": "9.79500", "2006-01-31": "-1.31000", "2005-01-31": "1.21700"}, "Income After Taxes": {"2020-01-31": "126.00000", "2019-01-31": "1110.00000", "2018-01-31": "360.00000", "2017-01-31": "323.00000", "2016-01-31": "-47.42600", "2015-01-31": "-262.68800", "2014-01-31": "-232.17500", "2013-01-31": "-270.44500", "2012-01-31": "-11.57200", "2011-01-31": "69.69700", "2010-01-31": "84.69200", "2009-01-31": "48.03500", "2008-01-31": "22.82800", "2007-01-31": "2.70100", "2006-01-31": "29.50800", "2005-01-31": "7.93600"}, "Other Income": {"2020-01-31": "", "2019-01-31": "", "2018-01-31": "", "2017-01-31": "", "2016-01-31": "", "2015-01-31": "", "2014-01-31": "", "2013-01-31": "", "2012-01-31": "", "2011-01-31": "", "2010-01-31": "", "2009-01-31": "", "2008-01-31": "", "2007-01-31": "", "2006-01-31": "", "2005-01-31": ""}, "Income From Continuous Operations": {"2020-01-31": "126.00000", "2019-01-31": "1110.00000", "2018-01-31": "360.00000", "2017-01-31": "323.00000", "2016-01-31": "-47.42600", "2015-01-31": "-262.68800", "2014-01-31": "-232.17500", "2013-01-31": "-270.44500", "2012-01-31": "-11.57200", "2011-01-31": "69.69700", "2010-01-31": "84.69200", "2009-01-31": "48.03500", "2008-01-31": "18.35600", "2007-01-31": "0.48100", "2006-01-31": "28.47400", "2005-01-31": "7.34600"}, "Income From Discontinued Operations": {"2020-01-31": "", "2019-01-31": "", "2018-01-31": "", "2017-01-31": "", "2016-01-31": "", "2015-01-31": "", "2014-01-31": "", "2013-01-31": "", "2012-01-31": "", "2011-01-31": "", "2010-01-31": "", "2009-01-31": "", "2008-01-31": "", "2007-01-31": "", "2006-01-31": "", "2005-01-31": ""}, "Net Income": {"2020-01-31": "126.00000", "2019-01-31": "1110.00000", "2018-01-31": "360.00000", "2017-01-31": "323.00000", "2016-01-31": "-47.42600", "2015-01-31": "-262.68800", "2014-01-31": "-232.17500", "2013-01-31": "-270.44500", "2012-01-31": "-11.57200", "2011-01-31": "64.47400", "2010-01-31": "80.71900", "2009-01-31": "43.42800", "2008-01-31": "18.35600", "2007-01-31": "0.48100", "2006-01-31": "28.47400", "2005-01-31": "7.34600"}, "EBITDA": {"2020-01-31": "3308.00000", "2019-01-31": "2254.00000", "2018-01-31": "1830.00000", "2017-01-31": "1351.00000", "2016-01-31": "987.21390", "2015-01-31": "599.92520", "2014-01-31": "327.48380", "2013-01-31": "284.98900", "2012-01-31": "239.74300", "2011-01-31": "273.02310", "2010-01-31": "233.06810", "2009-01-31": "158.44510", "2008-01-31": "86.72300", "2007-01-31": "32.28700", "2006-01-31": "40.73500", "2005-01-31": "25.26500"}, "EBIT": {"2020-01-31": "297.00000", "2019-01-31": "535.00000", "2018-01-31": "454.00000", "2017-01-31": "218.00000", "2016-01-31": "114.92290", "2015-01-31": "-145.63280", "2014-01-31": "-286.07420", "2013-01-31": "-110.71000", "2012-01-31": "-35.08500", "2011-01-31": "97.49710", "2010-01-31": "115.27210", "2009-01-31": "63.74210", "2008-01-31": "20.30900", "2007-01-31": "-3.59800", "2006-01-31": "20.10200", "2005-01-31": "6.52000"}, "Basic Shares Outstanding": {"2020-01-31": "829.00000", "2019-01-31": "751.00000", "2018-01-31": "715.00000", "2017-01-31": "688.00000", "2016-01-31": "661.64700", "2015-01-31": "624.14800", "2014-01-31": "597.61300", "2013-01-31": "564.89600", "2012-01-31": "541.20800", "2011-01-31": "520.88800", "2010-01-31": "497.84800", "2009-01-31": "484.73200", "2008-01-31": "467.36000", "2007-01-31": "449.54400", "2006-01-31": "429.09600", "2005-01-31": "302.01200"}, "Shares Outstanding": {"2020-01-31": "850.00000", "2019-01-31": "775.00000", "2018-01-31": "735.00000", "2017-01-31": "700.00000", "2016-01-31": "661.64700", "2015-01-31": "624.14800", "2014-01-31": "597.61300", "2013-01-31": "564.89600", "2012-01-31": "541.20800", "2011-01-31": "546.39200", "2010-01-31": "512.45600", "2009-01-31": "500.91200", "2008-01-31": "489.68800", "2007-01-31": "480.61600", "2006-01-31": "474.94800", "2005-01-31": "443.49600"}, "Basic EPS": {"2020-01-31": "0.15000", "2019-01-31": "1.48000", "2018-01-31": "0.50000", "2017-01-31": "0.47000", "2016-01-31": "-0.07000", "2015-01-31": "-0.42000", "2014-01-31": "-0.39000", "2013-01-31": "-0.48000", "2012-01-31": "-0.02000", "2011-01-31": "0.12500", "2010-01-31": "0.16250", "2009-01-31": "0.09000", "2008-01-31": "0.04000", "2007-01-31": "0.00000", "2006-01-31": "0.06750", "2005-01-31": "0.02500"}, "EPS - Earnings Per Share": {"2020-01-31": "0.15000", "2019-01-31": "1.43000", "2018-01-31": "0.49000", "2017-01-31": "0.46000", "2016-01-31": "-0.07000", "2015-01-31": "-0.42000", "2014-01-31": "-0.39000", "2013-01-31": "-0.48000", "2012-01-31": "-0.02000", "2011-01-31": "0.11750", "2010-01-31": "0.15750", "2009-01-31": "0.08750", "2008-01-31": "0.03750", "2007-01-31": "0.00000", "2006-01-31": "0.06000", "2005-01-31": "0.01750"}}, "income statement, quarterly": {"Revenue": {"2020-10-31": "5419.00000", "2020-07-31": "5151.00000", "2020-04-30": "4865.00000", "2020-01-31": "4851.00000", "2019-10-31": "4513.00000", "2019-07-31": "3997.00000", "2019-04-30": "3737.00000", "2019-01-31": "3603.00000", "2018-10-31": "3392.00000", "2018-07-31": "3281.00000", "2018-04-30": "3006.00000", "2018-01-31": "2865.00000", "2017-10-31": "2701.00000", "2017-07-31": "2577.00000", "2017-04-30": "2397.00000", "2017-01-31": "2339.00400", "2016-10-31": "2144.77500", "2016-07-31": "2036.61800", "2016-04-30": "1916.60300", "2016-01-31": "1809.39800", "2015-10-31": "1711.96700", "2015-07-31": "1634.68400", "2015-04-30": "1511.16700", "2015-01-31": "1444.60800", "2014-10-31": "1383.65500", "2014-07-31": "1318.55100", "2014-04-30": "1226.77200", "2014-01-31": "1145.24200", "2013-10-31": "1076.03400", "2013-07-31": "957.09400", "2013-04-30": "892.63300", "2013-01-31": "834.68120", "2012-10-31": "788.39800", "2012-07-31": "731.64900", "2012-04-30": "695.46700", "2012-01-31": "631.91310", "2011-10-31": "584.26000", "2011-07-31": "546.00200", "2011-04-30": "504.36400", "2011-01-31": "456.86700", "2010-10-31": "429.08700", "2010-07-31": "394.37200", "2010-04-30": "376.81300", "2010-01-31": "354.04900", "2009-10-31": "330.54900", "2009-07-31": "316.06100", "2009-04-30": "304.92400", "2009-01-31": "289.58310", "2008-10-31": "276.48700", "2008-07-31": "263.07700", "2008-04-30": "247.62200", "2008-01-31": "216.90610", "2007-10-31": "192.80300", "2007-07-31": "176.57900", "2007-04-30": "162.41200", "2007-01-31": "144.22200", "2006-10-31": "130.05300", "2006-07-31": "118.13700", "2006-04-30": "104.68600", "2006-01-31": "91.06400", "2005-10-31": "82.67300", "2005-07-31": "71.94300", "2005-04-30": "64.17700", "2005-01-31": "54.59400"}, "Cost Of Goods Sold": {"2020-10-31": "1394.00000", "2020-07-31": "1311.00000", "2020-04-30": "1254.00000", "2020-01-31": "1220.00000", "2019-10-31": "1134.00000", "2019-07-31": "967.00000", "2019-04-30": "914.00000", "2019-01-31": "946.00000", "2018-10-31": "889.00000", "2018-07-31": "849.00000", "2018-04-30": "767.00000", "2018-01-31": "738.00000", "2017-10-31": "714.00000", "2017-07-31": "670.00000", "2017-04-30": "651.00000", "2017-01-31": "625.91800", "2016-10-31": "585.52200", "2016-07-31": "525.57900", "2016-04-30": "496.98100", "2016-01-31": "443.67900", "2015-10-31": "423.68300", "2015-07-31": "405.38400", "2015-04-30": "381.80200", "2015-01-31": "355.92300", "2014-10-31": "333.21100", "2014-07-31": "307.83100", "2014-04-30": "292.30500", "2014-01-31": "273.53000", "2013-10-31": "268.18700", "2013-07-31": "217.71700", "2013-04-30": "208.99400", "2013-01-31": "183.36200", "2012-10-31": "186.24800", "2012-07-31": "162.41800", "2012-04-30": "151.55100", "2012-01-31": "136.34500", "2011-10-31": "128.56500", "2011-07-31": "120.91000", "2011-04-30": "103.06600", "2011-01-31": "92.31100", "2010-10-31": "82.13100", "2010-07-31": "77.79000", "2010-04-30": "71.58100", "2010-01-31": "68.05900", "2009-10-31": "65.57000", "2009-07-31": "62.49600", "2009-04-30": "61.80000", "2009-01-31": "58.73400", "2008-10-31": "56.34800", "2008-07-31": "54.09100", "2008-04-30": "51.29800", "2008-01-31": "46.73100", "2007-10-31": "44.28100", "2007-07-31": "41.41200", "2007-04-30": "39.16700", "2007-01-31": "33.83900", "2006-10-31": "31.36000", "2006-07-31": "29.13100", "2006-04-30": "24.56000", "2006-01-31": "21.34000", "2005-10-31": "19.58400", "2005-07-31": "16.23700", "2005-04-30": "11.96500", "2005-01-31": "10.00400"}, "Gross Profit": {"2020-10-31": "4025.00000", "2020-07-31": "3840.00000", "2020-04-30": "3611.00000", "2020-01-31": "3631.00000", "2019-10-31": "3379.00000", "2019-07-31": "3030.00000", "2019-04-30": "2823.00000", "2019-01-31": "2657.00000", "2018-10-31": "2503.00000", "2018-07-31": "2432.00000", "2018-04-30": "2239.00000", "2018-01-31": "2127.00000", "2017-10-31": "1987.00000", "2017-07-31": "1907.00000", "2017-04-30": "1746.00000", "2017-01-31": "1713.08600", "2016-10-31": "1559.25300", "2016-07-31": "1511.03900", "2016-04-30": "1419.62200", "2016-01-31": "1365.71900", "2015-10-31": "1288.28400", "2015-07-31": "1229.30000", "2015-04-30": "1129.36500", "2015-01-31": "1088.68500", "2014-10-31": "1050.44400", "2014-07-31": "1010.72000", "2014-04-30": "934.46700", "2014-01-31": "871.71170", "2013-10-31": "807.84700", "2013-07-31": "739.37700", "2013-04-30": "683.63900", "2013-01-31": "651.31920", "2012-10-31": "602.15000", "2012-07-31": "569.23100", "2012-04-30": "543.91600", "2012-01-31": "495.56810", "2011-10-31": "455.69500", "2011-07-31": "425.09200", "2011-04-30": "401.29800", "2011-01-31": "364.55600", "2010-10-31": "346.95600", "2010-07-31": "316.58200", "2010-04-30": "305.23200", "2010-01-31": "285.99010", "2009-10-31": "264.97900", "2009-07-31": "253.56500", "2009-04-30": "243.12400", "2009-01-31": "230.84910", "2008-10-31": "220.13900", "2008-07-31": "208.98600", "2008-04-30": "196.32400", "2008-01-31": "170.17500", "2007-10-31": "148.52200", "2007-07-31": "135.16700", "2007-04-30": "123.24500", "2007-01-31": "110.38300", "2006-10-31": "98.69300", "2006-07-31": "89.00600", "2006-04-30": "80.12600", "2006-01-31": "69.72400", "2005-10-31": "63.08900", "2005-07-31": "55.70600", "2005-04-30": "52.21200", "2005-01-31": "44.59000"}, "Research And Development Expenses": {"2020-10-31": "902.00000", "2020-07-31": "898.00000", "2020-04-30": "859.00000", "2020-01-31": "831.00000", "2019-10-31": "774.00000", "2019-07-31": "607.00000", "2019-04-30": "554.00000", "2019-01-31": "518.00000", "2018-10-31": "481.00000", "2018-07-31": "463.00000", "2018-04-30": "424.00000", "2018-01-31": "396.00000", "2017-10-31": "394.00000", "2017-07-31": "387.00000", "2017-04-30": "376.00000", "2017-01-31": "344.06500", "2016-10-31": "311.45900", "2016-07-31": "291.50600", "2016-04-30": "260.97000", "2016-01-31": "250.86000", "2015-10-31": "239.21200", "2015-07-31": "234.10000", "2015-04-30": "222.12800", "2015-01-31": "205.99000", "2014-10-31": "195.46000", "2014-07-31": "203.10900", "2014-04-30": "188.35800", "2014-01-31": "173.09000", "2013-10-31": "170.69000", "2013-07-31": "148.07900", "2013-04-30": "131.93900", "2013-01-31": "121.18700", "2012-10-31": "114.07400", "2012-07-31": "99.44200", "2012-04-30": "94.77600", "2012-01-31": "80.61300", "2011-10-31": "76.04900", "2011-07-31": "73.39300", "2011-04-30": "65.29200", "2011-01-31": "57.53000", "2010-10-31": "47.30500", "2010-07-31": "42.93000", "2010-04-30": "40.12200", "2010-01-31": "36.44700", "2009-10-31": "32.76300", "2009-07-31": "31.10300", "2009-04-30": "31.58400", "2009-01-31": "29.46000", "2008-10-31": "26.27000", "2008-07-31": "24.03300", "2008-04-30": "19.76700", "2008-01-31": "17.70300", "2007-10-31": "16.89200", "2007-07-31": "15.09600", "2007-04-30": "14.12100", "2007-01-31": "13.33100", "2006-10-31": "11.45000", "2006-07-31": "11.00800", "2006-04-30": "8.82500", "2006-01-31": "6.95600", "2005-10-31": "6.60200", "2005-07-31": "5.47000", "2005-04-30": "4.30200", "2005-01-31": "3.15900"}, "SG&A Expenses": {"2020-10-31": "2899.00000", "2020-07-31": "2764.00000", "2020-04-30": "2892.00000", "2020-01-31": "2836.00000", "2019-10-31": "2540.00000", "2019-07-31": "2199.00000", "2019-04-30": "2059.00000", "2019-01-31": "2002.00000", "2018-10-31": "1930.00000", "2018-07-31": "1854.00000", "2018-04-30": "1624.00000", "2018-01-31": "1520.00000", "2017-10-31": "1438.00000", "2017-07-31": "1436.00000", "2017-04-30": "1366.00000", "2017-01-31": "1238.59400", "2016-10-31": "1244.75800", "2016-07-31": "1186.98200", "2016-04-30": "1106.66600", "2016-01-31": "1094.29900", "2015-10-31": "1005.63800", "2015-07-31": "975.37600", "2015-04-30": "912.74900", "2015-01-31": "917.51090", "2014-10-31": "877.02600", "2014-07-31": "841.04500", "2014-04-30": "801.45000", "2014-01-31": "802.36800", "2013-10-31": "735.08800", "2013-07-31": "631.15500", "2013-04-30": "596.24000", "2013-01-31": "550.93900", "2012-10-31": "542.26400", "2012-07-31": "483.25500", "2012-04-30": "471.38900", "2012-01-31": "421.33200", "2011-10-31": "389.80300", "2011-07-31": "367.44700", "2011-04-30": "338.80900", "2011-01-31": "307.41710", "2010-10-31": "264.49500", "2010-07-31": "243.97000", "2010-04-30": "232.06000", "2010-01-31": "224.02390", "2009-10-31": "202.07500", "2009-07-31": "192.97300", "2009-04-30": "181.41700", "2009-01-31": "185.29900", "2008-10-31": "177.73600", "2008-07-31": "168.85500", "2008-04-30": "161.13600", "2008-01-31": "141.74200", "2007-10-31": "125.51200", "2007-07-31": "116.72400", "2007-04-30": "109.01000", "2007-01-31": "99.12800", "2006-10-31": "87.36600", "2006-07-31": "79.27700", "2006-04-30": "71.42100", "2006-01-31": "57.51600", "2005-10-31": "50.10000", "2005-07-31": "46.04300", "2005-04-30": "43.92500", "2005-01-31": "38.21000"}, "Other Operating Income Or Expenses": {"2020-10-31": "", "2020-07-31": "0.00000", "2020-04-30": "", "2020-01-31": "", "2019-10-31": "", "2019-07-31": "-166.00000", "2019-04-30": "", "2019-01-31": "", "2018-10-31": "", "2018-07-31": "", "2018-04-30": "", "2018-01-31": "", "2017-10-31": "", "2017-07-31": "", "2017-04-30": "", "2017-01-31": "", "2016-10-31": "", "2016-07-31": "", "2016-04-30": "", "2016-01-31": "", "2015-10-31": "0.00000", "2015-07-31": "", "2015-04-30": "36.61700", "2015-01-31": "", "2014-10-31": "", "2014-07-31": "", "2014-04-30": "", "2014-01-31": "", "2013-10-31": "", "2013-07-31": "", "2013-04-30": "", "2013-01-31": "", "2012-10-31": "", "2012-07-31": "", "2012-04-30": "", "2012-01-31": "", "2011-10-31": "", "2011-07-31": "", "2011-04-30": "", "2011-01-31": "", "2010-10-31": "", "2010-07-31": "", "2010-04-30": "", "2010-01-31": "", "2009-10-31": "", "2009-07-31": "", "2009-04-30": "", "2009-01-31": "", "2008-10-31": "", "2008-07-31": "", "2008-04-30": "", "2008-01-31": "", "2007-10-31": "", "2007-07-31": "", "2007-04-30": "", "2007-01-31": "", "2006-10-31": "", "2006-07-31": "", "2006-04-30": "", "2006-01-31": "", "2005-10-31": "", "2005-07-31": "", "2005-04-30": "0.28500", "2005-01-31": ""}, "Operating Expenses": {"2020-10-31": "5195.00000", "2020-07-31": "4973.00000", "2020-04-30": "5005.00000", "2020-01-31": "4887.00000", "2019-10-31": "4448.00000", "2019-07-31": "3939.00000", "2019-04-30": "3527.00000", "2019-01-31": "3466.00000", "2018-10-31": "3300.00000", "2018-07-31": "3166.00000", "2018-04-30": "2815.00000", "2018-01-31": "2654.00000", "2017-10-31": "2546.00000", "2017-07-31": "2493.00000", "2017-04-30": "2393.00000", "2017-01-31": "2208.57700", "2016-10-31": "2141.73900", "2016-07-31": "2004.06700", "2016-04-30": "1864.61700", "2016-01-31": "1788.83800", "2015-10-31": "1668.53300", "2015-07-31": "1614.86000", "2015-04-30": "1480.06200", "2015-01-31": "1479.42300", "2014-10-31": "1405.69700", "2014-07-31": "1351.98500", "2014-04-30": "1282.11300", "2014-01-31": "1248.98800", "2013-10-31": "1173.96500", "2013-07-31": "996.95100", "2013-04-30": "937.17300", "2013-01-31": "855.48810", "2012-10-31": "842.58590", "2012-07-31": "745.11500", "2012-04-30": "717.71600", "2012-01-31": "638.29000", "2011-10-31": "594.41700", "2011-07-31": "561.75000", "2011-04-30": "507.16700", "2011-01-31": "457.25790", "2010-10-31": "393.93100", "2010-07-31": "364.69000", "2010-04-30": "343.76300", "2010-01-31": "328.52990", "2009-10-31": "300.40800", "2009-07-31": "286.57200", "2009-04-30": "274.80100", "2009-01-31": "273.49300", "2008-10-31": "260.35400", "2008-07-31": "246.97900", "2008-04-30": "232.20100", "2008-01-31": "206.17600", "2007-10-31": "186.68500", "2007-07-31": "173.23200", "2007-04-30": "162.29800", "2007-01-31": "146.29800", "2006-10-31": "130.17600", "2006-07-31": "119.41600", "2006-04-30": "104.80600", "2006-01-31": "85.81200", "2005-10-31": "76.28600", "2005-07-31": "67.75000", "2005-04-30": "59.90700", "2005-01-31": "51.37300"}, "Operating Income": {"2020-10-31": "224.00000", "2020-07-31": "178.00000", "2020-04-30": "-140.00000", "2020-01-31": "-36.00000", "2019-10-31": "65.00000", "2019-07-31": "58.00000", "2019-04-30": "210.00000", "2019-01-31": "137.00000", "2018-10-31": "92.00000", "2018-07-31": "115.00000", "2018-04-30": "191.00000", "2018-01-31": "211.00000", "2017-10-31": "155.00000", "2017-07-31": "84.00000", "2017-04-30": "4.00000", "2017-01-31": "130.42720", "2016-10-31": "3.03590", "2016-07-31": "32.55100", "2016-04-30": "51.98600", "2016-01-31": "20.56010", "2015-10-31": "43.43410", "2015-07-31": "19.82400", "2015-04-30": "31.10500", "2015-01-31": "-34.81560", "2014-10-31": "-22.04200", "2014-07-31": "-33.43410", "2014-04-30": "-55.34090", "2014-01-31": "-103.74650", "2013-10-31": "-97.93100", "2013-07-31": "-39.85710", "2013-04-30": "-44.54000", "2013-01-31": "-20.80690", "2012-10-31": "-54.18790", "2012-07-31": "-13.46600", "2012-04-30": "-22.24900", "2012-01-31": "-6.37700", "2011-10-31": "-10.15700", "2011-07-31": "-15.74800", "2011-04-30": "-2.80300", "2011-01-31": "-0.39090", "2010-10-31": "35.15600", "2010-07-31": "29.68200", "2010-04-30": "33.05000", "2010-01-31": "25.51910", "2009-10-31": "30.14100", "2009-07-31": "29.48900", "2009-04-30": "30.12300", "2009-01-31": "16.09010", "2008-10-31": "16.13300", "2008-07-31": "16.09800", "2008-04-30": "15.42100", "2008-01-31": "10.73010", "2007-10-31": "6.11800", "2007-07-31": "3.34700", "2007-04-30": "0.11400", "2007-01-31": "-2.07600", "2006-10-31": "-0.12300", "2006-07-31": "-1.27900", "2006-04-30": "-0.12000", "2006-01-31": "5.25200", "2005-10-31": "6.38700", "2005-07-31": "4.19300", "2005-04-30": "4.27000", "2005-01-31": "3.22100"}, "Total Non-Operating Income/Expense": {"2020-10-31": "1026.00000", "2020-07-31": "661.00000", "2020-04-30": "187.00000", "2020-01-31": "32.00000", "2019-10-31": "-1.00000", "2019-07-31": "106.00000", "2019-04-30": "272.00000", "2019-01-31": "102.00000", "2018-10-31": "36.00000", "2018-07-31": "116.00000", "2018-04-30": "194.00000", "2018-01-31": "10.00000", "2017-10-31": "-9.00000", "2017-07-31": "-21.00000", "2017-04-30": "-14.00000", "2017-01-31": "-0.27900", "2016-10-31": "-15.62200", "2016-07-31": "-8.26800", "2016-04-30": "-14.83100", "2016-01-31": "-24.70300", "2015-10-31": "-0.04300", "2015-07-31": "-12.86600", "2015-04-30": "-13.03200", "2015-01-31": "-18.68200", "2014-10-31": "0.19300", "2014-07-31": "-19.53500", "2014-04-30": "-29.42800", "2014-01-31": "-19.40100", "2013-10-31": "-26.11000", "2013-07-31": "-16.94700", "2013-04-30": "-9.40300", "2013-01-31": "-5.23600", "2012-10-31": "-8.66300", "2012-07-31": "-0.56600", "2012-04-30": "-2.61900", "2012-01-31": "-1.15800", "2011-10-31": "1.30700", "2011-07-31": "-1.96500", "2011-04-30": "3.58400", "2011-01-31": "4.77000", "2010-10-31": "3.40400", "2010-07-31": "-0.21500", "2010-04-30": "-1.15800", "2010-01-31": "9.15900", "2009-10-31": "6.87500", "2009-07-31": "6.38200", "2009-04-30": "4.69300", "2009-01-31": "5.64900", "2008-10-31": "4.37400", "2008-07-31": "5.86800", "2008-04-30": "5.95900", "2008-01-31": "6.72000", "2007-10-31": "8.11300", "2007-07-31": "5.89500", "2007-04-30": "5.17600", "2007-01-31": "5.96600", "2006-10-31": "4.44100", "2006-07-31": "3.30700", "2006-04-30": "2.38000", "2006-01-31": "2.30200", "2005-10-31": "1.95000", "2005-07-31": "2.35900", "2005-04-30": "1.48500", "2005-01-31": "1.31800"}, "Pre-Tax Income": {"2020-10-31": "1250.00000", "2020-07-31": "839.00000", "2020-04-30": "47.00000", "2020-01-31": "-4.00000", "2019-10-31": "64.00000", "2019-07-31": "164.00000", "2019-04-30": "482.00000", "2019-01-31": "239.00000", "2018-10-31": "128.00000", "2018-07-31": "231.00000", "2018-04-30": "385.00000", "2018-01-31": "221.00000", "2017-10-31": "146.00000", "2017-07-31": "63.00000", "2017-04-30": "-10.00000", "2017-01-31": "130.14800", "2016-10-31": "-12.58600", "2016-07-31": "24.28300", "2016-04-30": "37.15500", "2016-01-31": "-4.14300", "2015-10-31": "43.39100", "2015-07-31": "6.95800", "2015-04-30": "18.07300", "2015-01-31": "-53.49800", "2014-10-31": "-21.84900", "2014-07-31": "-52.96900", "2014-04-30": "-84.76900", "2014-01-31": "-123.14700", "2013-10-31": "-124.04100", "2013-07-31": "-56.80400", "2013-04-30": "-53.94300", "2013-01-31": "-26.04300", "2012-10-31": "-62.85100", "2012-07-31": "-14.03200", "2012-04-30": "-24.86800", "2012-01-31": "-7.53500", "2011-10-31": "-8.85000", "2011-07-31": "-17.71300", "2011-04-30": "0.78100", "2011-01-31": "4.37900", "2010-10-31": "38.56000", "2010-07-31": "29.46700", "2010-04-30": "31.89200", "2010-01-31": "34.67800", "2009-10-31": "37.01600", "2009-07-31": "35.87100", "2009-04-30": "34.81600", "2009-01-31": "21.73900", "2008-10-31": "20.50700", "2008-07-31": "21.96600", "2008-04-30": "21.38000", "2008-01-31": "17.45000", "2007-10-31": "14.23100", "2007-07-31": "9.24200", "2007-04-30": "5.29000", "2007-01-31": "3.89000", "2006-10-31": "4.31800", "2006-07-31": "2.02800", "2006-04-30": "2.26000", "2006-01-31": "7.55400", "2005-10-31": "8.33700", "2005-07-31": "6.55200", "2005-04-30": "5.75500", "2005-01-31": "4.53900"}, "Income Taxes": {"2020-10-31": "169.00000", "2020-07-31": "-1786.00000", "2020-04-30": "-52.00000", "2020-01-31": "244.00000", "2019-10-31": "173.00000", "2019-07-31": "73.00000", "2019-04-30": "90.00000", "2019-01-31": "-123.00000", "2018-10-31": "23.00000", "2018-07-31": "-68.00000", "2018-04-30": "41.00000", "2018-01-31": "15.00000", "2017-10-31": "39.00000", "2017-07-31": "17.00000", "2017-04-30": "-11.00000", "2017-01-31": "38.22000", "2016-10-31": "24.72300", "2016-07-31": "-205.33900", "2016-04-30": "-1.60400", "2016-01-31": "21.36600", "2015-10-31": "68.54800", "2015-07-31": "7.81000", "2015-04-30": "13.98100", "2015-01-31": "12.26700", "2014-10-31": "17.07500", "2014-07-31": "8.11900", "2014-04-30": "12.14200", "2014-01-31": "-6.52400", "2013-10-31": "0.39300", "2013-07-31": "-133.40700", "2013-04-30": "13.77800", "2013-01-31": "-5.19900", "2012-10-31": "157.44600", "2012-07-31": "-4.20300", "2012-04-30": "-5.39300", "2012-01-31": "-3.45700", "2011-10-31": "-5.09400", "2011-07-31": "-13.44500", "2011-04-30": "0.25100", "2011-01-31": "-6.49100", "2010-10-31": "16.19200", "2010-07-31": "12.88400", "2010-04-30": "12.01600", "2010-01-31": "12.26300", "2009-10-31": "15.57300", "2009-07-31": "14.03000", "2009-04-30": "15.82300", "2009-01-31": "7.86400", "2008-10-31": "8.82400", "2008-07-31": "10.55800", "2008-04-30": "10.31100", "2008-01-31": "8.29600", "2007-10-31": "6.59400", "2007-07-31": "4.65300", "2007-04-30": "3.84200", "2007-01-31": "2.65900", "2006-10-31": "3.41800", "2006-07-31": "1.71300", "2006-04-30": "2.00500", "2006-01-31": "1.33000", "2005-10-31": "-5.10100", "2005-07-31": "1.31000", "2005-04-30": "1.15100", "2005-01-31": "0.60300"}, "Income After Taxes": {"2020-10-31": "1081.00000", "2020-07-31": "2625.00000", "2020-04-30": "99.00000", "2020-01-31": "-248.00000", "2019-10-31": "-109.00000", "2019-07-31": "91.00000", "2019-04-30": "392.00000", "2019-01-31": "362.00000", "2018-10-31": "105.00000", "2018-07-31": "299.00000", "2018-04-30": "344.00000", "2018-01-31": "206.00000", "2017-10-31": "107.00000", "2017-07-31": "46.00000", "2017-04-30": "1.00000", "2017-01-31": "91.92800", "2016-10-31": "-37.30900", "2016-07-31": "229.62200", "2016-04-30": "38.75900", "2016-01-31": "-25.50900", "2015-10-31": "-25.15700", "2015-07-31": "-0.85200", "2015-04-30": "4.09200", "2015-01-31": "-65.76500", "2014-10-31": "-38.92400", "2014-07-31": "-61.08800", "2014-04-30": "-96.91100", "2014-01-31": "-116.62300", "2013-10-31": "-124.43400", "2013-07-31": "76.60300", "2013-04-30": "-67.72100", "2013-01-31": "-20.84400", "2012-10-31": "-220.29700", "2012-07-31": "-9.82900", "2012-04-30": "-19.47500", "2012-01-31": "-4.07800", "2011-10-31": "-3.75600", "2011-07-31": "-4.26800", "2011-04-30": "0.53000", "2011-01-31": "10.87000", "2010-10-31": "22.36800", "2010-07-31": "16.58300", "2010-04-30": "19.87600", "2010-01-31": "22.41500", "2009-10-31": "21.44300", "2009-07-31": "21.84100", "2009-04-30": "18.99300", "2009-01-31": "13.87500", "2008-10-31": "11.68300", "2008-07-31": "11.40800", "2008-04-30": "11.06900", "2008-01-31": "9.15400", "2007-10-31": "7.63700", "2007-07-31": "4.58900", "2007-04-30": "1.44800", "2007-01-31": "1.23100", "2006-10-31": "0.90000", "2006-07-31": "0.31500", "2006-04-30": "0.25500", "2006-01-31": "6.22400", "2005-10-31": "13.43800", "2005-07-31": "5.24200", "2005-04-30": "4.60400", "2005-01-31": "3.93600"}, "Other Income": {"2020-10-31": "", "2020-07-31": "", "2020-04-30": "", "2020-01-31": "", "2019-10-31": "", "2019-07-31": "", "2019-04-30": "", "2019-01-31": "", "2018-10-31": "", "2018-07-31": "", "2018-04-30": "", "2018-01-31": "", "2017-10-31": "", "2017-07-31": "", "2017-04-30": "", "2017-01-31": "", "2016-10-31": "", "2016-07-31": "", "2016-04-30": "", "2016-01-31": "", "2015-10-31": "", "2015-07-31": "", "2015-04-30": "", "2015-01-31": "", "2014-10-31": "", "2014-07-31": "", "2014-04-30": "", "2014-01-31": "", "2013-10-31": "", "2013-07-31": "", "2013-04-30": "", "2013-01-31": "", "2012-10-31": "", "2012-07-31": "", "2012-04-30": "", "2012-01-31": "", "2011-10-31": "", "2011-07-31": "", "2011-04-30": "", "2011-01-31": "", "2010-10-31": "", "2010-07-31": "", "2010-04-30": "", "2010-01-31": "", "2009-10-31": "", "2009-07-31": "", "2009-04-30": "", "2009-01-31": "", "2008-10-31": "", "2008-07-31": "", "2008-04-30": "", "2008-01-31": "", "2007-10-31": "", "2007-07-31": "", "2007-04-30": "", "2007-01-31": "", "2006-10-31": "", "2006-07-31": "", "2006-04-30": "", "2006-01-31": "", "2005-10-31": "", "2005-07-31": "", "2005-04-30": "", "2005-01-31": ""}, "Income From Continuous Operations": {"2020-10-31": "1081.00000", "2020-07-31": "2625.00000", "2020-04-30": "99.00000", "2020-01-31": "-248.00000", "2019-10-31": "-109.00000", "2019-07-31": "91.00000", "2019-04-30": "392.00000", "2019-01-31": "362.00000", "2018-10-31": "105.00000", "2018-07-31": "299.00000", "2018-04-30": "344.00000", "2018-01-31": "206.00000", "2017-10-31": "107.00000", "2017-07-31": "46.00000", "2017-04-30": "1.00000", "2017-01-31": "91.92800", "2016-10-31": "-37.30900", "2016-07-31": "229.62200", "2016-04-30": "38.75900", "2016-01-31": "-25.50900", "2015-10-31": "-25.15700", "2015-07-31": "-0.85200", "2015-04-30": "4.09200", "2015-01-31": "-65.76500", "2014-10-31": "-38.92400", "2014-07-31": "-61.08800", "2014-04-30": "-96.91100", "2014-01-31": "-116.62300", "2013-10-31": "-124.43400", "2013-07-31": "76.60300", "2013-04-30": "-67.72100", "2013-01-31": "-20.84400", "2012-10-31": "-220.29700", "2012-07-31": "-9.82900", "2012-04-30": "-19.47500", "2012-01-31": "-4.07800", "2011-10-31": "-3.75600", "2011-07-31": "-4.26800", "2011-04-30": "0.53000", "2011-01-31": "10.87000", "2010-10-31": "22.36800", "2010-07-31": "16.58300", "2010-04-30": "19.87600", "2010-01-31": "23.61500", "2009-10-31": "21.44300", "2009-07-31": "21.19800", "2009-04-30": "18.43600", "2009-01-31": "18.36000", "2008-10-31": "10.12400", "2008-07-31": "9.99600", "2008-04-30": "9.55500", "2008-01-31": "7.37900", "2007-10-31": "6.51200", "2007-07-31": "3.73500", "2007-04-30": "0.73000", "2007-01-31": "0.51600", "2006-10-31": "0.33900", "2006-07-31": "-0.14500", "2006-04-30": "-0.22900", "2006-01-31": "5.61600", "2005-10-31": "13.43800", "2005-07-31": "5.04000", "2005-04-30": "4.38000", "2005-01-31": "3.58600"}, "Income From Discontinued Operations": {"2020-10-31": "", "2020-07-31": "", "2020-04-30": "", "2020-01-31": "", "2019-10-31": "", "2019-07-31": "", "2019-04-30": "", "2019-01-31": "", "2018-10-31": "", "2018-07-31": "", "2018-04-30": "", "2018-01-31": "", "2017-10-31": "", "2017-07-31": "", "2017-04-30": "", "2017-01-31": "", "2016-10-31": "", "2016-07-31": "", "2016-04-30": "", "2016-01-31": "", "2015-10-31": "", "2015-07-31": "", "2015-04-30": "", "2015-01-31": "", "2014-10-31": "", "2014-07-31": "", "2014-04-30": "", "2014-01-31": "", "2013-10-31": "", "2013-07-31": "", "2013-04-30": "", "2013-01-31": "", "2012-10-31": "", "2012-07-31": "", "2012-04-30": "", "2012-01-31": "", "2011-10-31": "", "2011-07-31": "", "2011-04-30": "", "2011-01-31": "", "2010-10-31": "", "2010-07-31": "", "2010-04-30": "", "2010-01-31": "", "2009-10-31": "", "2009-07-31": "", "2009-04-30": "", "2009-01-31": "", "2008-10-31": "", "2008-07-31": "", "2008-04-30": "", "2008-01-31": "", "2007-10-31": "", "2007-07-31": "", "2007-04-30": "", "2007-01-31": "", "2006-10-31": "", "2006-07-31": "", "2006-04-30": "", "2006-01-31": "", "2005-10-31": "", "2005-07-31": "", "2005-04-30": "", "2005-01-31": ""}, "Net Income": {"2020-10-31": "1081.00000", "2020-07-31": "2625.00000", "2020-04-30": "99.00000", "2020-01-31": "-248.00000", "2019-10-31": "-109.00000", "2019-07-31": "91.00000", "2019-04-30": "392.00000", "2019-01-31": "362.00000", "2018-10-31": "105.00000", "2018-07-31": "299.00000", "2018-04-30": "344.00000", "2018-01-31": "206.00000", "2017-10-31": "107.00000", "2017-07-31": "46.00000", "2017-04-30": "1.00000", "2017-01-31": "91.92800", "2016-10-31": "-37.30900", "2016-07-31": "229.62200", "2016-04-30": "38.75900", "2016-01-31": "-25.50900", "2015-10-31": "-25.15700", "2015-07-31": "-0.85200", "2015-04-30": "4.09200", "2015-01-31": "-65.76500", "2014-10-31": "-38.92400", "2014-07-31": "-61.08800", "2014-04-30": "-96.91100", "2014-01-31": "-116.62300", "2013-10-31": "-124.43400", "2013-07-31": "76.60300", "2013-04-30": "-67.72100", "2013-01-31": "-20.84400", "2012-10-31": "-220.29700", "2012-07-31": "-9.82900", "2012-04-30": "-19.47500", "2012-01-31": "-4.07800", "2011-10-31": "-3.75600", "2011-07-31": "-4.26800", "2011-04-30": "0.53000", "2011-01-31": "10.91300", "2010-10-31": "21.07200", "2010-07-31": "14.74400", "2010-04-30": "17.74500", "2010-01-31": "20.39400", "2009-10-31": "20.69100", "2009-07-31": "21.19800", "2009-04-30": "18.43600", "2009-01-31": "13.75300", "2008-10-31": "10.12400", "2008-07-31": "9.99600", "2008-04-30": "9.55500", "2008-01-31": "7.37900", "2007-10-31": "6.51200", "2007-07-31": "3.73500", "2007-04-30": "0.73000", "2007-01-31": "0.51600", "2006-10-31": "0.33900", "2006-07-31": "-0.14500", "2006-04-30": "-0.22900", "2006-01-31": "5.61600", "2005-10-31": "13.43800", "2005-07-31": "5.04000", "2005-04-30": "4.38000", "2005-01-31": "3.58600"}, "EBITDA": {"2020-10-31": "1165.00000", "2020-07-31": "1077.00000", "2020-04-30": "765.00000", "2020-01-31": "826.00000", "2019-10-31": "894.00000", "2019-07-31": "732.00000", "2019-04-30": "856.00000", "2019-01-31": "588.00000", "2018-10-31": "539.00000", "2018-07-31": "551.00000", "2018-04-30": "576.00000", "2018-01-31": "548.00000", "2017-10-31": "513.00000", "2017-07-31": "431.00000", "2017-04-30": "338.00000", "2017-01-31": "520.08730", "2016-10-31": "272.89290", "2016-07-31": "277.56300", "2016-04-30": "280.45700", "2016-01-31": "245.95510", "2015-10-31": "263.74210", "2015-07-31": "235.46900", "2015-04-30": "242.04800", "2015-01-31": "162.69840", "2014-10-31": "164.70300", "2014-07-31": "145.41090", "2014-04-30": "127.11310", "2014-01-31": "79.13050", "2013-10-31": "77.76700", "2013-07-31": "97.49190", "2013-04-30": "73.09400", "2013-01-31": "86.88210", "2012-10-31": "51.31310", "2012-07-31": "78.68700", "2012-04-30": "68.10700", "2012-01-31": "74.14310", "2011-10-31": "60.39600", "2011-07-31": "51.48400", "2011-04-30": "53.72000", "2011-01-31": "47.93410", "2010-10-31": "81.48000", "2010-07-31": "71.11400", "2010-04-30": "72.49500", "2010-01-31": "59.46610", "2009-10-31": "59.44000", "2009-07-31": "56.94800", "2009-04-30": "57.21400", "2009-01-31": "42.44110", "2008-10-31": "38.82700", "2008-07-31": "38.87500", "2008-04-30": "38.30200", "2008-01-31": "29.76610", "2007-10-31": "23.92000", "2007-07-31": "19.03600", "2007-04-30": "14.00100", "2007-01-31": "8.43700", "2006-10-31": "9.04300", "2006-07-31": "7.47500", "2006-04-30": "7.33200", "2006-01-31": "11.44900", "2005-10-31": "11.50600", "2005-07-31": "8.98700", "2005-04-30": "8.79300", "2005-01-31": "8.01600"}, "EBIT": {"2020-10-31": "224.00000", "2020-07-31": "178.00000", "2020-04-30": "-140.00000", "2020-01-31": "-36.00000", "2019-10-31": "65.00000", "2019-07-31": "58.00000", "2019-04-30": "210.00000", "2019-01-31": "137.00000", "2018-10-31": "92.00000", "2018-07-31": "115.00000", "2018-04-30": "191.00000", "2018-01-31": "211.00000", "2017-10-31": "155.00000", "2017-07-31": "84.00000", "2017-04-30": "4.00000", "2017-01-31": "130.42710", "2016-10-31": "3.03590", "2016-07-31": "32.55100", "2016-04-30": "51.98600", "2016-01-31": "20.55980", "2015-10-31": "43.43410", "2015-07-31": "19.82400", "2015-04-30": "31.10500", "2015-01-31": "-34.81580", "2014-10-31": "-22.04200", "2014-07-31": "-33.43410", "2014-04-30": "-55.34090", "2014-01-31": "-103.74620", "2013-10-31": "-97.93100", "2013-07-31": "-39.85710", "2013-04-30": "-44.54000", "2013-01-31": "-20.80700", "2012-10-31": "-54.18790", "2012-07-31": "-13.46600", "2012-04-30": "-22.24900", "2012-01-31": "-6.37700", "2011-10-31": "-10.15700", "2011-07-31": "-15.74800", "2011-04-30": "-2.80300", "2011-01-31": "-0.39090", "2010-10-31": "35.15600", "2010-07-31": "29.68200", "2010-04-30": "33.05000", "2010-01-31": "25.51910", "2009-10-31": "30.14100", "2009-07-31": "29.48900", "2009-04-30": "30.12300", "2009-01-31": "16.09010", "2008-10-31": "16.13300", "2008-07-31": "16.09800", "2008-04-30": "15.42100", "2008-01-31": "10.73000", "2007-10-31": "6.11800", "2007-07-31": "3.34700", "2007-04-30": "0.11400", "2007-01-31": "-2.07600", "2006-10-31": "-0.12300", "2006-07-31": "-1.27900", "2006-04-30": "-0.12000", "2006-01-31": "5.25200", "2005-10-31": "6.38700", "2005-07-31": "4.19300", "2005-04-30": "4.27000", "2005-01-31": "3.22100"}, "Basic Shares Outstanding": {"2020-10-31": "911.00000", "2020-07-31": "904.00000", "2020-04-30": "896.00000", "2020-01-31": "829.00000", "2019-10-31": "879.00000", "2019-07-31": "776.00000", "2019-04-30": "771.00000", "2019-01-31": "751.00000", "2018-10-31": "760.00000", "2018-07-31": "747.00000", "2018-04-30": "729.00000", "2018-01-31": "715.00000", "2017-10-31": "717.00000", "2017-07-31": "712.00000", "2017-04-30": "706.00000", "2017-01-31": "688.00000", "2016-10-31": "690.46800", "2016-07-31": "681.12600", "2016-04-30": "677.51400", "2016-01-31": "661.64700", "2015-10-31": "664.13100", "2015-07-31": "659.36600", "2015-04-30": "653.80900", "2015-01-31": "624.14800", "2014-10-31": "629.54800", "2014-07-31": "617.01600", "2014-04-30": "612.51200", "2014-01-31": "597.61300", "2013-10-31": "600.46700", "2013-07-31": "593.95500", "2013-04-30": "588.38500", "2013-01-31": "564.89600", "2012-10-31": "568.81200", "2012-07-31": "557.70000", "2012-04-30": "552.60000", "2012-01-31": "541.20800", "2011-10-31": "543.38800", "2011-07-31": "540.37200", "2011-04-30": "533.81600", "2011-01-31": "520.88800", "2010-10-31": "523.55200", "2010-07-31": "517.84800", "2010-04-30": "512.12800", "2010-01-31": "497.84800", "2009-10-31": "498.24400", "2009-07-31": "495.38400", "2009-04-30": "492.82400", "2009-01-31": "484.73200", "2008-10-31": "486.54000", "2008-07-31": "483.45200", "2008-04-30": "479.11200", "2008-01-31": "467.36000", "2007-10-31": "469.44400", "2007-07-31": "465.17600", "2007-04-30": "459.94800", "2007-01-31": "449.54400", "2006-10-31": "451.54000", "2006-07-31": "447.35200", "2006-04-30": "443.82800", "2006-01-31": "429.09600", "2005-10-31": "431.12400", "2005-07-31": "426.45600", "2005-04-30": "420.88400", "2005-01-31": "302.01200"}, "Shares Outstanding": {"2020-10-31": "939.00000", "2020-07-31": "922.00000", "2020-04-30": "913.00000", "2020-01-31": "850.00000", "2019-10-31": "879.00000", "2019-07-31": "795.00000", "2019-04-30": "793.00000", "2019-01-31": "775.00000", "2018-10-31": "785.00000", "2018-07-31": "774.00000", "2018-04-30": "754.00000", "2018-01-31": "735.00000", "2017-10-31": "738.00000", "2017-07-31": "729.00000", "2017-04-30": "722.00000", "2017-01-31": "700.00000", "2016-10-31": "690.46800", "2016-07-31": "695.96800", "2016-04-30": "686.79900", "2016-01-31": "661.64700", "2015-10-31": "664.13100", "2015-07-31": "659.36600", "2015-04-30": "664.31000", "2015-01-31": "624.14800", "2014-10-31": "629.54800", "2014-07-31": "617.01600", "2014-04-30": "612.51200", "2014-01-31": "597.61300", "2013-10-31": "600.46700", "2013-07-31": "624.65600", "2013-04-30": "588.38500", "2013-01-31": "564.89600", "2012-10-31": "568.81200", "2012-07-31": "557.70000", "2012-04-30": "552.60000", "2012-01-31": "541.20800", "2011-10-31": "543.38800", "2011-07-31": "540.37200", "2011-04-30": "564.24800", "2011-01-31": "546.39200", "2010-10-31": "548.17600", "2010-07-31": "536.70400", "2010-04-30": "529.00400", "2010-01-31": "512.45600", "2009-10-31": "514.38400", "2009-07-31": "506.26400", "2009-04-30": "501.39600", "2009-01-31": "500.91200", "2008-10-31": "500.53200", "2008-07-31": "502.50400", "2008-04-30": "497.65600", "2008-01-31": "489.68800", "2007-10-31": "488.67600", "2007-07-31": "485.33200", "2007-04-30": "482.54000", "2007-01-31": "480.61600", "2006-10-31": "481.11600", "2006-07-31": "447.35200", "2006-04-30": "443.82800", "2006-01-31": "474.94800", "2005-10-31": "474.62000", "2005-07-31": "471.89600", "2005-04-30": "465.46800", "2005-01-31": "443.49600"}, "Basic EPS": {"2020-10-31": "1.19000", "2020-07-31": "2.90000", "2020-04-30": "0.11000", "2020-01-31": "-0.36000", "2019-10-31": "-0.12000", "2019-07-31": "0.12000", "2019-04-30": "0.51000", "2019-01-31": "0.47000", "2018-10-31": "0.14000", "2018-07-31": "0.40000", "2018-04-30": "0.47000", "2018-01-31": "0.29000", "2017-10-31": "0.15000", "2017-07-31": "0.06000", "2017-04-30": "0.00000", "2017-01-31": "0.12000", "2016-10-31": "-0.05000", "2016-07-31": "0.34000", "2016-04-30": "0.06000", "2016-01-31": "-0.04000", "2015-10-31": "-0.04000", "2015-07-31": "0.00000", "2015-04-30": "0.01000", "2015-01-31": "-0.10000", "2014-10-31": "-0.06000", "2014-07-31": "-0.10000", "2014-04-30": "-0.16000", "2014-01-31": "-0.19000", "2013-10-31": "-0.21000", "2013-07-31": "0.13000", "2013-04-30": "-0.12000", "2013-01-31": "-0.03000", "2012-10-31": "-0.39000", "2012-07-31": "-0.02000", "2012-04-30": "-0.04000", "2012-01-31": "-0.00500", "2011-10-31": "-0.00750", "2011-07-31": "-0.00750", "2011-04-30": "0.00000", "2011-01-31": "0.02250", "2010-10-31": "0.04000", "2010-07-31": "0.02750", "2010-04-30": "0.03500", "2010-01-31": "0.04000", "2009-10-31": "0.04250", "2009-07-31": "0.04250", "2009-04-30": "0.03750", "2009-01-31": "0.03000", "2008-10-31": "0.02000", "2008-07-31": "0.02000", "2008-04-30": "0.02000", "2008-01-31": "0.01500", "2007-10-31": "0.01500", "2007-07-31": "0.00750", "2007-04-30": "0.00250", "2007-01-31": "", "2006-10-31": "0.00000", "2006-07-31": "0.00000", "2006-04-30": "0.00000", "2006-01-31": "0.01500", "2005-10-31": "0.03000", "2005-07-31": "0.01250", "2005-04-30": "0.01000", "2005-01-31": "0.01250"}, "EPS - Earnings Per Share": {"2020-10-31": "1.15000", "2020-07-31": "2.85000", "2020-04-30": "0.11000", "2020-01-31": "-0.33000", "2019-10-31": "-0.12000", "2019-07-31": "0.11000", "2019-04-30": "0.49000", "2019-01-31": "0.45000", "2018-10-31": "0.13000", "2018-07-31": "0.39000", "2018-04-30": "0.46000", "2018-01-31": "0.29000", "2017-10-31": "0.14000", "2017-07-31": "0.06000", "2017-04-30": "0.00000", "2017-01-31": "0.12000", "2016-10-31": "-0.05000", "2016-07-31": "0.33000", "2016-04-30": "0.06000", "2016-01-31": "-0.04000", "2015-10-31": "-0.04000", "2015-07-31": "0.00000", "2015-04-30": "0.01000", "2015-01-31": "-0.10000", "2014-10-31": "-0.06000", "2014-07-31": "-0.10000", "2014-04-30": "-0.16000", "2014-01-31": "-0.18000", "2013-10-31": "-0.21000", "2013-07-31": "0.12000", "2013-04-30": "-0.12000", "2013-01-31": "-0.03000", "2012-10-31": "-0.39000", "2012-07-31": "-0.02000", "2012-04-30": "-0.04000", "2012-01-31": "-0.00500", "2011-10-31": "-0.00750", "2011-07-31": "-0.00750", "2011-04-30": "0.00000", "2011-01-31": "0.02000", "2010-10-31": "0.03750", "2010-07-31": "0.02750", "2010-04-30": "0.03250", "2010-01-31": "0.03750", "2009-10-31": "0.04000", "2009-07-31": "0.04250", "2009-04-30": "0.03750", "2009-01-31": "0.02750", "2008-10-31": "0.02000", "2008-07-31": "0.02000", "2008-04-30": "0.02000", "2008-01-31": "0.01500", "2007-10-31": "0.01250", "2007-07-31": "0.00750", "2007-04-30": "0.00250", "2007-01-31": "0.00000", "2006-10-31": "0.00000", "2006-07-31": "0.00000", "2006-04-30": "0.00000", "2006-01-31": "0.01250", "2005-10-31": "0.02750", "2005-07-31": "0.01000", "2005-04-30": "0.01000", "2005-01-31": "0.01000"}}, "balance sheet": {"Cash On Hand": {"2020-01-31": "7947.00000", "2019-01-31": "4342.00000", "2018-01-31": "4521.00000", "2017-01-31": "2208.88700", "2016-01-31": "2725.37700", "2015-01-31": "995.42900", "2014-01-31": "838.77400", "2013-01-31": "867.62100", "2012-01-31": "777.86600", "2011-01-31": "496.97000", "2010-01-31": "1241.96500", "2009-01-31": "697.60300", "2008-01-31": "450.84300", "2007-01-31": "252.42400", "2006-01-31": "207.56500", "2005-01-31": "118.81800"}, "Receivables": {"2020-01-31": "6174.00000", "2019-01-31": "4924.00000", "2018-01-31": "3921.00000", "2017-01-31": "3196.64300", "2016-01-31": "2496.16500", "2015-01-31": "1905.50600", "2014-01-31": "1360.83700", "2013-01-31": "872.63400", "2012-01-31": "683.74500", "2011-01-31": "426.94300", "2010-01-31": "320.95600", "2009-01-31": "266.55500", "2008-01-31": "220.06100", "2007-01-31": "128.69300", "2006-01-31": "76.12800", "2005-01-31": "48.87400"}, "Inventory": {"2020-01-31": "", "2019-01-31": "", "2018-01-31": "", "2017-01-31": "", "2016-01-31": "", "2015-01-31": "", "2014-01-31": "", "2013-01-31": "", "2012-01-31": "", "2011-01-31": "", "2010-01-31": "", "2009-01-31": "", "2008-01-31": "", "2007-01-31": "", "2006-01-31": "", "2005-01-31": ""}, "Pre-Paid Expenses": {"2020-01-31": "916.00000", "2019-01-31": "629.00000", "2018-01-31": "471.00000", "2017-01-31": "279.52700", "2016-01-31": "250.59400", "2015-01-31": "245.02600", "2014-01-31": "309.18000", "2013-01-31": "133.31400", "2012-01-31": "80.31900", "2011-01-31": "55.72100", "2010-01-31": "55.73400", "2009-01-31": "33.11500", "2008-01-31": "27.05500", "2007-01-31": "15.67900", "2006-01-31": "6.33800", "2005-01-31": "3.46700"}, "Other Current Assets": {"2020-01-31": "926.00000", "2019-01-31": "788.00000", "2018-01-31": "671.00000", "2017-01-31": "", "2016-01-31": "", "2015-01-31": "143.19700", "2014-01-31": "", "2013-01-31": "", "2012-01-31": "", "2011-01-31": "", "2010-01-31": "", "2009-01-31": "", "2008-01-31": "", "2007-01-31": "", "2006-01-31": "", "2005-01-31": ""}, "Total Current Assets": {"2020-01-31": "15963.00000", "2019-01-31": "10683.00000", "2018-01-31": "9584.00000", "2017-01-31": "5996.82700", "2016-01-31": "5731.32300", "2015-01-31": "3514.54400", "2014-01-31": "2680.25200", "2013-01-31": "2015.88000", "2012-01-31": "1672.22200", "2011-01-31": "1074.92400", "2010-01-31": "1706.15900", "2009-01-31": "1068.55700", "2008-01-31": "740.81100", "2007-01-31": "419.09600", "2006-01-31": "303.21700", "2005-01-31": "178.71500"}, "Property, Plant, And Equipment": {"2020-01-31": "2375.00000", "2019-01-31": "2051.00000", "2018-01-31": "1947.00000", "2017-01-31": "1787.53400", "2016-01-31": "1715.82800", "2015-01-31": "1125.86600", "2014-01-31": "1240.74600", "2013-01-31": "604.66900", "2012-01-31": "527.94600", "2011-01-31": "387.17400", "2010-01-31": "89.71100", "2009-01-31": "77.02700", "2008-01-31": "41.38000", "2007-01-31": "30.15500", "2006-01-31": "24.21600", "2005-01-31": "7.63700"}, "Long-Term Investments": {"2020-01-31": "1963.00000", "2019-01-31": "1302.00000", "2018-01-31": "677.00000", "2017-01-31": "566.95300", "2016-01-31": "520.72100", "2015-01-31": "1070.62900", "2014-01-31": "482.24300", "2013-01-31": "890.66400", "2012-01-31": "669.30800", "2011-01-31": "910.58700", "2010-01-31": "485.08300", "2009-01-31": "184.96200", "2008-01-31": "218.95700", "2007-01-31": "160.08800", "2006-01-31": "89.22700", "2005-01-31": "87.12000"}, "Goodwill And Intangible Assets": {"2020-01-31": "29858.00000", "2019-01-31": "14774.00000", "2018-01-31": "8141.00000", "2017-01-31": "8377.22100", "2016-01-31": "4339.94300", "2015-01-31": "3782.66000", "2014-01-31": "3500.82300", "2013-01-31": "1529.37800", "2012-01-31": "785.38100", "2011-01-31": "396.08100", "2010-01-31": "48.95500", "2009-01-31": "44.87200", "2008-01-31": "8.55600", "2007-01-31": "6.70500", "2006-01-31": "", "2005-01-31": ""}, "Other Long-Term Assets": {"2020-01-31": "1348.00000", "2019-01-31": "1232.00000", "2018-01-31": "1489.00000", "2017-01-31": "486.86900", "2016-01-31": "142.09700", "2015-01-31": "575.23400", "2014-01-31": "613.49000", "2013-01-31": "168.96000", "2012-01-31": "155.14900", "2011-01-31": "104.37100", "2010-01-31": "39.76500", "2009-01-31": "30.12700", "2008-01-31": "13.88100", "2007-01-31": "7.70200", "2006-01-31": "3.78400", "2005-01-31": "4.97000"}, "Total Long-Term Assets": {"2020-01-31": "39163.00000", "2019-01-31": "20054.00000", "2018-01-31": "12400.00000", "2017-01-31": "11588.10000", "2016-01-31": "7031.59700", "2015-01-31": "7150.58300", "2014-01-31": "6472.67800", "2013-01-31": "3513.07600", "2012-01-31": "2491.93200", "2011-01-31": "2016.24100", "2010-01-31": "754.04210", "2009-01-31": "411.26500", "2008-01-31": "348.78200", "2007-01-31": "245.73600", "2006-01-31": "131.53200", "2005-01-31": "101.78400"}, "Total Assets": {"2020-01-31": "55126.00000", "2019-01-31": "30737.00000", "2018-01-31": "21984.00000", "2017-01-31": "17584.92000", "2016-01-31": "12762.92000", "2015-01-31": "10665.13000", "2014-01-31": "9152.93000", "2013-01-31": "5528.95600", "2012-01-31": "4164.15400", "2011-01-31": "3091.16500", "2010-01-31": "2460.20100", "2009-01-31": "1479.82200", "2008-01-31": "1089.59300", "2007-01-31": "664.83200", "2006-01-31": "434.74900", "2005-01-31": "280.49900"}, "Total Current Liabilities": {"2020-01-31": "14845.00000", "2019-01-31": "11255.00000", "2018-01-31": "10067.00000", "2017-01-31": "7295.46600", "2016-01-31": "5617.00500", "2015-01-31": "4390.10300", "2014-01-31": "3980.18800", "2013-01-31": "2917.62400", "2012-01-31": "2300.03100", "2011-01-31": "1276.46600", "2010-01-31": "908.13000", "2009-01-31": "766.96600", "2008-01-31": "605.91700", "2007-01-31": "373.19100", "2006-01-31": "234.62500", "2005-01-31": "131.67100"}, "Long Term Debt": {"2020-01-31": "2673.00000", "2019-01-31": "3173.00000", "2018-01-31": "695.00000", "2017-01-31": "2008.39100", "2016-01-31": "1286.09500", "2015-01-31": "1370.69200", "2014-01-31": "1301.93000", "2013-01-31": "", "2012-01-31": "72.09100", "2011-01-31": "498.02500", "2010-01-31": "463.68300", "2009-01-31": "7.61600", "2008-01-31": "2.13600", "2007-01-31": "1.40800", "2006-01-31": "1.33900", "2005-01-31": "2.31700"}, "Other Non-Current Liabilities": {"2020-01-31": "1278.00000", "2019-01-31": "704.00000", "2018-01-31": "846.00000", "2017-01-31": "780.93900", "2016-01-31": "833.06500", "2015-01-31": "894.46800", "2014-01-31": "783.89200", "2013-01-31": "229.34400", "2012-01-31": "115.99900", "2011-01-31": "18.48100", "2010-01-31": "17.55100", "2009-01-31": "12.49000", "2008-01-31": "8.46500", "2007-01-31": "", "2006-01-31": "", "2005-01-31": ""}, "Total Long Term Liabilities": {"2020-01-31": "6396.00000", "2019-01-31": "3877.00000", "2018-01-31": "1541.00000", "2017-01-31": "2789.33000", "2016-01-31": "2143.04600", "2015-01-31": "2299.84100", "2014-01-31": "2134.23200", "2013-01-31": "293.69900", "2012-01-31": "276.76300", "2011-01-31": "538.20800", "2010-01-31": "495.40500", "2009-01-31": "30.36900", "2008-01-31": "31.61700", "2007-01-31": "9.85000", "2006-01-31": "3.75300", "2005-01-31": "3.69700"}, "Total Liabilities": {"2020-01-31": "21241.00000", "2019-01-31": "15132.00000", "2018-01-31": "11608.00000", "2017-01-31": "10084.80000", "2016-01-31": "7760.05100", "2015-01-31": "6689.94400", "2014-01-31": "6114.42000", "2013-01-31": "3211.32300", "2012-01-31": "2576.79400", "2011-01-31": "1814.67400", "2010-01-31": "1403.53500", "2009-01-31": "797.33500", "2008-01-31": "637.53400", "2007-01-31": "383.04100", "2006-01-31": "238.37800", "2005-01-31": "135.36800"}, "Common Stock Net": {"2020-01-31": "1.00000", "2019-01-31": "1.00000", "2018-01-31": "1.00000", "2017-01-31": "0.70800", "2016-01-31": "0.67100", "2015-01-31": "0.65100", "2014-01-31": "0.61000", "2013-01-31": "0.58600", "2012-01-31": "0.13700", "2011-01-31": "0.13300", "2010-01-31": "0.12700", "2009-01-31": "0.12300", "2008-01-31": "0.11900", "2007-01-31": "0.11500", "2006-01-31": "0.11100", "2005-01-31": "0.10500"}, "Retained Earnings (Accumulated Deficit)": {"2020-01-31": "1861.00000", "2019-01-31": "1735.00000", "2018-01-31": "635.00000", "2017-01-31": "-464.91000", "2016-01-31": "-653.27100", "2015-01-31": "-605.84500", "2014-01-31": "-343.15700", "2013-01-31": "-110.98200", "2012-01-31": "159.46300", "2011-01-31": "171.03500", "2010-01-31": "106.56100", "2009-01-31": "25.84200", "2008-01-31": "-17.58600", "2007-01-31": "-35.63300", "2006-01-31": "-36.11400", "2005-01-31": "-64.58800"}, "Comprehensive Income": {"2020-01-31": "-93.00000", "2019-01-31": "-58.00000", "2018-01-31": "-12.00000", "2017-01-31": "-75.84100", "2016-01-31": "-49.91700", "2015-01-31": "-24.10800", "2014-01-31": "17.68000", "2013-01-31": "17.13700", "2012-01-31": "12.68300", "2011-01-31": "6.71900", "2010-01-31": "-1.43000", "2009-01-31": "-2.90500", "2008-01-31": "-2.27600", "2007-01-31": "-2.18700", "2006-01-31": "-2.10500", "2005-01-31": "-0.99900"}, "Other Share Holders Equity": {"2020-01-31": "", "2019-01-31": "", "2018-01-31": "", "2017-01-31": "", "2016-01-31": "", "2015-01-31": "", "2014-01-31": "", "2013-01-31": "", "2012-01-31": "", "2011-01-31": "", "2010-01-31": "", "2009-01-31": "", "2008-01-31": "", "2007-01-31": "", "2006-01-31": "", "2005-01-31": "-0.72700"}, "Share Holder Equity": {"2020-01-31": "33885.00000", "2019-01-31": "15605.00000", "2018-01-31": "10376.00000", "2017-01-31": "7500.12700", "2016-01-31": "5002.86900", "2015-01-31": "3975.18300", "2014-01-31": "3038.51000", "2013-01-31": "2317.63300", "2012-01-31": "1587.36000", "2011-01-31": "1276.49100", "2010-01-31": "1056.66600", "2009-01-31": "682.48700", "2008-01-31": "452.05900", "2007-01-31": "281.79100", "2006-01-31": "196.37100", "2005-01-31": "145.13100"}, "Total Liabilities And Share Holders Equity": {"2020-01-31": "55126.00000", "2019-01-31": "30737.00000", "2018-01-31": "21984.00000", "2017-01-31": "17584.92000", "2016-01-31": "12762.92000", "2015-01-31": "10665.13000", "2014-01-31": "9152.93000", "2013-01-31": "5528.95600", "2012-01-31": "4164.15400", "2011-01-31": "3091.16500", "2010-01-31": "2460.20100", "2009-01-31": "1479.82200", "2008-01-31": "1089.59300", "2007-01-31": "664.83200", "2006-01-31": "434.74900", "2005-01-31": "280.49900"}}, "balance sheet, quarterly": {"Cash On Hand": {"2020-10-31": "9492.00000", "2020-07-31": "9283.00000", "2020-04-30": "9802.00000", "2020-01-31": "7947.00000", "2019-10-31": "6529.00000", "2019-07-31": "6042.00000", "2019-04-30": "6379.00000", "2019-01-31": "4342.00000", "2018-10-31": "3450.00000", "2018-07-31": "3427.00000", "2018-04-30": "7159.00000", "2018-01-31": "4521.00000", "2017-10-31": "3628.66500", "2017-07-31": "3501.24500", "2017-04-30": "3219.55000", "2017-01-31": "2208.88700", "2016-10-31": "1200.80700", "2016-07-31": "1174.28300", "2016-04-30": "2031.19200", "2016-01-31": "2725.37700", "2015-10-31": "1358.00500", "2015-07-31": "1170.46900", "2015-04-30": "1019.01500", "2015-01-31": "995.42900", "2014-10-31": "926.10400", "2014-07-31": "844.57500", "2014-04-30": "879.12400", "2014-01-31": "838.77400", "2013-10-31": "703.54200", "2013-07-31": "623.49100", "2013-04-30": "2099.81700", "2013-01-31": "867.62100", "2012-10-31": "605.56400", "2012-07-31": "1107.66300", "2012-04-30": "710.38800", "2012-01-31": "777.86600", "2011-10-31": "645.84800", "2011-07-31": "577.37600", "2011-04-30": "763.83600", "2011-01-31": "496.97000", "2010-10-31": "769.84800", "2010-07-31": "742.26700", "2010-04-30": "951.75200", "2010-01-31": "1241.96500", "2009-10-31": "445.33400", "2009-07-31": "420.12600", "2009-04-30": "516.61400", "2009-01-31": "697.60300", "2008-10-31": "601.45800", "2008-07-31": "578.34100", "2008-04-30": "495.08300", "2008-01-31": "450.84300", "2007-10-31": "374.06800", "2007-07-31": "307.83000", "2007-04-30": "250.37300", "2007-01-31": "252.42400", "2006-10-31": "244.89800", "2006-07-31": "266.68900", "2006-04-30": "233.15700", "2006-01-31": "207.56500", "2005-10-31": "172.72500", "2005-07-31": "134.41000", "2005-04-30": "125.54500", "2005-01-31": "118.81800"}, "Receivables": {"2020-10-31": "3316.00000", "2020-07-31": "3445.00000", "2020-04-30": "3076.00000", "2020-01-31": "6174.00000", "2019-10-31": "2573.00000", "2019-07-31": "2332.00000", "2019-04-30": "2153.00000", "2019-01-31": "4924.00000", "2018-10-31": "2037.00000", "2018-07-31": "1980.00000", "2018-04-30": "1763.00000", "2018-01-31": "3921.00000", "2017-10-31": "1519.91600", "2017-07-31": "1569.32200", "2017-04-30": "1439.87500", "2017-01-31": "3196.64300", "2016-10-31": "1281.42500", "2016-07-31": "1323.11400", "2016-04-30": "1192.96500", "2016-01-31": "2496.16500", "2015-10-31": "1060.72600", "2015-07-31": "1067.79900", "2015-04-30": "926.38100", "2015-01-31": "1905.50600", "2014-10-31": "794.59000", "2014-07-31": "834.32300", "2014-04-30": "684.15500", "2014-01-31": "1360.83700", "2013-10-31": "604.04500", "2013-07-31": "599.54300", "2013-04-30": "502.60900", "2013-01-31": "872.63400", "2012-10-31": "418.59000", "2012-07-31": "446.91700", "2012-04-30": "371.39500", "2012-01-31": "683.74500", "2011-10-31": "312.33100", "2011-07-31": "342.39700", "2011-04-30": "270.81600", "2011-01-31": "426.94300", "2010-10-31": "258.76400", "2010-07-31": "228.55000", "2010-04-30": "183.61200", "2010-01-31": "320.95600", "2009-10-31": "191.29700", "2009-07-31": "168.84200", "2009-04-30": "145.86900", "2009-01-31": "266.55500", "2008-10-31": "157.68000", "2008-07-31": "146.98200", "2008-04-30": "143.90900", "2008-01-31": "220.06100", "2007-10-31": "121.96100", "2007-07-31": "114.04600", "2007-04-30": "105.01300", "2007-01-31": "128.69300", "2006-10-31": "82.80800", "2006-07-31": "75.70400", "2006-04-30": "72.33700", "2006-01-31": "76.12800", "2005-10-31": "53.40700", "2005-07-31": "50.18400", "2005-04-30": "42.38300", "2005-01-31": "48.87400"}, "Inventory": {"2020-10-31": "", "2020-07-31": "", "2020-04-30": "", "2020-01-31": "", "2019-10-31": "", "2019-07-31": "", "2019-04-30": "", "2019-01-31": "", "2018-10-31": "", "2018-07-31": "", "2018-04-30": "", "2018-01-31": "", "2017-10-31": "", "2017-07-31": "", "2017-04-30": "", "2017-01-31": "", "2016-10-31": "", "2016-07-31": "", "2016-04-30": "", "2016-01-31": "", "2015-10-31": "", "2015-07-31": "", "2015-04-30": "", "2015-01-31": "", "2014-10-31": "", "2014-07-31": "", "2014-04-30": "", "2014-01-31": "", "2013-10-31": "", "2013-07-31": "", "2013-04-30": "", "2013-01-31": "", "2012-10-31": "", "2012-07-31": "", "2012-04-30": "", "2012-01-31": "", "2011-10-31": "", "2011-07-31": "", "2011-04-30": "", "2011-01-31": "", "2010-10-31": "", "2010-07-31": "", "2010-04-30": "", "2010-01-31": "", "2009-10-31": "", "2009-07-31": "", "2009-04-30": "", "2009-01-31": "", "2008-10-31": "", "2008-07-31": "", "2008-04-30": "", "2008-01-31": "", "2007-10-31": "", "2007-07-31": "", "2007-04-30": "", "2007-01-31": "", "2006-10-31": "", "2006-07-31": "", "2006-04-30": "", "2006-01-31": "", "2005-10-31": "", "2005-07-31": "", "2005-04-30": "", "2005-01-31": ""}, "Pre-Paid Expenses": {"2020-10-31": "1121.00000", "2020-07-31": "1170.00000", "2020-04-30": "954.00000", "2020-01-31": "916.00000", "2019-10-31": "1111.00000", "2019-07-31": "743.00000", "2019-04-30": "717.00000", "2019-01-31": "629.00000", "2018-10-31": "700.00000", "2018-07-31": "726.00000", "2018-04-30": "562.00000", "2018-01-31": "471.00000", "2017-10-31": "469.94600", "2017-07-31": "438.24600", "2017-04-30": "447.64700", "2017-01-31": "279.52700", "2016-10-31": "281.59300", "2016-07-31": "543.85200", "2016-04-30": "306.62500", "2016-01-31": "250.59400", "2015-10-31": "311.90900", "2015-07-31": "330.29100", "2015-04-30": "310.98300", "2015-01-31": "245.02600", "2014-10-31": "287.61200", "2014-07-31": "296.36100", "2014-04-30": "313.60800", "2014-01-31": "309.18000", "2013-10-31": "367.24500", "2013-07-31": "355.62800", "2013-04-30": "154.11400", "2013-01-31": "133.31400", "2012-10-31": "117.60000", "2012-07-31": "146.90100", "2012-04-30": "99.78900", "2012-01-31": "80.31900", "2011-10-31": "79.42800", "2011-07-31": "95.04200", "2011-04-30": "63.88600", "2011-01-31": "55.72100", "2010-10-31": "64.34300", "2010-07-31": "50.13800", "2010-04-30": "45.85800", "2010-01-31": "55.73400", "2009-10-31": "62.22700", "2009-07-31": "49.15300", "2009-04-30": "36.24200", "2009-01-31": "33.11500", "2008-10-31": "39.74700", "2008-07-31": "33.14800", "2008-04-30": "32.17000", "2008-01-31": "27.05500", "2007-10-31": "25.87800", "2007-07-31": "28.03900", "2007-04-30": "21.53700", "2007-01-31": "15.67900", "2006-10-31": "12.74900", "2006-07-31": "13.40100", "2006-04-30": "9.39700", "2006-01-31": "6.33800", "2005-10-31": "6.00000", "2005-07-31": "6.71400", "2005-04-30": "4.87400", "2005-01-31": "3.46700"}, "Other Current Assets": {"2020-10-31": "1017.00000", "2020-07-31": "948.00000", "2020-04-30": "881.00000", "2020-01-31": "926.00000", "2019-10-31": "813.00000", "2019-07-31": "786.00000", "2019-04-30": "786.00000", "2019-01-31": "788.00000", "2018-10-31": "683.00000", "2018-07-31": "669.00000", "2018-04-30": "667.00000", "2018-01-31": "671.00000", "2017-10-31": "", "2017-07-31": "", "2017-04-30": "", "2017-01-31": "", "2016-10-31": "", "2016-07-31": "", "2016-04-30": "", "2016-01-31": "", "2015-10-31": "", "2015-07-31": "136.91400", "2015-04-30": "140.34500", "2015-01-31": "143.19700", "2014-10-31": "258.13200", "2014-07-31": "160.18100", "2014-04-30": "", "2014-01-31": "", "2013-10-31": "", "2013-07-31": "", "2013-04-30": "", "2013-01-31": "", "2012-10-31": "", "2012-07-31": "", "2012-04-30": "", "2012-01-31": "", "2011-10-31": "", "2011-07-31": "", "2011-04-30": "", "2011-01-31": "", "2010-10-31": "", "2010-07-31": "", "2010-04-30": "", "2010-01-31": "", "2009-10-31": "", "2009-07-31": "", "2009-04-30": "", "2009-01-31": "", "2008-10-31": "", "2008-07-31": "", "2008-04-30": "", "2008-01-31": "", "2007-10-31": "", "2007-07-31": "", "2007-04-30": "", "2007-01-31": "", "2006-10-31": "", "2006-07-31": "", "2006-04-30": "", "2006-01-31": "", "2005-10-31": "", "2005-07-31": "", "2005-04-30": "", "2005-01-31": ""}, "Total Current Assets": {"2020-10-31": "14946.00000", "2020-07-31": "14846.00000", "2020-04-30": "14713.00000", "2020-01-31": "15963.00000", "2019-10-31": "11026.00000", "2019-07-31": "9903.00000", "2019-04-30": "10035.00000", "2019-01-31": "10683.00000", "2018-10-31": "6870.00000", "2018-07-31": "6802.00000", "2018-04-30": "10151.00000", "2018-01-31": "9584.00000", "2017-10-31": "5946.17000", "2017-07-31": "5811.34100", "2017-04-30": "5404.49100", "2017-01-31": "5996.82700", "2016-10-31": "3001.55400", "2016-07-31": "3277.99900", "2016-04-30": "3774.67200", "2016-01-31": "5731.32300", "2015-10-31": "2938.77300", "2015-07-31": "2916.78700", "2015-04-30": "2604.82500", "2015-01-31": "3514.54400", "2014-10-31": "2439.15500", "2014-07-31": "2304.68700", "2014-04-30": "2039.38100", "2014-01-31": "2680.25200", "2013-10-31": "1800.88600", "2013-07-31": "1698.16500", "2013-04-30": "2876.03900", "2013-01-31": "2015.88000", "2012-10-31": "1257.28500", "2012-07-31": "1853.12500", "2012-04-30": "1323.03300", "2012-01-31": "1672.22200", "2011-10-31": "1148.24000", "2011-07-31": "1114.82200", "2011-04-30": "1188.12900", "2011-01-31": "1074.92400", "2010-10-31": "1192.93600", "2010-07-31": "1112.13600", "2010-04-30": "1263.75200", "2010-01-31": "1706.15900", "2009-10-31": "762.91500", "2009-07-31": "701.31800", "2009-04-30": "762.86000", "2009-01-31": "1068.55700", "2008-10-31": "848.55900", "2008-07-31": "802.12800", "2008-04-30": "713.40900", "2008-01-31": "740.81100", "2007-10-31": "554.95000", "2007-07-31": "477.17100", "2007-04-30": "400.13300", "2007-01-31": "419.09600", "2006-10-31": "355.93400", "2006-07-31": "369.66400", "2006-04-30": "328.61600", "2006-01-31": "303.21700", "2005-10-31": "244.86400", "2005-07-31": "199.82100", "2005-04-30": "180.60400", "2005-01-31": "178.71500"}, "Property, Plant, And Equipment": {"2020-10-31": "2564.00000", "2020-07-31": "2528.00000", "2020-04-30": "2518.00000", "2020-01-31": "2375.00000", "2019-10-31": "2365.00000", "2019-07-31": "2283.00000", "2019-04-30": "2243.00000", "2019-01-31": "2051.00000", "2018-10-31": "1998.00000", "2018-07-31": "1986.00000", "2018-04-30": "1950.00000", "2018-01-31": "1947.00000", "2017-10-31": "1864.89100", "2017-07-31": "1866.57600", "2017-04-30": "1846.41300", "2017-01-31": "1787.53400", "2016-10-31": "1756.67300", "2016-07-31": "1728.24300", "2016-04-30": "1711.47200", "2016-01-31": "1715.82800", "2015-10-31": "1742.14200", "2015-07-31": "1725.18400", "2015-04-30": "1737.09400", "2015-01-31": "1125.86600", "2014-10-31": "1109.81600", "2014-07-31": "1189.93000", "2014-04-30": "1251.00000", "2014-01-31": "1240.74600", "2013-10-31": "1205.34900", "2013-07-31": "1184.86100", "2013-04-30": "623.68400", "2013-01-31": "604.66900", "2012-10-31": "583.83900", "2012-07-31": "556.77600", "2012-04-30": "549.73200", "2012-01-31": "527.94600", "2011-10-31": "504.82700", "2011-07-31": "470.07000", "2011-04-30": "446.26800", "2011-01-31": "387.17400", "2010-10-31": "116.07800", "2010-07-31": "100.94600", "2010-04-30": "86.71000", "2010-01-31": "89.71100", "2009-10-31": "95.59800", "2009-07-31": "96.47000", "2009-04-30": "88.47900", "2009-01-31": "77.02700", "2008-10-31": "66.83300", "2008-07-31": "56.64300", "2008-04-30": "56.81600", "2008-01-31": "41.38000", "2007-10-31": "38.91300", "2007-07-31": "36.69000", "2007-04-30": "33.84900", "2007-01-31": "30.15500", "2006-10-31": "28.15100", "2006-07-31": "24.84200", "2006-04-30": "24.78600", "2006-01-31": "24.21600", "2005-10-31": "20.85300", "2005-07-31": "17.28000", "2005-04-30": "15.28900", "2005-01-31": "7.63700"}, "Long-Term Investments": {"2020-10-31": "3927.00000", "2020-07-31": "2555.00000", "2020-04-30": "1902.00000", "2020-01-31": "1963.00000", "2019-10-31": "1760.00000", "2019-07-31": "1614.00000", "2019-04-30": "1548.00000", "2019-01-31": "1302.00000", "2018-10-31": "1251.00000", "2018-07-31": "1202.00000", "2018-04-30": "1024.00000", "2018-01-31": "677.00000", "2017-10-31": "670.40600", "2017-07-31": "657.68700", "2017-04-30": "639.19100", "2017-01-31": "566.95300", "2016-10-31": "1106.29100", "2016-07-31": "1093.92100", "2016-04-30": "2205.01000", "2016-01-31": "520.72100", "2015-10-31": "1440.11000", "2015-07-31": "1374.38000", "2015-04-30": "903.46100", "2015-01-31": "1070.62900", "2014-10-31": "901.17300", "2014-07-31": "827.18300", "2014-04-30": "650.76400", "2014-01-31": "482.24300", "2013-10-31": "381.76500", "2013-07-31": "306.51700", "2013-04-30": "979.64000", "2013-01-31": "890.66400", "2012-10-31": "810.48600", "2012-07-31": "696.60200", "2012-04-30": "946.70100", "2012-01-31": "669.30800", "2011-10-31": "650.84500", "2011-07-31": "709.28200", "2011-04-30": "758.44900", "2011-01-31": "910.58700", "2010-10-31": "1032.59200", "2010-07-31": "1116.66100", "2010-04-30": "949.79600", "2010-01-31": "485.08300", "2009-10-31": "624.75800", "2009-07-31": "610.28000", "2009-04-30": "467.21000", "2009-01-31": "184.96200", "2008-10-31": "203.14800", "2008-07-31": "245.07600", "2008-04-30": "255.55000", "2008-01-31": "218.95700", "2007-10-31": "196.93500", "2007-07-31": "189.36100", "2007-04-30": "197.69800", "2007-01-31": "160.08800", "2006-10-31": "126.38000", "2006-07-31": "67.41800", "2006-04-30": "65.15600", "2006-01-31": "89.22700", "2005-10-31": "84.12800", "2005-07-31": "98.30000", "2005-04-30": "91.45900", "2005-01-31": "87.12000"}, "Goodwill And Intangible Assets": {"2020-10-31": "30711.00000", "2020-07-31": "30977.00000", "2020-04-30": "29754.00000", "2020-01-31": "29858.00000", "2019-10-31": "30009.00000", "2019-07-31": "14924.00000", "2019-04-30": "14648.00000", "2019-01-31": "14774.00000", "2018-10-31": "14901.00000", "2018-07-31": "14230.00000", "2018-04-30": "8259.00000", "2018-01-31": "8141.00000", "2017-10-31": "8189.90900", "2017-07-31": "8260.26800", "2017-04-30": "8331.40900", "2017-01-31": "8377.22100", "2016-10-31": "6616.99900", "2016-07-31": "6029.89500", "2016-04-30": "4129.65600", "2016-01-31": "4339.94300", "2015-10-31": "3849.05400", "2015-07-31": "3804.28800", "2015-04-30": "3791.58300", "2015-01-31": "3782.66000", "2014-10-31": "3782.56900", "2014-07-31": "3492.71300", "2014-04-30": "3500.82300", "2014-01-31": "3500.82300", "2013-10-31": "3495.02100", "2013-07-31": "3503.68100", "2013-04-30": "1544.58400", "2013-01-31": "1529.37800", "2012-10-31": "1525.15400", "2012-07-31": "840.53100", "2012-04-30": "831.00400", "2012-01-31": "785.38100", "2011-10-31": "732.06200", "2011-07-31": "671.57000", "2011-04-30": "406.88900", "2011-01-31": "396.08100", "2010-10-31": "187.03800", "2010-07-31": "184.53900", "2010-04-30": "47.74900", "2010-01-31": "48.95500", "2009-10-31": "45.40200", "2009-07-31": "44.87200", "2009-04-30": "44.87200", "2009-01-31": "44.87200", "2008-10-31": "27.69900", "2008-07-31": "8.55600", "2008-04-30": "8.55600", "2008-01-31": "8.55600", "2007-10-31": "8.55600", "2007-07-31": "6.70500", "2007-04-30": "6.70500", "2007-01-31": "6.70500", "2006-10-31": "6.74300", "2006-07-31": "7.23900", "2006-04-30": "7.23900", "2006-01-31": "", "2005-10-31": "", "2005-07-31": "", "2005-04-30": "", "2005-01-31": ""}, "Other Long-Term Assets": {"2020-10-31": "4026.00000", "2020-07-31": "1309.00000", "2020-04-30": "1171.00000", "2020-01-31": "1927.00000", "2019-10-31": "1632.00000", "2019-07-31": "1708.00000", "2019-04-30": "1149.00000", "2019-01-31": "1232.00000", "2018-10-31": "1419.00000", "2018-07-31": "1458.00000", "2018-04-30": "1430.00000", "2018-01-31": "1489.00000", "2017-10-31": "424.88800", "2017-07-31": "457.99600", "2017-04-30": "475.23400", "2017-01-31": "486.86900", "2016-10-31": "1100.43600", "2016-07-31": "1455.79700", "2016-04-30": "409.18500", "2016-01-31": "142.09700", "2015-10-31": "396.72700", "2015-07-31": "415.43200", "2015-04-30": "754.37800", "2015-01-31": "575.23400", "2014-10-31": "595.16300", "2014-07-31": "604.55600", "2014-04-30": "600.09000", "2014-01-31": "613.49000", "2013-10-31": "599.51100", "2013-07-31": "633.42800", "2013-04-30": "190.62300", "2013-01-31": "168.96000", "2012-10-31": "153.80000", "2012-07-31": "148.03900", "2012-04-30": "151.49400", "2012-01-31": "155.14900", "2011-10-31": "156.41800", "2011-07-31": "145.50000", "2011-04-30": "109.59500", "2011-01-31": "104.37100", "2010-10-31": "69.19400", "2010-07-31": "53.35700", "2010-04-30": "41.72700", "2010-01-31": "39.76500", "2009-10-31": "33.97600", "2009-07-31": "29.28400", "2009-04-30": "31.58700", "2009-01-31": "30.12700", "2008-10-31": "47.37500", "2008-07-31": "17.31800", "2008-04-30": "14.88800", "2008-01-31": "13.88100", "2007-10-31": "10.82900", "2007-07-31": "10.60100", "2007-04-30": "9.13700", "2007-01-31": "7.70200", "2006-10-31": "12.31200", "2006-07-31": "10.04900", "2006-04-30": "10.39100", "2006-01-31": "3.78400", "2005-10-31": "3.65100", "2005-07-31": "6.24400", "2005-04-30": "5.47100", "2005-01-31": "4.97000"}, "Total Long-Term Assets": {"2020-10-31": "44190.00000", "2020-07-31": "42934.00000", "2020-04-30": "38910.00000", "2020-01-31": "39163.00000", "2019-10-31": "38916.00000", "2019-07-31": "23433.00000", "2019-04-30": "23119.00000", "2019-01-31": "20054.00000", "2018-10-31": "19718.00000", "2018-07-31": "19021.00000", "2018-04-30": "12812.00000", "2018-01-31": "12400.00000", "2017-10-31": "11543.87000", "2017-07-31": "11607.46000", "2017-04-30": "11654.44000", "2017-01-31": "11588.10000", "2016-10-31": "11386.12000", "2016-07-31": "11103.32000", "2016-04-30": "9042.59800", "2016-01-31": "7031.59700", "2015-10-31": "7973.19300", "2015-07-31": "7877.19000", "2015-04-30": "7760.85700", "2015-01-31": "7150.58300", "2014-10-31": "6973.50900", "2014-07-31": "6705.14100", "2014-04-30": "6601.96300", "2014-01-31": "6472.67800", "2013-10-31": "6296.74800", "2013-07-31": "6271.73000", "2013-04-30": "3637.67000", "2013-01-31": "3513.07600", "2012-10-31": "3385.00500", "2012-07-31": "2600.44500", "2012-04-30": "2833.05900", "2012-01-31": "2491.93200", "2011-10-31": "2363.03800", "2011-07-31": "2306.50600", "2011-04-30": "1939.93900", "2011-01-31": "2016.24100", "2010-10-31": "1547.75800", "2010-07-31": "1586.34000", "2010-04-30": "1224.34500", "2010-01-31": "754.04210", "2009-10-31": "880.28600", "2009-07-31": "855.20900", "2009-04-30": "704.83990", "2009-01-31": "411.26500", "2008-10-31": "427.17200", "2008-07-31": "401.41500", "2008-04-30": "406.18400", "2008-01-31": "348.78200", "2007-10-31": "310.15900", "2007-07-31": "298.60800", "2007-04-30": "297.83600", "2007-01-31": "245.73600", "2006-10-31": "199.75500", "2006-07-31": "131.68700", "2006-04-30": "128.84000", "2006-01-31": "131.53200", "2005-10-31": "114.57600", "2005-07-31": "123.85400", "2005-04-30": "114.03000", "2005-01-31": "101.78400"}, "Total Assets": {"2020-10-31": "59136.00000", "2020-07-31": "57780.00000", "2020-04-30": "53623.00000", "2020-01-31": "55126.00000", "2019-10-31": "49942.00000", "2019-07-31": "33336.00000", "2019-04-30": "33154.00000", "2019-01-31": "30737.00000", "2018-10-31": "26588.00000", "2018-07-31": "25823.00000", "2018-04-30": "22963.00000", "2018-01-31": "21984.00000", "2017-10-31": "17490.04000", "2017-07-31": "17418.80000", "2017-04-30": "17058.93000", "2017-01-31": "17584.92000", "2016-10-31": "14387.67000", "2016-07-31": "14381.31000", "2016-04-30": "12817.27000", "2016-01-31": "12762.92000", "2015-10-31": "10911.97000", "2015-07-31": "10793.98000", "2015-04-30": "10365.68000", "2015-01-31": "10665.13000", "2014-10-31": "9412.66300", "2014-07-31": "9009.82800", "2014-04-30": "8641.34400", "2014-01-31": "9152.93000", "2013-10-31": "8097.63400", "2013-07-31": "7969.89600", "2013-04-30": "6513.70900", "2013-01-31": "5528.95600", "2012-10-31": "4642.29000", "2012-07-31": "4453.57000", "2012-04-30": "4156.09200", "2012-01-31": "4164.15400", "2011-10-31": "3511.27800", "2011-07-31": "3421.32800", "2011-04-30": "3128.06800", "2011-01-31": "3091.16500", "2010-10-31": "2740.69400", "2010-07-31": "2698.47600", "2010-04-30": "2488.09700", "2010-01-31": "2460.20100", "2009-10-31": "1643.20100", "2009-07-31": "1556.52700", "2009-04-30": "1467.70000", "2009-01-31": "1479.82200", "2008-10-31": "1275.73100", "2008-07-31": "1203.54300", "2008-04-30": "1119.59300", "2008-01-31": "1089.59300", "2007-10-31": "865.10900", "2007-07-31": "775.77900", "2007-04-30": "697.96900", "2007-01-31": "664.83200", "2006-10-31": "555.68900", "2006-07-31": "501.35100", "2006-04-30": "457.45600", "2006-01-31": "434.74900", "2005-10-31": "359.44000", "2005-07-31": "323.67500", "2005-04-30": "294.63400", "2005-01-31": "280.49900"}, "Total Current Liabilities": {"2020-10-31": "12234.00000", "2020-07-31": "12963.00000", "2020-04-30": "12843.00000", "2020-01-31": "14845.00000", "2019-10-31": "10474.00000", "2019-07-31": "10195.00000", "2019-04-30": "10488.00000", "2019-01-31": "11255.00000", "2018-10-31": "8022.00000", "2018-07-31": "8469.00000", "2018-04-30": "7895.00000", "2018-01-31": "10067.00000", "2017-10-31": "7216.44400", "2017-07-31": "7526.18500", "2017-04-30": "7625.86300", "2017-01-31": "7295.46600", "2016-10-31": "4975.53400", "2016-07-31": "5376.09600", "2016-04-30": "5085.10300", "2016-01-31": "5617.00500", "2015-10-31": "3976.97800", "2015-07-31": "4112.99400", "2015-04-30": "3960.87600", "2015-01-31": "4390.10300", "2014-10-31": "3308.35200", "2014-07-31": "3502.73800", "2014-04-30": "3359.95400", "2014-01-31": "3980.18800", "2013-10-31": "3096.68900", "2013-07-31": "3063.31500", "2013-04-30": "2729.68700", "2013-01-31": "2917.62400", "2012-10-31": "2323.21600", "2012-07-31": "2329.16700", "2012-04-30": "1676.85200", "2012-01-31": "2300.03100", "2011-10-31": "1832.58900", "2011-07-31": "1814.05700", "2011-04-30": "1685.21200", "2011-01-31": "1276.46600", "2010-10-31": "993.04500", "2010-07-31": "928.56600", "2010-04-30": "838.10000", "2010-01-31": "908.13000", "2009-10-31": "726.47800", "2009-07-31": "712.58800", "2009-04-30": "690.09400", "2009-01-31": "766.96600", "2008-10-31": "615.44200", "2008-07-31": "599.82500", "2008-04-30": "580.97900", "2008-01-31": "605.91700", "2007-10-31": "449.94100", "2007-07-31": "412.11400", "2007-04-30": "377.31700", "2007-01-31": "373.19100", "2006-10-31": "294.28700", "2006-07-31": "266.71600", "2006-04-30": "238.95900", "2006-01-31": "234.62500", "2005-10-31": "173.86000", "2005-07-31": "154.80700", "2005-04-30": "138.21700", "2005-01-31": "131.67100"}, "Long Term Debt": {"2020-10-31": "2672.00000", "2020-07-31": "2673.00000", "2020-04-30": "2673.00000", "2020-01-31": "2673.00000", "2019-10-31": "2824.00000", "2019-07-31": "2973.00000", "2019-04-30": "3173.00000", "2019-01-31": "3173.00000", "2018-10-31": "3173.00000", "2018-07-31": "3173.00000", "2018-04-30": "3172.00000", "2018-01-31": "695.00000", "2017-10-31": "696.55500", "2017-07-31": "713.42200", "2017-04-30": "695.84500", "2017-01-31": "2008.39100", "2016-10-31": "1804.37100", "2016-07-31": "1796.92900", "2016-04-30": "1293.17000", "2016-01-31": "1286.09500", "2015-10-31": "1287.76100", "2015-07-31": "1281.61200", "2015-04-30": "1275.50300", "2015-01-31": "1370.69200", "2014-10-31": "1364.68300", "2014-07-31": "1298.73700", "2014-04-30": "1300.31500", "2014-01-31": "1301.93000", "2013-10-31": "1303.58300", "2013-07-31": "1305.27100", "2013-04-30": "1166.54400", "2013-01-31": "", "2012-10-31": "63.62900", "2012-07-31": "49.79000", "2012-04-30": "550.11400", "2012-01-31": "72.09100", "2011-10-31": "52.55900", "2011-07-31": "46.08800", "2011-04-30": "49.06200", "2011-01-31": "498.02500", "2010-10-31": "494.79600", "2010-07-31": "475.75900", "2010-04-30": "467.45400", "2010-01-31": "463.68300", "2009-10-31": "14.95200", "2009-07-31": "14.79600", "2009-04-30": "14.87900", "2009-01-31": "7.61600", "2008-10-31": "6.15000", "2008-07-31": "2.98600", "2008-04-30": "3.19500", "2008-01-31": "2.13600", "2007-10-31": "1.42000", "2007-07-31": "1.37100", "2007-04-30": "1.35800", "2007-01-31": "1.40800", "2006-10-31": "1.10200", "2006-07-31": "1.15800", "2006-04-30": "1.20900", "2006-01-31": "1.33900", "2005-10-31": "1.45400", "2005-07-31": "1.66000", "2005-04-30": "1.81500", "2005-01-31": "2.31700"}, "Other Non-Current Liabilities": {"2020-10-31": "1517.00000", "2020-07-31": "1297.00000", "2020-04-30": "1120.00000", "2020-01-31": "1278.00000", "2019-10-31": "830.00000", "2019-07-31": "661.00000", "2019-04-30": "664.00000", "2019-01-31": "704.00000", "2018-10-31": "700.00000", "2018-07-31": "653.00000", "2018-04-30": "836.00000", "2018-01-31": "846.00000", "2017-10-31": "747.66700", "2017-07-31": "727.88200", "2017-04-30": "802.73400", "2017-01-31": "780.93900", "2016-10-31": "785.28700", "2016-07-31": "1060.35200", "2016-04-30": "839.72500", "2016-01-31": "833.06500", "2015-10-31": "878.04800", "2015-07-31": "843.51700", "2015-04-30": "870.05100", "2015-01-31": "894.46800", "2014-10-31": "917.69200", "2014-07-31": "871.45500", "2014-04-30": "812.87000", "2014-01-31": "783.89200", "2013-10-31": "736.64900", "2013-07-31": "727.85400", "2013-04-30": "96.31900", "2013-01-31": "229.34400", "2012-10-31": "106.24500", "2012-07-31": "113.52200", "2012-04-30": "42.01000", "2012-01-31": "115.99900", "2011-10-31": "114.97500", "2011-07-31": "125.54900", "2011-04-30": "116.92300", "2011-01-31": "18.48100", "2010-10-31": "18.28400", "2010-07-31": "18.47400", "2010-04-30": "17.10100", "2010-01-31": "17.55100", "2009-10-31": "19.29800", "2009-07-31": "16.57900", "2009-04-30": "14.04100", "2009-01-31": "12.49000", "2008-10-31": "10.83400", "2008-07-31": "10.28900", "2008-04-30": "9.51100", "2008-01-31": "8.46500", "2007-10-31": "5.28500", "2007-07-31": "5.00700", "2007-04-30": "4.63500", "2007-01-31": "", "2006-10-31": "", "2006-07-31": "", "2006-04-30": "", "2006-01-31": "", "2005-10-31": "", "2005-07-31": "", "2005-04-30": "", "2005-01-31": ""}, "Total Long Term Liabilities": {"2020-10-31": "6592.00000", "2020-07-31": "6377.00000", "2020-04-30": "6215.00000", "2020-01-31": "6396.00000", "2019-10-31": "6189.00000", "2019-07-31": "5975.00000", "2019-04-30": "6220.00000", "2019-01-31": "3877.00000", "2018-10-31": "3873.00000", "2018-07-31": "3826.00000", "2018-04-30": "4008.00000", "2018-01-31": "1541.00000", "2017-10-31": "1444.22200", "2017-07-31": "1441.30400", "2017-04-30": "1498.57900", "2017-01-31": "2789.33000", "2016-10-31": "2606.09800", "2016-07-31": "2872.64200", "2016-04-30": "2147.90300", "2016-01-31": "2143.04600", "2015-10-31": "2185.03400", "2015-07-31": "2145.18000", "2015-04-30": "2169.60300", "2015-01-31": "2299.84100", "2014-10-31": "2313.69700", "2014-07-31": "2206.52200", "2014-04-30": "2149.47600", "2014-01-31": "2134.23200", "2013-10-31": "2088.58900", "2013-07-31": "2087.93200", "2013-04-30": "1321.22600", "2013-01-31": "293.69900", "2012-10-31": "235.45900", "2012-07-31": "232.08900", "2012-04-30": "669.47100", "2012-01-31": "276.76300", "2011-10-31": "180.30000", "2011-07-31": "189.14800", "2011-04-30": "187.21400", "2011-01-31": "538.20800", "2010-10-31": "535.18300", "2010-07-31": "514.35500", "2010-04-30": "501.63000", "2010-01-31": "495.40500", "2009-10-31": "46.18300", "2009-07-31": "41.54900", "2009-04-30": "38.80300", "2009-01-31": "30.36900", "2008-10-31": "41.90200", "2008-07-31": "37.74200", "2008-04-30": "35.54700", "2008-01-31": "31.61700", "2007-10-31": "13.87300", "2007-07-31": "12.60900", "2007-04-30": "11.37000", "2007-01-31": "9.85000", "2006-10-31": "5.02100", "2006-07-31": "4.51600", "2006-04-30": "6.62000", "2006-01-31": "3.75300", "2005-10-31": "3.60100", "2005-07-31": "3.46600", "2005-04-30": "3.41900", "2005-01-31": "3.69700"}, "Total Liabilities": {"2020-10-31": "18826.00000", "2020-07-31": "19340.00000", "2020-04-30": "19058.00000", "2020-01-31": "21241.00000", "2019-10-31": "16663.00000", "2019-07-31": "16170.00000", "2019-04-30": "16708.00000", "2019-01-31": "15132.00000", "2018-10-31": "11895.00000", "2018-07-31": "12295.00000", "2018-04-30": "11903.00000", "2018-01-31": "11608.00000", "2017-10-31": "8660.66600", "2017-07-31": "8967.48900", "2017-04-30": "9124.44200", "2017-01-31": "10084.80000", "2016-10-31": "7581.63200", "2016-07-31": "8248.73800", "2016-04-30": "7233.00600", "2016-01-31": "7760.05100", "2015-10-31": "6162.01200", "2015-07-31": "6258.17400", "2015-04-30": "6130.47900", "2015-01-31": "6689.94400", "2014-10-31": "5622.04900", "2014-07-31": "5709.26000", "2014-04-30": "5509.43000", "2014-01-31": "6114.42000", "2013-10-31": "5185.27800", "2013-07-31": "5151.24700", "2013-04-30": "4050.91300", "2013-01-31": "3211.32300", "2012-10-31": "2558.67500", "2012-07-31": "2561.25600", "2012-04-30": "2346.32300", "2012-01-31": "2576.79400", "2011-10-31": "2012.88900", "2011-07-31": "2003.20500", "2011-04-30": "1872.42600", "2011-01-31": "1814.67400", "2010-10-31": "1528.22800", "2010-07-31": "1442.92100", "2010-04-30": "1339.73000", "2010-01-31": "1403.53500", "2009-10-31": "772.66100", "2009-07-31": "754.13700", "2009-04-30": "728.89700", "2009-01-31": "797.33500", "2008-10-31": "657.34400", "2008-07-31": "637.56700", "2008-04-30": "616.52600", "2008-01-31": "637.53400", "2007-10-31": "463.81400", "2007-07-31": "424.72300", "2007-04-30": "388.68700", "2007-01-31": "383.04100", "2006-10-31": "299.30800", "2006-07-31": "271.23200", "2006-04-30": "245.57900", "2006-01-31": "238.37800", "2005-10-31": "177.46100", "2005-07-31": "158.27300", "2005-04-30": "141.63600", "2005-01-31": "135.36800"}, "Common Stock Net": {"2020-10-31": "1.00000", "2020-07-31": "1.00000", "2020-04-30": "1.00000", "2020-01-31": "1.00000", "2019-10-31": "1.00000", "2019-07-31": "1.00000", "2019-04-30": "1.00000", "2019-01-31": "1.00000", "2018-10-31": "1.00000", "2018-07-31": "1.00000", "2018-04-30": "1.00000", "2018-01-31": "1.00000", "2017-10-31": "0.72200", "2017-07-31": "0.71900", "2017-04-30": "0.71200", "2017-01-31": "0.70800", "2016-10-31": "0.69700", "2016-07-31": "0.68500", "2016-04-30": "0.67800", "2016-01-31": "0.67100", "2015-10-31": "0.66400", "2015-07-31": "0.66000", "2015-04-30": "0.65600", "2015-01-31": "0.65100", "2014-10-31": "0.63100", "2014-07-31": "0.61900", "2014-04-30": "0.61400", "2014-01-31": "0.61000", "2013-10-31": "0.60300", "2013-07-31": "0.59600", "2013-04-30": "0.59000", "2013-01-31": "0.58600", "2012-10-31": "0.14200", "2012-07-31": "0.13900", "2012-04-30": "0.13800", "2012-01-31": "0.13700", "2011-10-31": "0.13600", "2011-07-31": "0.13500", "2011-04-30": "0.13400", "2011-01-31": "0.13300", "2010-10-31": "0.13100", "2010-07-31": "0.13000", "2010-04-30": "0.12900", "2010-01-31": "0.12700", "2009-10-31": "0.12500", "2009-07-31": "0.12400", "2009-04-30": "0.12400", "2009-01-31": "0.12300", "2008-10-31": "0.12200", "2008-07-31": "0.12100", "2008-04-30": "0.12000", "2008-01-31": "0.11900", "2007-10-31": "0.11800", "2007-07-31": "0.11700", "2007-04-30": "0.11500", "2007-01-31": "0.11500", "2006-10-31": "0.11400", "2006-07-31": "0.11200", "2006-04-30": "0.11100", "2006-01-31": "0.11100", "2005-10-31": "0.10800", "2005-07-31": "0.10800", "2005-04-30": "0.10600", "2005-01-31": "0.10500"}, "Retained Earnings (Accumulated Deficit)": {"2020-10-31": "5666.00000", "2020-07-31": "4585.00000", "2020-04-30": "1960.00000", "2020-01-31": "1861.00000", "2019-10-31": "2109.00000", "2019-07-31": "2218.00000", "2019-04-30": "2127.00000", "2019-01-31": "1735.00000", "2018-10-31": "1373.00000", "2018-07-31": "1269.00000", "2018-04-30": "969.00000", "2018-01-31": "635.00000", "2017-10-31": "-404.98700", "2017-07-31": "-456.38100", "2017-04-30": "-474.11700", "2017-01-31": "-464.91000", "2016-10-31": "-413.47000", "2016-07-31": "-376.16100", "2016-04-30": "-605.78300", "2016-01-31": "-653.27100", "2015-10-31": "-627.76200", "2015-07-31": "-602.60500", "2015-04-30": "-601.75300", "2015-01-31": "-605.84500", "2014-10-31": "-540.08000", "2014-07-31": "-501.15600", "2014-04-30": "-440.06800", "2014-01-31": "-343.15700", "2013-10-31": "-226.53400", "2013-07-31": "-102.10000", "2013-04-30": "-178.70300", "2013-01-31": "-110.98200", "2012-10-31": "-90.13800", "2012-07-31": "130.15900", "2012-04-30": "139.98800", "2012-01-31": "159.46300", "2011-10-31": "163.54100", "2011-07-31": "167.29700", "2011-04-30": "171.56500", "2011-01-31": "171.03500", "2010-10-31": "160.12200", "2010-07-31": "139.05000", "2010-04-30": "124.30600", "2010-01-31": "106.56100", "2009-10-31": "86.16700", "2009-07-31": "65.47600", "2009-04-30": "44.27800", "2009-01-31": "25.84200", "2008-10-31": "12.08900", "2008-07-31": "1.96500", "2008-04-30": "-8.03100", "2008-01-31": "-17.58600", "2007-10-31": "-24.96500", "2007-07-31": "-31.47700", "2007-04-30": "-35.21200", "2007-01-31": "-35.63300", "2006-10-31": "-36.14900", "2006-07-31": "-36.48800", "2006-04-30": "-36.34300", "2006-01-31": "-36.11400", "2005-10-31": "-42.07100", "2005-07-31": "-55.16800", "2005-04-30": "-60.20800", "2005-01-31": "-64.58800"}, "Comprehensive Income": {"2020-10-31": "-84.00000", "2020-07-31": "-68.00000", "2020-04-30": "-135.00000", "2020-01-31": "-93.00000", "2019-10-31": "-74.00000", "2019-07-31": "-77.00000", "2019-04-30": "-65.00000", "2019-01-31": "-58.00000", "2018-10-31": "-74.00000", "2018-07-31": "-50.00000", "2018-04-30": "-33.00000", "2018-01-31": "-12.00000", "2017-10-31": "3.55400", "2017-07-31": "17.53500", "2017-04-30": "9.51300", "2017-01-31": "-75.84100", "2016-10-31": "-62.94300", "2016-07-31": "-11.21500", "2016-04-30": "-28.57700", "2016-01-31": "-49.91700", "2015-10-31": "-33.32500", "2015-07-31": "-28.14400", "2015-04-30": "-28.35200", "2015-01-31": "-24.10800", "2014-10-31": "-1.25100", "2014-07-31": "11.16300", "2014-04-30": "15.29800", "2014-01-31": "17.68000", "2013-10-31": "16.80600", "2013-07-31": "11.23900", "2013-04-30": "13.72600", "2013-01-31": "17.13700", "2012-10-31": "23.64900", "2012-07-31": "19.73000", "2012-04-30": "10.19700", "2012-01-31": "12.68300", "2011-10-31": "3.97700", "2011-07-31": "7.21900", "2011-04-30": "0.07600", "2011-01-31": "6.71900", "2010-10-31": "9.03000", "2010-07-31": "7.85500", "2010-04-30": "0.07000", "2010-01-31": "-1.43000", "2009-10-31": "-3.23900", "2009-07-31": "-2.01600", "2009-04-30": "-4.05000", "2009-01-31": "-2.90500", "2008-10-31": "-7.59200", "2008-07-31": "-4.18800", "2008-04-30": "-3.64300", "2008-01-31": "-2.27600", "2007-10-31": "-3.09300", "2007-07-31": "-2.09400", "2007-04-30": "-2.08700", "2007-01-31": "-2.18700", "2006-10-31": "-1.94900", "2006-07-31": "-2.36000", "2006-04-30": "-2.25800", "2006-01-31": "-2.10500", "2005-10-31": "-2.58000", "2005-07-31": "-2.16000", "2005-04-30": "-1.32700", "2005-01-31": "-0.99900"}, "Other Share Holders Equity": {"2020-10-31": "", "2020-07-31": "", "2020-04-30": "", "2020-01-31": "", "2019-10-31": "", "2019-07-31": "", "2019-04-30": "", "2019-01-31": "", "2018-10-31": "", "2018-07-31": "", "2018-04-30": "", "2018-01-31": "", "2017-10-31": "", "2017-07-31": "", "2017-04-30": "", "2017-01-31": "", "2016-10-31": "", "2016-07-31": "", "2016-04-30": "", "2016-01-31": "", "2015-10-31": "", "2015-07-31": "", "2015-04-30": "", "2015-01-31": "", "2014-10-31": "", "2014-07-31": "", "2014-04-30": "", "2014-01-31": "", "2013-10-31": "", "2013-07-31": "", "2013-04-30": "", "2013-01-31": "", "2012-10-31": "", "2012-07-31": "", "2012-04-30": "", "2012-01-31": "", "2011-10-31": "", "2011-07-31": "", "2011-04-30": "", "2011-01-31": "", "2010-10-31": "", "2010-07-31": "", "2010-04-30": "", "2010-01-31": "", "2009-10-31": "", "2009-07-31": "", "2009-04-30": "", "2009-01-31": "", "2008-10-31": "", "2008-07-31": "", "2008-04-30": "", "2008-01-31": "", "2007-10-31": "", "2007-07-31": "", "2007-04-30": "", "2007-01-31": "", "2006-10-31": "", "2006-07-31": "", "2006-04-30": "", "2006-01-31": "", "2005-10-31": "", "2005-07-31": "", "2005-04-30": "", "2005-01-31": "-0.72700"}, "Share Holder Equity": {"2020-10-31": "40310.00000", "2020-07-31": "38440.00000", "2020-04-30": "34565.00000", "2020-01-31": "33885.00000", "2019-10-31": "33279.00000", "2019-07-31": "17166.00000", "2019-04-30": "16446.00000", "2019-01-31": "15605.00000", "2018-10-31": "14693.00000", "2018-07-31": "13528.00000", "2018-04-30": "11060.00000", "2018-01-31": "10376.00000", "2017-10-31": "8829.37000", "2017-07-31": "8451.31400", "2017-04-30": "7934.48800", "2017-01-31": "7500.12700", "2016-10-31": "6806.03700", "2016-07-31": "6132.57600", "2016-04-30": "5584.26400", "2016-01-31": "5002.86900", "2015-10-31": "4749.95400", "2015-07-31": "4535.80300", "2015-04-30": "4235.20300", "2015-01-31": "3975.18300", "2014-10-31": "3790.61400", "2014-07-31": "3300.56800", "2014-04-30": "3131.91400", "2014-01-31": "3038.51000", "2013-10-31": "2912.35600", "2013-07-31": "2818.64900", "2013-04-30": "2462.79600", "2013-01-31": "2317.63300", "2012-10-31": "2083.61500", "2012-07-31": "1892.31400", "2012-04-30": "1809.76900", "2012-01-31": "1587.36000", "2011-10-31": "1498.38900", "2011-07-31": "1418.12300", "2011-04-30": "1255.64200", "2011-01-31": "1276.49100", "2010-10-31": "1212.46600", "2010-07-31": "1255.55500", "2010-04-30": "1148.36700", "2010-01-31": "1056.66600", "2009-10-31": "870.54000", "2009-07-31": "802.39000", "2009-04-30": "738.80300", "2009-01-31": "682.48700", "2008-10-31": "618.38700", "2008-07-31": "565.97600", "2008-04-30": "503.06700", "2008-01-31": "452.05900", "2007-10-31": "401.29500", "2007-07-31": "351.05600", "2007-04-30": "309.28200", "2007-01-31": "281.79100", "2006-10-31": "256.38100", "2006-07-31": "230.11900", "2006-04-30": "211.87700", "2006-01-31": "196.37100", "2005-10-31": "181.97900", "2005-07-31": "165.40200", "2005-04-30": "152.99800", "2005-01-31": "145.13100"}, "Total Liabilities And Share Holders Equity": {"2020-10-31": "59136.00000", "2020-07-31": "57780.00000", "2020-04-30": "53623.00000", "2020-01-31": "55126.00000", "2019-10-31": "49942.00000", "2019-07-31": "33336.00000", "2019-04-30": "33154.00000", "2019-01-31": "30737.00000", "2018-10-31": "26588.00000", "2018-07-31": "25823.00000", "2018-04-30": "22963.00000", "2018-01-31": "21984.00000", "2017-10-31": "17490.04000", "2017-07-31": "17418.80000", "2017-04-30": "17058.93000", "2017-01-31": "17584.92000", "2016-10-31": "14387.67000", "2016-07-31": "14381.31000", "2016-04-30": "12817.27000", "2016-01-31": "12762.92000", "2015-10-31": "10911.97000", "2015-07-31": "10793.98000", "2015-04-30": "10365.68000", "2015-01-31": "10665.13000", "2014-10-31": "9412.66300", "2014-07-31": "9009.82800", "2014-04-30": "8641.34400", "2014-01-31": "9152.93000", "2013-10-31": "8097.63400", "2013-07-31": "7969.89600", "2013-04-30": "6513.70900", "2013-01-31": "5528.95600", "2012-10-31": "4642.29000", "2012-07-31": "4453.57000", "2012-04-30": "4156.09200", "2012-01-31": "4164.15400", "2011-10-31": "3511.27800", "2011-07-31": "3421.32800", "2011-04-30": "3128.06800", "2011-01-31": "3091.16500", "2010-10-31": "2740.69400", "2010-07-31": "2698.47600", "2010-04-30": "2488.09700", "2010-01-31": "2460.20100", "2009-10-31": "1643.20100", "2009-07-31": "1556.52700", "2009-04-30": "1467.70000", "2009-01-31": "1479.82200", "2008-10-31": "1275.73100", "2008-07-31": "1203.54300", "2008-04-30": "1119.59300", "2008-01-31": "1089.59300", "2007-10-31": "865.10900", "2007-07-31": "775.77900", "2007-04-30": "697.96900", "2007-01-31": "664.83200", "2006-10-31": "555.68900", "2006-07-31": "501.35100", "2006-04-30": "457.45600", "2006-01-31": "434.74900", "2005-10-31": "359.44000", "2005-07-31": "323.67500", "2005-04-30": "294.63400", "2005-01-31": "280.49900"}}, "cash flow statement": {"Net Income/Loss": {"2020-01-31": "126.00000", "2019-01-31": "1110.00000", "2018-01-31": "360.00000", "2017-01-31": "323.00000", "2016-01-31": "-47.42600", "2015-01-31": "-262.68800", "2014-01-31": "-232.17500", "2013-01-31": "-270.44500", "2012-01-31": "-11.57200", "2011-01-31": "69.69700", "2010-01-31": "84.69200", "2009-01-31": "48.03500", "2008-01-31": "22.82800", "2007-01-31": "0.48100", "2006-01-31": "28.47400", "2005-01-31": "7.34600"}, "Total Depreciation And Amortization - Cash Flow": {"2020-01-31": "3011.00000", "2019-01-31": "1719.00000", "2018-01-31": "1376.00000", "2017-01-31": "1133.00000", "2016-01-31": "872.29100", "2015-01-31": "745.55800", "2014-01-31": "613.55800", "2013-01-31": "395.69900", "2012-01-31": "274.82800", "2011-01-31": "175.52600", "2010-01-31": "117.79600", "2009-01-31": "94.70300", "2008-01-31": "66.41400", "2007-01-31": "35.88500", "2006-01-31": "20.63300", "2005-01-31": "18.74500"}, "Other Non-Cash Items": {"2020-01-31": "1524.00000", "2019-01-31": "741.00000", "2018-01-31": "978.00000", "2017-01-31": "789.00000", "2016-01-31": "535.21900", "2015-01-31": "559.46600", "2014-01-31": "495.35000", "2013-01-31": "364.41700", "2012-01-31": "223.24000", "2011-01-31": "84.43800", "2010-01-31": "37.35300", "2009-01-31": "24.55200", "2008-01-31": "20.98700", "2007-01-31": "24.85100", "2006-01-31": "0.63400", "2005-01-31": "5.22500"}, "Total Non-Cash Items": {"2020-01-31": "4535.00000", "2019-01-31": "2460.00000", "2018-01-31": "2354.00000", "2017-01-31": "1922.00000", "2016-01-31": "1407.51000", "2015-01-31": "1305.02400", "2014-01-31": "1108.90800", "2013-01-31": "760.11600", "2012-01-31": "498.06800", "2011-01-31": "259.96400", "2010-01-31": "155.14900", "2009-01-31": "119.25500", "2008-01-31": "87.40100", "2007-01-31": "60.73600", "2006-01-31": "21.26700", "2005-01-31": "23.97000"}, "Change In Accounts Receivable": {"2020-01-31": "-1000.00000", "2019-01-31": "-923.00000", "2018-01-31": "-719.00000", "2017-01-31": "-633.00000", "2016-01-31": "-582.42500", "2015-01-31": "-544.61000", "2014-01-31": "-424.70200", "2013-01-31": "-183.24200", "2012-01-31": "-244.94700", "2011-01-31": "-102.50700", "2010-01-31": "-54.52200", "2009-01-31": "-44.79800", "2008-01-31": "-91.36800", "2007-01-31": "-52.52300", "2006-01-31": "-27.25400", "2005-01-31": "-22.33800"}, "Change In Inventories": {"2020-01-31": "", "2019-01-31": "", "2018-01-31": "", "2017-01-31": "", "2016-01-31": "", "2015-01-31": "", "2014-01-31": "", "2013-01-31": "", "2012-01-31": "", "2011-01-31": "", "2010-01-31": "", "2009-01-31": "", "2008-01-31": "", "2007-01-31": "", "2006-01-31": "", "2005-01-31": ""}, "Change In Accounts Payable": {"2020-01-31": "15.00000", "2019-01-31": "74.00000", "2018-01-31": "-39.00000", "2017-01-31": "35.00000", "2016-01-31": "253.98600", "2015-01-31": "159.97300", "2014-01-31": "-29.04300", "2013-01-31": "193.35800", "2012-01-31": "80.33600", "2011-01-31": "133.25000", "2010-01-31": "-1.58800", "2009-01-31": "8.51200", "2008-01-31": "-1.39200", "2007-01-31": "-1.76400", "2006-01-31": "7.68700", "2005-01-31": "0.49000"}, "Change In Assets/Liabilities": {"2020-01-31": "-312.00000", "2019-01-31": "464.00000", "2018-01-31": "390.00000", "2017-01-31": "446.00000", "2016-01-31": "640.43600", "2015-01-31": "523.74500", "2014-01-31": "452.48100", "2013-01-31": "237.11000", "2012-01-31": "269.62200", "2011-01-31": "98.67700", "2010-01-31": "22.68200", "2009-01-31": "43.11300", "2008-01-31": "115.02700", "2007-01-31": "66.77800", "2006-01-31": "46.76400", "2005-01-31": "31.92100"}, "Total Change In Assets/Liabilities": {"2020-01-31": "-330.00000", "2019-01-31": "-172.00000", "2018-01-31": "24.00000", "2017-01-31": "-83.00000", "2016-01-31": "311.99700", "2015-01-31": "139.10800", "2014-01-31": "-1.26400", "2013-01-31": "247.22600", "2012-01-31": "105.01100", "2011-01-31": "129.42000", "2010-01-31": "31.07000", "2009-01-31": "62.26700", "2008-01-31": "94.04600", "2007-01-31": "50.00700", "2006-01-31": "46.15200", "2005-01-31": "24.55600"}, "Cash Flow From Operating Activities": {"2020-01-31": "4331.00000", "2019-01-31": "3398.00000", "2018-01-31": "2738.00000", "2017-01-31": "2162.00000", "2016-01-31": "1672.08100", "2015-01-31": "1181.44400", "2014-01-31": "875.46900", "2013-01-31": "736.89700", "2012-01-31": "591.50700", "2011-01-31": "459.08100", "2010-01-31": "270.91100", "2009-01-31": "229.55700", "2008-01-31": "204.27500", "2007-01-31": "111.22400", "2006-01-31": "95.89300", "2005-01-31": "55.87200"}, "Net Change In Property, Plant, And Equipment": {"2020-01-31": "-643.00000", "2019-01-31": "-595.00000", "2018-01-31": "-534.00000", "2017-01-31": "-464.00000", "2016-01-31": "-284.47600", "2015-01-31": "-290.45400", "2014-01-31": "-299.11000", "2013-01-31": "-175.60100", "2012-01-31": "-151.64500", "2011-01-31": "-90.88700", "2010-01-31": "-49.50100", "2009-01-31": "-61.05900", "2008-01-31": "-43.55200", "2007-01-31": "-22.12300", "2006-01-31": "-23.43400", "2005-01-31": "-4.30800"}, "Net Change In Intangible Assets": {"2020-01-31": "", "2019-01-31": "", "2018-01-31": "", "2017-01-31": "", "2016-01-31": "", "2015-01-31": "", "2014-01-31": "", "2013-01-31": "", "2012-01-31": "", "2011-01-31": "", "2010-01-31": "", "2009-01-31": "", "2008-01-31": "", "2007-01-31": "", "2006-01-31": "", "2005-01-31": ""}, "Net Acquisitions/Divestitures": {"2020-01-31": "-369.00000", "2019-01-31": "-5115.00000", "2018-01-31": "-25.00000", "2017-01-31": "-3193.00000", "2016-01-31": "-58.68000", "2015-01-31": "38.07100", "2014-01-31": "-2617.30200", "2013-01-31": "-579.74500", "2012-01-31": "-422.69900", "2011-01-31": "-403.33100", "2010-01-31": "-11.99900", "2009-01-31": "-27.90700", "2008-01-31": "", "2007-01-31": "-15.50200", "2006-01-31": "", "2005-01-31": ""}, "Net Change In Short-term Investments": {"2020-01-31": "", "2019-01-31": "", "2018-01-31": "", "2017-01-31": "", "2016-01-31": "", "2015-01-31": "", "2014-01-31": "", "2013-01-31": "", "2012-01-31": "", "2011-01-31": "", "2010-01-31": "", "2009-01-31": "", "2008-01-31": "", "2007-01-31": "", "2006-01-31": "", "2005-01-31": ""}, "Net Change In Long-Term Investments": {"2020-01-31": "-1968.00000", "2019-01-31": "402.00000", "2018-01-31": "-1452.00000", "2017-01-31": "973.00000", "2016-01-31": "-967.71090", "2015-01-31": "-542.78200", "2014-01-31": "484.85710", "2013-01-31": "-179.46590", "2012-01-31": "104.30900", "2011-01-31": "-290.39200", "2010-01-31": "-317.11600", "2009-01-31": "-10.40900", "2008-01-31": "-59.15700", "2007-01-31": "-130.97100", "2006-01-31": "-27.56200", "2005-01-31": "-145.61200"}, "Net Change In Investments - Total": {"2020-01-31": "-1968.00000", "2019-01-31": "402.00000", "2018-01-31": "-1452.00000", "2017-01-31": "973.00000", "2016-01-31": "-967.71090", "2015-01-31": "-542.78200", "2014-01-31": "484.85710", "2013-01-31": "-179.46590", "2012-01-31": "104.30900", "2011-01-31": "-290.39200", "2010-01-31": "-317.11600", "2009-01-31": "-10.40900", "2008-01-31": "-59.15700", "2007-01-31": "-130.97100", "2006-01-31": "-27.56200", "2005-01-31": "-145.61200"}, "Investing Activities - Other": {"2020-01-31": "", "2019-01-31": "", "2018-01-31": "", "2017-01-31": "", "2016-01-31": "-177.01100", "2015-01-31": "96.80500", "2014-01-31": "", "2013-01-31": "-4.10600", "2012-01-31": "-19.65500", "2011-01-31": "-277.94400", "2010-01-31": "", "2009-01-31": "", "2008-01-31": "", "2007-01-31": "", "2006-01-31": "3.19100", "2005-01-31": "0.72100"}, "Cash Flow From Investing Activities": {"2020-01-31": "-2980.00000", "2019-01-31": "-5308.00000", "2018-01-31": "-2011.00000", "2017-01-31": "-2684.00000", "2016-01-31": "-1487.87800", "2015-01-31": "-698.36000", "2014-01-31": "-2431.55500", "2013-01-31": "-938.91800", "2012-01-31": "-489.69000", "2011-01-31": "-1062.55400", "2010-01-31": "-378.61600", "2009-01-31": "-99.37500", "2008-01-31": "-102.70900", "2007-01-31": "-168.59600", "2006-01-31": "-47.80500", "2005-01-31": "-149.19900"}, "Net Long-Term Debt": {"2020-01-31": "-676.00000", "2019-01-31": "1306.00000", "2018-01-31": "-429.00000", "2017-01-31": "597.00000", "2016-01-31": "-382.33000", "2015-01-31": "-627.20000", "2014-01-31": "1369.15900", "2013-01-31": "-31.75400", "2012-01-31": "-30.53300", "2011-01-31": "-10.35500", "2010-01-31": "558.97500", "2009-01-31": "-0.99700", "2008-01-31": "-0.17500", "2007-01-31": "-0.61700", "2006-01-31": "-0.61400", "2005-01-31": "-0.49300"}, "Net Current Debt": {"2020-01-31": "", "2019-01-31": "", "2018-01-31": "", "2017-01-31": "", "2016-01-31": "", "2015-01-31": "", "2014-01-31": "", "2013-01-31": "", "2012-01-31": "", "2011-01-31": "", "2010-01-31": "", "2009-01-31": "", "2008-01-31": "", "2007-01-31": "", "2006-01-31": "", "2005-01-31": ""}, "Debt Issuance/Retirement Net - Total": {"2020-01-31": "-676.00000", "2019-01-31": "1306.00000", "2018-01-31": "-429.00000", "2017-01-31": "597.00000", "2016-01-31": "-382.33000", "2015-01-31": "-627.20000", "2014-01-31": "1369.15900", "2013-01-31": "-31.75400", "2012-01-31": "-30.53300", "2011-01-31": "-10.35500", "2010-01-31": "558.97500", "2009-01-31": "-0.99700", "2008-01-31": "-0.17500", "2007-01-31": "-0.61700", "2006-01-31": "-0.61400", "2005-01-31": "-0.49300"}, "Net Common Equity Issued/Repurchased": {"2020-01-31": "840.00000", "2019-01-31": "704.00000", "2018-01-31": "650.00000", "2017-01-31": "401.00000", "2016-01-31": "455.48200", "2015-01-31": "308.98900", "2014-01-31": "220.93100", "2013-01-31": "351.36600", "2012-01-31": "116.56500", "2011-01-31": "-11.56200", "2010-01-31": "26.63900", "2009-01-31": "21.68900", "2008-01-31": "60.91000", "2007-01-31": "29.07000", "2006-01-31": "15.70700", "2005-01-31": "118.30000"}, "Net Total Equity Issued/Repurchased": {"2020-01-31": "840.00000", "2019-01-31": "704.00000", "2018-01-31": "650.00000", "2017-01-31": "401.00000", "2016-01-31": "455.48200", "2015-01-31": "308.98900", "2014-01-31": "220.93100", "2013-01-31": "351.36600", "2012-01-31": "116.56500", "2011-01-31": "-11.56200", "2010-01-31": "26.63900", "2009-01-31": "21.68900", "2008-01-31": "60.91000", "2007-01-31": "29.07000", "2006-01-31": "15.70700", "2005-01-31": "118.30000"}, "Total Common And Preferred Stock Dividends Paid": {"2020-01-31": "", "2019-01-31": "", "2018-01-31": "", "2017-01-31": "", "2016-01-31": "", "2015-01-31": "", "2014-01-31": "", "2013-01-31": "", "2012-01-31": "", "2011-01-31": "", "2010-01-31": "", "2009-01-31": "", "2008-01-31": "", "2007-01-31": "", "2006-01-31": "", "2005-01-31": ""}, "Financial Activities - Other": {"2020-01-31": "", "2019-01-31": "", "2018-01-31": "", "2017-01-31": "", "2016-01-31": "", "2015-01-31": "", "2014-01-31": "8.14400", "2013-01-31": "14.93300", "2012-01-31": "-10.18200", "2011-01-31": "35.99100", "2010-01-31": "51.53900", "2009-01-31": "54.59700", "2008-01-31": "31.97800", "2007-01-31": "16.57400", "2006-01-31": "0.72700", "2005-01-31": "1.04300"}, "Cash Flow From Financial Activities": {"2020-01-31": "164.00000", "2019-01-31": "2010.00000", "2018-01-31": "221.00000", "2017-01-31": "998.00000", "2016-01-31": "73.15200", "2015-01-31": "-318.21100", "2014-01-31": "1598.23400", "2013-01-31": "334.54500", "2012-01-31": "75.85000", "2011-01-31": "14.07400", "2010-01-31": "637.15300", "2009-01-31": "75.28900", "2008-01-31": "92.71300", "2007-01-31": "45.02700", "2006-01-31": "15.82000", "2005-01-31": "118.85000"}, "Net Cash Flow": {"2020-01-31": "1476.00000", "2019-01-31": "126.00000", "2018-01-31": "936.00000", "2017-01-31": "449.00000", "2016-01-31": "250.24600", "2015-01-31": "126.48200", "2014-01-31": "34.39000", "2013-01-31": "139.96100", "2012-01-31": "182.99200", "2011-01-31": "-587.01400", "2010-01-31": "527.47200", "2009-01-31": "204.73900", "2008-01-31": "192.48700", "2007-01-31": "-13.23400", "2006-01-31": "64.11100", "2005-01-31": "25.26800"}, "Stock-Based Compensation": {"2020-01-31": "1785.00000", "2019-01-31": "1283.00000", "2018-01-31": "997.00000", "2017-01-31": "820.00000", "2016-01-31": "593.62800", "2015-01-31": "564.76500", "2014-01-31": "503.28000", "2013-01-31": "379.35000", "2012-01-31": "229.25800", "2011-01-31": "120.42900", "2010-01-31": "88.89200", "2009-01-31": "77.36600", "2008-01-31": "55.20700", "2007-01-31": "39.20500", "2006-01-31": "3.44800", "2005-01-31": "3.61400"}, "Common Stock Dividends Paid": {"2020-01-31": "", "2019-01-31": "", "2018-01-31": "", "2017-01-31": "", "2016-01-31": "", "2015-01-31": "", "2014-01-31": "", "2013-01-31": "", "2012-01-31": "", "2011-01-31": "", "2010-01-31": "", "2009-01-31": "", "2008-01-31": "", "2007-01-31": "", "2006-01-31": "", "2005-01-31": ""}}, "cash flow statement, quarterly": {"Net Income/Loss": {"2020-10-31": 1081, "2020-07-31": 2625, "2020-04-30": "99.00000", "2020-01-31": -248, "2019-10-31": -109, "2019-07-31": 91, "2019-04-30": "392.00000", "2019-01-31": 362, "2018-10-31": 105, "2018-07-31": 299, "2018-04-30": "344.00000", "2018-01-31": 206, "2017-10-31": 107, "2017-07-31": 46, "2017-04-30": "1.00000", "2017-01-31": 91.928, "2016-10-31": -37.309, "2016-07-31": 229.622, "2016-04-30": "38.75900", "2016-01-31": -25.509, "2015-10-31": -25.157, "2015-07-31": -0.852, "2015-04-30": "4.09200", "2015-01-31": -65.765, "2014-10-31": -38.924, "2014-07-31": -61.088, "2014-04-30": "-96.91100", "2014-01-31": -116.623, "2013-10-31": -124.434, "2013-07-31": 76.603, "2013-04-30": "-67.72100", "2013-01-31": -20.844, "2012-10-31": -220.297, "2012-07-31": -9.829, "2012-04-30": "-19.47500", "2012-01-31": -4.078, "2011-10-31": -3.756, "2011-07-31": -4.268, "2011-04-30": "0.53000", "2011-01-31": 10.87, "2010-10-31": 22.368, "2010-07-31": 16.583, "2010-04-30": "19.87600", "2010-01-31": 22.415, "2009-10-31": 21.443, "2009-07-31": 21.841, "2009-04-30": "18.99300", "2009-01-31": 13.875, "2008-10-31": 11.683, "2008-07-31": 11.408, "2008-04-30": "11.06900", "2008-01-31": 11.851, "2007-10-31": 6.512, "2007-07-31": 3.735, "2007-04-30": "0.73000", "2007-01-31": 0.516, "2006-10-31": 0.339, "2006-07-31": -0.145, "2006-04-30": "-0.22900", "2006-01-31": 5.957, "2005-10-31": 13.097, "2005-07-31": 5.04, "2005-04-30": "4.38000", "2005-01-31": 7.346}, "Total Depreciation And Amortization - Cash Flow": {"2020-10-31": 941, "2020-07-31": 899, "2020-04-30": "905.00000", "2020-01-31": 862, "2019-10-31": 829, "2019-07-31": 674, "2019-04-30": "646.00000", "2019-01-31": 451, "2018-10-31": 447, "2018-07-31": 436, "2018-04-30": "385.00000", "2018-01-31": 337, "2017-10-31": 358, "2017-07-31": 347, "2017-04-30": "334.00000", "2017-01-31": 389.66, "2016-10-31": 269.857, "2016-07-31": 245.012, "2016-04-30": "228.47100", "2016-01-31": 225.395, "2015-10-31": 220.308, "2015-07-31": 215.645, "2015-04-30": "210.94300", "2015-01-31": 197.514, "2014-10-31": 186.745, "2014-07-31": 178.845, "2014-04-30": "182.45400", "2014-01-31": 182.877, "2013-10-31": 175.698, "2013-07-31": 137.349, "2013-04-30": "117.63400", "2013-01-31": 107.689, "2012-10-31": 105.501, "2012-07-31": 92.153, "2012-04-30": "90.35600", "2012-01-31": 80.52, "2011-10-31": 70.553, "2011-07-31": 67.232, "2011-04-30": "56.52300", "2011-01-31": 48.325, "2010-10-31": 46.324, "2010-07-31": 41.432, "2010-04-30": "39.44500", "2010-01-31": 33.947, "2009-10-31": 29.299, "2009-07-31": 27.459, "2009-04-30": "27.09100", "2009-01-31": 26.351, "2008-10-31": 22.694, "2008-07-31": 22.777, "2008-04-30": "22.88100", "2008-01-31": 19.036, "2007-10-31": 17.802, "2007-07-31": 15.689, "2007-04-30": "13.88700", "2007-01-31": 10.513, "2006-10-31": 9.166, "2006-07-31": 8.754, "2006-04-30": "7.45200", "2006-01-31": 6.197, "2005-10-31": 5.119, "2005-07-31": 4.794, "2005-04-30": "4.52300", "2005-01-31": 18.745}, "Other Non-Cash Items": {"2020-10-31": -470, "2020-07-31": -2107, "2020-04-30": "312.00000", "2020-01-31": 480, "2019-10-31": 537, "2019-07-31": 445, "2019-04-30": "62.00000", "2019-01-31": 204, "2018-10-31": 288, "2018-07-31": 208, "2018-04-30": "41.00000", "2018-01-31": 215, "2017-10-31": 250, "2017-07-31": 264, "2017-04-30": "249.00000", "2017-01-31": 453.682, "2016-10-31": -23.047, "2016-07-31": 182.31, "2016-04-30": "176.05500", "2016-01-31": 158.972, "2015-10-31": 122.525, "2015-07-31": 147.779, "2015-04-30": "105.94300", "2015-01-31": 155.345, "2014-10-31": 123.954, "2014-07-31": 149.587, "2014-04-30": "130.58000", "2014-01-31": 130.775, "2013-10-31": 139.958, "2013-07-31": 111.754, "2013-04-30": "112.86300", "2013-01-31": 121.527, "2012-10-31": 101.952, "2012-07-31": 70.715, "2012-04-30": "70.22300", "2012-01-31": 75.094, "2011-10-31": 50.114, "2011-07-31": 52.508, "2011-04-30": "45.52400", "2011-01-31": 52.491, "2010-10-31": 11.054, "2010-07-31": 3.713, "2010-04-30": "17.18000", "2010-01-31": 6.942, "2009-10-31": 13.006, "2009-07-31": 5.19, "2009-04-30": "12.21500", "2009-01-31": 8.522, "2008-10-31": 3.622, "2008-07-31": 7.041, "2008-04-30": "5.36700", "2008-01-31": 4.445, "2007-10-31": 4.733, "2007-07-31": 5.365, "2007-04-30": "6.44400", "2007-01-31": 6.113, "2006-10-31": 5.923, "2006-07-31": 7.325, "2006-04-30": "5.49000", "2006-01-31": -5.179, "2005-10-31": 1.96, "2005-07-31": 3.058, "2005-04-30": "0.79500", "2005-01-31": 5.225}, "Total Non-Cash Items": {"2020-10-31": 471, "2020-07-31": -1208, "2020-04-30": "1217.00000", "2020-01-31": 1342, "2019-10-31": 1366, "2019-07-31": 1119, "2019-04-30": "708.00000", "2019-01-31": 655, "2018-10-31": 735, "2018-07-31": 644, "2018-04-30": "426.00000", "2018-01-31": 552, "2017-10-31": 608, "2017-07-31": 611, "2017-04-30": "583.00000", "2017-01-31": 843.342, "2016-10-31": 246.81, "2016-07-31": 427.322, "2016-04-30": "404.52600", "2016-01-31": 384.367, "2015-10-31": 342.833, "2015-07-31": 363.424, "2015-04-30": "316.88600", "2015-01-31": 352.859, "2014-10-31": 310.699, "2014-07-31": 328.432, "2014-04-30": "313.03400", "2014-01-31": 313.652, "2013-10-31": 315.656, "2013-07-31": 249.103, "2013-04-30": "230.49700", "2013-01-31": 229.216, "2012-10-31": 207.453, "2012-07-31": 162.868, "2012-04-30": "160.57900", "2012-01-31": 155.614, "2011-10-31": 120.667, "2011-07-31": 119.74, "2011-04-30": "102.04700", "2011-01-31": 100.816, "2010-10-31": 57.378, "2010-07-31": 45.145, "2010-04-30": "56.62500", "2010-01-31": 40.889, "2009-10-31": 42.305, "2009-07-31": 32.649, "2009-04-30": "39.30600", "2009-01-31": 34.873, "2008-10-31": 26.316, "2008-07-31": 29.818, "2008-04-30": "28.24800", "2008-01-31": 23.481, "2007-10-31": 22.535, "2007-07-31": 21.054, "2007-04-30": "20.33100", "2007-01-31": 16.626, "2006-10-31": 15.089, "2006-07-31": 16.079, "2006-04-30": "12.94200", "2006-01-31": 1.018, "2005-10-31": 7.079, "2005-07-31": 7.852, "2005-04-30": "5.31800", "2005-01-31": 23.97}, "Change In Accounts Receivable": {"2020-10-31": 128, "2020-07-31": -349, "2020-04-30": "3094.00000", "2020-01-31": -3599, "2019-10-31": -29, "2019-07-31": -146, "2019-04-30": "2774.00000", "2019-01-31": -2888, "2018-10-31": -48, "2018-07-31": -149, "2018-04-30": "2162.00000", "2018-01-31": -2399, "2017-10-31": 51, "2017-07-31": -130, "2017-04-30": "1759.00000", "2017-01-31": -1909.798, "2016-10-31": 42.653, "2016-07-31": -73.167, "2016-04-30": "1307.31200", "2016-01-31": -1435.439, "2015-10-31": 15.262, "2015-07-31": -141.418, "2015-04-30": "979.17000", "2015-01-31": -1110.916, "2014-10-31": 39.792, "2014-07-31": -150.168, "2014-04-30": "676.68200", "2014-01-31": -756.792, "2013-10-31": -4.502, "2013-07-31": -33.297, "2013-04-30": "369.88900", "2013-01-31": -454.044, "2012-10-31": 33.664, "2012-07-31": -75.522, "2012-04-30": "312.66000", "2012-01-31": -365.099, "2011-10-31": 30.101, "2011-07-31": -66.076, "2011-04-30": "156.12700", "2011-01-31": -169.833, "2010-10-31": -30.212, "2010-07-31": -41.413, "2010-04-30": "138.95100", "2010-01-31": -129.877, "2009-10-31": -22.515, "2009-07-31": -22.816, "2009-04-30": "120.68600", "2009-01-31": -108.875, "2008-10-31": -9.002, "2008-07-31": 73.079, "2008-04-30": "", "2008-01-31": -91.368, "2007-10-31": 0, "2007-07-31": 0, "2007-04-30": "", "2007-01-31": -52.523, "2006-10-31": 0, "2006-07-31": 0, "2006-04-30": "", "2006-01-31": -27.254, "2005-10-31": 0, "2005-07-31": 0, "2005-04-30": "", "2005-01-31": -22.338}, "Change In Inventories": {"2020-10-31": 0, "2020-07-31": 0, "2020-04-30": "", "2020-01-31": 0, "2019-10-31": 0, "2019-07-31": 0, "2019-04-30": "", "2019-01-31": 0, "2018-10-31": 0, "2018-07-31": 0, "2018-04-30": "", "2018-01-31": 0, "2017-10-31": 0, "2017-07-31": 0, "2017-04-30": "", "2017-01-31": 0, "2016-10-31": 0, "2016-07-31": 0, "2016-04-30": "", "2016-01-31": 0, "2015-10-31": 0, "2015-07-31": 0, "2015-04-30": "", "2015-01-31": 0, "2014-10-31": 0, "2014-07-31": 0, "2014-04-30": "", "2014-01-31": 0, "2013-10-31": 0, "2013-07-31": 0, "2013-04-30": "", "2013-01-31": 0, "2012-10-31": 0, "2012-07-31": 0, "2012-04-30": "", "2012-01-31": 0, "2011-10-31": 0, "2011-07-31": 0, "2011-04-30": "", "2011-01-31": 0, "2010-10-31": 0, "2010-07-31": 0, "2010-04-30": "", "2010-01-31": 0, "2009-10-31": 0, "2009-07-31": 0, "2009-04-30": "", "2009-01-31": 0, "2008-10-31": 0, "2008-07-31": 0, "2008-04-30": "", "2008-01-31": 0, "2007-10-31": 0, "2007-07-31": 0, "2007-04-30": "", "2007-01-31": 0, "2006-10-31": 0, "2006-07-31": 0, "2006-04-30": "", "2006-01-31": 0, "2005-10-31": 0, "2005-07-31": 0, "2005-04-30": "", "2005-01-31": 0}, "Change In Accounts Payable": {"2020-10-31": 4, "2020-07-31": -147, "2020-04-30": "147.00000", "2020-01-31": 2, "2019-10-31": 13, "2019-07-31": -15, "2019-04-30": "15.00000", "2019-01-31": -5, "2018-10-31": -42, "2018-07-31": 71, "2018-04-30": "50.00000", "2018-01-31": -12, "2017-10-31": 67, "2017-07-31": 203, "2017-04-30": "-297.00000", "2017-01-31": 310.058, "2016-10-31": 57.836, "2016-07-31": -46.666, "2016-04-30": "-286.22800", "2016-01-31": 253.986, "2015-10-31": 45.301, "2015-07-31": 193.771, "2015-04-30": "-239.07200", "2015-01-31": 159.973, "2014-10-31": 42.961, "2014-07-31": 142.638, "2014-04-30": "-185.59900", "2014-01-31": -29.043, "2013-10-31": 0, "2013-07-31": 95.808, "2013-04-30": "-95.80800", "2013-01-31": 193.358, "2012-10-31": 0, "2012-07-31": 0, "2012-04-30": "", "2012-01-31": 71.408, "2011-10-31": 5.944, "2011-07-31": 4.121, "2011-04-30": "-1.13700", "2011-01-31": 126.75, "2010-10-31": 2.575, "2010-07-31": 5.583, "2010-04-30": "-1.65800", "2010-01-31": -0.826, "2009-10-31": 2.228, "2009-07-31": -2.368, "2009-04-30": "-0.62200", "2009-01-31": -4.439, "2008-10-31": 6.621, "2008-07-31": 6.33, "2008-04-30": "", "2008-01-31": -1.392, "2007-10-31": 0, "2007-07-31": 0, "2007-04-30": "", "2007-01-31": -1.764, "2006-10-31": 0, "2006-07-31": 0, "2006-04-30": "", "2006-01-31": 7.687, "2005-10-31": 0, "2005-07-31": 0, "2005-04-30": "", "2005-01-31": 0.49}, "Change In Assets/Liabilities": {"2020-10-31": -1409, "2020-07-31": -1332, "2020-04-30": "-1794.00000", "2020-01-31": 3168, "2019-10-31": -1195, "2019-07-31": -921, "2019-04-30": "-1364.00000", "2019-01-31": 2604, "2018-10-31": -615, "2018-07-31": -515, "2018-04-30": "-1010.00000", "2018-01-31": 2313, "2017-10-31": -708, "2017-07-31": -399, "2017-04-30": "-816.00000", "2017-01-31": 1301.418, "2016-10-31": -155.678, "2016-07-31": -286.433, "2016-04-30": "-413.30700", "2016-01-31": 1305.079, "2015-10-31": -228.001, "2015-07-31": -110.647, "2015-04-30": "-325.99500", "2015-01-31": 958.908, "2014-10-31": -187.123, "2014-07-31": -13.921, "2014-04-30": "-234.11900", "2014-01-31": 733.89, "2013-10-31": -89.265, "2013-07-31": -38.476, "2013-04-30": "-153.66800", "2013-01-31": 304.494, "2012-10-31": 98.299, "2012-07-31": -69.391, "2012-04-30": "-96.29200", "2012-01-31": 377.566, "2011-10-31": -37.328, "2011-07-31": -18.208, "2011-04-30": "-52.40800", "2011-01-31": 192.479, "2010-10-31": -35.995, "2010-07-31": -7.18, "2010-04-30": "-50.62700", "2010-01-31": 129.626, "2009-10-31": -34.986, "2009-07-31": -10.508, "2009-04-30": "-61.45000", "2009-01-31": 108.152, "2008-10-31": -33.23, "2008-07-31": -76.324, "2008-04-30": "44.51500", "2008-01-31": 66.442, "2007-10-31": 22.951, "2007-07-31": 9.865, "2007-04-30": "15.76900", "2007-01-31": 37.788, "2006-10-31": 15.199, "2006-07-31": 14.088, "2006-04-30": "-0.29700", "2006-01-31": 32.977, "2005-10-31": 4.395, "2005-07-31": 1.18, "2005-04-30": "8.21200", "2005-01-31": 31.921}, "Total Change In Assets/Liabilities": {"2020-10-31": -1213, "2020-07-31": -988, "2020-04-30": "543.00000", "2020-01-31": 538, "2019-10-31": -959, "2019-07-31": -774, "2019-04-30": "865.00000", "2019-01-31": 314, "2018-10-31": -697, "2018-07-31": -485, "2018-04-30": "696.00000", "2018-01-31": 294, "2017-10-31": -590, "2017-07-31": -326, "2017-04-30": "646.00000", "2017-01-31": -229.322, "2016-10-31": -55.189, "2016-07-31": -406.266, "2016-04-30": "607.77700", "2016-01-31": 111.35, "2015-10-31": -155.162, "2015-07-31": -58.294, "2015-04-30": "414.10300", "2015-01-31": 52.8589, "2014-10-31": -149.2639, "2014-07-31": -21.451, "2014-04-30": "256.96400", "2014-01-31": 74.209, "2013-10-31": -53.363, "2013-07-31": -142.523, "2013-04-30": "120.41300", "2013-01-31": 73.201, "2012-10-31": 118.759, "2012-07-31": -16.842, "2012-04-30": "72.10800", "2012-01-31": 88.811, "2011-10-31": 11.798, "2011-07-31": -32.539, "2011-04-30": "36.94100", "2011-01-31": 54.076, "2010-10-31": -5.706, "2010-07-31": 14.368, "2010-04-30": "66.68200", "2010-01-31": 28.256, "2009-10-31": -28.228, "2009-07-31": -8.635, "2009-04-30": "39.67700", "2009-01-31": 26.781, "2008-10-31": -20.878, "2008-07-31": 11.849, "2008-04-30": "44.51500", "2008-01-31": 45.461, "2007-10-31": 22.951, "2007-07-31": 9.865, "2007-04-30": "15.76900", "2007-01-31": 21.017, "2006-10-31": 15.199, "2006-07-31": 14.088, "2006-04-30": "-0.29700", "2006-01-31": 32.365, "2005-10-31": 4.395, "2005-07-31": 1.18, "2005-04-30": "8.21200", "2005-01-31": 24.556}, "Cash Flow From Operating Activities": {"2020-10-31": 339, "2020-07-31": 429, "2020-04-30": "1859.00000", "2020-01-31": 1632, "2019-10-31": 298, "2019-07-31": 436, "2019-04-30": "1965.00000", "2019-01-31": 1331, "2018-10-31": 143, "2018-07-31": 458, "2018-04-30": "1466.00000", "2018-01-31": 1052, "2017-10-31": 125, "2017-07-31": 331, "2017-04-30": "1230.00000", "2017-01-31": 705.948, "2016-10-31": 154.312, "2016-07-31": 250.678, "2016-04-30": "1051.06200", "2016-01-31": 470.208, "2015-10-31": 162.514, "2015-07-31": 304.278, "2015-04-30": "735.08100", "2015-01-31": 339.953, "2014-10-31": 122.511, "2014-07-31": 245.893, "2014-04-30": "473.08700", "2014-01-31": 271.238, "2013-10-31": 137.859, "2013-07-31": 183.183, "2013-04-30": "283.18900", "2013-01-31": 281.573, "2012-10-31": 105.915, "2012-07-31": 136.197, "2012-04-30": "213.21200", "2012-01-31": 240.347, "2011-10-31": 128.709, "2011-07-31": 82.933, "2011-04-30": "139.51800", "2011-01-31": 165.762, "2010-10-31": 74.04, "2010-07-31": 76.096, "2010-04-30": "143.18300", "2010-01-31": 91.56, "2009-10-31": 35.52, "2009-07-31": 45.855, "2009-04-30": "97.97600", "2009-01-31": 75.529, "2008-10-31": 17.121, "2008-07-31": 53.075, "2008-04-30": "83.83200", "2008-01-31": 80.793, "2007-10-31": 51.998, "2007-07-31": 34.654, "2007-04-30": "36.83000", "2007-01-31": 38.159, "2006-10-31": 30.627, "2006-07-31": 30.022, "2006-04-30": "12.41600", "2006-01-31": 39.34, "2005-10-31": 24.571, "2005-07-31": 14.072, "2005-04-30": "17.91000", "2005-01-31": 55.872}, "Net Change In Property, Plant, And Equipment": {"2020-10-31": -124, "2020-07-31": -114, "2020-04-30": "-323.00000", "2020-01-31": -136, "2019-10-31": -170, "2019-07-31": -178, "2019-04-30": "-159.00000", "2019-01-31": -167, "2018-10-31": -136, "2018-07-31": -170, "2018-04-30": "-122.00000", "2018-01-31": -138, "2017-10-31": -111, "2017-07-31": -128, "2017-04-30": "-157.00000", "2017-01-31": -144.016, "2016-10-31": -140.653, "2016-07-31": -96.03, "2016-04-30": "-83.30100", "2016-01-31": -68.465, "2015-10-31": -80.041, "2015-07-31": -64.883, "2015-04-30": "-71.08700", "2015-01-31": -85.354, "2014-10-31": -73.426, "2014-07-31": -71.576, "2014-04-30": "-60.09800", "2014-01-31": -69.849, "2013-10-31": -72.702, "2013-07-31": -102.549, "2013-04-30": "-54.01000", "2013-01-31": -50.522, "2012-10-31": -51.054, "2012-07-31": -29.304, "2012-04-30": "-44.72100", "2012-01-31": -44.602, "2011-10-31": -34.678, "2011-07-31": -45.051, "2011-04-30": "-27.31400", "2011-01-31": -30.576, "2010-10-31": -20.79, "2010-07-31": -27.831, "2010-04-30": "-11.69000", "2010-01-31": -7.056, "2009-10-31": -10.389, "2009-07-31": -18.628, "2009-04-30": "-13.42800", "2009-01-31": -12.232, "2008-10-31": -11.614, "2008-07-31": -13.036, "2008-04-30": "-24.17700", "2008-01-31": -8.369, "2007-10-31": -9.122, "2007-07-31": -10.104, "2007-04-30": "-15.95700", "2007-01-31": -7.625, "2006-10-31": -9.085, "2006-07-31": -2.818, "2006-04-30": "-2.59500", "2006-01-31": -5.614, "2005-10-31": -5.291, "2005-07-31": -3.372, "2005-04-30": "-9.15700", "2005-01-31": -4.308}, "Net Change In Intangible Assets": {"2020-10-31": 0, "2020-07-31": 0, "2020-04-30": "", "2020-01-31": 0, "2019-10-31": 0, "2019-07-31": 0, "2019-04-30": "", "2019-01-31": 0, "2018-10-31": 0, "2018-07-31": 0, "2018-04-30": "", "2018-01-31": 0, "2017-10-31": 0, "2017-07-31": 0, "2017-04-30": "", "2017-01-31": 0, "2016-10-31": 0, "2016-07-31": 0, "2016-04-30": "", "2016-01-31": 0, "2015-10-31": 0, "2015-07-31": 0, "2015-04-30": "", "2015-01-31": 0, "2014-10-31": 0, "2014-07-31": 0, "2014-04-30": "", "2014-01-31": 0, "2013-10-31": 0, "2013-07-31": 0, "2013-04-30": "", "2013-01-31": 0, "2012-10-31": 0, "2012-07-31": 0, "2012-04-30": "", "2012-01-31": 0, "2011-10-31": 0, "2011-07-31": 0, "2011-04-30": "", "2011-01-31": 0, "2010-10-31": 0, "2010-07-31": 0, "2010-04-30": "", "2010-01-31": 0, "2009-10-31": 0, "2009-07-31": 0, "2009-04-30": "", "2009-01-31": 0, "2008-10-31": 0, "2008-07-31": 0, "2008-04-30": "", "2008-01-31": 0, "2007-10-31": 0, "2007-07-31": 0, "2007-04-30": "", "2007-01-31": 0, "2006-10-31": 0, "2006-07-31": 0, "2006-04-30": "", "2006-01-31": 0, "2005-10-31": 0, "2005-07-31": 0, "2005-04-30": "", "2005-01-31": 0}, "Net Acquisitions/Divestitures": {"2020-10-31": -24, "2020-07-31": -1154, "2020-04-30": "-103.00000", "2020-01-31": -30, "2019-10-31": 94, "2019-07-31": -423, "2019-04-30": "-10.00000", "2019-01-31": 0, "2018-10-31": -130, "2018-07-31": -4803, "2018-04-30": "-182.00000", "2018-01-31": -5, "2017-10-31": 0, "2017-07-31": 0, "2017-04-30": "-20.00000", "2017-01-31": -360.89, "2016-10-31": -32.117, "2016-07-31": -2798.194, "2016-04-30": "-1.79900", "2016-01-31": 0, "2015-10-31": -27.759, "2015-07-31": -18.451, "2015-04-30": "-12.47000", "2015-01-31": 0, "2014-10-31": 38.071, "2014-07-31": 0, "2014-04-30": "", "2014-01-31": -2.57, "2013-10-31": 0, "2013-07-31": -2592.571, "2013-04-30": "-22.16100", "2013-01-31": -4.994, "2012-10-31": -515.76, "2012-07-31": -10.078, "2012-04-30": "-48.91300", "2012-01-31": -57.914, "2011-10-31": -66.115, "2011-07-31": -285.335, "2011-04-30": "-13.33500", "2011-01-31": -247.994, "2010-10-31": -3.834, "2010-07-31": -151.503, "2010-04-30": "", "2010-01-31": -7.499, "2009-10-31": -4.5, "2009-07-31": 0, "2009-04-30": "", "2009-01-31": -0.563, "2008-10-31": -27.344, "2008-07-31": 0, "2008-04-30": "", "2008-01-31": 0, "2007-10-31": 0, "2007-07-31": 0, "2007-04-30": "", "2007-01-31": 0, "2006-10-31": 0, "2006-07-31": 0, "2006-04-30": "-15.50200", "2006-01-31": 0, "2005-10-31": 0, "2005-07-31": 0, "2005-04-30": "", "2005-01-31": 0}, "Net Change In Short-term Investments": {"2020-10-31": 0, "2020-07-31": 0, "2020-04-30": "", "2020-01-31": 0, "2019-10-31": 0, "2019-07-31": 0, "2019-04-30": "", "2019-01-31": 0, "2018-10-31": 0, "2018-07-31": 0, "2018-04-30": "", "2018-01-31": 0, "2017-10-31": 0, "2017-07-31": 0, "2017-04-30": "", "2017-01-31": 0, "2016-10-31": 0, "2016-07-31": 0, "2016-04-30": "", "2016-01-31": 0, "2015-10-31": 0, "2015-07-31": 0, "2015-04-30": "", "2015-01-31": 0, "2014-10-31": 0, "2014-07-31": 0, "2014-04-30": "", "2014-01-31": 0, "2013-10-31": 0, "2013-07-31": 0, "2013-04-30": "", "2013-01-31": 0, "2012-10-31": 0, "2012-07-31": 0, "2012-04-30": "", "2012-01-31": 0, "2011-10-31": 0, "2011-07-31": 0, "2011-04-30": "", "2011-01-31": 0, "2010-10-31": 0, "2010-07-31": 0, "2010-04-30": "", "2010-01-31": 0, "2009-10-31": 0, "2009-07-31": 0, "2009-04-30": "", "2009-01-31": 0, "2008-10-31": 0, "2008-07-31": 0, "2008-04-30": "", "2008-01-31": 0, "2007-10-31": 0, "2007-07-31": 0, "2007-04-30": "", "2007-01-31": 0, "2006-10-31": 0, "2006-07-31": 0, "2006-04-30": "", "2006-01-31": 0, "2005-10-31": 0, "2005-07-31": 0, "2005-04-30": "", "2005-01-31": 0}, "Net Change In Long-Term Investments": {"2020-10-31": -887, "2020-07-31": -1325, "2020-04-30": "-11.00000", "2020-01-31": -1299, "2019-10-31": 139, "2019-07-31": -251, "2019-04-30": "-557.00000", "2019-01-31": -211, "2018-10-31": -279, "2018-07-31": 312, "2018-04-30": "580.00000", "2018-01-31": -441, "2017-10-31": -24, "2017-07-31": -396, "2017-04-30": "-591.00000", "2017-01-31": 7.4001, "2016-10-31": -21.0141, "2016-07-31": 1351.792, "2016-04-30": "-365.17800", "2016-01-31": -536.7669, "2015-10-31": -132.012, "2015-07-31": -153.875, "2015-04-30": "-145.05700", "2015-01-31": -48.394, "2014-10-31": -98.216, "2014-07-31": -215.9, "2014-04-30": "-180.27200", "2014-01-31": -121.0179, "2013-10-31": -90.8201, "2013-07-31": 839.8001, "2013-04-30": "-143.10500", "2013-01-31": -122.802, "2012-10-31": -91.0849, "2012-07-31": 411.668, "2012-04-30": "-377.24700", "2012-01-31": -48.255, "2011-10-31": 17.659, "2011-07-31": 13.88, "2011-04-30": "121.02500", "2011-01-31": 165.7411, "2010-10-31": 276.3399, "2010-07-31": -236.03, "2010-04-30": "-496.44300", "2010-01-31": 109.558, "2009-10-31": -44.943, "2009-07-31": -139.093, "2009-04-30": "-242.63800", "2009-01-31": 45.125, "2008-10-31": -46.956, "2008-07-31": -25.118, "2008-04-30": "16.54000", "2008-01-31": 22.271, "2007-10-31": -33.481, "2007-07-31": -13.735, "2007-04-30": "-34.21200", "2007-01-31": -27.819, "2006-10-31": -116.209, "2006-07-31": -14.151, "2006-04-30": "27.20800", "2006-01-31": -27.279, "2005-10-31": 37.75, "2005-07-31": -31.518, "2005-04-30": "-6.51500", "2005-01-31": -145.612}, "Net Change In Investments - Total": {"2020-10-31": -887, "2020-07-31": -1325, "2020-04-30": "-11.00000", "2020-01-31": -1299, "2019-10-31": 139, "2019-07-31": -251, "2019-04-30": "-557.00000", "2019-01-31": -211, "2018-10-31": -279, "2018-07-31": 312, "2018-04-30": "580.00000", "2018-01-31": -441, "2017-10-31": -24, "2017-07-31": -396, "2017-04-30": "-591.00000", "2017-01-31": 7.4001, "2016-10-31": -21.0141, "2016-07-31": 1351.792, "2016-04-30": "-365.17800", "2016-01-31": -536.7669, "2015-10-31": -132.012, "2015-07-31": -153.875, "2015-04-30": "-145.05700", "2015-01-31": -48.394, "2014-10-31": -98.216, "2014-07-31": -215.9, "2014-04-30": "-180.27200", "2014-01-31": -121.0179, "2013-10-31": -90.8201, "2013-07-31": 839.8001, "2013-04-30": "-143.10500", "2013-01-31": -122.802, "2012-10-31": -91.0849, "2012-07-31": 411.668, "2012-04-30": "-377.24700", "2012-01-31": -48.255, "2011-10-31": 17.659, "2011-07-31": 13.88, "2011-04-30": "121.02500", "2011-01-31": 165.7411, "2010-10-31": 276.3399, "2010-07-31": -236.03, "2010-04-30": "-496.44300", "2010-01-31": 109.558, "2009-10-31": -44.943, "2009-07-31": -139.093, "2009-04-30": "-242.63800", "2009-01-31": 45.125, "2008-10-31": -46.956, "2008-07-31": -25.118, "2008-04-30": "16.54000", "2008-01-31": 22.271, "2007-10-31": -33.481, "2007-07-31": -13.735, "2007-04-30": "-34.21200", "2007-01-31": -27.819, "2006-10-31": -116.209, "2006-07-31": -14.151, "2006-04-30": "27.20800", "2006-01-31": -27.279, "2005-10-31": 37.75, "2005-07-31": -31.518, "2005-04-30": "-6.51500", "2005-01-31": -145.612}, "Investing Activities - Other": {"2020-10-31": 0, "2020-07-31": 0, "2020-04-30": "", "2020-01-31": 0, "2019-10-31": 0, "2019-07-31": 0, "2019-04-30": "", "2019-01-31": 0, "2018-10-31": 0, "2018-07-31": 0, "2018-04-30": "", "2018-01-31": 0, "2017-10-31": 0, "2017-07-31": 0, "2017-04-30": "", "2017-01-31": 0, "2016-10-31": 0, "2016-07-31": 0, "2016-04-30": "", "2016-01-31": 0, "2015-10-31": 127.066, "2015-07-31": 3.432, "2015-04-30": "-307.50900", "2015-01-31": -11.5, "2014-10-31": 77.305, "2014-07-31": 1, "2014-04-30": "30.00000", "2014-01-31": 0, "2013-10-31": 0, "2013-07-31": 0, "2013-04-30": "", "2013-01-31": 0, "2012-10-31": 0, "2012-07-31": 0, "2012-04-30": "-4.10600", "2012-01-31": -6.565, "2011-10-31": -6.654, "2011-07-31": -5.422, "2011-04-30": "-1.01400", "2011-01-31": -269.944, "2010-10-31": -8, "2010-07-31": 0, "2010-04-30": "", "2010-01-31": 0, "2009-10-31": 0, "2009-07-31": 0, "2009-04-30": "", "2009-01-31": 0, "2008-10-31": 0, "2008-07-31": 0, "2008-04-30": "", "2008-01-31": 0, "2007-10-31": 0, "2007-07-31": 0, "2007-04-30": "", "2007-01-31": 0, "2006-10-31": 0, "2006-07-31": 0, "2006-04-30": "", "2006-01-31": 0, "2005-10-31": 3.307, "2005-07-31": -0.022, "2005-04-30": "-0.09400", "2005-01-31": 0.721}, "Cash Flow From Investing Activities": {"2020-10-31": -1035, "2020-07-31": -2593, "2020-04-30": "-437.00000", "2020-01-31": -1465, "2019-10-31": 63, "2019-07-31": -852, "2019-04-30": "-726.00000", "2019-01-31": -378, "2018-10-31": -545, "2018-07-31": -4661, "2018-04-30": "276.00000", "2018-01-31": -584, "2017-10-31": -135, "2017-07-31": -524, "2017-04-30": "-768.00000", "2017-01-31": -497.506, "2016-10-31": -193.784, "2016-07-31": -1542.432, "2016-04-30": "-450.27800", "2016-01-31": -605.232, "2015-10-31": -112.746, "2015-07-31": -233.777, "2015-04-30": "-536.12300", "2015-01-31": -145.248, "2014-10-31": -56.266, "2014-07-31": -286.476, "2014-04-30": "-210.37000", "2014-01-31": -193.437, "2013-10-31": -163.522, "2013-07-31": -1855.32, "2013-04-30": "-219.27600", "2013-01-31": -178.318, "2012-10-31": -657.899, "2012-07-31": 372.286, "2012-04-30": "-474.98700", "2012-01-31": -157.336, "2011-10-31": -89.788, "2011-07-31": -321.928, "2011-04-30": "79.36200", "2011-01-31": -382.773, "2010-10-31": 243.716, "2010-07-31": -415.364, "2010-04-30": "-508.13300", "2010-01-31": 95.003, "2009-10-31": -59.832, "2009-07-31": -157.721, "2009-04-30": "-256.06600", "2009-01-31": 32.33, "2008-10-31": -85.914, "2008-07-31": -38.154, "2008-04-30": "-7.63700", "2008-01-31": 13.902, "2007-10-31": -42.603, "2007-07-31": -23.839, "2007-04-30": "-50.16900", "2007-01-31": -35.444, "2006-10-31": -125.294, "2006-07-31": -16.969, "2006-04-30": "9.11100", "2006-01-31": -32.893, "2005-10-31": 35.766, "2005-07-31": -34.912, "2005-04-30": "-15.76600", "2005-01-31": -149.199}, "Net Long-Term Debt": {"2020-10-31": -13, "2020-07-31": -25, "2020-04-30": "-49.00000", "2020-01-31": -165, "2019-10-31": -164, "2019-07-31": -335, "2019-04-30": "-12.00000", "2019-01-31": -522, "2018-10-31": -3, "2018-07-31": 407, "2018-04-30": "1424.00000", "2018-01-31": -146, "2017-10-31": -8, "2017-07-31": -66, "2017-04-30": "-209.00000", "2017-01-31": 175.21, "2016-10-31": -10.997, "2016-07-31": 482.755, "2016-04-30": "-49.96800", "2016-01-31": -13.486, "2015-10-31": -10.945, "2015-07-31": -41.074, "2015-04-30": "-316.82500", "2015-01-31": -191.016, "2014-10-31": -72.665, "2014-07-31": -61.533, "2014-04-30": "-301.98600", "2014-01-31": -21.544, "2013-10-31": -19.94, "2013-07-31": 286.392, "2013-04-30": "1124.25100", "2013-01-31": -9.037, "2012-10-31": -7.664, "2012-07-31": -7.479, "2012-04-30": "-7.57400", "2012-01-31": -8.737, "2011-10-31": -7.685, "2011-07-31": -10.549, "2011-04-30": "-3.56200", "2011-01-31": -3.198, "2010-10-31": -3.116, "2010-07-31": -2.123, "2010-04-30": "-1.91800", "2010-01-31": 564.879, "2009-10-31": -2.398, "2009-07-31": -2.258, "2009-04-30": "-1.24800", "2009-01-31": -0.706, "2008-10-31": -0.286, "2008-07-31": 0, "2008-04-30": "-0.00500", "2008-01-31": -0.006, "2007-10-31": -0.006, "2007-07-31": -0.006, "2007-04-30": "-0.15700", "2007-01-31": -0.158, "2006-10-31": -0.155, "2006-07-31": -0.153, "2006-04-30": "-0.15100", "2006-01-31": -0.151, "2005-10-31": -0.152, "2005-07-31": -0.171, "2005-04-30": "-0.14000", "2005-01-31": -0.493}, "Net Current Debt": {"2020-10-31": 0, "2020-07-31": 0, "2020-04-30": "", "2020-01-31": 0, "2019-10-31": 0, "2019-07-31": 0, "2019-04-30": "", "2019-01-31": 0, "2018-10-31": 0, "2018-07-31": 0, "2018-04-30": "", "2018-01-31": 0, "2017-10-31": 0, "2017-07-31": 0, "2017-04-30": "", "2017-01-31": 0, "2016-10-31": 0, "2016-07-31": 0, "2016-04-30": "", "2016-01-31": 0, "2015-10-31": 0, "2015-07-31": 0, "2015-04-30": "", "2015-01-31": 0, "2014-10-31": 0, "2014-07-31": 0, "2014-04-30": "", "2014-01-31": 0, "2013-10-31": 0, "2013-07-31": 0, "2013-04-30": "", "2013-01-31": 0, "2012-10-31": 0, "2012-07-31": 0, "2012-04-30": "", "2012-01-31": 0, "2011-10-31": 0, "2011-07-31": 0, "2011-04-30": "", "2011-01-31": 0, "2010-10-31": 0, "2010-07-31": 0, "2010-04-30": "", "2010-01-31": 0, "2009-10-31": 0, "2009-07-31": 0, "2009-04-30": "", "2009-01-31": 0, "2008-10-31": 0, "2008-07-31": 0, "2008-04-30": "", "2008-01-31": 0, "2007-10-31": 0, "2007-07-31": 0, "2007-04-30": "", "2007-01-31": 0, "2006-10-31": 0, "2006-07-31": 0, "2006-04-30": "", "2006-01-31": 0, "2005-10-31": 0, "2005-07-31": 0, "2005-04-30": "", "2005-01-31": 0}, "Debt Issuance/Retirement Net - Total": {"2020-10-31": -13, "2020-07-31": -25, "2020-04-30": "-49.00000", "2020-01-31": -165, "2019-10-31": -164, "2019-07-31": -335, "2019-04-30": "-12.00000", "2019-01-31": -522, "2018-10-31": -3, "2018-07-31": 407, "2018-04-30": "1424.00000", "2018-01-31": -146, "2017-10-31": -8, "2017-07-31": -66, "2017-04-30": "-209.00000", "2017-01-31": 175.21, "2016-10-31": -10.997, "2016-07-31": 482.755, "2016-04-30": "-49.96800", "2016-01-31": -13.486, "2015-10-31": -10.945, "2015-07-31": -41.074, "2015-04-30": "-316.82500", "2015-01-31": -191.016, "2014-10-31": -72.665, "2014-07-31": -61.533, "2014-04-30": "-301.98600", "2014-01-31": -21.544, "2013-10-31": -19.94, "2013-07-31": 286.392, "2013-04-30": "1124.25100", "2013-01-31": -9.037, "2012-10-31": -7.664, "2012-07-31": -7.479, "2012-04-30": "-7.57400", "2012-01-31": -8.737, "2011-10-31": -7.685, "2011-07-31": -10.549, "2011-04-30": "-3.56200", "2011-01-31": -3.198, "2010-10-31": -3.116, "2010-07-31": -2.123, "2010-04-30": "-1.91800", "2010-01-31": 564.879, "2009-10-31": -2.398, "2009-07-31": -2.258, "2009-04-30": "-1.24800", "2009-01-31": -0.706, "2008-10-31": -0.286, "2008-07-31": 0, "2008-04-30": "-0.00500", "2008-01-31": -0.006, "2007-10-31": -0.006, "2007-07-31": -0.006, "2007-04-30": "-0.15700", "2007-01-31": -0.158, "2006-10-31": -0.155, "2006-07-31": -0.153, "2006-04-30": "-0.15100", "2006-01-31": -0.151, "2005-10-31": -0.152, "2005-07-31": -0.171, "2005-04-30": "-0.14000", "2005-01-31": -0.493}, "Net Common Equity Issued/Repurchased": {"2020-10-31": 381, "2020-07-31": 466, "2020-04-30": "258.00000", "2020-01-31": 290, "2019-10-31": 179, "2019-07-31": 152, "2019-04-30": "219.00000", "2019-01-31": 136, "2018-10-31": 185, "2018-07-31": 182, "2018-04-30": "201.00000", "2018-01-31": 165, "2017-10-31": 142, "2017-07-31": 183, "2017-04-30": "160.00000", "2017-01-31": 85.135, "2016-10-31": 92.846, "2016-07-31": 133.878, "2016-04-30": "89.14100", "2016-01-31": 87.652, "2015-10-31": 98.016, "2015-07-31": 114.799, "2015-04-30": "155.01500", "2015-01-31": 82.428, "2014-10-31": 91.337, "2014-07-31": 61.429, "2014-04-30": "73.79500", "2014-01-31": 72.502, "2013-10-31": 110.71, "2013-07-31": 40.195, "2013-04-30": "-2.47600", "2013-01-31": 147.492, "2012-10-31": 76.483, "2012-07-31": 33.824, "2012-04-30": "93.56700", "2012-01-31": 26.203, "2011-10-31": 15.794, "2011-07-31": 42.282, "2011-04-30": "32.28600", "2011-01-31": 24.685, "2010-10-31": -106.617, "2010-07-31": 34.127, "2010-04-30": "36.24300", "2010-01-31": -6.227, "2009-10-31": 18.559, "2009-07-31": 5.139, "2009-04-30": "9.16800", "2009-01-31": -18.916, "2008-10-31": 6.595, "2008-07-31": 22.525, "2008-04-30": "11.48500", "2008-01-31": 16.62, "2007-10-31": 20.586, "2007-07-31": 15.404, "2007-04-30": "8.30000", "2007-01-31": 8.04, "2006-10-31": 10.149, "2006-07-31": 5.378, "2006-04-30": "5.50300", "2006-01-31": 6.084, "2005-10-31": 2.209, "2005-07-31": 5.266, "2005-04-30": "2.14800", "2005-01-31": 118.3}, "Net Total Equity Issued/Repurchased": {"2020-10-31": 381, "2020-07-31": 466, "2020-04-30": "258.00000", "2020-01-31": 290, "2019-10-31": 179, "2019-07-31": 152, "2019-04-30": "219.00000", "2019-01-31": 136, "2018-10-31": 185, "2018-07-31": 182, "2018-04-30": "201.00000", "2018-01-31": 165, "2017-10-31": 142, "2017-07-31": 183, "2017-04-30": "160.00000", "2017-01-31": 85.135, "2016-10-31": 92.846, "2016-07-31": 133.878, "2016-04-30": "89.14100", "2016-01-31": 87.652, "2015-10-31": 98.016, "2015-07-31": 114.799, "2015-04-30": "155.01500", "2015-01-31": 82.428, "2014-10-31": 91.337, "2014-07-31": 61.429, "2014-04-30": "73.79500", "2014-01-31": 72.502, "2013-10-31": 110.71, "2013-07-31": 40.195, "2013-04-30": "-2.47600", "2013-01-31": 147.492, "2012-10-31": 76.483, "2012-07-31": 33.824, "2012-04-30": "93.56700", "2012-01-31": 26.203, "2011-10-31": 15.794, "2011-07-31": 42.282, "2011-04-30": "32.28600", "2011-01-31": 24.685, "2010-10-31": -106.617, "2010-07-31": 34.127, "2010-04-30": "36.24300", "2010-01-31": -6.227, "2009-10-31": 18.559, "2009-07-31": 5.139, "2009-04-30": "9.16800", "2009-01-31": -18.916, "2008-10-31": 6.595, "2008-07-31": 22.525, "2008-04-30": "11.48500", "2008-01-31": 16.62, "2007-10-31": 20.586, "2007-07-31": 15.404, "2007-04-30": "8.30000", "2007-01-31": 8.04, "2006-10-31": 10.149, "2006-07-31": 5.378, "2006-04-30": "5.50300", "2006-01-31": 6.084, "2005-10-31": 2.209, "2005-07-31": 5.266, "2005-04-30": "2.14800", "2005-01-31": 118.3}, "Total Common And Preferred Stock Dividends Paid": {"2020-10-31": 0, "2020-07-31": 0, "2020-04-30": "", "2020-01-31": 0, "2019-10-31": 0, "2019-07-31": 0, "2019-04-30": "", "2019-01-31": 0, "2018-10-31": 0, "2018-07-31": 0, "2018-04-30": "", "2018-01-31": 0, "2017-10-31": 0, "2017-07-31": 0, "2017-04-30": "", "2017-01-31": 0, "2016-10-31": 0, "2016-07-31": 0, "2016-04-30": "", "2016-01-31": 0, "2015-10-31": 0, "2015-07-31": 0, "2015-04-30": "", "2015-01-31": 0, "2014-10-31": 0, "2014-07-31": 0, "2014-04-30": "", "2014-01-31": 0, "2013-10-31": 0, "2013-07-31": 0, "2013-04-30": "", "2013-01-31": 0, "2012-10-31": 0, "2012-07-31": 0, "2012-04-30": "", "2012-01-31": 0, "2011-10-31": 0, "2011-07-31": 0, "2011-04-30": "", "2011-01-31": 0, "2010-10-31": 0, "2010-07-31": 0, "2010-04-30": "", "2010-01-31": 0, "2009-10-31": 0, "2009-07-31": 0, "2009-04-30": "", "2009-01-31": 0, "2008-10-31": 0, "2008-07-31": 0, "2008-04-30": "", "2008-01-31": 0, "2007-10-31": 0, "2007-07-31": 0, "2007-04-30": "", "2007-01-31": 0, "2006-10-31": 0, "2006-07-31": 0, "2006-04-30": "", "2006-01-31": 0, "2005-10-31": 0, "2005-07-31": 0, "2005-04-30": "", "2005-01-31": 0}, "Financial Activities - Other": {"2020-10-31": 0, "2020-07-31": 0, "2020-04-30": "", "2020-01-31": 0, "2019-10-31": 0, "2019-07-31": 0, "2019-04-30": "", "2019-01-31": 0, "2018-10-31": 0, "2018-07-31": 0, "2018-04-30": "", "2018-01-31": 0, "2017-10-31": 0, "2017-07-31": 0, "2017-04-30": "", "2017-01-31": 0, "2016-10-31": 0, "2016-07-31": 0, "2016-04-30": "", "2016-01-31": 0, "2015-10-31": 0, "2015-07-31": 0, "2015-04-30": "", "2015-01-31": -3.447, "2014-10-31": 1.221, "2014-07-31": -6.815, "2014-04-30": "9.04100", "2014-01-31": 5.978, "2013-10-31": 1.578, "2013-07-31": -1.278, "2013-04-30": "1.86600", "2013-01-31": -13.972, "2012-10-31": 3.16, "2012-07-31": 14.702, "2012-04-30": "11.04300", "2012-01-31": -4.994, "2011-10-31": 6.892, "2011-07-31": -11.314, "2011-04-30": "-0.76600", "2011-01-31": -10.777, "2010-10-31": 14.578, "2010-07-31": 22.902, "2010-04-30": "9.28800", "2010-01-31": 19.003, "2009-10-31": 7.401, "2009-07-31": 15.687, "2009-04-30": "9.44800", "2009-01-31": 12.35, "2008-10-31": 17.706, "2008-07-31": 11.843, "2008-04-30": "12.69800", "2008-01-31": 7.474, "2007-10-31": 9.298, "2007-07-31": 8.92, "2007-04-30": "6.28600", "2007-01-31": 5.768, "2006-10-31": 4.878, "2006-07-31": 3.328, "2006-04-30": "2.60000", "2006-01-31": 0, "2005-10-31": 0, "2005-07-31": 0, "2005-04-30": "0.72700", "2005-01-31": 1.043}, "Cash Flow From Financial Activities": {"2020-10-31": 368, "2020-07-31": 441, "2020-04-30": "209.00000", "2020-01-31": 125, "2019-10-31": 15, "2019-07-31": -183, "2019-04-30": "207.00000", "2019-01-31": -386, "2018-10-31": 182, "2018-07-31": 589, "2018-04-30": "1625.00000", "2018-01-31": 19, "2017-10-31": 134, "2017-07-31": 117, "2017-04-30": "-49.00000", "2017-01-31": 260.345, "2016-10-31": 81.849, "2016-07-31": 616.633, "2016-04-30": "39.17300", "2016-01-31": 74.166, "2015-10-31": 87.071, "2015-07-31": 73.725, "2015-04-30": "-161.81000", "2015-01-31": -112.035, "2014-10-31": 19.893, "2014-07-31": -6.919, "2014-04-30": "-219.15000", "2014-01-31": 56.936, "2013-10-31": 92.348, "2013-07-31": 325.309, "2013-04-30": "1123.64100", "2013-01-31": 124.483, "2012-10-31": 71.979, "2012-07-31": 41.047, "2012-04-30": "97.03600", "2012-01-31": 12.472, "2011-10-31": 15.001, "2011-07-31": 20.419, "2011-04-30": "27.95800", "2011-01-31": 10.71, "2010-10-31": -95.155, "2010-07-31": 54.906, "2010-04-30": "43.61300", "2010-01-31": 577.655, "2009-10-31": 23.562, "2009-07-31": 18.568, "2009-04-30": "17.36800", "2009-01-31": -7.272, "2008-10-31": 24.015, "2008-07-31": 34.368, "2008-04-30": "24.17800", "2008-01-31": 24.088, "2007-10-31": 29.878, "2007-07-31": 24.318, "2007-04-30": "14.42900", "2007-01-31": 13.65, "2006-10-31": 14.872, "2006-07-31": 8.553, "2006-04-30": "7.95200", "2006-01-31": 5.933, "2005-10-31": 2.057, "2005-07-31": 5.095, "2005-04-30": "2.73500", "2005-01-31": 118.85}, "Net Cash Flow": {"2020-10-31": -328, "2020-07-31": -1720, "2020-04-30": "1627.00000", "2020-01-31": 277, "2019-10-31": 358, "2019-07-31": -600, "2019-04-30": "1441.00000", "2019-01-31": 564, "2018-10-31": -214, "2018-07-31": -3603, "2018-04-30": "3379.00000", "2018-01-31": 471, "2017-10-31": 123, "2017-07-31": -76, "2017-04-30": "418.00000", "2017-01-31": 461.627, "2016-10-31": 30.51, "2016-07-31": -683.857, "2016-04-30": "640.72000", "2016-01-31": -64.955, "2015-10-31": 133.967, "2015-07-31": 147.395, "2015-04-30": "33.83900", "2015-01-31": 61.792, "2014-10-31": 71.6, "2014-07-31": -53.166, "2014-04-30": "46.25600", "2014-01-31": 129.885, "2013-10-31": 71.869, "2013-07-31": -1348.109, "2013-04-30": "1180.74500", "2013-01-31": 225.525, "2012-10-31": -479.01, "2012-07-31": 559.945, "2012-04-30": "-166.49900", "2012-01-31": 104.297, "2011-10-31": 53.193, "2011-07-31": -214.818, "2011-04-30": "240.32000", "2011-01-31": -206.011, "2010-10-31": 220.378, "2010-07-31": -280.869, "2010-04-30": "-320.51200", "2010-01-31": 768.418, "2009-10-31": -3.281, "2009-07-31": -95.536, "2009-04-30": "-142.12900", "2009-01-31": 101.52, "2008-10-31": -44.729, "2008-07-31": 48.495, "2008-04-30": "99.45300", "2008-01-31": 118.334, "2007-10-31": 37.812, "2007-07-31": 35.457, "2007-04-30": "0.88400", "2007-01-31": 16.284, "2006-10-31": -79.668, "2006-07-31": 21.419, "2006-04-30": "28.73100", "2006-01-31": 12.487, "2005-10-31": 62.215, "2005-07-31": -15.464, "2005-04-30": "4.87300", "2005-01-31": 25.268}, "Stock-Based Compensation": {"2020-10-31": 566, "2020-07-31": 578, "2020-04-30": "504.00000", "2020-01-31": 511, "2019-10-31": 543, "2019-07-31": 388, "2019-04-30": "343.00000", "2019-01-31": 329, "2018-10-31": 351, "2018-07-31": 351, "2018-04-30": "252.00000", "2018-01-31": 238, "2017-10-31": 251, "2017-07-31": 256, "2017-04-30": "252.00000", "2017-01-31": 244.02, "2016-10-31": 204.751, "2016-07-31": 182.31, "2016-04-30": "188.91900", "2016-01-31": 158.972, "2015-10-31": 144.317, "2015-07-31": 147.779, "2015-04-30": "142.56000", "2015-01-31": 151.802, "2014-10-31": 139.46, "2014-07-31": 142.411, "2014-04-30": "131.09200", "2014-01-31": 136.539, "2013-10-31": 141.536, "2013-07-31": 110.476, "2013-04-30": "114.72900", "2013-01-31": 107.555, "2012-10-31": 105.112, "2012-07-31": 85.417, "2012-04-30": "81.26600", "2012-01-31": 70.1, "2011-10-31": 57.006, "2011-07-31": 54.594, "2011-04-30": "47.55800", "2011-01-31": 41.714, "2010-10-31": 25.632, "2010-07-31": 26.615, "2010-04-30": "26.46800", "2010-01-31": 25.945, "2009-10-31": 20.407, "2009-07-31": 20.877, "2009-04-30": "21.66300", "2009-01-31": 21.141, "2008-10-31": 19.276, "2008-07-31": 18.884, "2008-04-30": "18.06500", "2008-01-31": 15.586, "2007-10-31": 14.178, "2007-07-31": 13.431, "2007-04-30": "12.01200", "2007-01-31": 11.166, "2006-10-31": 10.24, "2006-07-31": 20.399, "2006-04-30": "-2.60000", "2006-01-31": 0.829, "2005-10-31": 0.825, "2005-07-31": 0.938, "2005-04-30": "0.85600", "2005-01-31": 3.614}, "Common Stock Dividends Paid": {"2020-10-31": 0, "2020-07-31": 0, "2020-04-30": "", "2020-01-31": 0, "2019-10-31": 0, "2019-07-31": 0, "2019-04-30": "", "2019-01-31": 0, "2018-10-31": 0, "2018-07-31": 0, "2018-04-30": "", "2018-01-31": 0, "2017-10-31": 0, "2017-07-31": 0, "2017-04-30": "", "2017-01-31": 0, "2016-10-31": 0, "2016-07-31": 0, "2016-04-30": "", "2016-01-31": 0, "2015-10-31": 0, "2015-07-31": 0, "2015-04-30": "", "2015-01-31": 0, "2014-10-31": 0, "2014-07-31": 0, "2014-04-30": "", "2014-01-31": 0, "2013-10-31": 0, "2013-07-31": 0, "2013-04-30": "", "2013-01-31": 0, "2012-10-31": 0, "2012-07-31": 0, "2012-04-30": "", "2012-01-31": 0, "2011-10-31": 0, "2011-07-31": 0, "2011-04-30": "", "2011-01-31": 0, "2010-10-31": 0, "2010-07-31": 0, "2010-04-30": "", "2010-01-31": 0, "2009-10-31": 0, "2009-07-31": 0, "2009-04-30": "", "2009-01-31": 0, "2008-10-31": 0, "2008-07-31": 0, "2008-04-30": "", "2008-01-31": 0, "2007-10-31": 0, "2007-07-31": 0, "2007-04-30": "", "2007-01-31": 0, "2006-10-31": 0, "2006-07-31": 0, "2006-04-30": "", "2006-01-31": 0, "2005-10-31": 0, "2005-07-31": 0, "2005-04-30": "", "2005-01-31": 0}}, "financial ratios": {"Current Ratio": {"2020-01-31": "1.07530", "2019-01-31": "0.94920", "2018-01-31": "0.95200", "2017-01-31": "0.82200", "2016-01-31": "1.02040", "2015-01-31": "0.80060", "2014-01-31": "0.67340", "2013-01-31": "0.69090", "2012-01-31": "0.72700", "2011-01-31": "0.84210", "2010-01-31": "1.87880", "2009-01-31": "1.39320", "2008-01-31": "1.22260", "2007-01-31": "1.12300", "2006-01-31": "1.29230", "2005-01-31": "1.35730"}, "Long-term Debt / Capital": {"2020-01-31": "0.07310", "2019-01-31": "0.16900", "2018-01-31": "0.06280", "2017-01-31": "0.21120", "2016-01-31": "0.20450", "2015-01-31": "0.25640", "2014-01-31": "0.30000", "2013-01-31": "", "2012-01-31": "0.04340", "2011-01-31": "0.28070", "2010-01-31": "0.30500", "2009-01-31": "0.01100", "2008-01-31": "0.00470", "2007-01-31": "0.00500", "2006-01-31": "0.00680", "2005-01-31": "0.01570"}, "Debt/Equity Ratio": {"2020-01-31": "0.07890", "2019-01-31": "0.20330", "2018-01-31": "0.16580", "2017-01-31": "0.26780", "2016-01-31": "0.25710", "2015-01-31": "0.34480", "2014-01-31": "0.61680", "2013-01-31": "0.22490", "2012-01-31": "0.35800", "2011-01-31": "0.39020", "2010-01-31": "0.43880", "2009-01-31": "0.01120", "2008-01-31": "0.00470", "2007-01-31": "0.00500", "2006-01-31": "0.01000", "2005-01-31": "0.01980"}, "Gross Margin": {"2020-01-31": "75.23100", "2019-01-31": "74.01750", "2018-01-31": "73.69070", "2017-01-31": "73.52140", "2016-01-31": "75.18380", "2015-01-31": "76.00730", "2014-01-31": "76.21160", "2013-01-31": "77.58900", "2012-01-31": "78.43030", "2011-01-31": "80.45950", "2010-01-31": "80.24450", "2009-01-31": "79.52480", "2008-01-31": "77.08150", "2007-01-31": "76.08320", "2006-01-31": "77.69100", "2005-01-31": "81.03250"}, "Operating Margin": {"2020-01-31": "1.73700", "2019-01-31": "4.02800", "2018-01-31": "4.30740", "2017-01-31": "2.58390", "2016-01-31": "1.72370", "2015-01-31": "-2.71020", "2014-01-31": "-7.02710", "2013-01-31": "-3.62960", "2012-01-31": "-1.54800", "2011-01-31": "5.88350", "2010-01-31": "8.82920", "2009-01-31": "5.91980", "2008-01-31": "2.71260", "2007-01-31": "-0.72380", "2006-01-31": "6.48750", "2005-01-31": "3.69670"}, "EBIT Margin": {"2020-01-31": "1.73700", "2019-01-31": "4.02800", "2018-01-31": "4.30740", "2017-01-31": "2.58390", "2016-01-31": "1.72370", "2015-01-31": "-2.71020", "2014-01-31": "-7.02710", "2013-01-31": "-3.62960", "2012-01-31": "-1.54800", "2011-01-31": "5.88350", "2010-01-31": "8.82920", "2009-01-31": "5.91980", "2008-01-31": "2.71260", "2007-01-31": "-0.72380", "2006-01-31": "6.48750", "2005-01-31": "3.69670"}, "EBITDA Margin": {"2020-01-31": "19.34730", "2019-01-31": "16.97030", "2018-01-31": "17.36240", "2017-01-31": "16.01280", "2016-01-31": "14.80700", "2015-01-31": "11.16430", "2014-01-31": "8.04430", "2013-01-31": "9.34330", "2012-01-31": "10.57750", "2011-01-31": "16.47560", "2010-01-31": "17.85170", "2009-01-31": "14.71490", "2008-01-31": "11.58320", "2007-01-31": "6.49510", "2006-01-31": "13.14640", "2005-01-31": "14.32460"}, "Pre-Tax Profit Margin": {"2020-01-31": "4.12910", "2019-01-31": "7.40100", "2018-01-31": "3.98480", "2017-01-31": "2.12160", "2016-01-31": "0.96410", "2015-01-31": "-3.96540", "2014-01-31": "-8.79230", "2013-01-31": "-4.18970", "2012-01-31": "-1.47000", "2011-01-31": "6.29390", "2010-01-31": "10.90560", "2009-01-31": "7.94900", "2008-01-31": "6.17240", "2007-01-31": "2.51380", "2006-01-31": "9.10030", "2005-01-31": "5.18950"}, "Net Profit Margin": {"2020-01-31": "0.73690", "2019-01-31": "8.35720", "2018-01-31": "3.41560", "2017-01-31": "3.82840", "2016-01-31": "-0.71130", "2015-01-31": "-4.88850", "2014-01-31": "-5.70310", "2013-01-31": "-8.86650", "2012-01-31": "-0.51060", "2011-01-31": "3.89070", "2010-01-31": "6.18260", "2009-01-31": "4.03320", "2008-01-31": "2.45170", "2007-01-31": "0.09680", "2006-01-31": "9.18940", "2005-01-31": "4.16500"}, "Asset Turnover": {"2020-01-31": "0.31020", "2019-01-31": "0.43210", "2018-01-31": "0.47940", "2017-01-31": "0.47980", "2016-01-31": "0.52240", "2015-01-31": "0.50380", "2014-01-31": "0.44480", "2013-01-31": "0.55170", "2012-01-31": "0.54430", "2011-01-31": "0.53610", "2010-01-31": "0.53070", "2009-01-31": "0.72760", "2008-01-31": "0.68710", "2007-01-31": "0.74770", "2006-01-31": "0.71270", "2005-01-31": "0.62880"}, "Inventory Turnover Ratio": {"2020-01-31": "", "2019-01-31": "", "2018-01-31": "", "2017-01-31": "", "2016-01-31": "", "2015-01-31": "", "2014-01-31": "", "2013-01-31": "", "2012-01-31": "", "2011-01-31": "", "2010-01-31": "", "2009-01-31": "", "2008-01-31": "", "2007-01-31": "", "2006-01-31": "", "2005-01-31": ""}, "Receiveable Turnover": {"2020-01-31": "2.76940", "2019-01-31": "2.69740", "2018-01-31": "2.68810", "2017-01-31": "2.63930", "2016-01-31": "2.67100", "2015-01-31": "2.82000", "2014-01-31": "2.99150", "2013-01-31": "3.49540", "2012-01-31": "3.31490", "2011-01-31": "3.88140", "2010-01-31": "4.06780", "2009-01-31": "4.03960", "2008-01-31": "3.40220", "2007-01-31": "3.86270", "2006-01-31": "4.07020", "2005-01-31": "3.60880"}, "Days Sales In Receivables": {"2020-01-31": "131.79960", "2019-01-31": "135.31550", "2018-01-31": "135.78410", "2017-01-31": "138.29260", "2016-01-31": "136.65380", "2015-01-31": "129.43120", "2014-01-31": "122.01060", "2013-01-31": "104.42330", "2012-01-31": "110.10930", "2011-01-31": "94.03810", "2010-01-31": "89.72920", "2009-01-31": "90.35600", "2008-01-31": "107.28230", "2007-01-31": "94.49430", "2006-01-31": "89.67590", "2005-01-31": "101.14250"}, "ROE - Return On Equity": {"2020-01-31": "0.37180", "2019-01-31": "7.11310", "2018-01-31": "3.46950", "2017-01-31": "4.30660", "2016-01-31": "-0.94800", "2015-01-31": "-6.60820", "2014-01-31": "-7.64110", "2013-01-31": "-11.66900", "2012-01-31": "-0.72900", "2011-01-31": "5.46000", "2010-01-31": "8.01500", "2009-01-31": "7.03820", "2008-01-31": "4.06050", "2007-01-31": "0.17070", "2006-01-31": "14.50010", "2005-01-31": "5.06160"}, "Return On Tangible Equity": {"2020-01-31": "3.12890", "2019-01-31": "133.57400", "2018-01-31": "16.10740", "2017-01-31": "-36.82620", "2016-01-31": "-7.15400", "2015-01-31": "-136.44490", "2014-01-31": "50.22030", "2013-01-31": "-34.30930", "2012-01-31": "-1.44290", "2011-01-31": "7.91640", "2010-01-31": "8.40440", "2009-01-31": "7.53350", "2008-01-31": "4.13890", "2007-01-31": "0.17490", "2006-01-31": "14.50010", "2005-01-31": "5.06160"}, "ROA - Return On Assets": {"2020-01-31": "0.22860", "2019-01-31": "3.61130", "2018-01-31": "1.63760", "2017-01-31": "1.83680", "2016-01-31": "-0.37160", "2015-01-31": "-2.46310", "2014-01-31": "-2.53660", "2013-01-31": "-4.89140", "2012-01-31": "-0.27790", "2011-01-31": "2.25470", "2010-01-31": "3.44250", "2009-01-31": "3.24600", "2008-01-31": "1.68470", "2007-01-31": "0.07230", "2006-01-31": "6.54950", "2005-01-31": "2.61890"}, "ROI - Return On Investment": {"2020-01-31": "0.34470", "2019-01-31": "5.91120", "2018-01-31": "3.25170", "2017-01-31": "3.39700", "2016-01-31": "-0.75410", "2015-01-31": "-4.91380", "2014-01-31": "-5.34910", "2013-01-31": "-11.66900", "2012-01-31": "-0.69730", "2011-01-31": "3.92770", "2010-01-31": "5.57060", "2009-01-31": "6.96060", "2008-01-31": "4.04140", "2007-01-31": "0.16980", "2006-01-31": "14.40190", "2005-01-31": "4.98210"}, "Book Value Per Share": {"2020-01-31": "37.94510", "2019-01-31": "20.26620", "2018-01-31": "14.21370", "2017-01-31": "10.60150", "2016-01-31": "7.45660", "2015-01-31": "6.11010", "2014-01-31": "4.98000", "2013-01-31": "3.95750", "2012-01-31": "2.89590", "2011-01-31": "2.40080", "2010-01-31": "2.07760", "2009-01-31": "1.38890", "2008-01-31": "0.94730", "2007-01-31": "0.61510", "2006-01-31": "0.44420", "2005-01-31": "0.34560"}, "Operating Cash Flow Per Share": {"2020-01-31": 0.7108, "2019-01-31": 0.6593, "2018-01-31": 0.6366, "2017-01-31": 0.5614, "2016-01-31": 0.6343, "2015-01-31": 0.428, "2014-01-31": 0.1604, "2013-01-31": 0.2116, "2012-01-31": 0.2527, "2011-01-31": 0.3115, "2010-01-31": 0.0704, "2009-01-31": 0.0411, "2008-01-31": 0.1858, "2007-01-31": 0.0295, "2006-01-31": 0.0759, "2005-01-31": 0.126}, "Free Cash Flow Per Share": {"2020-01-31": 0.722, "2019-01-31": 0.6182, "2018-01-31": 0.5729, "2017-01-31": 0.3285, "2016-01-31": 0.6697, "2015-01-31": 0.4631, "2014-01-31": -0.0292, "2013-01-31": 0.1809, "2012-01-31": 0.1388, "2011-01-31": 0.2418, "2010-01-31": 0.0957, "2009-01-31": 0.0082, "2008-01-31": 0.1428, "2007-01-31": 0.0328, "2006-01-31": 0.0363, "2005-01-31": 0.1163}}, "financial ratios, quarterly": {"Current Ratio": {"2020-10-31": "1.22170", "2020-07-31": "1.14530", "2020-04-30": "1.14560", "2020-01-31": "1.07530", "2019-10-31": "1.05270", "2019-07-31": "0.97140", "2019-04-30": "0.95680", "2019-01-31": "0.94920", "2018-10-31": "0.85640", "2018-07-31": "0.80320", "2018-04-30": "1.28580", "2018-01-31": "0.95200", "2017-10-31": "0.82400", "2017-07-31": "0.77210", "2017-04-30": "0.70870", "2017-01-31": "0.82200", "2016-10-31": "0.60330", "2016-07-31": "0.60970", "2016-04-30": "0.74230", "2016-01-31": "1.02040", "2015-10-31": "0.73890", "2015-07-31": "0.70920", "2015-04-30": "0.65760", "2015-01-31": "0.80060", "2014-10-31": "0.73730", "2014-07-31": "0.65800", "2014-04-30": "0.60700", "2014-01-31": "0.67340", "2013-10-31": "0.58160", "2013-07-31": "0.55440", "2013-04-30": "1.05360", "2013-01-31": "0.69090", "2012-10-31": "0.54120", "2012-07-31": "0.79560", "2012-04-30": "0.78900", "2012-01-31": "0.72700", "2011-10-31": "0.62660", "2011-07-31": "0.61450", "2011-04-30": "0.70500", "2011-01-31": "0.84210", "2010-10-31": "1.20130", "2010-07-31": "1.19770", "2010-04-30": "1.50790", "2010-01-31": "1.87880", "2009-10-31": "1.05020", "2009-07-31": "0.98420", "2009-04-30": "1.10540", "2009-01-31": "1.39320", "2008-10-31": "1.37880", "2008-07-31": "1.33730", "2008-04-30": "1.22790", "2008-01-31": "1.22260", "2007-10-31": "1.23340", "2007-07-31": "1.15790", "2007-04-30": "1.06050", "2007-01-31": "1.12300", "2006-10-31": "1.20950", "2006-07-31": "1.38600", "2006-04-30": "1.37520", "2006-01-31": "1.29230", "2005-10-31": "1.40840", "2005-07-31": "1.29080", "2005-04-30": "1.30670", "2005-01-31": "1.35730"}, "Long-term Debt / Capital": {"2020-10-31": "0.06220", "2020-07-31": "0.06500", "2020-04-30": "0.07180", "2020-01-31": "0.07310", "2019-10-31": "0.07820", "2019-07-31": "0.14760", "2019-04-30": "0.16170", "2019-01-31": "0.16900", "2018-10-31": "0.17760", "2018-07-31": "0.19000", "2018-04-30": "0.22290", "2018-01-31": "0.06280", "2017-10-31": "0.07310", "2017-07-31": "0.07780", "2017-04-30": "0.08060", "2017-01-31": "0.21120", "2016-10-31": "0.20960", "2016-07-31": "0.22660", "2016-04-30": "0.18800", "2016-01-31": "0.20450", "2015-10-31": "0.21330", "2015-07-31": "0.22030", "2015-04-30": "0.23150", "2015-01-31": "0.25640", "2014-10-31": "0.26470", "2014-07-31": "0.28240", "2014-04-30": "0.29340", "2014-01-31": "0.30000", "2013-10-31": "0.30920", "2013-07-31": "0.31650", "2013-04-30": "0.32140", "2013-01-31": "", "2012-10-31": "0.02960", "2012-07-31": "0.02560", "2012-04-30": "0.23310", "2012-01-31": "0.04340", "2011-10-31": "0.03390", "2011-07-31": "0.03150", "2011-04-30": "0.03760", "2011-01-31": "0.28070", "2010-10-31": "0.28980", "2010-07-31": "0.27480", "2010-04-30": "0.28930", "2010-01-31": "0.30500", "2009-10-31": "0.01690", "2009-07-31": "0.01810", "2009-04-30": "0.01970", "2009-01-31": "0.01100", "2008-10-31": "0.00980", "2008-07-31": "0.00520", "2008-04-30": "0.00630", "2008-01-31": "0.00470", "2007-10-31": "0.00350", "2007-07-31": "0.00390", "2007-04-30": "0.00440", "2007-01-31": "0.00500", "2006-10-31": "0.00430", "2006-07-31": "0.00500", "2006-04-30": "0.00570", "2006-01-31": "0.00680", "2005-10-31": "0.00790", "2005-07-31": "0.00990", "2005-04-30": "0.01170", "2005-01-31": "0.01570"}, "Debt/Equity Ratio": {"2020-10-31": "0.06630", "2020-07-31": "0.06950", "2020-04-30": "0.07730", "2020-01-31": "0.07890", "2019-10-31": "0.08490", "2019-07-31": "0.17320", "2019-04-30": "0.19290", "2019-01-31": "0.20330", "2018-10-31": "0.25020", "2018-07-31": "0.27170", "2018-04-30": "0.28710", "2018-01-31": "0.16580", "2017-10-31": "0.20780", "2017-07-31": "0.21820", "2017-04-30": "0.22930", "2017-01-31": "0.26780", "2016-10-31": "0.26510", "2016-07-31": "0.29300", "2016-04-30": "0.23160", "2016-01-31": "0.25710", "2015-10-31": "0.27110", "2015-07-31": "0.28260", "2015-04-30": "0.30120", "2015-01-31": "0.34480", "2014-10-31": "0.40740", "2014-07-31": "0.48290", "2014-04-30": "0.51260", "2014-01-31": "0.61680", "2013-10-31": "0.64370", "2013-07-31": "0.66330", "2013-04-30": "0.68800", "2013-01-31": "0.22490", "2012-10-31": "0.27770", "2012-07-31": "0.29500", "2012-04-30": "0.30400", "2012-01-31": "0.35800", "2011-10-31": "0.36220", "2011-07-31": "0.37390", "2011-04-30": "0.42000", "2011-01-31": "0.39020", "2010-10-31": "0.40810", "2010-07-31": "0.37890", "2010-04-30": "0.40710", "2010-01-31": "0.43880", "2009-10-31": "0.01720", "2009-07-31": "0.01840", "2009-04-30": "0.02010", "2009-01-31": "0.01120", "2008-10-31": "0.00990", "2008-07-31": "0.00530", "2008-04-30": "0.00640", "2008-01-31": "0.00470", "2007-10-31": "0.00350", "2007-07-31": "0.00390", "2007-04-30": "0.00440", "2007-01-31": "0.00500", "2006-10-31": "0.00560", "2006-07-31": "0.00710", "2006-04-30": "0.00860", "2006-01-31": "0.01000", "2005-10-31": "0.01130", "2005-07-31": "0.01370", "2005-04-30": "0.01560", "2005-01-31": "0.01980"}, "Gross Margin": {"2020-10-31": "74.27570", "2020-07-31": "74.54860", "2020-04-30": "74.22410", "2020-01-31": "74.85060", "2019-10-31": "74.87260", "2019-07-31": "75.80690", "2019-04-30": "75.54190", "2019-01-31": "73.74410", "2018-10-31": "73.79130", "2018-07-31": "74.12370", "2018-04-30": "74.48440", "2018-01-31": "74.24080", "2017-10-31": "73.56540", "2017-07-31": "74.00080", "2017-04-30": "72.84110", "2017-01-31": "73.24000", "2016-10-31": "72.70010", "2016-07-31": "74.19350", "2016-04-30": "74.06970", "2016-01-31": "75.47920", "2015-10-31": "75.25170", "2015-07-31": "75.20110", "2015-04-30": "74.73460", "2015-01-31": "75.36200", "2014-10-31": "75.91810", "2014-07-31": "76.65380", "2014-04-30": "76.17280", "2014-01-31": "76.11600", "2013-10-31": "75.07630", "2013-07-31": "77.25230", "2013-04-30": "76.58680", "2013-01-31": "78.03200", "2012-10-31": "76.37640", "2012-07-31": "77.80110", "2012-04-30": "78.20880", "2012-01-31": "78.42340", "2011-10-31": "77.99520", "2011-07-31": "77.85540", "2011-04-30": "79.56520", "2011-01-31": "79.79480", "2010-10-31": "80.85910", "2010-07-31": "80.27500", "2010-04-30": "81.00360", "2010-01-31": "80.77690", "2009-10-31": "80.16330", "2009-07-31": "80.22660", "2009-04-30": "79.73270", "2009-01-31": "79.71770", "2008-10-31": "79.62000", "2008-07-31": "79.43910", "2008-04-30": "79.28380", "2008-01-31": "78.45560", "2007-10-31": "77.03300", "2007-07-31": "76.54760", "2007-04-30": "75.88420", "2007-01-31": "76.53690", "2006-10-31": "75.88680", "2006-07-31": "75.34130", "2006-04-30": "76.53940", "2006-01-31": "76.56590", "2005-10-31": "76.31150", "2005-07-31": "77.43070", "2005-04-30": "81.35630", "2005-01-31": "81.67570"}, "Operating Margin": {"2020-10-31": "4.13360", "2020-07-31": "3.45560", "2020-04-30": "-2.87770", "2020-01-31": "-0.74210", "2019-10-31": "1.44030", "2019-07-31": "1.45110", "2019-04-30": "5.61950", "2019-01-31": "3.80240", "2018-10-31": "2.71230", "2018-07-31": "3.50500", "2018-04-30": "6.35400", "2018-01-31": "7.36470", "2017-10-31": "5.73860", "2017-07-31": "3.25960", "2017-04-30": "0.16690", "2017-01-31": "5.57620", "2016-10-31": "0.14150", "2016-07-31": "1.59830", "2016-04-30": "2.71240", "2016-01-31": "1.13630", "2015-10-31": "2.53710", "2015-07-31": "1.21270", "2015-04-30": "2.05830", "2015-01-31": "-2.41000", "2014-10-31": "-1.59300", "2014-07-31": "-2.53570", "2014-04-30": "-4.51110", "2014-01-31": "-9.05890", "2013-10-31": "-9.10110", "2013-07-31": "-4.16440", "2013-04-30": "-4.98970", "2013-01-31": "-2.49280", "2012-10-31": "-6.87320", "2012-07-31": "-1.84050", "2012-04-30": "-3.19910", "2012-01-31": "-1.00920", "2011-10-31": "-1.73840", "2011-07-31": "-2.88420", "2011-04-30": "-0.55570", "2011-01-31": "-0.08560", "2010-10-31": "8.19320", "2010-07-31": "7.52640", "2010-04-30": "8.77090", "2010-01-31": "7.20780", "2009-10-31": "9.11850", "2009-07-31": "9.33020", "2009-04-30": "9.87890", "2009-01-31": "5.55630", "2008-10-31": "5.83500", "2008-07-31": "6.11910", "2008-04-30": "6.22760", "2008-01-31": "4.94690", "2007-10-31": "3.17320", "2007-07-31": "1.89550", "2007-04-30": "0.07020", "2007-01-31": "-1.43950", "2006-10-31": "-0.09460", "2006-07-31": "-1.08260", "2006-04-30": "-0.11460", "2006-01-31": "5.76740", "2005-10-31": "7.72560", "2005-07-31": "5.82820", "2005-04-30": "6.65350", "2005-01-31": "5.89990"}, "EBIT Margin": {"2020-10-31": "4.13360", "2020-07-31": "3.45560", "2020-04-30": "-2.87770", "2020-01-31": "-0.74210", "2019-10-31": "1.44030", "2019-07-31": "1.45110", "2019-04-30": "5.61950", "2019-01-31": "3.80240", "2018-10-31": "2.71230", "2018-07-31": "3.50500", "2018-04-30": "6.35400", "2018-01-31": "7.36470", "2017-10-31": "5.73860", "2017-07-31": "3.25960", "2017-04-30": "0.16690", "2017-01-31": "5.57620", "2016-10-31": "0.14150", "2016-07-31": "1.59830", "2016-04-30": "2.71240", "2016-01-31": "1.13630", "2015-10-31": "2.53710", "2015-07-31": "1.21270", "2015-04-30": "2.05830", "2015-01-31": "-2.41010", "2014-10-31": "-1.59300", "2014-07-31": "-2.53570", "2014-04-30": "-4.51110", "2014-01-31": "-9.05890", "2013-10-31": "-9.10110", "2013-07-31": "-4.16440", "2013-04-30": "-4.98970", "2013-01-31": "-2.49280", "2012-10-31": "-6.87320", "2012-07-31": "-1.84050", "2012-04-30": "-3.19910", "2012-01-31": "-1.00920", "2011-10-31": "-1.73840", "2011-07-31": "-2.88420", "2011-04-30": "-0.55570", "2011-01-31": "-0.08560", "2010-10-31": "8.19320", "2010-07-31": "7.52640", "2010-04-30": "8.77090", "2010-01-31": "7.20780", "2009-10-31": "9.11850", "2009-07-31": "9.33020", "2009-04-30": "9.87890", "2009-01-31": "5.55630", "2008-10-31": "5.83500", "2008-07-31": "6.11910", "2008-04-30": "6.22760", "2008-01-31": "4.94690", "2007-10-31": "3.17320", "2007-07-31": "1.89550", "2007-04-30": "0.07020", "2007-01-31": "-1.43950", "2006-10-31": "-0.09460", "2006-07-31": "-1.08260", "2006-04-30": "-0.11460", "2006-01-31": "5.76740", "2005-10-31": "7.72560", "2005-07-31": "5.82820", "2005-04-30": "6.65350", "2005-01-31": "5.89990"}, "EBITDA Margin": {"2020-10-31": "", "2020-07-31": "", "2020-04-30": "", "2020-01-31": "", "2019-10-31": "", "2019-07-31": "", "2019-04-30": "", "2019-01-31": "", "2018-10-31": "", "2018-07-31": "", "2018-04-30": "", "2018-01-31": "", "2017-10-31": "", "2017-07-31": "", "2017-04-30": "", "2017-01-31": "", "2016-10-31": "", "2016-07-31": "", "2016-04-30": "", "2016-01-31": "", "2015-10-31": "", "2015-07-31": "", "2015-04-30": "", "2015-01-31": "", "2014-10-31": "", "2014-07-31": "", "2014-04-30": "", "2014-01-31": "", "2013-10-31": "", "2013-07-31": "", "2013-04-30": "", "2013-01-31": "", "2012-10-31": "", "2012-07-31": "", "2012-04-30": "", "2012-01-31": "", "2011-10-31": "", "2011-07-31": "", "2011-04-30": "", "2011-01-31": "", "2010-10-31": "", "2010-07-31": "", "2010-04-30": "", "2010-01-31": "", "2009-10-31": "", "2009-07-31": "", "2009-04-30": "", "2009-01-31": "", "2008-10-31": "", "2008-07-31": "", "2008-04-30": "", "2008-01-31": "", "2007-10-31": "", "2007-07-31": "", "2007-04-30": "", "2007-01-31": "", "2006-10-31": "", "2006-07-31": "", "2006-04-30": "", "2006-01-31": "", "2005-10-31": "", "2005-07-31": "", "2005-04-30": "", "2005-01-31": ""}, "Pre-Tax Profit Margin": {"2020-10-31": "23.06700", "2020-07-31": "16.28810", "2020-04-30": "0.96610", "2020-01-31": "-0.08250", "2019-10-31": "1.41810", "2019-07-31": "4.10310", "2019-04-30": "12.89810", "2019-01-31": "6.63340", "2018-10-31": "3.77360", "2018-07-31": "7.04050", "2018-04-30": "12.80770", "2018-01-31": "7.71380", "2017-10-31": "5.40540", "2017-07-31": "2.44470", "2017-04-30": "-0.41720", "2017-01-31": "5.56420", "2016-10-31": "-0.58680", "2016-07-31": "1.19230", "2016-04-30": "1.93860", "2016-01-31": "-0.22900", "2015-10-31": "2.53460", "2015-07-31": "0.42560", "2015-04-30": "1.19600", "2015-01-31": "-3.70330", "2014-10-31": "-1.57910", "2014-07-31": "-4.01720", "2014-04-30": "-6.90990", "2014-01-31": "-10.75290", "2013-10-31": "-11.52760", "2013-07-31": "-5.93510", "2013-04-30": "-6.04310", "2013-01-31": "-3.12010", "2012-10-31": "-7.97200", "2012-07-31": "-1.91790", "2012-04-30": "-3.57570", "2012-01-31": "-1.19240", "2011-10-31": "-1.51470", "2011-07-31": "-3.24410", "2011-04-30": "0.15480", "2011-01-31": "0.95850", "2010-10-31": "8.98650", "2010-07-31": "7.47190", "2010-04-30": "8.46360", "2010-01-31": "9.79470", "2009-10-31": "11.19830", "2009-07-31": "11.34940", "2009-04-30": "11.41790", "2009-01-31": "7.50700", "2008-10-31": "7.41700", "2008-07-31": "8.34960", "2008-04-30": "8.63410", "2008-01-31": "8.04500", "2007-10-31": "7.38110", "2007-07-31": "5.23390", "2007-04-30": "3.25710", "2007-01-31": "2.69720", "2006-10-31": "3.32020", "2006-07-31": "1.71670", "2006-04-30": "2.15880", "2006-01-31": "8.29530", "2005-10-31": "10.08430", "2005-07-31": "9.10720", "2005-04-30": "8.96740", "2005-01-31": "8.31410"}, "Net Profit Margin": {"2020-10-31": "19.94830", "2020-07-31": "50.96100", "2020-04-30": "2.03490", "2020-01-31": "-5.11230", "2019-10-31": "-2.41520", "2019-07-31": "2.27670", "2019-04-30": "10.48970", "2019-01-31": "10.04720", "2018-10-31": "3.09550", "2018-07-31": "9.11310", "2018-04-30": "11.44380", "2018-01-31": "7.19020", "2017-10-31": "3.96150", "2017-07-31": "1.78500", "2017-04-30": "0.04170", "2017-01-31": "3.93020", "2016-10-31": "-1.73950", "2016-07-31": "11.27470", "2016-04-30": "2.02230", "2016-01-31": "-1.40980", "2015-10-31": "-1.46950", "2015-07-31": "-0.05210", "2015-04-30": "0.27080", "2015-01-31": "-4.55240", "2014-10-31": "-2.81310", "2014-07-31": "-4.63300", "2014-04-30": "-7.89970", "2014-01-31": "-10.18330", "2013-10-31": "-11.56410", "2013-07-31": "8.00370", "2013-04-30": "-7.58670", "2013-01-31": "-2.49720", "2012-10-31": "-27.94240", "2012-07-31": "-1.34340", "2012-04-30": "-2.80030", "2012-01-31": "-0.64530", "2011-10-31": "-0.64290", "2011-07-31": "-0.78170", "2011-04-30": "0.10510", "2011-01-31": "2.38870", "2010-10-31": "4.91090", "2010-07-31": "3.73860", "2010-04-30": "4.70920", "2010-01-31": "5.76020", "2009-10-31": "6.25960", "2009-07-31": "6.70690", "2009-04-30": "6.04610", "2009-01-31": "4.74920", "2008-10-31": "3.66170", "2008-07-31": "3.79960", "2008-04-30": "3.85870", "2008-01-31": "3.40190", "2007-10-31": "3.37750", "2007-07-31": "2.11520", "2007-04-30": "0.44950", "2007-01-31": "0.35780", "2006-10-31": "0.26070", "2006-07-31": "-0.12270", "2006-04-30": "-0.21870", "2006-01-31": "6.16710", "2005-10-31": "16.25440", "2005-07-31": "7.00550", "2005-04-30": "6.82490", "2005-01-31": "6.56850"}, "Asset Turnover": {"2020-10-31": "0.09160", "2020-07-31": "0.08910", "2020-04-30": "0.09070", "2020-01-31": "0.08800", "2019-10-31": "0.09040", "2019-07-31": "0.11990", "2019-04-30": "0.11270", "2019-01-31": "0.11720", "2018-10-31": "0.12760", "2018-07-31": "0.12710", "2018-04-30": "0.13090", "2018-01-31": "0.13030", "2017-10-31": "0.15440", "2017-07-31": "0.14790", "2017-04-30": "0.14050", "2017-01-31": "0.13300", "2016-10-31": "0.14910", "2016-07-31": "0.14160", "2016-04-30": "0.14950", "2016-01-31": "0.14180", "2015-10-31": "0.15690", "2015-07-31": "0.15140", "2015-04-30": "0.14580", "2015-01-31": "0.13550", "2014-10-31": "0.14700", "2014-07-31": "0.14630", "2014-04-30": "0.14200", "2014-01-31": "0.12510", "2013-10-31": "0.13290", "2013-07-31": "0.12010", "2013-04-30": "0.13700", "2013-01-31": "0.15100", "2012-10-31": "0.16980", "2012-07-31": "0.16430", "2012-04-30": "0.16730", "2012-01-31": "0.15180", "2011-10-31": "0.16640", "2011-07-31": "0.15960", "2011-04-30": "0.16120", "2011-01-31": "0.14780", "2010-10-31": "0.15660", "2010-07-31": "0.14610", "2010-04-30": "0.15140", "2010-01-31": "0.14390", "2009-10-31": "0.20120", "2009-07-31": "0.20310", "2009-04-30": "0.20780", "2009-01-31": "0.19570", "2008-10-31": "0.21670", "2008-07-31": "0.21860", "2008-04-30": "0.22120", "2008-01-31": "0.19910", "2007-10-31": "0.22290", "2007-07-31": "0.22760", "2007-04-30": "0.23270", "2007-01-31": "0.21690", "2006-10-31": "0.23400", "2006-07-31": "0.23560", "2006-04-30": "0.22880", "2006-01-31": "0.20950", "2005-10-31": "0.23000", "2005-07-31": "0.22230", "2005-04-30": "0.21780", "2005-01-31": "0.19460"}, "Inventory Turnover Ratio": {"2020-10-31": "", "2020-07-31": "", "2020-04-30": "", "2020-01-31": "", "2019-10-31": "", "2019-07-31": "", "2019-04-30": "", "2019-01-31": "", "2018-10-31": "", "2018-07-31": "", "2018-04-30": "", "2018-01-31": "", "2017-10-31": "", "2017-07-31": "", "2017-04-30": "", "2017-01-31": "", "2016-10-31": "", "2016-07-31": "", "2016-04-30": "", "2016-01-31": "", "2015-10-31": "", "2015-07-31": "", "2015-04-30": "", "2015-01-31": "", "2014-10-31": "", "2014-07-31": "", "2014-04-30": "", "2014-01-31": "", "2013-10-31": "", "2013-07-31": "", "2013-04-30": "", "2013-01-31": "", "2012-10-31": "", "2012-07-31": "", "2012-04-30": "", "2012-01-31": "", "2011-10-31": "", "2011-07-31": "", "2011-04-30": "", "2011-01-31": "", "2010-10-31": "", "2010-07-31": "", "2010-04-30": "", "2010-01-31": "", "2009-10-31": "", "2009-07-31": "", "2009-04-30": "", "2009-01-31": "", "2008-10-31": "", "2008-07-31": "", "2008-04-30": "", "2008-01-31": "", "2007-10-31": "", "2007-07-31": "", "2007-04-30": "", "2007-01-31": "", "2006-10-31": "", "2006-07-31": "", "2006-04-30": "", "2006-01-31": "", "2005-10-31": "", "2005-07-31": "", "2005-04-30": "", "2005-01-31": ""}, "Receiveable Turnover": {"2020-10-31": "1.63420", "2020-07-31": "1.49520", "2020-04-30": "1.58160", "2020-01-31": "0.78570", "2019-10-31": "1.75400", "2019-07-31": "1.71400", "2019-04-30": "1.73570", "2019-01-31": "0.73170", "2018-10-31": "1.66520", "2018-07-31": "1.65710", "2018-04-30": "1.70500", "2018-01-31": "0.73070", "2017-10-31": "1.77710", "2017-07-31": "1.64210", "2017-04-30": "1.66470", "2017-01-31": "0.73170", "2016-10-31": "1.67370", "2016-07-31": "1.53930", "2016-04-30": "1.60660", "2016-01-31": "0.72490", "2015-10-31": "1.61400", "2015-07-31": "1.53090", "2015-04-30": "1.63130", "2015-01-31": "0.75810", "2014-10-31": "1.74130", "2014-07-31": "1.58040", "2014-04-30": "1.79310", "2014-01-31": "0.84160", "2013-10-31": "1.78140", "2013-07-31": "1.59640", "2013-04-30": "1.77600", "2013-01-31": "0.95650", "2012-10-31": "1.88350", "2012-07-31": "1.63710", "2012-04-30": "1.87260", "2012-01-31": "0.92420", "2011-10-31": "1.87060", "2011-07-31": "1.59460", "2011-04-30": "1.86240", "2011-01-31": "1.07010", "2010-10-31": "1.65820", "2010-07-31": "1.72550", "2010-04-30": "2.05220", "2010-01-31": "1.10310", "2009-10-31": "1.72790", "2009-07-31": "1.87190", "2009-04-30": "2.09040", "2009-01-31": "1.08640", "2008-10-31": "1.75350", "2008-07-31": "1.78990", "2008-04-30": "1.72070", "2008-01-31": "0.98570", "2007-10-31": "1.58090", "2007-07-31": "1.54830", "2007-04-30": "1.54660", "2007-01-31": "1.12070", "2006-10-31": "1.57050", "2006-07-31": "1.56050", "2006-04-30": "1.44720", "2006-01-31": "1.19620", "2005-10-31": "1.54800", "2005-07-31": "1.43360", "2005-04-30": "1.51420", "2005-01-31": "1.11700"}, "Days Sales In Receivables": {"2020-10-31": "55.07290", "2020-07-31": "60.19220", "2020-04-30": "56.90440", "2020-01-31": "114.54550", "2019-10-31": "51.31180", "2019-07-31": "52.50940", "2019-04-30": "51.85180", "2019-01-31": "122.99750", "2018-10-31": "54.04780", "2018-07-31": "54.31270", "2018-04-30": "52.78440", "2018-01-31": "123.17280", "2017-10-31": "50.64510", "2017-07-31": "54.80750", "2017-04-30": "54.06290", "2017-01-31": "123.00020", "2016-10-31": "53.77170", "2016-07-31": "58.46960", "2016-04-30": "56.01930", "2016-01-31": "124.16000", "2015-10-31": "55.76350", "2015-07-31": "58.78930", "2015-04-30": "55.17210", "2015-01-31": "118.71420", "2014-10-31": "51.68420", "2014-07-31": "56.94820", "2014-04-30": "50.19190", "2014-01-31": "106.94280", "2013-10-31": "50.52260", "2013-07-31": "56.37780", "2013-04-30": "50.67570", "2013-01-31": "94.09230", "2012-10-31": "47.78440", "2012-07-31": "54.97520", "2012-04-30": "48.06200", "2012-01-31": "97.38210", "2011-10-31": "48.11180", "2011-07-31": "56.43890", "2011-04-30": "48.32510", "2011-01-31": "84.10520", "2010-10-31": "54.27520", "2010-07-31": "52.15760", "2010-04-30": "43.85490", "2010-01-31": "81.58770", "2009-10-31": "52.08530", "2009-07-31": "48.07860", "2009-04-30": "43.05400", "2009-01-31": "82.84310", "2008-10-31": "51.32680", "2008-07-31": "50.28330", "2008-04-30": "52.30480", "2008-01-31": "91.30910", "2007-10-31": "56.93110", "2007-07-31": "58.12780", "2007-04-30": "58.19260", "2007-01-31": "80.30930", "2006-10-31": "57.30530", "2006-07-31": "57.67340", "2006-04-30": "62.18910", "2006-01-31": "75.23850", "2005-10-31": "58.14030", "2005-07-31": "62.77970", "2005-04-30": "59.43670", "2005-01-31": "80.57040"}, "ROE - Return On Equity": {"2020-10-31": "2.68170", "2020-07-31": "6.82880", "2020-04-30": "0.28640", "2020-01-31": "-0.73190", "2019-10-31": "-0.32750", "2019-07-31": "0.53010", "2019-04-30": "2.38360", "2019-01-31": "2.31980", "2018-10-31": "0.71460", "2018-07-31": "2.21020", "2018-04-30": "3.11030", "2018-01-31": "1.98540", "2017-10-31": "1.21190", "2017-07-31": "0.54430", "2017-04-30": "0.01260", "2017-01-31": "1.22570", "2016-10-31": "-0.54820", "2016-07-31": "3.74430", "2016-04-30": "0.69410", "2016-01-31": "-0.50990", "2015-10-31": "-0.52960", "2015-07-31": "-0.01880", "2015-04-30": "0.09660", "2015-01-31": "-1.65440", "2014-10-31": "-1.02690", "2014-07-31": "-1.85080", "2014-04-30": "-3.09430", "2014-01-31": "-3.83820", "2013-10-31": "-4.27260", "2013-07-31": "2.71770", "2013-04-30": "-2.74980", "2013-01-31": "-0.89940", "2012-10-31": "-10.57280", "2012-07-31": "-0.51940", "2012-04-30": "-1.07610", "2012-01-31": "-0.25690", "2011-10-31": "-0.25070", "2011-07-31": "-0.30100", "2011-04-30": "0.04220", "2011-01-31": "0.85160", "2010-10-31": "1.84480", "2010-07-31": "1.32080", "2010-04-30": "1.73080", "2010-01-31": "2.23490", "2009-10-31": "2.46320", "2009-07-31": "2.64190", "2009-04-30": "2.49540", "2009-01-31": "2.69020", "2008-10-31": "1.63720", "2008-07-31": "1.76620", "2008-04-30": "1.89930", "2008-01-31": "1.63230", "2007-10-31": "1.62270", "2007-07-31": "1.06390", "2007-04-30": "0.23600", "2007-01-31": "0.18310", "2006-10-31": "0.13220", "2006-07-31": "-0.06300", "2006-04-30": "-0.10810", "2006-01-31": "2.85990", "2005-10-31": "7.38440", "2005-07-31": "3.04710", "2005-04-30": "2.86280", "2005-01-31": "2.47090"}, "Return On Tangible Equity": {"2020-10-31": "11.26160", "2020-07-31": "35.17350", "2020-04-30": "2.05780", "2020-01-31": "-6.15840", "2019-10-31": "-3.33330", "2019-07-31": "4.05890", "2019-04-30": "21.80200", "2019-01-31": "43.56200", "2018-10-31": "-50.48080", "2018-07-31": "-42.59260", "2018-04-30": "12.28130", "2018-01-31": "9.21700", "2017-10-31": "16.73290", "2017-07-31": "24.07800", "2017-04-30": "-0.25190", "2017-01-31": "-10.48100", "2016-10-31": "-19.73620", "2016-07-31": "223.62630", "2016-04-30": "2.66460", "2016-01-31": "-3.84790", "2015-10-31": "-2.79240", "2015-07-31": "-0.11650", "2015-04-30": "0.92240", "2015-01-31": "-34.15950", "2014-10-31": "-483.81850", "2014-07-31": "31.79270", "2014-04-30": "26.26960", "2014-01-31": "25.22600", "2013-10-31": "21.35600", "2013-07-31": "-11.18240", "2013-04-30": "-7.37530", "2013-01-31": "-2.64430", "2012-10-31": "-39.44720", "2012-07-31": "-0.93450", "2012-04-30": "-1.98980", "2012-01-31": "-0.50850", "2011-10-31": "-0.49010", "2011-07-31": "-0.57170", "2011-04-30": "0.06240", "2011-01-31": "1.23470", "2010-10-31": "2.18130", "2010-07-31": "1.54830", "2010-04-30": "1.80590", "2010-01-31": "2.34340", "2009-10-31": "2.59870", "2009-07-31": "2.79840", "2009-04-30": "2.65670", "2009-01-31": "2.87950", "2008-10-31": "1.71390", "2008-07-31": "1.79330", "2008-04-30": "1.93220", "2008-01-31": "1.66380", "2007-10-31": "1.65810", "2007-07-31": "1.08460", "2007-04-30": "0.24130", "2007-01-31": "0.18760", "2006-10-31": "0.13580", "2006-07-31": "-0.06510", "2006-04-30": "-0.11190", "2006-01-31": "2.85990", "2005-10-31": "7.38440", "2005-07-31": "3.04710", "2005-04-30": "2.86280", "2005-01-31": "2.47090"}, "ROA - Return On Assets": {"2020-10-31": "1.82800", "2020-07-31": "4.54310", "2020-04-30": "0.18460", "2020-01-31": "-0.44990", "2019-10-31": "-0.21830", "2019-07-31": "0.27300", "2019-04-30": "1.18240", "2019-01-31": "1.17770", "2018-10-31": "0.39490", "2018-07-31": "1.15790", "2018-04-30": "1.49810", "2018-01-31": "0.93700", "2017-10-31": "0.61180", "2017-07-31": "0.26410", "2017-04-30": "0.00590", "2017-01-31": "0.52280", "2016-10-31": "-0.25930", "2016-07-31": "1.59670", "2016-04-30": "0.30240", "2016-01-31": "-0.19990", "2015-10-31": "-0.23050", "2015-07-31": "-0.00790", "2015-04-30": "0.03950", "2015-01-31": "-0.61660", "2014-10-31": "-0.41350", "2014-07-31": "-0.67800", "2014-04-30": "-1.12150", "2014-01-31": "-1.27420", "2013-10-31": "-1.53670", "2013-07-31": "0.96120", "2013-04-30": "-1.03970", "2013-01-31": "-0.37700", "2012-10-31": "-4.74540", "2012-07-31": "-0.22070", "2012-04-30": "-0.46860", "2012-01-31": "-0.09790", "2011-10-31": "-0.10700", "2011-07-31": "-0.12470", "2011-04-30": "0.01690", "2011-01-31": "0.35160", "2010-10-31": "0.81610", "2010-07-31": "0.61450", "2010-04-30": "0.79880", "2010-01-31": "0.95990", "2009-10-31": "1.30500", "2009-07-31": "1.36190", "2009-04-30": "1.25610", "2009-01-31": "1.24070", "2008-10-31": "0.79360", "2008-07-31": "0.83050", "2008-04-30": "0.85340", "2008-01-31": "0.67720", "2007-10-31": "0.75270", "2007-07-31": "0.48150", "2007-04-30": "0.10460", "2007-01-31": "0.07760", "2006-10-31": "0.06100", "2006-07-31": "-0.02890", "2006-04-30": "-0.05010", "2006-01-31": "1.29180", "2005-10-31": "3.73860", "2005-07-31": "1.55710", "2005-04-30": "1.48660", "2005-01-31": "1.27840"}, "ROI - Return On Investment": {"2020-10-31": "2.51500", "2020-07-31": "6.38480", "2020-04-30": "0.26590", "2020-01-31": "-0.67840", "2019-10-31": "-0.30190", "2019-07-31": "0.45190", "2019-04-30": "1.99810", "2019-01-31": "1.92780", "2018-10-31": "0.58770", "2018-07-31": "1.79030", "2018-04-30": "2.41710", "2018-01-31": "1.86070", "2017-10-31": "1.12330", "2017-07-31": "0.50190", "2017-04-30": "0.01160", "2017-01-31": "0.96680", "2016-10-31": "-0.43330", "2016-07-31": "2.89580", "2016-04-30": "0.56360", "2016-01-31": "-0.40560", "2015-10-31": "-0.41670", "2015-07-31": "-0.01460", "2015-04-30": "0.07430", "2015-01-31": "-1.23020", "2014-10-31": "-0.75500", "2014-07-31": "-1.32820", "2014-04-30": "-2.18650", "2014-01-31": "-2.68690", "2013-10-31": "-2.95150", "2013-07-31": "1.85750", "2013-04-30": "-1.86590", "2013-01-31": "-0.89940", "2012-10-31": "-10.25950", "2012-07-31": "-0.50610", "2012-04-30": "-0.82530", "2012-01-31": "-0.24570", "2011-10-31": "-0.24220", "2011-07-31": "-0.29150", "2011-04-30": "0.04060", "2011-01-31": "0.61260", "2010-10-31": "1.31020", "2010-07-31": "0.95780", "2010-04-30": "1.23010", "2010-01-31": "1.55330", "2009-10-31": "2.42160", "2009-07-31": "2.59400", "2009-04-30": "2.44610", "2009-01-31": "2.66050", "2008-10-31": "1.62100", "2008-07-31": "1.75690", "2008-04-30": "1.88740", "2008-01-31": "1.62460", "2007-10-31": "1.61700", "2007-07-31": "1.05980", "2007-04-30": "0.23500", "2007-01-31": "0.18220", "2006-10-31": "0.13170", "2006-07-31": "-0.06270", "2006-04-30": "-0.10750", "2006-01-31": "2.84050", "2005-10-31": "7.32580", "2005-07-31": "3.01680", "2005-04-30": "2.82920", "2005-01-31": "2.43200"}, "Book Value Per Share": {"2020-10-31": "44.10280", "2020-07-31": "42.33480", "2020-04-30": "38.44830", "2020-01-31": "37.94510", "2019-10-31": "37.56100", "2019-07-31": "22.00770", "2019-04-30": "21.19330", "2019-01-31": "20.26620", "2018-10-31": "19.20650", "2018-07-31": "17.87760", "2018-04-30": "15.07020", "2018-01-31": "14.21370", "2017-10-31": "12.22400", "2017-07-31": "11.75920", "2017-04-30": "11.14080", "2017-01-31": "10.60150", "2016-10-31": "9.76900", "2016-07-31": "8.95270", "2016-04-30": "8.24250", "2016-01-31": "7.45660", "2015-10-31": "7.15350", "2015-07-31": "6.87240", "2015-04-30": "6.45610", "2015-01-31": "6.11010", "2014-10-31": "6.00730", "2014-07-31": "5.33210", "2014-04-30": "5.10080", "2014-01-31": "4.98000", "2013-10-31": "4.82980", "2013-07-31": "4.72930", "2013-04-30": "4.17420", "2013-01-31": "3.95750", "2012-10-31": "3.66830", "2012-07-31": "3.40340", "2012-04-30": "3.27860", "2012-01-31": "2.89590", "2011-10-31": "2.75440", "2011-07-31": "2.61650", "2011-04-30": "2.34440", "2011-01-31": "2.40080", "2010-10-31": "2.30680", "2010-07-31": "2.41640", "2010-04-30": "2.24230", "2010-01-31": "2.07760", "2009-10-31": "1.74250", "2009-07-31": "1.61770", "2009-04-30": "1.49560", "2009-01-31": "1.38890", "2008-10-31": "1.26720", "2008-07-31": "1.16940", "2008-04-30": "1.04720", "2008-01-31": "0.94730", "2007-10-31": "0.84950", "2007-07-31": "0.75140", "2007-04-30": "0.66940", "2007-01-31": "0.61510", "2006-10-31": "0.56470", "2006-07-31": "0.51230", "2006-04-30": "0.47510", "2006-01-31": "0.44420", "2005-10-31": "0.42010", "2005-07-31": "0.38430", "2005-04-30": "0.36080", "2005-01-31": "0.34560"}, "Operating Cash Flow Per Share": {"2020-10-31": 0.3161, "2020-07-31": 0.4455, "2020-04-30": "2.03610", "2020-01-31": 2.0248, "2019-10-31": 0.0504, "2019-07-31": 0.5422, "2019-04-30": "2.47790", "2019-01-31": 1.7514, "2018-10-31": 0.1473, "2018-07-31": 0.5415, "2018-04-30": "1.94430", "2018-01-31": 1.4406, "2017-10-31": 0.1433, "2017-07-31": 0.4377, "2017-04-30": "1.70360", "2017-01-31": 0.9798, "2016-10-31": 0.2384, "2016-07-31": 0.34, "2016-04-30": "1.53040", "2016-01-31": 0.7175, "2015-10-31": 0.2334, "2015-07-31": 0.4698, "2015-04-30": "1.10650", "2015-01-31": 0.5562, "2014-10-31": 0.1714, "2014-07-31": 0.3929, "2014-04-30": "0.77240", "2014-01-31": 0.4586, "2013-10-31": 0.2597, "2013-07-31": 0.2653, "2013-04-30": "0.48130", "2013-01-31": 0.504, "2012-10-31": 0.174, "2012-07-31": 0.2407, "2012-04-30": "0.38580", "2012-01-31": 0.4467, "2011-10-31": 0.2345, "2011-07-31": 0.1644, "2011-04-30": "0.24730", "2011-01-31": 0.3051, "2010-10-31": 0.1265, "2010-07-31": 0.1379, "2010-04-30": "0.27070", "2010-01-31": 0.18, "2009-10-31": 0.0646, "2009-07-31": 0.0887, "2009-04-30": "0.19540", "2009-01-31": 0.1506, "2008-10-31": 0.0353, "2008-07-31": 0.1039, "2008-04-30": "0.16850", "2008-01-31": 0.1645, "2007-10-31": 0.1054, "2007-07-31": 0.071, "2007-04-30": "0.07630", "2007-01-31": 0.0795, "2006-10-31": 0.057, "2006-07-31": 0.0669, "2006-04-30": "0.02800", "2006-01-31": 0.0827, "2005-10-31": 0.0514, "2005-07-31": 0.0293, "2005-04-30": "0.03850", "2005-01-31": 0.126}, "Free Cash Flow Per Share": {"2020-10-31": 0.1926, "2020-07-31": 0.3252, "2020-04-30": "1.68240", "2020-01-31": 1.8451, "2019-10-31": -0.1025, "2019-07-31": 0.3188, "2019-04-30": "2.27740", "2019-01-31": 1.5289, "2018-10-31": -0.0206, "2018-07-31": 0.326, "2018-04-30": "1.78250", "2018-01-31": 1.2506, "2017-10-31": -0.0023, "2017-07-31": 0.2641, "2017-04-30": "1.48620", "2017-01-31": 0.7803, "2016-10-31": 0.0327, "2016-07-31": 0.2036, "2016-04-30": "1.40910", "2016-01-31": 0.6128, "2015-10-31": 0.1143, "2015-07-31": 0.3706, "2015-04-30": "0.99950", "2015-01-31": 0.4166, "2014-10-31": 0.0591, "2014-07-31": 0.2775, "2014-04-30": "0.67430", "2014-01-31": 0.3399, "2013-10-31": 0.1285, "2013-07-31": 0.1065, "2013-04-30": "0.38950", "2013-01-31": 0.413, "2012-10-31": 0.0868, "2012-07-31": 0.1889, "2012-04-30": "0.30490", "2012-01-31": 0.3635, "2011-10-31": 0.1715, "2011-07-31": 0.0788, "2011-04-30": "0.19890", "2011-01-31": 0.2488, "2010-10-31": 0.0902, "2010-07-31": 0.0863, "2010-04-30": "0.24860", "2010-01-31": 0.1659, "2009-10-31": 0.0454, "2009-07-31": 0.0522, "2009-04-30": "0.16860", "2009-01-31": 0.1262, "2008-10-31": 0.0118, "2008-07-31": 0.0785, "2008-04-30": "0.11990", "2008-01-31": 0.1475, "2007-10-31": 0.0871, "2007-07-31": 0.0503, "2007-04-30": "0.04330", "2007-01-31": 0.0637, "2006-10-31": 0.0389, "2006-07-31": 0.0607, "2006-04-30": "0.02210", "2006-01-31": 0.071, "2005-10-31": 0.0404, "2005-07-31": 0.0224, "2005-04-30": "0.01880", "2005-01-31": 0.1163}}, "revenue": {"Salesforce, Inc Annual Revenue (Millions of US $)": {"2020": "$17,098", "2019": "$13,282", "2018": "$10,540", "2017": "$8,437", "2016": "$6,667", "2015": "$5,374", "2014": "$4,071", "2013": "$3,050", "2012": "$2,267", "2011": "$1,657", "2010": "$1,306", "2009": "$1,077", "2008": "$749", "2007": "$497", "2006": "$310", "2005": "$176"}, "Salesforce, Inc Quarterly Revenue (Millions of US $)": {"2020-10-31": "$5,419", "2020-07-31": "$5,151", "2020-04-30": "$4,865", "2020-01-31": "$4,851", "2019-10-31": "$4,513", "2019-07-31": "$3,997", "2019-04-30": "$3,737", "2019-01-31": "$3,603", "2018-10-31": "$3,392", "2018-07-31": "$3,281", "2018-04-30": "$3,006", "2018-01-31": "$2,865", "2017-10-31": "$2,701", "2017-07-31": "$2,577", "2017-04-30": "$2,397", "2017-01-31": "$2,339", "2016-10-31": "$2,145", "2016-07-31": "$2,037", "2016-04-30": "$1,917", "2016-01-31": "$1,809", "2015-10-31": "$1,712", "2015-07-31": "$1,635", "2015-04-30": "$1,511", "2015-01-31": "$1,445", "2014-10-31": "$1,384", "2014-07-31": "$1,319", "2014-04-30": "$1,227", "2014-01-31": "$1,145", "2013-10-31": "$1,076", "2013-07-31": "$957", "2013-04-30": "$893", "2013-01-31": "$835", "2012-10-31": "$788", "2012-07-31": "$732", "2012-04-30": "$695", "2012-01-31": "$632", "2011-10-31": "$584", "2011-07-31": "$546", "2011-04-30": "$504", "2011-01-31": "$457", "2010-10-31": "$429", "2010-07-31": "$394", "2010-04-30": "$377", "2010-01-31": "$354", "2009-10-31": "$331", "2009-07-31": "$316", "2009-04-30": "$305", "2009-01-31": "$290", "2008-10-31": "$276", "2008-07-31": "$263", "2008-04-30": "$248", "2008-01-31": "$217", "2007-10-31": "$193", "2007-07-31": "$177", "2007-04-30": "$162", "2007-01-31": "$144", "2006-10-31": "$130", "2006-07-31": "$118", "2006-04-30": "$105", "2006-01-31": "$91", "2005-10-31": "$83", "2005-07-31": "$72", "2005-04-30": "$64", "2005-01-31": "$55"}}, "gross-profit": {"Salesforce, Inc Annual Gross Profit (Millions of US $)": {"2020": "$12,863", "2019": "$9,831", "2018": "$7,767", "2017": "$6,203", "2016": "$5,013", "2015": "$4,084", "2014": "$3,103", "2013": "$2,367", "2012": "$1,778", "2011": "$1,333", "2010": "$1,048", "2009": "$856", "2008": "$577", "2007": "$378", "2006": "$241", "2005": "$143"}, "Salesforce, Inc Quarterly Gross Profit (Millions of US $)": {"2020-10-31": "$4,025", "2020-07-31": "$3,840", "2020-04-30": "$3,611", "2020-01-31": "$3,631", "2019-10-31": "$3,379", "2019-07-31": "$3,030", "2019-04-30": "$2,823", "2019-01-31": "$2,657", "2018-10-31": "$2,503", "2018-07-31": "$2,432", "2018-04-30": "$2,239", "2018-01-31": "$2,127", "2017-10-31": "$1,987", "2017-07-31": "$1,907", "2017-04-30": "$1,746", "2017-01-31": "$1,713", "2016-10-31": "$1,559", "2016-07-31": "$1,511", "2016-04-30": "$1,420", "2016-01-31": "$1,366", "2015-10-31": "$1,288", "2015-07-31": "$1,229", "2015-04-30": "$1,129", "2015-01-31": "$1,089", "2014-10-31": "$1,050", "2014-07-31": "$1,011", "2014-04-30": "$934", "2014-01-31": "$872", "2013-10-31": "$808", "2013-07-31": "$739", "2013-04-30": "$684", "2013-01-31": "$651", "2012-10-31": "$602", "2012-07-31": "$569", "2012-04-30": "$544", "2012-01-31": "$496", "2011-10-31": "$456", "2011-07-31": "$425", "2011-04-30": "$401", "2011-01-31": "$365", "2010-10-31": "$347", "2010-07-31": "$317", "2010-04-30": "$305", "2010-01-31": "$286", "2009-10-31": "$265", "2009-07-31": "$254", "2009-04-30": "$243", "2009-01-31": "$231", "2008-10-31": "$220", "2008-07-31": "$209", "2008-04-30": "$196", "2008-01-31": "$170", "2007-10-31": "$149", "2007-07-31": "$135", "2007-04-30": "$123", "2007-01-31": "$110", "2006-10-31": "$99", "2006-07-31": "$89", "2006-04-30": "$80", "2006-01-31": "$70", "2005-10-31": "$63", "2005-07-31": "$56", "2005-04-30": "$52", "2005-01-31": "$45"}}, "operating-income": {"Salesforce, Inc Annual Operating Income (Millions of US $)": {"2020": "$297", "2019": "$535", "2018": "$454", "2017": "$218", "2016": "$115", "2015": "$-146", "2014": "$-286", "2013": "$-111", "2012": "$-35", "2011": "$97", "2010": "$115", "2009": "$64", "2008": "$20", "2007": "$-4", "2006": "$20", "2005": "$7"}, "Salesforce, Inc Quarterly Operating Income (Millions of US $)": {"2020-10-31": "$224", "2020-07-31": "$178", "2020-04-30": "$-140", "2020-01-31": "$-36", "2019-10-31": "$65", "2019-07-31": "$58", "2019-04-30": "$210", "2019-01-31": "$137", "2018-10-31": "$92", "2018-07-31": "$115", "2018-04-30": "$191", "2018-01-31": "$211", "2017-10-31": "$155", "2017-07-31": "$84", "2017-04-30": "$4", "2017-01-31": "$130", "2016-10-31": "$3", "2016-07-31": "$33", "2016-04-30": "$52", "2016-01-31": "$21", "2015-10-31": "$43", "2015-07-31": "$20", "2015-04-30": "$31", "2015-01-31": "$-35", "2014-10-31": "$-22", "2014-07-31": "$-33", "2014-04-30": "$-55", "2014-01-31": "$-104", "2013-10-31": "$-98", "2013-07-31": "$-40", "2013-04-30": "$-45", "2013-01-31": "$-21", "2012-10-31": "$-54", "2012-07-31": "$-13", "2012-04-30": "$-22", "2012-01-31": "$-6", "2011-10-31": "$-10", "2011-07-31": "$-16", "2011-04-30": "$-3", "2011-01-31": "$-0", "2010-10-31": "$35", "2010-07-31": "$30", "2010-04-30": "$33", "2010-01-31": "$26", "2009-10-31": "$30", "2009-07-31": "$29", "2009-04-30": "$30", "2009-01-31": "$16", "2008-10-31": "$16", "2008-07-31": "$16", "2008-04-30": "$15", "2008-01-31": "$11", "2007-10-31": "$6", "2007-07-31": "$3", "2007-04-30": "$0", "2007-01-31": "$-2", "2006-10-31": "$-0", "2006-07-31": "$-1", "2006-04-30": "$-0", "2006-01-31": "$5", "2005-10-31": "$6", "2005-07-31": "$4", "2005-04-30": "$4", "2005-01-31": "$3"}}, "ebitda": {"Salesforce, Inc Annual EBITDA (Millions of US $)": {"2020": "$3,308", "2019": "$2,254", "2018": "$1,830", "2017": "$1,351", "2016": "$987", "2015": "$600", "2014": "$327", "2013": "$285", "2012": "$240", "2011": "$273", "2010": "$233", "2009": "$158", "2008": "$87", "2007": "$32", "2006": "$41", "2005": "$25"}, "Salesforce, Inc Quarterly EBITDA (Millions of US $)": {"2020-10-31": "$1,165", "2020-07-31": "$1,077", "2020-04-30": "$765", "2020-01-31": "$826", "2019-10-31": "$894", "2019-07-31": "$732", "2019-04-30": "$856", "2019-01-31": "$588", "2018-10-31": "$539", "2018-07-31": "$551", "2018-04-30": "$576", "2018-01-31": "$548", "2017-10-31": "$513", "2017-07-31": "$431", "2017-04-30": "$338", "2017-01-31": "$520", "2016-10-31": "$273", "2016-07-31": "$278", "2016-04-30": "$280", "2016-01-31": "$246", "2015-10-31": "$264", "2015-07-31": "$235", "2015-04-30": "$242", "2015-01-31": "$163", "2014-10-31": "$165", "2014-07-31": "$145", "2014-04-30": "$127", "2014-01-31": "$79", "2013-10-31": "$78", "2013-07-31": "$97", "2013-04-30": "$73", "2013-01-31": "$87", "2012-10-31": "$51", "2012-07-31": "$79", "2012-04-30": "$68", "2012-01-31": "$74", "2011-10-31": "$60", "2011-07-31": "$51", "2011-04-30": "$54", "2011-01-31": "$48", "2010-10-31": "$81", "2010-07-31": "$71", "2010-04-30": "$72", "2010-01-31": "$59", "2009-10-31": "$59", "2009-07-31": "$57", "2009-04-30": "$57", "2009-01-31": "$42", "2008-10-31": "$39", "2008-07-31": "$39", "2008-04-30": "$38", "2008-01-31": "$30", "2007-10-31": "$24", "2007-07-31": "$19", "2007-04-30": "$14", "2007-01-31": "$8", "2006-10-31": "$9", "2006-07-31": "$7", "2006-04-30": "$7", "2006-01-31": "$11", "2005-10-31": "$12", "2005-07-31": "$9", "2005-04-30": "$9", "2005-01-31": "$8"}}, "net-income": {"Salesforce, Inc Annual Net Income (Millions of US $)": {"2020": "$126", "2019": "$1,110", "2018": "$360", "2017": "$323", "2016": "$-47", "2015": "$-263", "2014": "$-232", "2013": "$-270", "2012": "$-12", "2011": "$64", "2010": "$81", "2009": "$43", "2008": "$18", "2007": "$0", "2006": "$28", "2005": "$7"}, "Salesforce, Inc Quarterly Net Income (Millions of US $)": {"2020-10-31": "$1,081", "2020-07-31": "$2,625", "2020-04-30": "$99", "2020-01-31": "$-248", "2019-10-31": "$-109", "2019-07-31": "$91", "2019-04-30": "$392", "2019-01-31": "$362", "2018-10-31": "$105", "2018-07-31": "$299", "2018-04-30": "$344", "2018-01-31": "$206", "2017-10-31": "$107", "2017-07-31": "$46", "2017-04-30": "$1", "2017-01-31": "$92", "2016-10-31": "$-37", "2016-07-31": "$230", "2016-04-30": "$39", "2016-01-31": "$-26", "2015-10-31": "$-25", "2015-07-31": "$-1", "2015-04-30": "$4", "2015-01-31": "$-66", "2014-10-31": "$-39", "2014-07-31": "$-61", "2014-04-30": "$-97", "2014-01-31": "$-117", "2013-10-31": "$-124", "2013-07-31": "$77", "2013-04-30": "$-68", "2013-01-31": "$-21", "2012-10-31": "$-220", "2012-07-31": "$-10", "2012-04-30": "$-19", "2012-01-31": "$-4", "2011-10-31": "$-4", "2011-07-31": "$-4", "2011-04-30": "$1", "2011-01-31": "$11", "2010-10-31": "$21", "2010-07-31": "$15", "2010-04-30": "$18", "2010-01-31": "$20", "2009-10-31": "$21", "2009-07-31": "$21", "2009-04-30": "$18", "2009-01-31": "$14", "2008-10-31": "$10", "2008-07-31": "$10", "2008-04-30": "$10", "2008-01-31": "$7", "2007-10-31": "$7", "2007-07-31": "$4", "2007-04-30": "$1", "2007-01-31": "$1", "2006-10-31": "$0", "2006-07-31": "$-0", "2006-04-30": "$-0", "2006-01-31": "$6", "2005-10-31": "$13", "2005-07-31": "$5", "2005-04-30": "$4", "2005-01-31": "$4"}}, "eps-earnings-per-share-diluted": {"Salesforce, Inc Annual EPS": {"2020": "$0.15", "2019": "$1.43", "2018": "$0.49", "2017": "$0.46", "2016": "$-0.07", "2015": "$-0.42", "2014": "$-0.39", "2013": "$-0.48", "2012": "$-0.02", "2011": "$0.12", "2010": "$0.16", "2009": "$0.09", "2008": "$0.04", "2007": "$0.00", "2006": "$0.06", "2005": "$0.02"}, "Salesforce, Inc Quarterly EPS": {"2020-10-31": "$1.15", "2020-07-31": "$2.85", "2020-04-30": "$0.11", "2020-01-31": "$-0.33", "2019-10-31": "$-0.12", "2019-07-31": "$0.11", "2019-04-30": "$0.49", "2019-01-31": "$0.45", "2018-10-31": "$0.13", "2018-07-31": "$0.39", "2018-04-30": "$0.46", "2018-01-31": "$0.29", "2017-10-31": "$0.14", "2017-07-31": "$0.06", "2017-04-30": "$0.00", "2017-01-31": "$0.12", "2016-10-31": "$-0.05", "2016-07-31": "$0.33", "2016-04-30": "$0.06", "2016-01-31": "$-0.04", "2015-10-31": "$-0.04", "2015-07-31": "$0.00", "2015-04-30": "$0.01", "2015-01-31": "$-0.10", "2014-10-31": "$-0.06", "2014-07-31": "$-0.10", "2014-04-30": "$-0.16", "2014-01-31": "$-0.18", "2013-10-31": "$-0.21", "2013-07-31": "$0.12", "2013-04-30": "$-0.12", "2013-01-31": "$-0.03", "2012-10-31": "$-0.39", "2012-07-31": "$-0.02", "2012-04-30": "$-0.04", "2012-01-31": "$-0.01", "2011-10-31": "$-0.01", "2011-07-31": "$-0.01", "2011-04-30": "$0.00", "2011-01-31": "$0.02", "2010-10-31": "$0.04", "2010-07-31": "$0.03", "2010-04-30": "$0.03", "2010-01-31": "$0.04", "2009-10-31": "$0.04", "2009-07-31": "$0.04", "2009-04-30": "$0.04", "2009-01-31": "$0.03", "2008-10-31": "$0.02", "2008-07-31": "$0.02", "2008-04-30": "$0.02", "2008-01-31": "$0.02", "2007-10-31": "$0.01", "2007-07-31": "$0.01", "2007-04-30": "$0.00", "2007-01-31": "$0.00", "2006-10-31": "$0.00", "2006-07-31": "$0.00", "2006-04-30": "$0.00", "2006-01-31": "$0.01", "2005-10-31": "$0.03", "2005-07-31": "$0.01", "2005-04-30": "$0.01", "2005-01-31": "$0.01"}}, "shares-outstanding": {"Salesforce, Inc Annual Shares Outstanding (Millions of Shares)": {"2020": "850", "2019": "775", "2018": "735", "2017": "700", "2016": "662", "2015": "624", "2014": "598", "2013": "565", "2012": "541", "2011": "546", "2010": "512", "2009": "501", "2008": "490", "2007": "481", "2006": "475", "2005": "443"}, "Salesforce, Inc Quarterly Shares Outstanding (Millions of Shares)": {"2020-10-31": "939", "2020-07-31": "922", "2020-04-30": "913", "2020-01-31": "850", "2019-10-31": "879", "2019-07-31": "795", "2019-04-30": "793", "2019-01-31": "775", "2018-10-31": "785", "2018-07-31": "774", "2018-04-30": "754", "2018-01-31": "735", "2017-10-31": "738", "2017-07-31": "729", "2017-04-30": "722", "2017-01-31": "700", "2016-10-31": "690", "2016-07-31": "696", "2016-04-30": "687", "2016-01-31": "662", "2015-10-31": "664", "2015-07-31": "659", "2015-04-30": "664", "2015-01-31": "624", "2014-10-31": "630", "2014-07-31": "617", "2014-04-30": "613", "2014-01-31": "598", "2013-10-31": "600", "2013-07-31": "625", "2013-04-30": "588", "2013-01-31": "565", "2012-10-31": "569", "2012-07-31": "558", "2012-04-30": "553", "2012-01-31": "541", "2011-10-31": "543", "2011-07-31": "540", "2011-04-30": "564", "2011-01-31": "546", "2010-10-31": "548", "2010-07-31": "537", "2010-04-30": "529", "2010-01-31": "512", "2009-10-31": "514", "2009-07-31": "506", "2009-04-30": "501", "2009-01-31": "501", "2008-10-31": "501", "2008-07-31": "503", "2008-04-30": "498", "2008-01-31": "490", "2007-10-31": "489", "2007-07-31": "485", "2007-04-30": "483", "2007-01-31": "481", "2006-10-31": "481", "2006-07-31": "447", "2006-04-30": "444", "2006-01-31": "475", "2005-10-31": "475", "2005-07-31": "472", "2005-04-30": "465", "2005-01-31": "443"}}, "total-assets": {"Salesforce, Inc Annual Total Assets (Millions of US $)": {"2020": "$55,126", "2019": "$30,737", "2018": "$21,984", "2017": "$17,585", "2016": "$12,763", "2015": "$10,665", "2014": "$9,153", "2013": "$5,529", "2012": "$4,164", "2011": "$3,091", "2010": "$2,460", "2009": "$1,480", "2008": "$1,090", "2007": "$665", "2006": "$435", "2005": "$280"}, "Salesforce, Inc Quarterly Total Assets (Millions of US $)": {"2020-10-31": "$59,136", "2020-07-31": "$57,780", "2020-04-30": "$53,623", "2020-01-31": "$55,126", "2019-10-31": "$49,942", "2019-07-31": "$33,336", "2019-04-30": "$33,154", "2019-01-31": "$30,737", "2018-10-31": "$26,588", "2018-07-31": "$25,823", "2018-04-30": "$22,963", "2018-01-31": "$21,984", "2017-10-31": "$17,490", "2017-07-31": "$17,419", "2017-04-30": "$17,059", "2017-01-31": "$17,585", "2016-10-31": "$14,388", "2016-07-31": "$14,381", "2016-04-30": "$12,817", "2016-01-31": "$12,763", "2015-10-31": "$10,912", "2015-07-31": "$10,794", "2015-04-30": "$10,366", "2015-01-31": "$10,665", "2014-10-31": "$9,413", "2014-07-31": "$9,010", "2014-04-30": "$8,641", "2014-01-31": "$9,153", "2013-10-31": "$8,098", "2013-07-31": "$7,970", "2013-04-30": "$6,514", "2013-01-31": "$5,529", "2012-10-31": "$4,642", "2012-07-31": "$4,454", "2012-04-30": "$4,156", "2012-01-31": "$4,164", "2011-10-31": "$3,511", "2011-07-31": "$3,421", "2011-04-30": "$3,128", "2011-01-31": "$3,091", "2010-10-31": "$2,741", "2010-07-31": "$2,698", "2010-04-30": "$2,488", "2010-01-31": "$2,460", "2009-10-31": "$1,643", "2009-07-31": "$1,557", "2009-04-30": "$1,468", "2009-01-31": "$1,480", "2008-10-31": "$1,276", "2008-07-31": "$1,204", "2008-04-30": "$1,120", "2008-01-31": "$1,090", "2007-10-31": "$865", "2007-07-31": "$776", "2007-04-30": "$698", "2007-01-31": "$665", "2006-10-31": "$556", "2006-07-31": "$501", "2006-04-30": "$457", "2006-01-31": "$435", "2005-10-31": "$359", "2005-07-31": "$324", "2005-04-30": "$295", "2005-01-31": "$280"}}, "cash-on-hand": {"Salesforce, Inc Annual Cash on Hand (Millions of US $)": {"2020": "$7,947", "2019": "$4,342", "2018": "$4,521", "2017": "$2,209", "2016": "$2,725", "2015": "$995", "2014": "$839", "2013": "$868", "2012": "$778", "2011": "$497", "2010": "$1,242", "2009": "$698", "2008": "$451", "2007": "$252", "2006": "$208", "2005": "$119"}, "Salesforce, Inc Quarterly Cash on Hand (Millions of US $)": {"2020-10-31": "$9,492", "2020-07-31": "$9,283", "2020-04-30": "$9,802", "2020-01-31": "$7,947", "2019-10-31": "$6,529", "2019-07-31": "$6,042", "2019-04-30": "$6,379", "2019-01-31": "$4,342", "2018-10-31": "$3,450", "2018-07-31": "$3,427", "2018-04-30": "$7,159", "2018-01-31": "$4,521", "2017-10-31": "$3,629", "2017-07-31": "$3,501", "2017-04-30": "$3,220", "2017-01-31": "$2,209", "2016-10-31": "$1,201", "2016-07-31": "$1,174", "2016-04-30": "$2,031", "2016-01-31": "$2,725", "2015-10-31": "$1,358", "2015-07-31": "$1,170", "2015-04-30": "$1,019", "2015-01-31": "$995", "2014-10-31": "$926", "2014-07-31": "$845", "2014-04-30": "$879", "2014-01-31": "$839", "2013-10-31": "$704", "2013-07-31": "$623", "2013-04-30": "$2,100", "2013-01-31": "$868", "2012-10-31": "$606", "2012-07-31": "$1,108", "2012-04-30": "$710", "2012-01-31": "$778", "2011-10-31": "$646", "2011-07-31": "$577", "2011-04-30": "$764", "2011-01-31": "$497", "2010-10-31": "$770", "2010-07-31": "$742", "2010-04-30": "$952", "2010-01-31": "$1,242", "2009-10-31": "$445", "2009-07-31": "$420", "2009-04-30": "$517", "2009-01-31": "$698", "2008-10-31": "$601", "2008-07-31": "$578", "2008-04-30": "$495", "2008-01-31": "$451", "2007-10-31": "$374", "2007-07-31": "$308", "2007-04-30": "$250", "2007-01-31": "$252", "2006-10-31": "$245", "2006-07-31": "$267", "2006-04-30": "$233", "2006-01-31": "$208", "2005-10-31": "$173", "2005-07-31": "$134", "2005-04-30": "$126", "2005-01-31": "$119"}}, "long-term-debt": {"Salesforce, Inc Annual Long Term Debt (Millions of US $)": {"2020": "$2,673", "2019": "$3,173", "2018": "$695", "2017": "$2,008", "2016": "$1,286", "2015": "$1,371", "2014": "$1,302", "2013": "$", "2012": "$72", "2011": "$498", "2010": "$464", "2009": "$8", "2008": "$2", "2007": "$1", "2006": "$1", "2005": "$2"}, "Salesforce, Inc Quarterly Long Term Debt (Millions of US $)": {"2020-10-31": "$2,672", "2020-07-31": "$2,673", "2020-04-30": "$2,673", "2020-01-31": "$2,673", "2019-10-31": "$2,824", "2019-07-31": "$2,973", "2019-04-30": "$3,173", "2019-01-31": "$3,173", "2018-10-31": "$3,173", "2018-07-31": "$3,173", "2018-04-30": "$3,172", "2018-01-31": "$695", "2017-10-31": "$697", "2017-07-31": "$713", "2017-04-30": "$696", "2017-01-31": "$2,008", "2016-10-31": "$1,804", "2016-07-31": "$1,797", "2016-04-30": "$1,293", "2016-01-31": "$1,286", "2015-10-31": "$1,288", "2015-07-31": "$1,282", "2015-04-30": "$1,276", "2015-01-31": "$1,371", "2014-10-31": "$1,365", "2014-07-31": "$1,299", "2014-04-30": "$1,300", "2014-01-31": "$1,302", "2013-10-31": "$1,304", "2013-07-31": "$1,305", "2013-04-30": "$1,167", "2013-01-31": "", "2012-10-31": "$64", "2012-07-31": "$50", "2012-04-30": "$550", "2012-01-31": "$72", "2011-10-31": "$53", "2011-07-31": "$46", "2011-04-30": "$49", "2011-01-31": "$498", "2010-10-31": "$495", "2010-07-31": "$476", "2010-04-30": "$467", "2010-01-31": "$464", "2009-10-31": "$15", "2009-07-31": "$15", "2009-04-30": "$15", "2009-01-31": "$8", "2008-10-31": "$6", "2008-07-31": "$3", "2008-04-30": "$3", "2008-01-31": "$2", "2007-10-31": "$1", "2007-07-31": "$1", "2007-04-30": "$1", "2007-01-31": "$1", "2006-10-31": "$1", "2006-07-31": "$1", "2006-04-30": "$1", "2006-01-31": "$1", "2005-10-31": "$1", "2005-07-31": "$2", "2005-04-30": "$2", "2005-01-31": "$2"}}, "total-liabilities": {"Salesforce, Inc Annual Total Liabilities (Millions of US $)": {"2020": "$21,241", "2019": "$15,132", "2018": "$11,608", "2017": "$10,085", "2016": "$7,760", "2015": "$6,690", "2014": "$6,114", "2013": "$3,211", "2012": "$2,577", "2011": "$1,815", "2010": "$1,404", "2009": "$797", "2008": "$638", "2007": "$383", "2006": "$238", "2005": "$135"}, "Salesforce, Inc Quarterly Total Liabilities (Millions of US $)": {"2020-10-31": "$18,826", "2020-07-31": "$19,340", "2020-04-30": "$19,058", "2020-01-31": "$21,241", "2019-10-31": "$16,663", "2019-07-31": "$16,170", "2019-04-30": "$16,708", "2019-01-31": "$15,132", "2018-10-31": "$11,895", "2018-07-31": "$12,295", "2018-04-30": "$11,903", "2018-01-31": "$11,608", "2017-10-31": "$8,661", "2017-07-31": "$8,967", "2017-04-30": "$9,124", "2017-01-31": "$10,085", "2016-10-31": "$7,582", "2016-07-31": "$8,249", "2016-04-30": "$7,233", "2016-01-31": "$7,760", "2015-10-31": "$6,162", "2015-07-31": "$6,258", "2015-04-30": "$6,130", "2015-01-31": "$6,690", "2014-10-31": "$5,622", "2014-07-31": "$5,709", "2014-04-30": "$5,509", "2014-01-31": "$6,114", "2013-10-31": "$5,185", "2013-07-31": "$5,151", "2013-04-30": "$4,051", "2013-01-31": "$3,211", "2012-10-31": "$2,559", "2012-07-31": "$2,561", "2012-04-30": "$2,346", "2012-01-31": "$2,577", "2011-10-31": "$2,013", "2011-07-31": "$2,003", "2011-04-30": "$1,872", "2011-01-31": "$1,815", "2010-10-31": "$1,528", "2010-07-31": "$1,443", "2010-04-30": "$1,340", "2010-01-31": "$1,404", "2009-10-31": "$773", "2009-07-31": "$754", "2009-04-30": "$729", "2009-01-31": "$797", "2008-10-31": "$657", "2008-07-31": "$638", "2008-04-30": "$617", "2008-01-31": "$638", "2007-10-31": "$464", "2007-07-31": "$425", "2007-04-30": "$389", "2007-01-31": "$383", "2006-10-31": "$299", "2006-07-31": "$271", "2006-04-30": "$246", "2006-01-31": "$238", "2005-10-31": "$177", "2005-07-31": "$158", "2005-04-30": "$142", "2005-01-31": "$135"}}, "total-share-holder-equity": {"Salesforce, Inc Annual Share Holder Equity (Millions of US $)": {"2020": "$33,885", "2019": "$15,605", "2018": "$10,376", "2017": "$7,500", "2016": "$5,003", "2015": "$3,975", "2014": "$3,039", "2013": "$2,318", "2012": "$1,587", "2011": "$1,276", "2010": "$1,057", "2009": "$682", "2008": "$452", "2007": "$282", "2006": "$196", "2005": "$145"}, "Salesforce, Inc Quarterly Share Holder Equity (Millions of US $)": {"2020-10-31": "$40,310", "2020-07-31": "$38,440", "2020-04-30": "$34,565", "2020-01-31": "$33,885", "2019-10-31": "$33,279", "2019-07-31": "$17,166", "2019-04-30": "$16,446", "2019-01-31": "$15,605", "2018-10-31": "$14,693", "2018-07-31": "$13,528", "2018-04-30": "$11,060", "2018-01-31": "$10,376", "2017-10-31": "$8,829", "2017-07-31": "$8,451", "2017-04-30": "$7,934", "2017-01-31": "$7,500", "2016-10-31": "$6,806", "2016-07-31": "$6,133", "2016-04-30": "$5,584", "2016-01-31": "$5,003", "2015-10-31": "$4,750", "2015-07-31": "$4,536", "2015-04-30": "$4,235", "2015-01-31": "$3,975", "2014-10-31": "$3,791", "2014-07-31": "$3,301", "2014-04-30": "$3,132", "2014-01-31": "$3,039", "2013-10-31": "$2,912", "2013-07-31": "$2,819", "2013-04-30": "$2,463", "2013-01-31": "$2,318", "2012-10-31": "$2,084", "2012-07-31": "$1,892", "2012-04-30": "$1,810", "2012-01-31": "$1,587", "2011-10-31": "$1,498", "2011-07-31": "$1,418", "2011-04-30": "$1,256", "2011-01-31": "$1,276", "2010-10-31": "$1,212", "2010-07-31": "$1,256", "2010-04-30": "$1,148", "2010-01-31": "$1,057", "2009-10-31": "$871", "2009-07-31": "$802", "2009-04-30": "$739", "2009-01-31": "$682", "2008-10-31": "$618", "2008-07-31": "$566", "2008-04-30": "$503", "2008-01-31": "$452", "2007-10-31": "$401", "2007-07-31": "$351", "2007-04-30": "$309", "2007-01-31": "$282", "2006-10-31": "$256", "2006-07-31": "$230", "2006-04-30": "$212", "2006-01-31": "$196", "2005-10-31": "$182", "2005-07-31": "$165", "2005-04-30": "$153", "2005-01-31": "$145"}}, "profit-margins": {"current": "17.53%"}, "gross margin": {"2020-10-31": "74.47%", "2020-07-31": "74.62%", "2020-04-30": "74.90%", "2020-01-31": "75.23%", "2019-10-31": "75.01%", "2019-07-31": "74.77%", "2019-04-30": "74.32%", "2019-01-31": "74.02%", "2018-10-31": "74.15%", "2018-07-31": "74.12%", "2018-04-30": "74.09%", "2018-01-31": "73.69%", "2017-10-31": "73.43%", "2017-07-31": "73.22%", "2017-04-30": "73.21%", "2017-01-31": "73.51%", "2016-10-31": "74.05%", "2016-07-31": "74.72%", "2016-04-30": "74.98%", "2016-01-31": "75.18%", "2015-10-31": "75.12%", "2015-07-31": "75.26%", "2015-04-30": "75.61%", "2015-01-31": "75.98%", "2014-10-31": "76.20%", "2014-07-31": "76.04%", "2014-04-30": "76.12%", "2014-01-31": "76.22%", "2013-10-31": "76.63%", "2013-07-31": "77.05%", "2013-04-30": "77.16%", "2013-01-31": "77.57%", "2012-10-31": "77.66%", "2012-07-31": "78.13%", "2012-04-30": "78.18%", "2012-01-31": "78.46%", "2011-10-31": "78.77%", "2011-07-31": "79.44%", "2011-04-30": "80.16%", "2011-01-31": "80.51%", "2010-10-31": "80.76%", "2010-07-31": "80.56%", "2010-04-30": "80.55%", "2010-01-31": "80.25%", "2009-10-31": "79.95%", "2009-07-31": "79.87%", "2009-04-30": "79.63%", "2009-01-31": "79.48%", "2008-10-31": "79.18%", "2008-07-31": "78.61%", "2008-04-30": "77.84%", "2008-01-31": "77.04%", "2007-10-31": "76.48%", "2007-07-31": "76.18%", "2007-04-30": "75.99%", "2007-01-31": "76.06%", "2006-10-31": "76.13%", "2006-07-31": "76.07%", "2006-04-30": "76.64%", "2006-01-31": "77.74%", "2005-10-31": "78.83%"}, "operating margin": {"2020-10-31": "1.11%", "2020-07-31": "0.35%", "2020-04-30": "-0.29%", "2020-01-31": "1.74%", "2019-10-31": "2.97%", "2019-07-31": "3.37%", "2019-04-30": "3.95%", "2019-01-31": "4.03%", "2018-10-31": "4.85%", "2018-07-31": "5.67%", "2018-04-30": "5.75%", "2018-01-31": "4.31%", "2017-10-31": "3.72%", "2017-07-31": "2.34%", "2017-04-30": "1.91%", "2017-01-31": "2.58%", "2016-10-31": "1.38%", "2016-07-31": "1.99%", "2016-04-30": "1.92%", "2016-01-31": "1.72%", "2015-10-31": "0.94%", "2015-07-31": "-0.10%", "2015-04-30": "-1.04%", "2015-01-31": "-2.70%", "2014-10-31": "-4.22%", "2014-07-31": "-6.08%", "2014-04-30": "-6.74%", "2014-01-31": "-7.05%", "2013-10-31": "-5.42%", "2013-07-31": "-4.61%", "2013-04-30": "-4.09%", "2013-01-31": "-3.61%", "2012-10-31": "-3.34%", "2012-07-31": "-1.93%", "2012-04-30": "-2.20%", "2012-01-31": "-1.54%", "2011-10-31": "-1.39%", "2011-07-31": "0.83%", "2011-04-30": "3.48%", "2011-01-31": "5.91%", "2010-10-31": "7.98%", "2010-07-31": "8.17%", "2010-04-30": "8.56%", "2010-01-31": "8.81%", "2009-10-31": "8.45%", "2009-07-31": "7.67%", "2009-04-30": "6.88%", "2009-01-31": "5.85%", "2008-10-31": "5.78%", "2008-07-31": "5.21%", "2008-04-30": "4.19%", "2008-01-31": "2.67%", "2007-10-31": "1.04%", "2007-07-31": "0.16%", "2007-04-30": "-0.54%", "2007-01-31": "-0.60%", "2006-10-31": "0.90%", "2006-07-31": "2.52%", "2006-04-30": "4.27%", "2006-01-31": "6.13%", "2005-10-31": "6.20%"}, "ebitda margin": {"2020-10-31": "18.89%", "2020-07-31": "18.38%", "2020-04-30": "17.65%", "2020-01-31": "19.35%", "2019-10-31": "19.37%", "2019-07-31": "18.43%", "2019-04-30": "18.08%", "2019-01-31": "16.97%", "2018-10-31": "17.65%", "2018-07-31": "18.46%", "2018-04-30": "18.55%", "2018-01-31": "17.36%", "2017-10-31": "17.99%", "2017-07-31": "16.52%", "2017-04-30": "15.80%", "2017-01-31": "16.01%", "2016-10-31": "13.62%", "2016-07-31": "14.29%", "2016-04-30": "14.49%", "2016-01-31": "14.80%", "2015-10-31": "14.34%", "2015-07-31": "13.47%", "2015-04-30": "12.63%", "2015-01-31": "11.16%", "2014-10-31": "10.17%", "2014-07-31": "9.00%", "2014-04-30": "8.65%", "2014-01-31": "8.03%", "2013-10-31": "8.91%", "2013-07-31": "8.87%", "2013-04-30": "8.93%", "2013-01-31": "9.34%", "2012-10-31": "9.55%", "2012-07-31": "10.63%", "2012-04-30": "10.30%", "2012-01-31": "10.55%", "2011-10-31": "10.19%", "2011-07-31": "12.09%", "2011-04-30": "14.24%", "2011-01-31": "16.42%", "2010-10-31": "18.21%", "2010-07-31": "17.93%", "2010-04-30": "17.92%", "2010-01-31": "17.76%", "2009-10-31": "17.31%", "2009-07-31": "16.43%", "2009-04-30": "15.61%", "2009-01-31": "14.67%", "2008-10-31": "14.54%", "2008-07-31": "14.22%", "2008-04-30": "13.29%", "2008-01-31": "11.62%", "2007-10-31": "9.62%", "2007-07-31": "8.16%", "2007-04-30": "6.86%", "2007-01-31": "6.24%", "2006-10-31": "7.66%", "2006-07-31": "9.32%", "2006-04-30": "11.11%", "2006-01-31": "13.23%", "2005-10-31": "13.87%"}, "pre tax profit margin": {"2020-10-31": "10.51%", "2020-07-31": "4.88%", "2020-04-30": "1.49%", "2020-01-31": "4.13%", "2019-10-31": "5.99%", "2019-07-31": "6.88%", "2019-04-30": "7.71%", "2019-01-31": "7.40%", "2018-10-31": "7.69%", "2018-07-31": "8.29%", "2018-04-30": "7.31%", "2018-01-31": "3.98%", "2017-10-31": "3.29%", "2017-07-31": "1.80%", "2017-04-30": "1.47%", "2017-01-31": "2.11%", "2016-10-31": "0.56%", "2016-07-31": "1.34%", "2016-04-30": "1.17%", "2016-01-31": "0.96%", "2015-10-31": "0.24%", "2015-07-31": "-0.84%", "2015-04-30": "-1.94%", "2015-01-31": "-3.96%", "2014-10-31": "-5.58%", "2014-07-31": "-8.08%", "2014-04-30": "-8.83%", "2014-01-31": "-8.79%", "2013-10-31": "-6.94%", "2013-07-31": "-5.76%", "2013-04-30": "-4.83%", "2013-01-31": "-4.20%", "2012-10-31": "-3.86%", "2012-07-31": "-2.12%", "2012-04-30": "-2.44%", "2012-01-31": "-1.50%", "2011-10-31": "-1.05%", "2011-07-31": "1.34%", "2011-04-30": "4.09%", "2011-01-31": "6.28%", "2010-10-31": "8.69%", "2010-07-31": "9.13%", "2010-04-30": "10.16%", "2010-01-31": "10.95%", "2009-10-31": "10.47%", "2009-07-31": "9.60%", "2009-04-30": "8.82%", "2009-01-31": "7.99%", "2008-10-31": "8.07%", "2008-07-31": "8.03%", "2008-04-30": "7.31%", "2008-01-31": "6.01%", "2007-10-31": "4.73%", "2007-07-31": "3.59%", "2007-04-30": "2.71%", "2007-01-31": "2.41%", "2006-10-31": "3.60%", "2006-07-31": "5.04%", "2006-04-30": "7.12%", "2006-01-31": "9.35%", "2005-10-31": "9.49%"}, "net profit margin": {"2020-10-31": "17.53%", "2020-07-31": "12.21%", "2020-04-30": "-0.92%", "2020-01-31": "0.74%", "2019-10-31": "4.64%", "2019-07-31": "6.45%", "2019-04-30": "8.26%", "2019-01-31": "8.36%", "2018-10-31": "7.61%", "2018-07-31": "8.07%", "2018-04-30": "6.31%", "2018-01-31": "3.42%", "2017-10-31": "2.46%", "2017-07-31": "1.08%", "2017-04-30": "3.21%", "2017-01-31": "3.84%", "2016-10-31": "2.60%", "2016-07-31": "2.92%", "2016-04-30": "-0.18%", "2016-01-31": "-0.72%", "2015-10-31": "-1.40%", "2015-07-31": "-1.71%", "2015-04-30": "-2.86%", "2015-01-31": "-4.89%", "2014-10-31": "-6.19%", "2014-07-31": "-8.37%", "2014-04-30": "-5.93%", "2014-01-31": "-5.70%", "2013-10-31": "-3.62%", "2013-07-31": "-6.68%", "2013-04-30": "-9.82%", "2013-01-31": "-8.85%", "2012-10-31": "-8.89%", "2012-07-31": "-1.40%", "2012-04-30": "-1.26%", "2012-01-31": "-0.49%", "2011-10-31": "0.19%", "2011-07-31": "1.50%", "2011-04-30": "2.69%", "2011-01-31": "3.92%", "2010-10-31": "4.76%", "2010-07-31": "5.08%", "2010-04-30": "5.81%", "2010-01-31": "6.13%", "2009-10-31": "5.96%", "2009-07-31": "5.31%", "2009-04-30": "4.59%", "2009-01-31": "4.09%", "2008-10-31": "3.69%", "2008-07-31": "3.69%", "2008-04-30": "3.35%", "2008-01-31": "2.54%", "2007-10-31": "1.92%", "2007-07-31": "0.98%", "2007-04-30": "0.36%", "2007-01-31": "0.20%", "2006-10-31": "1.35%", "2006-07-31": "4.79%", "2006-04-30": "6.84%", "2006-01-31": "9.03%", "2005-10-31": "9.49%"}, "pe ratio": {"current": "90.34", "2021-02-11": "62.99", "2020-10-31": "60.64", "2020-07-31": "76.11", "2020-04-30": "0.00", "2020-01-31": "911.55", "2019-10-31": "166.48", "2019-07-31": "129.83", "2019-04-30": "112.48", "2019-01-31": "105.53", "2018-10-31": "128.26", "2018-07-31": "135.79", "2018-04-30": "189.05", "2018-01-31": "670.06", "2017-10-31": "10234.00", "2017-07-31": "0.00", "2017-04-30": "430.60", "2017-01-31": "292.96", "2016-10-31": "250.53", "2016-07-31": "263.87", "2016-04-30": "0.00", "2016-01-31": "0.00", "2015-10-31": "0.00", "2015-07-31": "0.00", "2015-04-30": "0.00", "2015-01-31": "0.00", "2014-10-31": "0.00", "2014-07-31": "0.00", "2014-04-30": "0.00", "2014-01-31": "0.00", "2013-10-31": "0.00", "2013-07-31": "0.00", "2013-04-30": "0.00", "2013-01-31": "0.00", "2012-10-31": "0.00", "2012-07-31": "0.00", "2012-04-30": "0.00", "2012-01-31": "0.00", "2011-10-31": "0.00", "2011-07-31": "723.55", "2011-04-30": "407.65", "2011-01-31": "274.77", "2010-10-31": "211.04", "2010-07-31": "176.70", "2010-04-30": "138.06", "2010-01-31": "99.30", "2009-10-31": "96.19", "2009-07-31": "84.98", "2009-04-30": "101.93", "2009-01-31": "76.03", "2008-10-31": "103.20", "2008-07-31": "236.26", "2008-04-30": "303.32", "2008-01-31": "346.07", "2007-10-31": "626.33", "2007-07-31": "971.50", "2007-04-30": "0.00", "2007-01-31": "0.00", "2006-10-31": "780.40"}, "price sales": {"2021-02-11": "10.77", "2020-10-31": "10.37", "2020-07-31": "8.96", "2020-04-30": "7.64", "2020-01-31": "8.86", "2019-10-31": "8.02", "2019-07-31": "8.26", "2019-04-30": "9.23", "2019-01-31": "8.84", "2018-10-31": "8.35", "2018-07-31": "8.69", "2018-04-30": "8.02", "2018-01-31": "7.90", "2017-10-31": "7.39", "2017-07-31": "6.83", "2017-04-30": "6.78", "2017-01-31": "6.50", "2016-10-31": "6.50", "2016-07-31": "7.42", "2016-04-30": "7.16", "2016-01-31": "6.76", "2015-10-31": "8.06", "2015-07-31": "7.91", "2015-04-30": "8.16", "2015-01-31": "6.52", "2014-10-31": "7.75", "2014-07-31": "6.91", "2014-04-30": "7.13", "2014-01-31": "8.96", "2013-10-31": "8.44", "2013-07-31": "7.40", "2013-04-30": "7.22", "2013-01-31": "7.92", "2012-10-31": "7.12", "2012-07-31": "6.46", "2012-04-30": "8.63", "2012-01-31": "7.04", "2011-10-31": "8.73", "2011-07-31": "10.27", "2011-04-30": "10.67", "2011-01-31": "10.53", "2010-10-31": "9.93", "2010-07-31": "8.90", "2010-04-30": "8.01", "2010-01-31": "6.19", "2009-10-31": "5.78", "2009-07-31": "4.59", "2009-04-30": "4.73", "2009-01-31": "3.09", "2008-10-31": "3.84", "2008-07-31": "8.58", "2008-04-30": "9.82", "2008-01-31": "8.44", "2007-10-31": "10.10", "2007-07-31": "7.64", "2007-04-30": "8.97", "2007-01-31": "10.24", "2006-10-31": "10.14"}, "price book": {"current": "5.34", "2021-02-11": "5.47", "2020-10-31": "5.27", "2020-07-31": "4.60", "2020-04-30": "4.21", "2020-01-31": "4.80", "2019-10-31": "4.17", "2019-07-31": "7.02", "2019-04-30": "7.80", "2019-01-31": "7.50", "2018-10-31": "7.15", "2018-07-31": "7.67", "2018-04-30": "8.03", "2018-01-31": "8.01", "2017-10-31": "8.37", "2017-07-31": "7.72", "2017-04-30": "7.73", "2017-01-31": "7.46", "2016-10-31": "7.69", "2016-07-31": "9.14", "2016-04-30": "9.20", "2016-01-31": "9.13", "2015-10-31": "10.86", "2015-07-31": "10.67", "2015-04-30": "11.28", "2015-01-31": "9.24", "2014-10-31": "10.65", "2014-07-31": "10.17", "2014-04-30": "10.13", "2014-01-31": "12.15", "2013-10-31": "11.05", "2013-07-31": "9.25", "2013-04-30": "9.85", "2013-01-31": "10.87", "2012-10-31": "9.95", "2012-07-31": "9.13", "2012-04-30": "11.87", "2012-01-31": "10.08", "2011-10-31": "12.09", "2011-07-31": "13.83", "2011-04-30": "14.78", "2011-01-31": "13.45", "2010-10-31": "12.58", "2010-07-31": "10.24", "2010-04-30": "9.54", "2010-01-31": "7.65", "2009-10-31": "8.14", "2009-07-31": "6.70", "2009-04-30": "7.16", "2009-01-31": "4.79", "2008-10-31": "6.11", "2008-07-31": "13.64", "2008-04-30": "15.93", "2008-01-31": "13.70", "2007-10-31": "16.59", "2007-07-31": "12.93", "2007-04-30": "15.69", "2007-01-31": "17.81", "2006-10-31": "17.27", "2006-07-31": "12.54", "2006-04-30": "18.44", "2006-01-31": "23.10"}, "price fcf": {"2021-02-11": "", "2020-10-31": "$4.05", "2020-07-31": "$3.75", "2020-04-30": "$3.74", "2020-01-31": "$4.34", "2019-10-31": "$4.02", "2019-07-31": "$4.10", "2019-04-30": "$4.11", "2019-01-31": "$3.62", "2018-10-31": "$3.34", "2018-07-31": "$3.36", "2018-04-30": "$3.29", "2018-01-31": "$3.00", "2017-10-31": "$2.53", "2017-07-31": "$2.56", "2017-04-30": "$2.50", "2017-01-31": "$2.43", "2016-10-31": "$2.26", "2016-07-31": "$2.34", "2016-04-30": "$2.51", "2016-01-31": "$2.10", "2015-10-31": "$1.90", "2015-07-31": "$1.85", "2015-04-30": "$1.75", "2015-01-31": "$1.43", "2014-10-31": "$1.35", "2014-07-31": "$1.42", "2014-04-30": "$1.25", "2014-01-31": "$0.96", "2013-10-31": "$1.04", "2013-07-31": "$1.00", "2013-04-30": "$1.08", "2013-01-31": "$0.99", "2012-10-31": "$0.94", "2012-07-31": "$1.03", "2012-04-30": "$0.92", "2012-01-31": "$0.81", "2011-10-31": "$0.70", "2011-07-31": "$0.62", "2011-04-30": "$0.62", "2011-01-31": "$0.67", "2010-10-31": "$0.59", "2010-07-31": "$0.55", "2010-04-30": "$0.51", "2010-01-31": "$0.43", "2009-10-31": "$0.39", "2009-07-31": "$0.36", "2009-04-30": "$0.39", "2009-01-31": "$0.34", "2008-10-31": "$0.36", "2008-07-31": "$0.43", "2008-04-30": "$0.40", "2008-01-31": "$0.33", "2007-10-31": "$0.24", "2007-07-31": "$0.20", "2007-04-30": "$0.21", "2007-01-31": "$0.19", "2006-10-31": "$0.27"}, "net worth": {"value": "$216.58B"}, "current ratio": {"current": "1.22", "2020-10-31": "1.22", "2020-07-31": "1.15", "2020-04-30": "1.15", "2020-01-31": "1.08", "2019-10-31": "1.05", "2019-07-31": "0.97", "2019-04-30": "0.96", "2019-01-31": "0.95", "2018-10-31": "0.86", "2018-07-31": "0.80", "2018-04-30": "1.29", "2018-01-31": "0.95", "2017-10-31": "0.82", "2017-07-31": "0.77", "2017-04-30": "0.71", "2017-01-31": "0.82", "2016-10-31": "0.60", "2016-07-31": "0.61", "2016-04-30": "0.74", "2016-01-31": "1.02", "2015-10-31": "0.74", "2015-07-31": "0.71", "2015-04-30": "0.66", "2015-01-31": "0.80", "2014-10-31": "0.74", "2014-07-31": "0.66", "2014-04-30": "0.61", "2014-01-31": "0.67", "2013-10-31": "0.58", "2013-07-31": "0.55", "2013-04-30": "1.05", "2013-01-31": "0.69", "2012-10-31": "0.54", "2012-07-31": "0.80", "2012-04-30": "0.79", "2012-01-31": "0.73", "2011-10-31": "0.63", "2011-07-31": "0.62", "2011-04-30": "0.71", "2011-01-31": "0.84", "2010-10-31": "1.20", "2010-07-31": "1.20", "2010-04-30": "1.51", "2010-01-31": "1.88", "2009-10-31": "1.05", "2009-07-31": "0.98", "2009-04-30": "1.11", "2009-01-31": "1.39", "2008-10-31": "1.38", "2008-07-31": "1.34", "2008-04-30": "1.23", "2008-01-31": "1.22", "2007-10-31": "1.23", "2007-07-31": "1.16", "2007-04-30": "1.06", "2007-01-31": "1.12", "2006-10-31": "1.21", "2006-07-31": "1.39", "2006-04-30": "1.38", "2006-01-31": "1.29", "2005-10-31": "1.41", "2005-07-31": "1.29", "2005-04-30": "1.31", "2005-01-31": "1.36"}, "quick ratio": {"2020-10-31": "0.00", "2020-07-31": "0.00", "2020-04-30": "0.00", "2020-01-31": "0.00", "2019-10-31": "0.00", "2019-07-31": "0.00", "2019-04-30": "0.00", "2019-01-31": "0.00", "2018-10-31": "0.00", "2018-07-31": "0.00", "2018-04-30": "0.00", "2018-01-31": "0.00", "2017-10-31": "0.00", "2017-07-31": "0.00", "2017-04-30": "0.00", "2017-01-31": "0.00", "2016-10-31": "0.00", "2016-07-31": "0.00", "2016-04-30": "0.00", "2016-01-31": "0.00", "2015-10-31": "0.00", "2015-07-31": "0.00", "2015-04-30": "0.00", "2015-01-31": "0.00", "2014-10-31": "0.00", "2014-07-31": "0.00", "2014-04-30": "0.00", "2014-01-31": "0.00", "2013-10-31": "0.00", "2013-07-31": "0.00", "2013-04-30": "0.00", "2013-01-31": "0.00", "2012-10-31": "0.00", "2012-07-31": "0.00", "2012-04-30": "0.00", "2012-01-31": "0.00", "2011-10-31": "0.00", "2011-07-31": "0.00", "2011-04-30": "0.00", "2011-01-31": "0.00", "2010-10-31": "0.00", "2010-07-31": "0.00", "2010-04-30": "0.00", "2010-01-31": "0.00", "2009-10-31": "0.00", "2009-07-31": "0.00", "2009-04-30": "0.00", "2009-01-31": "0.00", "2008-10-31": "0.00", "2008-07-31": "0.00", "2008-04-30": "0.00", "2008-01-31": "0.00", "2007-10-31": "0.00", "2007-07-31": "0.00", "2007-04-30": "0.00", "2007-01-31": "0.00", "2006-10-31": "0.00", "2006-07-31": "0.00", "2006-04-30": "0.00", "2006-01-31": "0.00", "2005-10-31": "0.00", "2005-07-31": "0.00", "2005-04-30": "0.00", "2005-01-31": "0.00"}, "debt equity ratio": {"current": "0.07", "2020-10-31": "0.47", "2020-07-31": "0.50", "2020-04-30": "0.55", "2020-01-31": "0.63", "2019-10-31": "0.50", "2019-07-31": "0.94", "2019-04-30": "1.02", "2019-01-31": "0.97", "2018-10-31": "0.81", "2018-07-31": "0.91", "2018-04-30": "1.08", "2018-01-31": "1.12", "2017-10-31": "0.98", "2017-07-31": "1.06", "2017-04-30": "1.15", "2017-01-31": "1.35", "2016-10-31": "1.11", "2016-07-31": "1.35", "2016-04-30": "1.30", "2016-01-31": "1.55", "2015-10-31": "1.30", "2015-07-31": "1.38", "2015-04-30": "1.45", "2015-01-31": "1.68", "2014-10-31": "1.48", "2014-07-31": "1.73", "2014-04-30": "1.76", "2014-01-31": "2.01", "2013-10-31": "1.78", "2013-07-31": "1.83", "2013-04-30": "1.65", "2013-01-31": "1.39", "2012-10-31": "1.23", "2012-07-31": "1.35", "2012-04-30": "1.30", "2012-01-31": "1.62", "2011-10-31": "1.34", "2011-07-31": "1.41", "2011-04-30": "1.49", "2011-01-31": "1.42", "2010-10-31": "1.26", "2010-07-31": "1.15", "2010-04-30": "1.17", "2010-01-31": "1.33", "2009-10-31": "0.89", "2009-07-31": "0.94", "2009-04-30": "0.99", "2009-01-31": "1.17", "2008-10-31": "1.06", "2008-07-31": "1.13", "2008-04-30": "1.23", "2008-01-31": "1.41", "2007-10-31": "1.16", "2007-07-31": "1.21", "2007-04-30": "1.26", "2007-01-31": "1.36", "2006-10-31": "1.17", "2006-07-31": "1.18", "2006-04-30": "1.16", "2006-01-31": "1.21", "2005-10-31": "0.98", "2005-07-31": "0.96", "2005-04-30": "0.93", "2005-01-31": "0.93"}, "return on equity": {"2020-10-31": "9.67%", "2020-07-31": "6.75%", "2020-04-30": "-0.56%", "2020-01-31": "0.50%", "2019-10-31": "3.57%", "2019-07-31": "5.95%", "2019-04-30": "7.69%", "2019-01-31": "8.09%", "2018-10-31": "7.68%", "2018-07-31": "8.73%", "2018-04-30": "7.26%", "2018-01-31": "4.05%", "2017-10-31": "3.01%", "2017-07-31": "1.33%", "2017-04-30": "4.03%", "2017-01-31": "4.98%", "2016-10-31": "3.50%", "2016-07-31": "4.06%", "2016-04-30": "-0.26%", "2016-01-31": "-1.04%", "2015-10-31": "-2.01%", "2015-07-31": "-2.47%", "2015-04-30": "-4.23%", "2015-01-31": "-7.41%", "2014-10-31": "-9.47%", "2014-07-31": "-12.89%", "2014-04-30": "-8.77%", "2014-01-31": "-8.26%", "2013-10-31": "-5.18%", "2013-07-31": "-9.58%", "2013-04-30": "-14.57%", "2013-01-31": "-13.33%", "2012-10-31": "-13.73%", "2012-07-31": "-2.18%", "2012-04-30": "-1.96%", "2012-01-31": "-0.76%", "2011-10-31": "0.29%", "2011-07-31": "2.25%", "2011-04-30": "3.84%", "2011-01-31": "5.31%", "2010-10-31": "6.33%", "2010-07-31": "6.83%", "2010-04-30": "8.25%", "2010-01-31": "9.22%", "2009-10-31": "9.57%", "2009-07-31": "8.87%", "2009-04-30": "7.98%", "2009-01-31": "7.43%", "2008-10-31": "6.92%", "2008-07-31": "7.08%", "2008-04-30": "6.56%", "2008-01-31": "5.02%", "2007-10-31": "3.87%", "2007-07-31": "2.00%", "2007-04-30": "0.74%", "2007-01-31": "0.41%", "2006-10-31": "2.68%", "2006-07-31": "9.27%", "2006-04-30": "12.72%", "2006-01-31": "16.09%", "2005-10-31": "16.12%"}, "return on assets": {"2020-10-31": "6.30%", "2020-07-31": "4.37%", "2020-04-30": "-0.35%", "2020-01-31": "0.29%", "2019-10-31": "2.00%", "2019-07-31": "3.07%", "2019-04-30": "3.98%", "2019-01-31": "4.18%", "2018-10-31": "3.92%", "2018-07-31": "4.33%", "2018-04-30": "3.52%", "2018-01-31": "1.95%", "2017-10-31": "1.41%", "2017-07-31": "0.61%", "2017-04-30": "1.80%", "2017-01-31": "2.19%", "2016-10-31": "1.52%", "2016-07-31": "1.71%", "2016-04-30": "-0.11%", "2016-01-31": "-0.43%", "2015-10-31": "-0.82%", "2015-07-31": "-0.99%", "2015-04-30": "-1.64%", "2015-01-31": "-2.79%", "2014-10-31": "-3.47%", "2014-07-31": "-4.57%", "2014-04-30": "-3.08%", "2014-01-31": "-2.92%", "2013-10-31": "-1.94%", "2013-07-31": "-3.76%", "2013-04-30": "-6.04%", "2013-01-31": "-5.75%", "2012-10-31": "-5.81%", "2012-07-31": "-0.91%", "2012-04-30": "-0.81%", "2012-01-31": "-0.31%", "2011-10-31": "0.12%", "2011-07-31": "0.94%", "2011-04-30": "1.65%", "2011-01-31": "2.36%", "2010-10-31": "2.85%", "2010-07-31": "3.19%", "2010-04-30": "3.93%", "2010-01-31": "4.49%", "2009-10-31": "4.81%", "2009-07-31": "4.36%", "2009-04-30": "3.83%", "2009-01-31": "3.46%", "2008-10-31": "3.16%", "2008-07-31": "3.18%", "2008-04-30": "2.91%", "2008-01-31": "2.22%", "2007-10-31": "1.73%", "2007-07-31": "0.89%", "2007-04-30": "0.33%", "2007-01-31": "0.18%", "2006-10-31": "1.23%", "2006-07-31": "4.34%", "2006-04-30": "6.10%", "2006-01-31": "7.93%", "2005-10-31": "8.27%"}, "return on investments": {"2020-10-31": "0.57%", "2020-07-31": "0.18%", "2020-04-30": "-0.16%", "2020-01-31": "1.06%", "2019-10-31": "1.99%", "2019-07-31": "2.60%", "2019-04-30": "3.04%", "2019-01-31": "3.17%", "2018-10-31": "4.07%", "2018-07-31": "5.22%", "2018-04-30": "5.83%", "2018-01-31": "4.73%", "2017-10-31": "4.05%", "2017-07-31": "2.46%", "2017-04-30": "1.96%", "2017-01-31": "2.65%", "2016-10-31": "1.47%", "2016-07-31": "2.20%", "2016-04-30": "2.17%", "2016-01-31": "1.94%", "2015-10-31": "1.04%", "2015-07-31": "-0.11%", "2015-04-30": "-1.15%", "2015-01-31": "-2.97%", "2014-10-31": "-4.62%", "2014-07-31": "-6.60%", "2014-04-30": "-6.94%", "2014-01-31": "-7.04%", "2013-10-31": "-6.82%", "2013-07-31": "-6.46%", "2013-04-30": "-6.89%", "2013-01-31": "-6.82%", "2012-10-31": "-4.69%", "2012-07-31": "-2.72%", "2012-04-30": "-3.07%", "2012-01-31": "-2.34%", "2011-10-31": "-1.90%", "2011-07-31": "1.02%", "2011-04-30": "3.80%", "2011-01-31": "5.74%", "2010-10-31": "7.54%", "2010-07-31": "8.28%", "2010-04-30": "9.76%", "2010-01-31": "11.57%", "2009-10-31": "13.35%", "2009-07-31": "12.61%", "2009-04-30": "11.83%", "2009-01-31": "10.54%", "2008-10-31": "10.77%", "2008-07-31": "9.94%", "2008-04-30": "8.16%", "2008-01-31": "5.26%", "2007-10-31": "2.08%", "2007-07-31": "0.33%", "2007-04-30": "-1.11%", "2007-01-31": "-1.22%", "2006-10-31": "1.78%", "2006-07-31": "4.85%", "2006-04-30": "7.88%", "2006-01-31": "10.81%", "2005-10-31": "10.43%"}, "return on tangible equity": {"2020-10-31": "54.93%", "2020-07-31": "48.38%", "2020-04-30": "-4.66%", "2020-01-31": "4.45%", "2019-10-31": "36.16%", "2019-07-31": "81.49%", "2019-04-30": "269.46%", "2019-01-31": "163.12%", "2018-10-31": "92.49%", "2018-07-31": "76.90%", "2018-04-30": "47.94%", "2018-01-31": "53.97%", "2017-10-31": "-221.62%", "2017-07-31": "-45.64%", "2017-04-30": "-116.50%", "2017-01-31": "148.97%", "2016-10-31": "34.19%", "2016-07-31": "27.93%", "2016-04-30": "-1.39%", "2016-01-31": "-7.01%", "2015-10-31": "-15.51%", "2015-07-31": "-29.63%", "2015-04-30": "-143.05%", "2015-01-31": "292.22%", "2014-10-31": "123.74%", "2014-07-31": "99.38%", "2014-04-30": "49.74%", "2014-01-31": "114.29%", "2013-10-31": "-124.20%", "2013-07-31": "-58.77%", "2013-04-30": "-38.48%", "2013-01-31": "-31.98%", "2012-10-31": "-29.84%", "2012-07-31": "-4.11%", "2012-04-30": "-3.76%", "2012-01-31": "-1.39%", "2011-10-31": "0.49%", "2011-07-31": "3.31%", "2011-04-30": "5.02%", "2011-01-31": "6.38%", "2010-10-31": "7.04%", "2010-07-31": "7.39%", "2010-04-30": "8.67%", "2010-01-31": "9.74%", "2009-10-31": "10.15%", "2009-07-31": "9.40%", "2009-04-30": "8.39%", "2009-01-31": "7.72%", "2008-10-31": "7.09%", "2008-07-31": "7.20%", "2008-04-30": "6.68%", "2008-01-31": "5.12%", "2007-10-31": "3.95%", "2007-07-31": "2.05%", "2007-04-30": "0.76%", "2007-01-31": "0.42%", "2006-10-31": "2.75%", "2006-07-31": "9.43%", "2006-04-30": "12.83%", "2006-01-31": "16.09%", "2005-10-31": "16.12%"}, "dividend yield history": {"last payout": "$0.00", "last yield": "0.00%"}}