{"ticker": "CCI", "price": {"title": "Crown Castle Historical Annual Stock Price Data", "value": 162.26, "historical": {"2021": {"Average Stock Price": "158.0633", "Year Open": "155.0000", "Year High": "165.6100", "Year Low": "150.4600", "Year Close": "162.2600", "Annual % Change": "1.93%"}, "2020": {"Average Stock Price": "159.4265", "Year Open": "141.6800", "Year High": "174.5600", "Year Low": "116.9800", "Year Close": "159.1900", "Annual % Change": "11.99%"}, "2019": {"Average Stock Price": "130.3107", "Year Open": "105.9500", "Year High": "149.0700", "Year Low": "105.6700", "Year Close": "142.1500", "Annual % Change": "30.86%"}, "2018": {"Average Stock Price": "108.3938", "Year Open": "108.9300", "Year High": "117.4700", "Year Low": "100.8200", "Year Close": "108.6300", "Annual % Change": "-2.14%"}, "2017": {"Average Stock Price": "99.5108", "Year Open": "86.8000", "Year High": "114.0300", "Year Low": "84.3600", "Year Close": "111.0100", "Annual % Change": "27.94%"}, "2016": {"Average Stock Price": "89.8966", "Year Open": "85.3900", "Year High": "102.5600", "Year Low": "78.2200", "Year Close": "86.7700", "Annual % Change": "0.37%"}, "2015": {"Average Stock Price": "83.6806", "Year Open": "79.5100", "Year High": "88.7100", "Year Low": "76.5800", "Year Close": "86.4500", "Annual % Change": "9.85%"}, "2014": {"Average Stock Price": "76.4695", "Year Open": "71.6300", "Year High": "84.7500", "Year Low": "68.9600", "Year Close": "78.7000", "Annual % Change": "7.18%"}, "2013": {"Average Stock Price": "72.5549", "Year Open": "75.1000", "Year High": "79.7700", "Year Low": "66.6600", "Year Close": "73.4300", "Annual % Change": "1.76%"}, "2012": {"Average Stock Price": "58.6792", "Year Open": "44.9200", "Year High": "72.1600", "Year Low": "44.9200", "Year Close": "72.1600", "Annual % Change": "61.07%"}, "2011": {"Average Stock Price": "41.9965", "Year Open": "43.4200", "Year High": "46.1700", "Year Low": "37.3700", "Year Close": "44.8000", "Annual % Change": "2.21%"}, "2010": {"Average Stock Price": "39.6650", "Year Open": "39.6100", "Year High": "44.1500", "Year Low": "34.8200", "Year Close": "43.8300", "Annual % Change": "12.27%"}, "2009": {"Average Stock Price": "26.3780", "Year Open": "18.4300", "Year High": "39.7900", "Year Low": "15.8400", "Year Close": "39.0400", "Annual % Change": "122.07%"}, "2008": {"Average Stock Price": "32.2524", "Year Open": "40.1200", "Year High": "42.7000", "Year Low": "10.1900", "Year Close": "17.5800", "Annual % Change": "-57.74%"}, "2007": {"Average Stock Price": "36.5893", "Year Open": "31.5600", "Year High": "42.7500", "Year Low": "30.6600", "Year Close": "41.6000", "Annual % Change": "28.79%"}, "2006": {"Average Stock Price": "32.5308", "Year Open": "26.9000", "Year High": "35.4500", "Year Low": "26.9000", "Year Close": "32.3000", "Annual % Change": "20.03%"}, "2005": {"Average Stock Price": "20.6836", "Year Open": "16.4100", "Year High": "28.2500", "Year Low": "15.5300", "Year Close": "26.9100", "Annual % Change": "61.72%"}, "2004": {"Average Stock Price": "14.2972", "Year Open": "11.0000", "Year High": "17.3300", "Year Low": "11.0000", "Year Close": "16.6400", "Annual % Change": "50.86%"}, "2003": {"Average Stock Price": "8.3275", "Year Open": "3.7500", "Year High": "12.9600", "Year Low": "3.1500", "Year Close": "11.0300", "Annual % Change": "194.13%"}, "2002": {"Average Stock Price": "4.5320", "Year Open": "11.0000", "Year High": "11.4900", "Year Low": "1.0200", "Year Close": "3.7500", "Annual % Change": "-64.89%"}, "2001": {"Average Stock Price": "15.7328", "Year Open": "25.6200", "Year High": "29.6200", "Year Low": "7.5100", "Year Close": "10.6800", "Annual % Change": "-60.53%"}, "2000": {"Average Stock Price": "32.4221", "Year Open": "30.5300", "Year High": "42.4400", "Year Low": "22.4400", "Year Close": "27.0600", "Annual % Change": "-15.78%"}, "1999": {"Average Stock Price": "20.0631", "Year Open": "21.0600", "Year High": "32.3800", "Year Low": "15.1300", "Year Close": "32.1300", "Annual % Change": "36.72%"}}}, "market cap": {"value": "$69.98B"}, "income statement": {"Revenue": {"2020-12-31": "5840.00000", "2019-12-31": "5763.00000", "2018-12-31": "5370.00000", "2017-12-31": "4255.00000", "2016-12-31": "3921.00000", "2015-12-31": "3663.85100", "2014-12-31": "3538.75600", "2013-12-31": "2865.75100", "2012-12-31": "2432.68000", "2011-12-31": "2032.72900", "2010-12-31": "1878.65800", "2009-12-31": "1685.40700", "2008-12-31": "1526.50400", "2007-12-31": "1385.48600", "2006-12-31": "788.22100", "2005-12-31": "676.75900"}, "Cost Of Goods Sold": {"2020-12-31": "1969.00000", "2019-12-31": "1986.00000", "2018-12-31": "1844.00000", "2017-12-31": "1543.00000", "2016-12-31": "1441.00000", "2015-12-31": "1321.42600", "2014-12-31": "1306.60600", "2013-12-31": "991.01700", "2012-12-31": "728.98900", "2011-12-31": "588.38500", "2010-12-31": "581.37700", "2009-12-31": "549.36800", "2008-12-31": "538.57500", "2007-12-31": "509.08400", "2006-12-31": "272.96100", "2005-12-31": "251.98500"}, "Gross Profit": {"2020-12-31": "3871.00000", "2019-12-31": "3777.00000", "2018-12-31": "3526.00000", "2017-12-31": "2712.00000", "2016-12-31": "2480.00000", "2015-12-31": "2342.42500", "2014-12-31": "2232.15000", "2013-12-31": "1874.73400", "2012-12-31": "1703.69100", "2011-12-31": "1444.34400", "2010-12-31": "1297.28100", "2009-12-31": "1136.03900", "2008-12-31": "987.92900", "2007-12-31": "876.40200", "2006-12-31": "515.26000", "2005-12-31": "424.77400"}, "Research And Development Expenses": {"2020-12-31": "", "2019-12-31": "", "2018-12-31": "", "2017-12-31": "", "2016-12-31": "", "2015-12-31": "", "2014-12-31": "", "2013-12-31": "", "2012-12-31": "", "2011-12-31": "", "2010-12-31": "", "2009-12-31": "", "2008-12-31": "", "2007-12-31": "", "2006-12-31": "", "2005-12-31": ""}, "SG&A Expenses": {"2020-12-31": "678.00000", "2019-12-31": "614.00000", "2018-12-31": "563.00000", "2017-12-31": "426.00000", "2016-12-31": "371.00000", "2015-12-31": "310.92100", "2014-12-31": "257.29600", "2013-12-31": "213.51900", "2012-12-31": "212.57200", "2011-12-31": "173.49300", "2010-12-31": "165.35600", "2009-12-31": "153.07200", "2008-12-31": "149.58600", "2007-12-31": "142.84600", "2006-12-31": "104.53200", "2005-12-31": "113.91000"}, "Other Operating Income Or Expenses": {"2020-12-31": "288.00000", "2019-12-31": "-19.00000", "2018-12-31": "-26.00000", "2017-12-31": "-17.00000", "2016-12-31": "-34.00000", "2015-12-31": "-33.46800", "2014-12-31": "-14.24600", "2013-12-31": "-13.59500", "2012-12-31": "-15.54800", "2011-12-31": "-22.28500", "2010-12-31": "-13.68700", "2009-12-31": "-19.23700", "2008-12-31": "-16.88800", "2007-12-31": "-65.51500", "2006-12-31": "-2.94500", "2005-12-31": "-2.92500"}, "Operating Expenses": {"2020-12-31": "3977.00000", "2019-12-31": "4204.00000", "2018-12-31": "3987.00000", "2017-12-31": "3288.00000", "2016-12-31": "2972.00000", "2015-12-31": "2717.67100", "2014-12-31": "2598.07400", "2013-12-31": "1985.04700", "2012-12-31": "1597.99900", "2011-12-31": "1340.42400", "2010-12-31": "1303.29300", "2009-12-31": "1251.41600", "2008-12-31": "1233.99500", "2007-12-31": "1285.95800", "2006-12-31": "666.79390", "2005-12-31": "652.55300"}, "Operating Income": {"2020-12-31": "1863.00000", "2019-12-31": "1559.00000", "2018-12-31": "1383.00000", "2017-12-31": "967.00000", "2016-12-31": "949.00000", "2015-12-31": "946.18020", "2014-12-31": "940.68210", "2013-12-31": "880.70410", "2012-12-31": "834.68090", "2011-12-31": "692.30490", "2010-12-31": "575.36500", "2009-12-31": "433.99100", "2008-12-31": "292.50890", "2007-12-31": "99.52800", "2006-12-31": "121.42710", "2005-12-31": "24.20590"}, "Total Non-Operating Income/Expense": {"2020-12-31": "-787.00000", "2019-12-31": "-678.00000", "2018-12-31": "-742.00000", "2017-12-31": "-575.00000", "2016-12-31": "-575.00000", "2015-12-31": "-472.35100", "2014-12-31": "-605.61200", "2013-12-31": "-629.70300", "2012-12-31": "-733.85400", "2011-12-31": "-512.49800", "2010-12-31": "-913.47000", "2009-12-31": "-624.51400", "2008-12-31": "-445.72800", "2007-12-31": "-416.53100", "2006-12-31": "-169.80000", "2005-12-31": "-416.24900"}, "Pre-Tax Income": {"2020-12-31": "1076.00000", "2019-12-31": "881.00000", "2018-12-31": "641.00000", "2017-12-31": "392.00000", "2016-12-31": "374.00000", "2015-12-31": "473.82900", "2014-12-31": "335.07000", "2013-12-31": "251.00100", "2012-12-31": "100.82700", "2011-12-31": "179.80700", "2010-12-31": "-338.10500", "2009-12-31": "-190.52300", "2008-12-31": "-153.21900", "2007-12-31": "-317.00300", "2006-12-31": "-48.37300", "2005-12-31": "-392.04300"}, "Income Taxes": {"2020-12-31": "20.00000", "2019-12-31": "21.00000", "2018-12-31": "19.00000", "2017-12-31": "26.00000", "2016-12-31": "17.00000", "2015-12-31": "-51.45700", "2014-12-31": "-11.24400", "2013-12-31": "191.00000", "2012-12-31": "-100.06100", "2011-12-31": "8.34700", "2010-12-31": "-26.84600", "2009-12-31": "-76.40000", "2008-12-31": "-104.36100", "2007-12-31": "-94.03900", "2006-12-31": "0.84300", "2005-12-31": "3.22500"}, "Income After Taxes": {"2020-12-31": "1056.00000", "2019-12-31": "860.00000", "2018-12-31": "622.00000", "2017-12-31": "366.00000", "2016-12-31": "357.00000", "2015-12-31": "525.28600", "2014-12-31": "346.31400", "2013-12-31": "60.00100", "2012-12-31": "200.88800", "2011-12-31": "171.46000", "2010-12-31": "-311.25900", "2009-12-31": "-114.12300", "2008-12-31": "-48.85800", "2007-12-31": "-222.96400", "2006-12-31": "-49.21600", "2005-12-31": "-395.26800"}, "Other Income": {"2020-12-31": "", "2019-12-31": "", "2018-12-31": "", "2017-12-31": "", "2016-12-31": "", "2015-12-31": "", "2014-12-31": "", "2013-12-31": "", "2012-12-31": "", "2011-12-31": "", "2010-12-31": "", "2009-12-31": "", "2008-12-31": "", "2007-12-31": "", "2006-12-31": "", "2005-12-31": ""}, "Income From Continuous Operations": {"2020-12-31": "1056.00000", "2019-12-31": "860.00000", "2018-12-31": "622.00000", "2017-12-31": "366.00000", "2016-12-31": "357.00000", "2015-12-31": "525.28600", "2014-12-31": "346.31400", "2013-12-31": "60.00100", "2012-12-31": "200.88800", "2011-12-31": "171.46000", "2010-12-31": "-311.25900", "2009-12-31": "-114.12300", "2008-12-31": "-48.85800", "2007-12-31": "-222.81300", "2006-12-31": "-47.55000", "2005-12-31": "-391.74300"}, "Income From Discontinued Operations": {"2020-12-31": "", "2019-12-31": "", "2018-12-31": "", "2017-12-31": "", "2016-12-31": "", "2015-12-31": "999.04900", "2014-12-31": "52.46000", "2013-12-31": "33.90000", "2012-12-31": "", "2011-12-31": "", "2010-12-31": "", "2009-12-31": "", "2008-12-31": "", "2007-12-31": "", "2006-12-31": "5.65700", "2005-12-31": "0.84800"}, "Net Income": {"2020-12-31": "999.00000", "2019-12-31": "747.00000", "2018-12-31": "509.00000", "2017-12-31": "308.00000", "2016-12-31": "324.00000", "2015-12-31": "1477.00400", "2014-12-31": "346.52500", "2013-12-31": "78.74800", "2012-12-31": "185.95500", "2011-12-31": "148.13700", "2010-12-31": "-331.74600", "2009-12-31": "-135.13800", "2008-12-31": "-69.66400", "2007-12-31": "-243.61800", "2006-12-31": "-62.69900", "2005-12-31": "-449.28200"}, "EBITDA": {"2020-12-31": "3477.00000", "2019-12-31": "3132.00000", "2018-12-31": "2917.00000", "2017-12-31": "2217.00000", "2016-12-31": "2072.00000", "2015-12-31": "2019.48400", "2014-12-31": "2007.31700", "2013-12-31": "1721.29100", "2012-12-31": "1566.62300", "2011-12-31": "1348.19900", "2010-12-31": "1201.59000", "2009-12-31": "1025.08700", "2008-12-31": "843.78090", "2007-12-31": "663.34500", "2006-12-31": "418.64800", "2005-12-31": "312.48390"}, "EBIT": {"2020-12-31": "1863.00000", "2019-12-31": "1559.00000", "2018-12-31": "1383.00000", "2017-12-31": "967.00000", "2016-12-31": "949.00000", "2015-12-31": "946.18020", "2014-12-31": "940.68210", "2013-12-31": "880.70410", "2012-12-31": "834.68090", "2011-12-31": "692.30490", "2010-12-31": "575.36500", "2009-12-31": "433.99100", "2008-12-31": "292.50890", "2007-12-31": "99.52800", "2006-12-31": "121.42710", "2005-12-31": "24.20590"}, "Basic Shares Outstanding": {"2020-12-31": "423.00000", "2019-12-31": "416.00000", "2018-12-31": "413.00000", "2017-12-31": "382.00000", "2016-12-31": "340.00000", "2015-12-31": "333.00200", "2014-12-31": "332.30200", "2013-12-31": "298.08300", "2012-12-31": "289.28500", "2011-12-31": "283.82100", "2010-12-31": "286.76400", "2009-12-31": "286.62200", "2008-12-31": "282.00700", "2007-12-31": "279.93700", "2006-12-31": "207.24500", "2005-12-31": "217.75900"}, "Shares Outstanding": {"2020-12-31": "425.00000", "2019-12-31": "418.00000", "2018-12-31": "415.00000", "2017-12-31": "383.00000", "2016-12-31": "341.00000", "2015-12-31": "334.06200", "2014-12-31": "333.26500", "2013-12-31": "299.29300", "2012-12-31": "291.27000", "2011-12-31": "285.94700", "2010-12-31": "286.76400", "2009-12-31": "286.62200", "2008-12-31": "282.00700", "2007-12-31": "279.93700", "2006-12-31": "207.24500", "2005-12-31": "217.75900"}, "Basic EPS": {"2020-12-31": "2.36000", "2019-12-31": "1.80000", "2018-12-31": "1.23000", "2017-12-31": "0.80000", "2016-12-31": "0.95000", "2015-12-31": "4.44000", "2014-12-31": "1.04000", "2013-12-31": "0.26000", "2012-12-31": "0.64000", "2011-12-31": "0.52000", "2010-12-31": "-1.16000", "2009-12-31": "-0.47000", "2008-12-31": "-0.25000", "2007-12-31": "-0.87000", "2006-12-31": "-0.30000", "2005-12-31": "-2.06000"}, "EPS - Earnings Per Share": {"2020-12-31": "2.35000", "2019-12-31": "1.79000", "2018-12-31": "1.23000", "2017-12-31": "0.80000", "2016-12-31": "0.95000", "2015-12-31": "4.42000", "2014-12-31": "1.04000", "2013-12-31": "0.26000", "2012-12-31": "0.64000", "2011-12-31": "0.52000", "2010-12-31": "-1.16000", "2009-12-31": "-0.47000", "2008-12-31": "-0.25000", "2007-12-31": "-0.87000", "2006-12-31": "-0.30000", "2005-12-31": "-2.06000"}}, "income statement, quarterly": {"Revenue": {"2020-12-31": "1493.00000", "2020-09-30": "1486.00000", "2020-06-30": "1440.00000", "2020-03-31": "1421.00000", "2019-12-31": "1426.00000", "2019-09-30": "1482.00000", "2019-06-30": "1447.00000", "2019-03-31": "1408.00000", "2018-12-31": "1366.00000", "2018-09-30": "1375.00000", "2018-06-30": "1330.00000", "2018-03-31": "1299.00000", "2017-12-31": "1138.00000", "2017-09-30": "1063.00000", "2017-06-30": "1038.00000", "2017-03-31": "1016.00000", "2016-12-31": "1032.19100", "2016-09-30": "992.01600", "2016-06-30": "962.40900", "2016-03-31": "934.38400", "2015-12-31": "945.83610", "2015-09-30": "918.10700", "2015-06-30": "899.43700", "2015-03-31": "900.47100", "2014-12-31": "891.68110", "2014-09-30": "892.88300", "2014-06-30": "878.24200", "2014-03-31": "875.95000", "2013-12-31": "641.78590", "2013-09-30": "748.97700", "2013-06-30": "734.92800", "2013-03-31": "740.06000", "2012-12-31": "674.08700", "2012-09-30": "621.33700", "2012-06-30": "585.51100", "2012-03-31": "551.74500", "2011-12-31": "519.47090", "2011-09-30": "513.88300", "2011-06-30": "500.33600", "2011-03-31": "499.03900", "2010-12-31": "496.31390", "2010-09-30": "481.89000", "2010-06-30": "456.12700", "2010-03-31": "444.32700", "2009-12-31": "443.54400", "2009-09-30": "429.07900", "2009-06-30": "409.87400", "2009-03-31": "402.91000", "2008-12-31": "392.02200", "2008-09-30": "384.34800", "2008-06-30": "379.51300", "2008-03-31": "370.62100", "2007-12-31": "375.16290", "2007-09-30": "351.74400", "2007-06-30": "342.87000", "2007-03-31": "315.70900", "2006-12-31": "210.84100", "2006-09-30": "200.93900", "2006-06-30": "193.77600", "2006-03-31": "182.66500", "2005-12-31": "178.62590", "2005-09-30": "172.25900", "2005-06-30": "168.22700", "2005-03-31": "157.64700"}, "Cost Of Goods Sold": {"2020-12-31": "524.00000", "2020-09-30": "487.00000", "2020-06-30": "486.00000", "2020-03-31": "474.00000", "2019-12-31": "484.00000", "2019-09-30": "515.00000", "2019-06-30": "502.00000", "2019-03-31": "485.00000", "2018-12-31": "483.00000", "2018-09-30": "474.00000", "2018-06-30": "454.00000", "2018-03-31": "433.00000", "2017-12-31": "418.00000", "2017-09-30": "388.00000", "2017-06-30": "373.00000", "2017-03-31": "364.00000", "2016-12-31": "392.71100", "2016-09-30": "365.97800", "2016-06-30": "348.71900", "2016-03-31": "333.59200", "2015-12-31": "342.00500", "2015-09-30": "333.85900", "2015-06-30": "326.43100", "2015-03-31": "319.13100", "2014-12-31": "344.31000", "2014-09-30": "332.41300", "2014-06-30": "328.93300", "2014-03-31": "300.95000", "2013-12-31": "222.85600", "2013-09-30": "263.96400", "2013-06-30": "249.21400", "2013-03-31": "254.98300", "2012-12-31": "217.42100", "2012-09-30": "185.34300", "2012-06-30": "171.83300", "2012-03-31": "154.39200", "2011-12-31": "148.85500", "2011-09-30": "146.84200", "2011-06-30": "147.04900", "2011-03-31": "145.63900", "2010-12-31": "152.93400", "2010-09-30": "143.00000", "2010-06-30": "145.39200", "2010-03-31": "140.05100", "2009-12-31": "146.70600", "2009-09-30": "136.51200", "2009-06-30": "134.39100", "2009-03-31": "131.75900", "2008-12-31": "135.91900", "2008-09-30": "136.29900", "2008-06-30": "135.56600", "2008-03-31": "130.79100", "2007-12-31": "134.97600", "2007-09-30": "128.89500", "2007-06-30": "126.84500", "2007-03-31": "118.36800", "2006-12-31": "72.68200", "2006-09-30": "69.99600", "2006-06-30": "66.80700", "2006-03-31": "63.47600", "2005-12-31": "65.38500", "2005-09-30": "64.00400", "2005-06-30": "62.80500", "2005-03-31": "59.79100"}, "Gross Profit": {"2020-12-31": "969.00000", "2020-09-30": "999.00000", "2020-06-30": "954.00000", "2020-03-31": "947.00000", "2019-12-31": "942.00000", "2019-09-30": "967.00000", "2019-06-30": "945.00000", "2019-03-31": "923.00000", "2018-12-31": "883.00000", "2018-09-30": "901.00000", "2018-06-30": "876.00000", "2018-03-31": "866.00000", "2017-12-31": "720.00000", "2017-09-30": "675.00000", "2017-06-30": "665.00000", "2017-03-31": "652.00000", "2016-12-31": "639.48000", "2016-09-30": "626.03800", "2016-06-30": "613.69000", "2016-03-31": "600.79200", "2015-12-31": "603.83120", "2015-09-30": "584.24800", "2015-06-30": "573.00600", "2015-03-31": "581.34000", "2014-12-31": "547.37110", "2014-09-30": "560.47000", "2014-06-30": "549.30900", "2014-03-31": "575.00000", "2013-12-31": "418.93000", "2013-09-30": "485.01300", "2013-06-30": "485.71400", "2013-03-31": "485.07700", "2012-12-31": "456.66600", "2012-09-30": "435.99400", "2012-06-30": "413.67800", "2012-03-31": "397.35300", "2011-12-31": "370.61590", "2011-09-30": "367.04100", "2011-06-30": "353.28700", "2011-03-31": "353.40000", "2010-12-31": "343.37990", "2010-09-30": "338.89000", "2010-06-30": "310.73500", "2010-03-31": "304.27600", "2009-12-31": "296.83800", "2009-09-30": "292.56700", "2009-06-30": "275.48300", "2009-03-31": "271.15100", "2008-12-31": "256.10300", "2008-09-30": "248.04900", "2008-06-30": "243.94700", "2008-03-31": "239.83000", "2007-12-31": "240.18690", "2007-09-30": "222.84900", "2007-06-30": "216.02500", "2007-03-31": "197.34100", "2006-12-31": "138.15900", "2006-09-30": "130.94300", "2006-06-30": "126.96900", "2006-03-31": "119.18900", "2005-12-31": "113.24090", "2005-09-30": "108.25500", "2005-06-30": "105.42200", "2005-03-31": "97.85600"}, "Research And Development Expenses": {"2020-12-31": "", "2020-09-30": "", "2020-06-30": "", "2020-03-31": "", "2019-12-31": "", "2019-09-30": "", "2019-06-30": "", "2019-03-31": "", "2018-12-31": "", "2018-09-30": "", "2018-06-30": "", "2018-03-31": "", "2017-12-31": "", "2017-09-30": "", "2017-06-30": "", "2017-03-31": "", "2016-12-31": "", "2016-09-30": "", "2016-06-30": "", "2016-03-31": "", "2015-12-31": "", "2015-09-30": "", "2015-06-30": "", "2015-03-31": "", "2014-12-31": "", "2014-09-30": "", "2014-06-30": "", "2014-03-31": "", "2013-12-31": "", "2013-09-30": "", "2013-06-30": "", "2013-03-31": "", "2012-12-31": "", "2012-09-30": "", "2012-06-30": "", "2012-03-31": "", "2011-12-31": "", "2011-09-30": "", "2011-06-30": "", "2011-03-31": "", "2010-12-31": "", "2010-09-30": "", "2010-06-30": "", "2010-03-31": "", "2009-12-31": "", "2009-09-30": "", "2009-06-30": "", "2009-03-31": "", "2008-12-31": "", "2008-09-30": "", "2008-06-30": "", "2008-03-31": "", "2007-12-31": "", "2007-09-30": "", "2007-06-30": "", "2007-03-31": "", "2006-12-31": "", "2006-09-30": "", "2006-06-30": "2.68600", "2006-03-31": "1.67800", "2005-12-31": "", "2005-09-30": "1.17200", "2005-06-30": "0.79500", "2005-03-31": "0.48900"}, "SG&A Expenses": {"2020-12-31": "185.00000", "2020-09-30": "154.00000", "2020-06-30": "164.00000", "2020-03-31": "175.00000", "2019-12-31": "157.00000", "2019-09-30": "150.00000", "2019-06-30": "155.00000", "2019-03-31": "152.00000", "2018-12-31": "146.00000", "2018-09-30": "145.00000", "2018-06-30": "138.00000", "2018-03-31": "134.00000", "2017-12-31": "127.00000", "2017-09-30": "100.00000", "2017-06-30": "98.00000", "2017-03-31": "101.00000", "2016-12-31": "92.09200", "2016-09-30": "89.94100", "2016-06-30": "91.38600", "2016-03-31": "97.58100", "2015-12-31": "87.04100", "2015-09-30": "76.69900", "2015-06-30": "73.12500", "2015-03-31": "74.05600", "2014-12-31": "63.91700", "2014-09-30": "65.21200", "2014-06-30": "63.31800", "2014-03-31": "64.84900", "2013-12-31": "41.97900", "2013-09-30": "58.50400", "2013-06-30": "54.79000", "2013-03-31": "58.24600", "2012-12-31": "58.63100", "2012-09-30": "55.86200", "2012-06-30": "47.07800", "2012-03-31": "51.00100", "2011-12-31": "44.56800", "2011-09-30": "42.92200", "2011-06-30": "41.25900", "2011-03-31": "44.74400", "2010-12-31": "43.90700", "2010-09-30": "41.42000", "2010-06-30": "40.55600", "2010-03-31": "39.47300", "2009-12-31": "39.10300", "2009-09-30": "39.23000", "2009-06-30": "38.10200", "2009-03-31": "36.63700", "2008-12-31": "38.67100", "2008-09-30": "37.43700", "2008-06-30": "38.49200", "2008-03-31": "34.98600", "2007-12-31": "38.63600", "2007-09-30": "32.88100", "2007-06-30": "36.32700", "2007-03-31": "35.00200", "2006-12-31": "29.11100", "2006-09-30": "25.43300", "2006-06-30": "25.82500", "2006-03-31": "24.16300", "2005-12-31": "33.45200", "2005-09-30": "33.97700", "2005-06-30": "23.99200", "2005-03-31": "22.48900"}, "Other Operating Income Or Expenses": {"2020-12-31": "298.00000", "2020-09-30": "-3.00000", "2020-06-30": "-3.00000", "2020-03-31": "-4.00000", "2019-12-31": "-5.00000", "2019-09-30": "-2.00000", "2019-06-30": "-6.00000", "2019-03-31": "-6.00000", "2018-12-31": "-9.00000", "2018-09-30": "-8.00000", "2018-06-30": "-6.00000", "2018-03-31": "-3.00000", "2017-12-31": "-7.00000", "2017-09-30": "-5.00000", "2017-06-30": "-4.00000", "2017-03-31": "-1.00000", "2016-12-31": "-5.75000", "2016-09-30": "-8.33900", "2016-06-30": "-11.95200", "2016-03-31": "-7.95900", "2015-12-31": "-13.81600", "2015-09-30": "-7.47700", "2015-06-30": "-3.62000", "2015-03-31": "-8.55500", "2014-12-31": "-3.47600", "2014-09-30": "-4.93200", "2014-06-30": "-3.10500", "2014-03-31": "-2.73300", "2013-12-31": "-2.89000", "2013-09-30": "-3.89300", "2013-06-30": "-3.09700", "2013-03-31": "-3.71500", "2012-12-31": "-7.29800", "2012-09-30": "-1.56000", "2012-06-30": "-3.64600", "2012-03-31": "-3.04400", "2011-12-31": "-8.58900", "2011-09-30": "-3.09000", "2011-06-30": "-6.20500", "2011-03-31": "-4.40100", "2010-12-31": "-5.09900", "2010-09-30": "-4.42900", "2010-06-30": "-2.59700", "2010-03-31": "-1.56200", "2009-12-31": "-4.77800", "2009-09-30": "-3.07300", "2009-06-30": "-7.29500", "2009-03-31": "-4.09100", "2008-12-31": "-7.68900", "2008-09-30": "-2.90200", "2008-06-30": "-4.99300", "2008-03-31": "-1.30400", "2007-12-31": "-1.46600", "2007-09-30": "-59.30600", "2007-06-30": "-3.39100", "2007-03-31": "-1.35200", "2006-12-31": "-0.14000", "2006-09-30": "-0.94800", "2006-06-30": "-1.52200", "2006-03-31": "-0.33500", "2005-12-31": "-0.77300", "2005-09-30": "-1.16100", "2005-06-30": "-0.55500", "2005-03-31": "-0.43600"}, "Operating Expenses": {"2020-12-31": "813.00000", "2020-09-30": "1052.00000", "2020-06-30": "1057.00000", "2020-03-31": "1057.00000", "2019-12-31": "1046.00000", "2019-09-30": "1059.00000", "2019-06-30": "1058.00000", "2019-03-31": "1041.00000", "2018-12-31": "1036.00000", "2018-09-30": "1016.00000", "2018-06-30": "985.00000", "2018-03-31": "950.00000", "2017-12-31": "946.00000", "2017-09-30": "802.00000", "2017-06-30": "779.00000", "2017-03-31": "761.00000", "2016-12-31": "770.36900", "2016-09-30": "747.76200", "2016-06-30": "731.22400", "2016-03-31": "722.64500", "2015-12-31": "716.09590", "2015-09-30": "687.30490", "2015-06-30": "658.70600", "2015-03-31": "655.56400", "2014-12-31": "658.79700", "2014-09-30": "653.83100", "2014-06-30": "661.06400", "2014-03-31": "624.38200", "2013-12-31": "448.93680", "2013-09-30": "526.13810", "2013-06-30": "504.96700", "2013-03-31": "505.00500", "2012-12-31": "465.37890", "2012-09-30": "400.56900", "2012-06-30": "382.53400", "2012-03-31": "349.51700", "2011-12-31": "342.62510", "2011-09-30": "331.99400", "2011-06-30": "333.19400", "2011-03-31": "332.61100", "2010-12-31": "340.16200", "2010-09-30": "325.93400", "2010-06-30": "323.24300", "2010-03-31": "313.95400", "2009-12-31": "324.09000", "2009-09-30": "310.27800", "2009-06-30": "311.38500", "2009-03-31": "305.66300", "2008-12-31": "313.07810", "2008-09-30": "308.35200", "2008-06-30": "310.94700", "2008-03-31": "301.61800", "2007-12-31": "314.17700", "2007-09-30": "364.56200", "2007-06-30": "304.95600", "2007-03-31": "302.26300", "2006-12-31": "170.29890", "2006-09-30": "168.53800", "2006-06-30": "166.21400", "2006-03-31": "161.74300", "2005-12-31": "161.27800", "2005-09-30": "170.52900", "2005-06-30": "158.87700", "2005-03-31": "161.86900"}, "Operating Income": {"2020-12-31": "680.00000", "2020-09-30": "434.00000", "2020-06-30": "383.00000", "2020-03-31": "364.00000", "2019-12-31": "380.00000", "2019-09-30": "423.00000", "2019-06-30": "389.00000", "2019-03-31": "367.00000", "2018-12-31": "330.00000", "2018-09-30": "359.00000", "2018-06-30": "345.00000", "2018-03-31": "349.00000", "2017-12-31": "192.00000", "2017-09-30": "261.00000", "2017-06-30": "259.00000", "2017-03-31": "255.00000", "2016-12-31": "261.82190", "2016-09-30": "244.25400", "2016-06-30": "231.18500", "2016-03-31": "211.73900", "2015-12-31": "229.74020", "2015-09-30": "230.80210", "2015-06-30": "240.73100", "2015-03-31": "244.90700", "2014-12-31": "232.88410", "2014-09-30": "239.05200", "2014-06-30": "217.17800", "2014-03-31": "251.56810", "2013-12-31": "192.84910", "2013-09-30": "222.83890", "2013-06-30": "229.96100", "2013-03-31": "235.05500", "2012-12-31": "208.70810", "2012-09-30": "220.76790", "2012-06-30": "202.97700", "2012-03-31": "202.22800", "2011-12-31": "176.84580", "2011-09-30": "181.88900", "2011-06-30": "167.14200", "2011-03-31": "166.42800", "2010-12-31": "156.15190", "2010-09-30": "155.95600", "2010-06-30": "132.88400", "2010-03-31": "130.37300", "2009-12-31": "119.45400", "2009-09-30": "118.80100", "2009-06-30": "98.48900", "2009-03-31": "97.24700", "2008-12-31": "78.94390", "2008-09-30": "75.99600", "2008-06-30": "68.56600", "2008-03-31": "69.00300", "2007-12-31": "60.98590", "2007-09-30": "-12.81800", "2007-06-30": "37.91400", "2007-03-31": "13.44600", "2006-12-31": "40.54210", "2006-09-30": "32.40100", "2006-06-30": "27.56200", "2006-03-31": "20.92200", "2005-12-31": "17.34790", "2005-09-30": "1.73000", "2005-06-30": "9.35000", "2005-03-31": "-4.22200"}, "Total Non-Operating Income/Expense": {"2020-12-31": "-167.00000", "2020-09-30": "-266.00000", "2020-06-30": "-177.00000", "2020-03-31": "-174.00000", "2019-12-31": "-165.00000", "2019-09-30": "-176.00000", "2019-06-30": "-169.00000", "2019-03-31": "-168.00000", "2018-12-31": "-161.00000", "2018-09-30": "-190.00000", "2018-06-30": "-160.00000", "2018-03-31": "-231.00000", "2017-12-31": "-158.00000", "2017-09-30": "-143.00000", "2017-06-30": "-142.00000", "2017-03-31": "-132.00000", "2016-12-31": "-132.88300", "2016-09-30": "-140.84700", "2016-06-30": "-141.24300", "2016-03-31": "-160.02700", "2015-12-31": "-129.09200", "2015-09-30": "-130.30200", "2015-06-30": "-78.34900", "2015-03-31": "-134.60800", "2014-12-31": "-119.80000", "2014-09-30": "-141.87400", "2014-06-30": "-194.97500", "2014-03-31": "-148.96300", "2013-12-31": "-146.68300", "2013-09-30": "-142.41200", "2013-06-30": "-139.99800", "2013-03-31": "-200.61000", "2012-12-31": "-288.97600", "2012-09-30": "-145.29000", "2012-06-30": "-154.32500", "2012-03-31": "-145.26300", "2011-12-31": "-127.32300", "2011-09-30": "-127.68100", "2011-06-30": "-130.37300", "2011-03-31": "-127.12100", "2010-12-31": "-119.47100", "2010-09-30": "-298.70300", "2010-06-30": "-235.18400", "2010-03-31": "-260.11200", "2009-12-31": "-98.84600", "2009-09-30": "-171.77500", "2009-06-30": "-265.20500", "2009-03-31": "-88.68800", "2008-12-31": "-160.04300", "2008-09-30": "-110.29900", "2008-06-30": "-88.55100", "2008-03-31": "-86.83500", "2007-12-31": "-165.48900", "2007-09-30": "-86.44200", "2007-06-30": "-85.88400", "2007-03-31": "-78.71600", "2006-12-31": "-47.93800", "2006-09-30": "-47.87200", "2006-06-30": "-40.39400", "2006-03-31": "-33.59600", "2005-12-31": "-27.95200", "2005-09-30": "-27.98300", "2005-06-30": "-238.02800", "2005-03-31": "-122.28600"}, "Pre-Tax Income": {"2020-12-31": "513.00000", "2020-09-30": "168.00000", "2020-06-30": "206.00000", "2020-03-31": "190.00000", "2019-12-31": "215.00000", "2019-09-30": "247.00000", "2019-06-30": "220.00000", "2019-03-31": "199.00000", "2018-12-31": "169.00000", "2018-09-30": "169.00000", "2018-06-30": "185.00000", "2018-03-31": "118.00000", "2017-12-31": "34.00000", "2017-09-30": "118.00000", "2017-06-30": "117.00000", "2017-03-31": "123.00000", "2016-12-31": "128.93900", "2016-09-30": "103.40700", "2016-06-30": "89.94200", "2016-03-31": "51.71200", "2015-12-31": "100.64800", "2015-09-30": "100.50000", "2015-06-30": "162.38200", "2015-03-31": "110.29900", "2014-12-31": "113.08400", "2014-09-30": "97.17800", "2014-06-30": "22.20300", "2014-03-31": "102.60500", "2013-12-31": "46.16600", "2013-09-30": "80.42700", "2013-06-30": "89.96300", "2013-03-31": "34.44500", "2012-12-31": "-80.26800", "2012-09-30": "75.47800", "2012-06-30": "48.65200", "2012-03-31": "56.96500", "2011-12-31": "49.52300", "2011-09-30": "54.20800", "2011-06-30": "36.76900", "2011-03-31": "39.30700", "2010-12-31": "36.68100", "2010-09-30": "-142.74700", "2010-06-30": "-102.30000", "2010-03-31": "-129.73900", "2009-12-31": "20.60800", "2009-09-30": "-52.97400", "2009-06-30": "-166.71600", "2009-03-31": "8.55900", "2008-12-31": "-81.09900", "2008-09-30": "-34.30300", "2008-06-30": "-19.98500", "2008-03-31": "-17.83200", "2007-12-31": "-104.50300", "2007-09-30": "-99.26000", "2007-06-30": "-47.97000", "2007-03-31": "-65.27000", "2006-12-31": "-7.39600", "2006-09-30": "-15.47100", "2006-06-30": "-12.83200", "2006-03-31": "-12.67400", "2005-12-31": "-10.60400", "2005-09-30": "-26.25300", "2005-06-30": "-228.67800", "2005-03-31": "-126.50800"}, "Income Taxes": {"2020-12-31": "5.00000", "2020-09-30": "5.00000", "2020-06-30": "6.00000", "2020-03-31": "5.00000", "2019-12-31": "6.00000", "2019-09-30": "5.00000", "2019-06-30": "4.00000", "2019-03-31": "6.00000", "2018-12-31": "5.00000", "2018-09-30": "5.00000", "2018-06-30": "5.00000", "2018-03-31": "4.00000", "2017-12-31": "14.00000", "2017-09-30": "3.00000", "2017-06-30": "5.00000", "2017-03-31": "4.00000", "2016-12-31": "4.20300", "2016-09-30": "5.04100", "2016-06-30": "3.88400", "2016-03-31": "3.87200", "2015-12-31": "-42.07700", "2015-09-30": "-3.80100", "2015-06-30": "-4.14400", "2015-03-31": "-1.43500", "2014-12-31": "-5.97800", "2014-09-30": "-1.97700", "2014-06-30": "-3.10100", "2014-03-31": "-0.18800", "2013-12-31": "102.74600", "2013-09-30": "33.95900", "2013-06-30": "36.58700", "2013-03-31": "17.70800", "2012-12-31": "-70.62400", "2012-09-30": "32.30000", "2012-06-30": "-68.43200", "2012-03-31": "6.69500", "2011-12-31": "0.58400", "2011-09-30": "2.82500", "2011-06-30": "5.75500", "2011-03-31": "-0.81700", "2010-12-31": "-4.22400", "2010-09-30": "-7.59700", "2010-06-30": "-4.68600", "2010-03-31": "-10.33900", "2009-12-31": "1.87600", "2009-09-30": "-21.83600", "2009-06-30": "-54.94900", "2009-03-31": "-1.49100", "2008-12-31": "-17.28200", "2008-09-30": "-2.09600", "2008-06-30": "-80.32400", "2008-03-31": "-4.65900", "2007-12-31": "-24.33400", "2007-09-30": "-31.92300", "2007-06-30": "-15.62000", "2007-03-31": "-22.16200", "2006-12-31": "-0.85500", "2006-09-30": "0.57500", "2006-06-30": "0.50700", "2006-03-31": "0.61600", "2005-12-31": "2.81700", "2005-09-30": "0.11700", "2005-06-30": "0.14700", "2005-03-31": "0.14400"}, "Income After Taxes": {"2020-12-31": "508.00000", "2020-09-30": "163.00000", "2020-06-30": "200.00000", "2020-03-31": "185.00000", "2019-12-31": "209.00000", "2019-09-30": "242.00000", "2019-06-30": "216.00000", "2019-03-31": "193.00000", "2018-12-31": "164.00000", "2018-09-30": "164.00000", "2018-06-30": "180.00000", "2018-03-31": "114.00000", "2017-12-31": "20.00000", "2017-09-30": "115.00000", "2017-06-30": "112.00000", "2017-03-31": "119.00000", "2016-12-31": "124.73600", "2016-09-30": "98.36600", "2016-06-30": "86.05800", "2016-03-31": "47.84000", "2015-12-31": "142.72500", "2015-09-30": "104.30100", "2015-06-30": "166.52600", "2015-03-31": "111.73400", "2014-12-31": "119.06200", "2014-09-30": "99.15500", "2014-06-30": "25.30400", "2014-03-31": "102.79300", "2013-12-31": "-56.58000", "2013-09-30": "46.46800", "2013-06-30": "53.37600", "2013-03-31": "16.73700", "2012-12-31": "-9.64400", "2012-09-30": "43.17800", "2012-06-30": "117.08400", "2012-03-31": "50.27000", "2011-12-31": "48.93900", "2011-09-30": "51.38300", "2011-06-30": "31.01400", "2011-03-31": "40.12400", "2010-12-31": "40.90500", "2010-09-30": "-135.15000", "2010-06-30": "-97.61400", "2010-03-31": "-119.40000", "2009-12-31": "18.73200", "2009-09-30": "-31.13800", "2009-06-30": "-111.76700", "2009-03-31": "10.05000", "2008-12-31": "-63.81700", "2008-09-30": "-32.20700", "2008-06-30": "60.33900", "2008-03-31": "-13.17300", "2007-12-31": "-80.16900", "2007-09-30": "-67.33700", "2007-06-30": "-32.35000", "2007-03-31": "-43.10800", "2006-12-31": "-6.54100", "2006-09-30": "-16.04600", "2006-06-30": "-13.33900", "2006-03-31": "-13.29000", "2005-12-31": "-13.42100", "2005-09-30": "-26.37000", "2005-06-30": "-228.82500", "2005-03-31": "-126.65200"}, "Other Income": {"2020-12-31": "", "2020-09-30": "", "2020-06-30": "", "2020-03-31": "", "2019-12-31": "", "2019-09-30": "", "2019-06-30": "", "2019-03-31": "", "2018-12-31": "", "2018-09-30": "", "2018-06-30": "", "2018-03-31": "", "2017-12-31": "", "2017-09-30": "", "2017-06-30": "", "2017-03-31": "", "2016-12-31": "", "2016-09-30": "", "2016-06-30": "", "2016-03-31": "", "2015-12-31": "", "2015-09-30": "", "2015-06-30": "", "2015-03-31": "", "2014-12-31": "", "2014-09-30": "", "2014-06-30": "", "2014-03-31": "", "2013-12-31": "", "2013-09-30": "", "2013-06-30": "", "2013-03-31": "", "2012-12-31": "", "2012-09-30": "", "2012-06-30": "", "2012-03-31": "", "2011-12-31": "", "2011-09-30": "", "2011-06-30": "", "2011-03-31": "", "2010-12-31": "", "2010-09-30": "", "2010-06-30": "", "2010-03-31": "", "2009-12-31": "", "2009-09-30": "", "2009-06-30": "", "2009-03-31": "", "2008-12-31": "", "2008-09-30": "", "2008-06-30": "", "2008-03-31": "", "2007-12-31": "", "2007-09-30": "", "2007-06-30": "", "2007-03-31": "", "2006-12-31": "", "2006-09-30": "", "2006-06-30": "", "2006-03-31": "", "2005-12-31": "", "2005-09-30": "", "2005-06-30": "", "2005-03-31": ""}, "Income From Continuous Operations": {"2020-12-31": "508.00000", "2020-09-30": "163.00000", "2020-06-30": "200.00000", "2020-03-31": "185.00000", "2019-12-31": "209.00000", "2019-09-30": "242.00000", "2019-06-30": "216.00000", "2019-03-31": "193.00000", "2018-12-31": "164.00000", "2018-09-30": "164.00000", "2018-06-30": "180.00000", "2018-03-31": "114.00000", "2017-12-31": "20.00000", "2017-09-30": "115.00000", "2017-06-30": "112.00000", "2017-03-31": "119.00000", "2016-12-31": "124.73600", "2016-09-30": "98.36600", "2016-06-30": "86.05800", "2016-03-31": "47.84000", "2015-12-31": "142.72500", "2015-09-30": "104.30100", "2015-06-30": "166.52600", "2015-03-31": "111.73400", "2014-12-31": "119.06200", "2014-09-30": "99.15500", "2014-06-30": "25.30400", "2014-03-31": "102.79300", "2013-12-31": "-56.58000", "2013-09-30": "46.46800", "2013-06-30": "53.37600", "2013-03-31": "16.73700", "2012-12-31": "-9.64400", "2012-09-30": "43.17800", "2012-06-30": "117.08400", "2012-03-31": "50.27000", "2011-12-31": "48.93900", "2011-09-30": "51.38300", "2011-06-30": "31.01400", "2011-03-31": "40.12400", "2010-12-31": "40.90500", "2010-09-30": "-135.15000", "2010-06-30": "-97.61400", "2010-03-31": "-119.40000", "2009-12-31": "18.73200", "2009-09-30": "-31.13800", "2009-06-30": "-111.76700", "2009-03-31": "10.05000", "2008-12-31": "-63.81700", "2008-09-30": "-32.20700", "2008-06-30": "60.33900", "2008-03-31": "-13.17300", "2007-12-31": "-80.16900", "2007-09-30": "-67.01300", "2007-06-30": "-32.74000", "2007-03-31": "-42.89100", "2006-12-31": "-6.27500", "2006-09-30": "-15.56100", "2006-06-30": "-13.33500", "2006-03-31": "-12.37900", "2005-12-31": "-12.66100", "2005-09-30": "-25.53600", "2005-06-30": "-228.09800", "2005-03-31": "-125.44800"}, "Income From Discontinued Operations": {"2020-12-31": "", "2020-09-30": "", "2020-06-30": "", "2020-03-31": "", "2019-12-31": "", "2019-09-30": "", "2019-06-30": "", "2019-03-31": "", "2018-12-31": "", "2018-09-30": "", "2018-06-30": "", "2018-03-31": "", "2017-12-31": "", "2017-09-30": "", "2017-06-30": "", "2017-03-31": "", "2016-12-31": "", "2016-09-30": "", "2016-06-30": "", "2016-03-31": "", "2015-12-31": "-1.65900", "2015-09-30": "-0.52200", "2015-06-30": "987.85200", "2015-03-31": "13.37800", "2014-12-31": "33.52500", "2014-09-30": "8.88200", "2014-06-30": "10.05300", "2014-03-31": "", "2013-12-31": "", "2013-09-30": "", "2013-06-30": "", "2013-03-31": "", "2012-12-31": "", "2012-09-30": "", "2012-06-30": "", "2012-03-31": "", "2011-12-31": "", "2011-09-30": "", "2011-06-30": "", "2011-03-31": "", "2010-12-31": "", "2010-09-30": "", "2010-06-30": "", "2010-03-31": "", "2009-12-31": "", "2009-09-30": "", "2009-06-30": "", "2009-03-31": "", "2008-12-31": "", "2008-09-30": "", "2008-06-30": "", "2008-03-31": "", "2007-12-31": "", "2007-09-30": "", "2007-06-30": "", "2007-03-31": "", "2006-12-31": "", "2006-09-30": "", "2006-06-30": "", "2006-03-31": "5.65700", "2005-12-31": "0.00000", "2005-09-30": "", "2005-06-30": "2.34700", "2005-03-31": "-1.49900"}, "Net Income": {"2020-12-31": "508.00000", "2020-09-30": "163.00000", "2020-06-30": "172.00000", "2020-03-31": "157.00000", "2019-12-31": "180.00000", "2019-09-30": "214.00000", "2019-06-30": "188.00000", "2019-03-31": "165.00000", "2018-12-31": "135.00000", "2018-09-30": "136.00000", "2018-06-30": "152.00000", "2018-03-31": "86.00000", "2017-12-31": "-8.00000", "2017-09-30": "85.00000", "2017-06-30": "112.00000", "2017-03-31": "119.00000", "2016-12-31": "124.72700", "2016-09-30": "87.36900", "2016-06-30": "75.06100", "2016-03-31": "36.84300", "2015-12-31": "130.06900", "2015-09-30": "92.78200", "2015-06-30": "1142.36300", "2015-03-31": "111.79000", "2014-12-31": "137.07300", "2014-09-30": "95.94000", "2014-06-30": "23.01200", "2014-03-31": "90.50000", "2013-12-31": "-34.90900", "2013-09-30": "45.83600", "2013-06-30": "52.35900", "2013-03-31": "15.46200", "2012-12-31": "-19.50500", "2012-09-30": "42.04500", "2012-06-30": "116.01300", "2012-03-31": "47.40200", "2011-12-31": "43.91500", "2011-09-30": "43.73700", "2011-06-30": "25.66900", "2011-03-31": "34.81600", "2010-12-31": "35.67100", "2010-09-30": "-140.21000", "2010-06-30": "-102.73100", "2010-03-31": "-124.47600", "2009-12-31": "12.94600", "2009-09-30": "-36.84100", "2009-06-30": "-116.61900", "2009-03-31": "5.37600", "2008-12-31": "-69.01900", "2008-09-30": "-37.40800", "2008-06-30": "55.13800", "2008-03-31": "-18.37500", "2007-12-31": "-85.37000", "2007-09-30": "-72.21400", "2007-06-30": "-37.94200", "2007-03-31": "-48.09200", "2006-12-31": "-11.47700", "2006-09-30": "-20.76200", "2006-06-30": "-18.53700", "2006-03-31": "-11.92300", "2005-12-31": "-42.39800", "2005-09-30": "-34.96500", "2005-06-30": "-235.31900", "2005-03-31": "-136.60000"}, "EBITDA": {"2020-12-31": "", "2020-09-30": "841.00000", "2020-06-30": "787.00000", "2020-03-31": "764.00000", "2019-12-31": "777.00000", "2019-09-30": "811.00000", "2019-06-30": "782.00000", "2019-03-31": "762.00000", "2018-12-31": "721.00000", "2018-09-30": "745.00000", "2018-06-30": "726.00000", "2018-03-31": "725.00000", "2017-12-31": "554.00000", "2017-09-30": "560.00000", "2017-06-30": "557.00000", "2017-03-31": "546.00000", "2016-12-31": "538.80390", "2016-09-30": "528.37810", "2016-06-30": "510.99300", "2016-03-31": "493.82500", "2015-12-31": "504.02920", "2015-09-30": "501.05400", "2015-06-30": "505.95200", "2015-03-31": "508.44900", "2014-12-31": "499.23210", "2014-09-30": "506.09500", "2014-06-30": "479.35010", "2014-03-31": "522.64000", "2013-12-31": "382.67710", "2013-09-30": "439.01700", "2013-06-30": "441.16300", "2013-03-31": "458.43400", "2012-12-31": "419.63200", "2012-09-30": "401.12400", "2012-06-30": "379.77400", "2012-03-31": "366.09300", "2011-12-31": "341.53180", "2011-09-30": "346.15100", "2011-06-30": "331.01400", "2011-03-31": "329.50200", "2010-12-31": "319.13090", "2010-09-30": "314.35800", "2010-06-30": "285.98900", "2010-03-31": "282.11200", "2009-12-31": "270.76500", "2009-09-30": "267.20800", "2009-06-30": "246.28700", "2009-03-31": "240.82700", "2008-12-31": "215.72700", "2008-09-30": "215.48600", "2008-06-30": "206.00200", "2008-03-31": "206.56600", "2007-12-31": "203.11990", "2007-09-30": "127.58800", "2007-06-30": "176.03500", "2007-03-31": "156.60200", "2006-12-31": "118.06700", "2006-09-30": "106.54900", "2006-06-30": "98.95500", "2006-03-31": "95.07700", "2005-12-31": "90.31990", "2005-09-30": "73.74900", "2005-06-30": "80.95600", "2005-03-31": "67.45900"}, "EBIT": {"2020-12-31": "680.00000", "2020-09-30": "434.00000", "2020-06-30": "383.00000", "2020-03-31": "364.00000", "2019-12-31": "380.00000", "2019-09-30": "423.00000", "2019-06-30": "389.00000", "2019-03-31": "367.00000", "2018-12-31": "330.00000", "2018-09-30": "359.00000", "2018-06-30": "345.00000", "2018-03-31": "349.00000", "2017-12-31": "192.00000", "2017-09-30": "261.00000", "2017-06-30": "259.00000", "2017-03-31": "255.00000", "2016-12-31": "261.82200", "2016-09-30": "244.25400", "2016-06-30": "231.18500", "2016-03-31": "211.73900", "2015-12-31": "229.74010", "2015-09-30": "230.80210", "2015-06-30": "240.73100", "2015-03-31": "244.90700", "2014-12-31": "232.88400", "2014-09-30": "239.05200", "2014-06-30": "217.17800", "2014-03-31": "251.56810", "2013-12-31": "192.84920", "2013-09-30": "222.83890", "2013-06-30": "229.96100", "2013-03-31": "235.05500", "2012-12-31": "208.70800", "2012-09-30": "220.76790", "2012-06-30": "202.97700", "2012-03-31": "202.22800", "2011-12-31": "176.84590", "2011-09-30": "181.88900", "2011-06-30": "167.14200", "2011-03-31": "166.42800", "2010-12-31": "156.15190", "2010-09-30": "155.95600", "2010-06-30": "132.88400", "2010-03-31": "130.37300", "2009-12-31": "119.45400", "2009-09-30": "118.80100", "2009-06-30": "98.48900", "2009-03-31": "97.24700", "2008-12-31": "78.94390", "2008-09-30": "75.99600", "2008-06-30": "68.56600", "2008-03-31": "69.00300", "2007-12-31": "60.98590", "2007-09-30": "-12.81800", "2007-06-30": "37.91400", "2007-03-31": "13.44600", "2006-12-31": "40.54210", "2006-09-30": "32.40100", "2006-06-30": "27.56200", "2006-03-31": "20.92200", "2005-12-31": "17.34790", "2005-09-30": "1.73000", "2005-06-30": "9.35000", "2005-03-31": "-4.22200"}, "Basic Shares Outstanding": {"2020-12-31": "431.00000", "2020-09-30": "427.00000", "2020-06-30": "417.00000", "2020-03-31": "416.00000", "2019-12-31": "416.00000", "2019-09-30": "416.00000", "2019-06-30": "416.00000", "2019-03-31": "415.00000", "2018-12-31": "413.00000", "2018-09-30": "415.00000", "2018-06-30": "415.00000", "2018-03-31": "409.00000", "2017-12-31": "382.00000", "2017-09-30": "395.00000", "2017-06-30": "364.00000", "2017-03-31": "361.00000", "2016-12-31": "340.00000", "2016-09-30": "337.56400", "2016-06-30": "337.56000", "2016-03-31": "334.15500", "2015-12-31": "333.00200", "2015-09-30": "333.04900", "2015-06-30": "333.09100", "2015-03-31": "332.71200", "2014-12-31": "332.30200", "2014-09-30": "332.41300", "2014-06-30": "332.34400", "2014-03-31": "332.03400", "2013-12-31": "298.08300", "2013-09-30": "290.37200", "2013-06-30": "291.22500", "2013-03-31": "291.10200", "2012-12-31": "289.28500", "2012-09-30": "290.76200", "2012-06-30": "290.64900", "2012-03-31": "284.91300", "2011-12-31": "283.82100", "2011-09-30": "282.03100", "2011-06-30": "285.28000", "2011-03-31": "286.99800", "2010-12-31": "286.76400", "2010-09-30": "286.11900", "2010-06-30": "286.08000", "2010-03-31": "288.45100", "2009-12-31": "286.62200", "2009-09-30": "286.70700", "2009-06-30": "286.44900", "2009-03-31": "285.91300", "2008-12-31": "282.00700", "2008-09-30": "283.57300", "2008-06-30": "279.42800", "2008-03-31": "279.34000", "2007-12-31": "279.93700", "2007-09-30": "282.57700", "2007-06-30": "282.02500", "2007-03-31": "273.45600", "2006-12-31": "207.24500", "2006-09-30": "201.07000", "2006-06-30": "212.67500", "2006-03-31": "214.47300", "2005-12-31": "217.75900", "2005-09-30": "215.66400", "2005-06-30": "218.23700", "2005-03-31": "223.60100"}, "Shares Outstanding": {"2020-12-31": "433.00000", "2020-09-30": "429.00000", "2020-06-30": "419.00000", "2020-03-31": "418.00000", "2019-12-31": "418.00000", "2019-09-30": "418.00000", "2019-06-30": "418.00000", "2019-03-31": "417.00000", "2018-12-31": "415.00000", "2018-09-30": "416.00000", "2018-06-30": "416.00000", "2018-03-31": "410.00000", "2017-12-31": "383.00000", "2017-09-30": "397.00000", "2017-06-30": "366.00000", "2017-03-31": "362.00000", "2016-12-31": "341.00000", "2016-09-30": "338.40900", "2016-06-30": "338.60900", "2016-03-31": "334.92900", "2015-12-31": "334.06200", "2015-09-30": "333.71100", "2015-06-30": "333.73300", "2015-03-31": "333.48500", "2014-12-31": "333.26500", "2014-09-30": "333.24100", "2014-06-30": "333.08100", "2014-03-31": "333.04500", "2013-12-31": "299.29300", "2013-09-30": "291.37800", "2013-06-30": "292.70600", "2013-03-31": "292.57000", "2012-12-31": "291.27000", "2012-09-30": "292.09800", "2012-06-30": "291.20300", "2012-03-31": "285.85300", "2011-12-31": "285.94700", "2011-09-30": "283.89900", "2011-06-30": "287.02600", "2011-03-31": "289.00500", "2010-12-31": "286.76400", "2010-09-30": "286.11900", "2010-06-30": "286.08000", "2010-03-31": "288.45100", "2009-12-31": "286.62200", "2009-09-30": "286.70700", "2009-06-30": "286.44900", "2009-03-31": "287.60800", "2008-12-31": "282.00700", "2008-09-30": "283.57300", "2008-06-30": "288.42700", "2008-03-31": "279.34000", "2007-12-31": "279.93700", "2007-09-30": "282.57700", "2007-06-30": "282.02500", "2007-03-31": "273.45600", "2006-12-31": "207.24500", "2006-09-30": "201.07000", "2006-06-30": "212.67500", "2006-03-31": "214.47300", "2005-12-31": "217.75900", "2005-09-30": "215.66400", "2005-06-30": "218.23700", "2005-03-31": "223.60100"}, "Basic EPS": {"2020-12-31": "1.17000", "2020-09-30": "0.38000", "2020-06-30": "0.41000", "2020-03-31": "0.38000", "2019-12-31": "0.44000", "2019-09-30": "0.51000", "2019-06-30": "0.45000", "2019-03-31": "0.40000", "2018-12-31": "0.32000", "2018-09-30": "0.33000", "2018-06-30": "0.37000", "2018-03-31": "0.21000", "2017-12-31": "-0.06000", "2017-09-30": "0.22000", "2017-06-30": "0.31000", "2017-03-31": "0.33000", "2016-12-31": "0.36000", "2016-09-30": "0.26000", "2016-06-30": "0.22000", "2016-03-31": "0.11000", "2015-12-31": "0.39000", "2015-09-30": "0.28000", "2015-06-30": "3.43000", "2015-03-31": "0.34000", "2014-12-31": "0.41000", "2014-09-30": "0.29000", "2014-06-30": "0.07000", "2014-03-31": "0.27000", "2013-12-31": "-0.13000", "2013-09-30": "0.16000", "2013-06-30": "0.18000", "2013-03-31": "0.05000", "2012-12-31": "-0.07000", "2012-09-30": "0.14000", "2012-06-30": "0.40000", "2012-03-31": "0.17000", "2011-12-31": "0.15000", "2011-09-30": "0.16000", "2011-06-30": "0.09000", "2011-03-31": "0.12000", "2010-12-31": "0.12000", "2010-09-30": "-0.49000", "2010-06-30": "-0.36000", "2010-03-31": "-0.43000", "2009-12-31": "0.05000", "2009-09-30": "-0.13000", "2009-06-30": "-0.41000", "2009-03-31": "0.02000", "2008-12-31": "-0.25000", "2008-09-30": "-0.13000", "2008-06-30": "0.20000", "2008-03-31": "-0.07000", "2007-12-31": "-0.30000", "2007-09-30": "-0.26000", "2007-06-30": "-0.13000", "2007-03-31": "-0.18000", "2006-12-31": "-0.05000", "2006-09-30": "-0.10000", "2006-06-30": "-0.09000", "2006-03-31": "-0.06000", "2005-12-31": "-0.21000", "2005-09-30": "-0.16000", "2005-06-30": "-1.08000", "2005-03-31": "-0.61000"}, "EPS - Earnings Per Share": {"2020-12-31": "1.17000", "2020-09-30": "0.38000", "2020-06-30": "0.41000", "2020-03-31": "0.38000", "2019-12-31": "0.43000", "2019-09-30": "0.51000", "2019-06-30": "0.45000", "2019-03-31": "0.40000", "2018-12-31": "0.33000", "2018-09-30": "0.33000", "2018-06-30": "0.36000", "2018-03-31": "0.21000", "2017-12-31": "-0.05000", "2017-09-30": "0.21000", "2017-06-30": "0.31000", "2017-03-31": "0.33000", "2016-12-31": "0.36000", "2016-09-30": "0.26000", "2016-06-30": "0.22000", "2016-03-31": "0.11000", "2015-12-31": "0.38000", "2015-09-30": "0.28000", "2015-06-30": "3.42000", "2015-03-31": "0.34000", "2014-12-31": "0.41000", "2014-09-30": "0.29000", "2014-06-30": "0.07000", "2014-03-31": "0.27000", "2013-12-31": "-0.13000", "2013-09-30": "0.16000", "2013-06-30": "0.18000", "2013-03-31": "0.05000", "2012-12-31": "-0.07000", "2012-09-30": "0.14000", "2012-06-30": "0.40000", "2012-03-31": "0.17000", "2011-12-31": "0.16000", "2011-09-30": "0.15000", "2011-06-30": "0.09000", "2011-03-31": "0.12000", "2010-12-31": "0.12000", "2010-09-30": "-0.49000", "2010-06-30": "-0.36000", "2010-03-31": "-0.43000", "2009-12-31": "0.05000", "2009-09-30": "-0.13000", "2009-06-30": "-0.41000", "2009-03-31": "0.02000", "2008-12-31": "-0.24000", "2008-09-30": "-0.13000", "2008-06-30": "0.19000", "2008-03-31": "-0.07000", "2007-12-31": "-0.30000", "2007-09-30": "-0.26000", "2007-06-30": "-0.13000", "2007-03-31": "-0.18000", "2006-12-31": "-0.05000", "2006-09-30": "-0.10000", "2006-06-30": "-0.09000", "2006-03-31": "-0.06000", "2005-12-31": "-0.21000", "2005-09-30": "-0.16000", "2005-06-30": "-1.08000", "2005-03-31": "-0.61000"}}, "balance sheet": {"Cash On Hand": {"2020-12-31": "376.00000", "2019-12-31": "333.00000", "2018-12-31": "408.00000", "2017-12-31": "435.00000", "2016-12-31": "692.14600", "2015-12-31": "309.54100", "2014-12-31": "298.72300", "2013-12-31": "406.92000", "2012-12-31": "1017.30200", "2011-12-31": "332.48800", "2010-12-31": "333.54600", "2009-12-31": "979.66000", "2008-12-31": "303.07100", "2007-12-31": "240.80100", "2006-12-31": "708.21900", "2005-12-31": "157.34700"}, "Receivables": {"2020-12-31": "431.00000", "2019-12-31": "596.00000", "2018-12-31": "501.00000", "2017-12-31": "398.00000", "2016-12-31": "373.53200", "2015-12-31": "313.29600", "2014-12-31": "313.30800", "2013-12-31": "249.92500", "2012-12-31": "192.83300", "2011-12-31": "77.25800", "2010-12-31": "59.91200", "2009-12-31": "44.43100", "2008-12-31": "37.62100", "2007-12-31": "33.84200", "2006-12-31": "30.77400", "2005-12-31": "16.83000"}, "Inventory": {"2020-12-31": "", "2019-12-31": "", "2018-12-31": "", "2017-12-31": "", "2016-12-31": "", "2015-12-31": "", "2014-12-31": "", "2013-12-31": "", "2012-12-31": "", "2011-12-31": "", "2010-12-31": "", "2009-12-31": "", "2008-12-31": "", "2007-12-31": "", "2006-12-31": "", "2005-12-31": ""}, "Pre-Paid Expenses": {"2020-12-31": "95.00000", "2019-12-31": "107.00000", "2018-12-31": "172.00000", "2017-12-31": "162.00000", "2016-12-31": "128.72100", "2015-12-31": "133.19400", "2014-12-31": "138.87300", "2013-12-31": "132.00300", "2012-12-31": "103.80800", "2011-12-31": "80.52900", "2010-12-31": "65.85600", "2009-12-31": "68.55100", "2008-12-31": "74.29500", "2007-12-31": "72.51800", "2006-12-31": "41.26300", "2005-12-31": "37.81100"}, "Other Current Assets": {"2020-12-31": "202.00000", "2019-12-31": "168.00000", "2018-12-31": "148.00000", "2017-12-31": "139.00000", "2016-12-31": "130.36200", "2015-12-31": "225.21400", "2014-12-31": "119.30900", "2013-12-31": "77.12100", "2012-12-31": "73.96100", "2011-12-31": "23.49200", "2010-12-31": "", "2009-12-31": "", "2008-12-31": "12.20000", "2007-12-31": "14.34100", "2006-12-31": "5.65800", "2005-12-31": ""}, "Total Current Assets": {"2020-12-31": "1104.00000", "2019-12-31": "1204.00000", "2018-12-31": "1229.00000", "2017-12-31": "1134.00000", "2016-12-31": "1324.76100", "2015-12-31": "981.24500", "2014-12-31": "1282.99600", "2013-12-31": "892.68300", "2012-12-31": "1581.32400", "2011-12-31": "599.15200", "2010-12-31": "545.14500", "2009-12-31": "1196.03300", "2008-12-31": "485.16800", "2007-12-31": "497.25500", "2006-12-31": "801.32300", "2005-12-31": "221.29500"}, "Property, Plant, And Equipment": {"2020-12-31": "15162.00000", "2019-12-31": "14666.00000", "2018-12-31": "13653.00000", "2017-12-31": "12933.00000", "2016-12-31": "9805.31500", "2015-12-31": "9580.05700", "2014-12-31": "8982.78300", "2013-12-31": "8947.67700", "2012-12-31": "6917.53100", "2011-12-31": "4861.22700", "2010-12-31": "4893.65100", "2009-12-31": "4895.98300", "2008-12-31": "5060.12600", "2007-12-31": "5051.05500", "2006-12-31": "3246.44600", "2005-12-31": "3294.33300"}, "Long-Term Investments": {"2020-12-31": "", "2019-12-31": "", "2018-12-31": "", "2017-12-31": "", "2016-12-31": "", "2015-12-31": "", "2014-12-31": "", "2013-12-31": "", "2012-12-31": "", "2011-12-31": "", "2010-12-31": "", "2009-12-31": "", "2008-12-31": "", "2007-12-31": "60.08500", "2006-12-31": "154.95500", "2005-12-31": ""}, "Goodwill And Intangible Assets": {"2020-12-31": "14511.00000", "2019-12-31": "14914.00000", "2018-12-31": "15594.00000", "2017-12-31": "15983.00000", "2016-12-31": "9407.74800", "2015-12-31": "9293.46600", "2014-12-31": "8878.03600", "2013-12-31": "8974.29100", "2012-12-31": "6061.65300", "2011-12-31": "4213.57200", "2010-12-31": "4343.22500", "2009-12-31": "4390.22600", "2008-12-31": "4535.28200", "2007-12-31": "4646.78900", "2006-12-31": "626.82700", "2005-12-31": "411.28400"}, "Other Long-Term Assets": {"2020-12-31": "119.00000", "2019-12-31": "116.00000", "2018-12-31": "920.00000", "2017-12-31": "879.00000", "2016-12-31": "819.61000", "2015-12-31": "775.79000", "2014-12-31": "", "2013-12-31": "", "2012-12-31": "", "2011-12-31": "", "2010-12-31": "", "2009-12-31": "", "2008-12-31": "5.00000", "2007-12-31": "5.00000", "2006-12-31": "5.00000", "2005-12-31": "3.81400"}, "Total Long-Term Assets": {"2020-12-31": "37664.00000", "2019-12-31": "37253.00000", "2018-12-31": "31533.00000", "2017-12-31": "31095.00000", "2016-12-31": "21350.33000", "2015-12-31": "20955.72000", "2014-12-31": "19860.28000", "2013-12-31": "19702.23000", "2012-12-31": "14507.38000", "2011-12-31": "9945.94300", "2010-12-31": "9924.38400", "2009-12-31": "9760.57300", "2008-12-31": "9876.55500", "2007-12-31": "9990.87900", "2006-12-31": "4206.14100", "2005-12-31": "3910.02200"}, "Total Assets": {"2020-12-31": "38768.00000", "2019-12-31": "38457.00000", "2018-12-31": "32762.00000", "2017-12-31": "32229.00000", "2016-12-31": "22675.09000", "2015-12-31": "21936.97000", "2014-12-31": "21143.28000", "2013-12-31": "20594.91000", "2012-12-31": "16088.71000", "2011-12-31": "10545.10000", "2010-12-31": "10469.53000", "2009-12-31": "10956.61000", "2008-12-31": "10361.72000", "2007-12-31": "10488.13000", "2006-12-31": "5007.46400", "2005-12-31": "4131.31700"}, "Total Current Liabilities": {"2020-12-31": "1969.00000", "2019-12-31": "1920.00000", "2018-12-31": "1506.00000", "2017-12-31": "1292.00000", "2016-12-31": "961.35500", "2015-12-31": "855.36900", "2014-12-31": "932.13100", "2013-12-31": "756.38700", "2012-12-31": "1237.85800", "2011-12-31": "402.10600", "2010-12-31": "440.88500", "2009-12-31": "754.10500", "2008-12-31": "834.35800", "2007-12-31": "371.98700", "2006-12-31": "200.79500", "2005-12-31": "464.21400"}, "Long Term Debt": {"2020-12-31": "19151.00000", "2019-12-31": "18021.00000", "2018-12-31": "16575.00000", "2017-12-31": "16044.00000", "2016-12-31": "12069.39000", "2015-12-31": "12043.74000", "2014-12-31": "11807.53000", "2013-12-31": "11490.91000", "2012-12-31": "10923.19000", "2011-12-31": "6853.18200", "2010-12-31": "6750.20700", "2009-12-31": "6361.95400", "2008-12-31": "5635.97200", "2007-12-31": "5987.69500", "2006-12-31": "3513.89000", "2005-12-31": "1975.68600"}, "Other Non-Current Liabilities": {"2020-12-31": "2379.00000", "2019-12-31": "2516.00000", "2018-12-31": "3110.00000", "2017-12-31": "2554.00000", "2016-12-31": "2087.22900", "2015-12-31": "1948.63600", "2014-12-31": "1666.39100", "2013-12-31": "1349.91900", "2012-12-31": "910.57100", "2011-12-31": "500.35000", "2010-12-31": "450.17600", "2009-12-31": "514.69100", "2008-12-31": "820.35500", "2007-12-31": "366.48300", "2006-12-31": "193.27900", "2005-12-31": "174.30600"}, "Total Long Term Liabilities": {"2020-12-31": "27338.00000", "2019-12-31": "26048.00000", "2018-12-31": "19685.00000", "2017-12-31": "18598.00000", "2016-12-31": "14156.62000", "2015-12-31": "13992.38000", "2014-12-31": "13473.92000", "2013-12-31": "12897.35000", "2012-12-31": "11899.59000", "2011-12-31": "7451.09400", "2010-12-31": "7267.06900", "2009-12-31": "6950.76200", "2008-12-31": "6496.77300", "2007-12-31": "6635.43700", "2006-12-31": "3737.51700", "2005-12-31": "2176.78400"}, "Total Liabilities": {"2020-12-31": "29307.00000", "2019-12-31": "27968.00000", "2018-12-31": "21191.00000", "2017-12-31": "19890.00000", "2016-12-31": "15117.98000", "2015-12-31": "14847.75000", "2014-12-31": "14406.05000", "2013-12-31": "13653.73000", "2012-12-31": "13137.45000", "2011-12-31": "7853.20000", "2010-12-31": "7707.95400", "2009-12-31": "7704.87100", "2008-12-31": "7331.12900", "2007-12-31": "7007.42100", "2006-12-31": "3938.31200", "2005-12-31": "2640.99800"}, "Common Stock Net": {"2020-12-31": "4.00000", "2019-12-31": "4.00000", "2018-12-31": "4.00000", "2017-12-31": "4.00000", "2016-12-31": "3.60500", "2015-12-31": "3.33800", "2014-12-31": "3.33900", "2013-12-31": "3.34100", "2012-12-31": "2.93200", "2011-12-31": "2.84400", "2010-12-31": "2.90800", "2009-12-31": "2.92700", "2008-12-31": "2.88500", "2007-12-31": "2.82500", "2006-12-31": "2.02100", "2005-12-31": "2.14200"}, "Retained Earnings (Accumulated Deficit)": {"2020-12-31": "-8472.00000", "2019-12-31": "-7365.00000", "2018-12-31": "-6195.00000", "2017-12-31": "-4505.00000", "2016-12-31": "-3378.83800", "2015-12-31": "-2458.39700", "2014-12-31": "-2815.42800", "2013-12-31": "-2535.87900", "2012-12-31": "-2625.99000", "2011-12-31": "-2811.94500", "2010-12-31": "-2960.08200", "2009-12-31": "-2628.33600", "2008-12-31": "-2493.19800", "2007-12-31": "-2423.53400", "2006-12-31": "-2184.59800", "2005-12-31": "-2037.91400"}, "Comprehensive Income": {"2020-12-31": "-4.00000", "2019-12-31": "-5.00000", "2018-12-31": "-5.00000", "2017-12-31": "-4.00000", "2016-12-31": "-5.88800", "2015-12-31": "-4.39800", "2014-12-31": "15.82000", "2013-12-31": "-23.61200", "2012-12-31": "-61.79100", "2011-12-31": "-116.99600", "2010-12-31": "-178.97800", "2009-12-31": "-124.22400", "2008-12-31": "-408.32900", "2007-12-31": "26.16600", "2006-12-31": "65.00000", "2005-12-31": "41.93700"}, "Other Share Holders Equity": {"2020-12-31": "", "2019-12-31": "", "2018-12-31": "", "2017-12-31": "", "2016-12-31": "", "2015-12-31": "", "2014-12-31": "0.00000", "2013-12-31": "0.00000", "2012-12-31": "0.00000", "2011-12-31": "0.00000", "2010-12-31": "0.00000", "2009-12-31": "0.00000", "2008-12-31": "", "2007-12-31": "", "2006-12-31": "", "2005-12-31": ""}, "Share Holder Equity": {"2020-12-31": "9461.00000", "2019-12-31": "10489.00000", "2018-12-31": "11571.00000", "2017-12-31": "12339.00000", "2016-12-31": "7557.11500", "2015-12-31": "7089.22100", "2014-12-31": "6737.22800", "2013-12-31": "6941.17500", "2012-12-31": "2951.26400", "2011-12-31": "2691.89600", "2010-12-31": "2761.57500", "2009-12-31": "3251.73900", "2008-12-31": "3030.59100", "2007-12-31": "3480.70900", "2006-12-31": "1069.15200", "2005-12-31": "1490.31900"}, "Total Liabilities And Share Holders Equity": {"2020-12-31": "38768.00000", "2019-12-31": "38457.00000", "2018-12-31": "32762.00000", "2017-12-31": "32229.00000", "2016-12-31": "22675.09000", "2015-12-31": "21936.97000", "2014-12-31": "21143.28000", "2013-12-31": "20594.91000", "2012-12-31": "16088.71000", "2011-12-31": "10545.10000", "2010-12-31": "10469.53000", "2009-12-31": "10956.61000", "2008-12-31": "10361.72000", "2007-12-31": "10488.13000", "2006-12-31": "5007.46400", "2005-12-31": "4131.31700"}}, "balance sheet, quarterly": {"Cash On Hand": {"2020-12-31": "376.00000", "2020-09-30": "416.00000", "2020-06-30": "2668.00000", "2020-03-31": "467.00000", "2019-12-31": "333.00000", "2019-09-30": "320.00000", "2019-06-30": "424.00000", "2019-03-31": "403.00000", "2018-12-31": "408.00000", "2018-09-30": "448.00000", "2018-06-30": "331.00000", "2018-03-31": "340.00000", "2017-12-31": "435.00000", "2017-09-30": "6834.86400", "2017-06-30": "317.57600", "2017-03-31": "320.32000", "2016-12-31": "692.14600", "2016-09-30": "273.15100", "2016-06-30": "334.45700", "2016-03-31": "305.12100", "2015-12-31": "309.54100", "2015-09-30": "300.76900", "2015-06-30": "481.62500", "2015-03-31": "377.11700", "2014-12-31": "298.72300", "2014-09-30": "376.37400", "2014-06-30": "383.20400", "2014-03-31": "364.49000", "2013-12-31": "406.92000", "2013-09-30": "376.34800", "2013-06-30": "288.42700", "2013-03-31": "300.32000", "2012-12-31": "1017.30200", "2012-09-30": "392.20800", "2012-06-30": "372.12300", "2012-03-31": "1352.65300", "2011-12-31": "332.48800", "2011-09-30": "299.09700", "2011-06-30": "301.72400", "2011-03-31": "312.75100", "2010-12-31": "333.54600", "2010-09-30": "511.03400", "2010-06-30": "446.39500", "2010-03-31": "572.21800", "2009-12-31": "979.66000", "2009-09-30": "451.54900", "2009-06-30": "525.87500", "2009-03-31": "768.35600", "2008-12-31": "303.07100", "2008-09-30": "243.07900", "2008-06-30": "279.39200", "2008-03-31": "273.11200", "2007-12-31": "240.80100", "2007-09-30": "272.70500", "2007-06-30": "239.03700", "2007-03-31": "284.11500", "2006-12-31": "708.21900", "2006-09-30": "154.75300", "2006-06-30": "625.25500", "2006-03-31": "191.02100", "2005-12-31": "157.34700", "2005-09-30": "148.89200", "2005-06-30": "340.63800", "2005-03-31": "383.07700"}, "Receivables": {"2020-12-31": "431.00000", "2020-09-30": "455.00000", "2020-06-30": "439.00000", "2020-03-31": "495.00000", "2019-12-31": "596.00000", "2019-09-30": "667.00000", "2019-06-30": "591.00000", "2019-03-31": "545.00000", "2018-12-31": "501.00000", "2018-09-30": "471.00000", "2018-06-30": "455.00000", "2018-03-31": "402.00000", "2017-12-31": "398.00000", "2017-09-30": "317.85600", "2017-06-30": "305.98200", "2017-03-31": "302.69700", "2016-12-31": "373.53200", "2016-09-30": "276.25900", "2016-06-30": "229.01500", "2016-03-31": "254.66900", "2015-12-31": "313.29600", "2015-09-30": "324.56600", "2015-06-30": "253.34200", "2015-03-31": "292.56500", "2014-12-31": "313.30800", "2014-09-30": "311.79800", "2014-06-30": "304.01500", "2014-03-31": "245.55600", "2013-12-31": "249.92500", "2013-09-30": "236.21100", "2013-06-30": "201.02800", "2013-03-31": "212.73200", "2012-12-31": "192.83300", "2012-09-30": "141.39900", "2012-06-30": "124.15400", "2012-03-31": "79.87200", "2011-12-31": "77.25800", "2011-09-30": "64.76200", "2011-06-30": "57.09300", "2011-03-31": "53.67100", "2010-12-31": "59.91200", "2010-09-30": "55.20100", "2010-06-30": "49.05400", "2010-03-31": "41.26500", "2009-12-31": "44.43100", "2009-09-30": "33.38200", "2009-06-30": "35.92700", "2009-03-31": "33.49600", "2008-12-31": "37.62100", "2008-09-30": "29.14700", "2008-06-30": "30.15700", "2008-03-31": "35.33100", "2007-12-31": "33.84200", "2007-09-30": "33.93500", "2007-06-30": "27.59200", "2007-03-31": "25.86300", "2006-12-31": "30.77400", "2006-09-30": "21.87200", "2006-06-30": "22.77700", "2006-03-31": "17.07700", "2005-12-31": "16.83000", "2005-09-30": "15.24300", "2005-06-30": "13.05900", "2005-03-31": "12.88300"}, "Inventory": {"2020-12-31": "", "2020-09-30": "", "2020-06-30": "", "2020-03-31": "", "2019-12-31": "", "2019-09-30": "", "2019-06-30": "", "2019-03-31": "", "2018-12-31": "", "2018-09-30": "", "2018-06-30": "", "2018-03-31": "", "2017-12-31": "", "2017-09-30": "", "2017-06-30": "", "2017-03-31": "", "2016-12-31": "", "2016-09-30": "", "2016-06-30": "", "2016-03-31": "", "2015-12-31": "", "2015-09-30": "", "2015-06-30": "", "2015-03-31": "", "2014-12-31": "", "2014-09-30": "", "2014-06-30": "", "2014-03-31": "", "2013-12-31": "", "2013-09-30": "", "2013-06-30": "", "2013-03-31": "", "2012-12-31": "", "2012-09-30": "", "2012-06-30": "", "2012-03-31": "", "2011-12-31": "", "2011-09-30": "", "2011-06-30": "", "2011-03-31": "", "2010-12-31": "", "2010-09-30": "", "2010-06-30": "", "2010-03-31": "", "2009-12-31": "", "2009-09-30": "", "2009-06-30": "", "2009-03-31": "", "2008-12-31": "", "2008-09-30": "", "2008-06-30": "", "2008-03-31": "", "2007-12-31": "", "2007-09-30": "", "2007-06-30": "", "2007-03-31": "", "2006-12-31": "", "2006-09-30": "", "2006-06-30": "", "2006-03-31": "", "2005-12-31": "", "2005-09-30": "3.73200", "2005-06-30": "4.31800", "2005-03-31": "4.93300"}, "Pre-Paid Expenses": {"2020-12-31": "95.00000", "2020-09-30": "112.00000", "2020-06-30": "137.00000", "2020-03-31": "107.00000", "2019-12-31": "107.00000", "2019-09-30": "99.00000", "2019-06-30": "111.00000", "2019-03-31": "85.00000", "2018-12-31": "172.00000", "2018-09-30": "182.00000", "2018-06-30": "197.00000", "2018-03-31": "175.00000", "2017-12-31": "162.00000", "2017-09-30": "167.23500", "2017-06-30": "175.97600", "2017-03-31": "153.33700", "2016-12-31": "128.72100", "2016-09-30": "157.10200", "2016-06-30": "138.02900", "2016-03-31": "141.52900", "2015-12-31": "133.19400", "2015-09-30": "143.67500", "2015-06-30": "138.35500", "2015-03-31": "144.33400", "2014-12-31": "138.87300", "2014-09-30": "154.24000", "2014-06-30": "150.87300", "2014-03-31": "132.02600", "2013-12-31": "132.00300", "2013-09-30": "117.86600", "2013-06-30": "124.39500", "2013-03-31": "102.31500", "2012-12-31": "103.80800", "2012-09-30": "104.64600", "2012-06-30": "101.06300", "2012-03-31": "99.21200", "2011-12-31": "80.52900", "2011-09-30": "77.92600", "2011-06-30": "75.45200", "2011-03-31": "65.12600", "2010-12-31": "65.85600", "2010-09-30": "69.27300", "2010-06-30": "68.35200", "2010-03-31": "65.78800", "2009-12-31": "68.55100", "2009-09-30": "71.57000", "2009-06-30": "76.53500", "2009-03-31": "68.88700", "2008-12-31": "74.29500", "2008-09-30": "82.17000", "2008-06-30": "81.58900", "2008-03-31": "92.35300", "2007-12-31": "72.51800", "2007-09-30": "94.70400", "2007-06-30": "89.80700", "2007-03-31": "86.23400", "2006-12-31": "41.26300", "2006-09-30": "42.40500", "2006-06-30": "42.37500", "2006-03-31": "42.79000", "2005-12-31": "37.81100", "2005-09-30": "34.30000", "2005-06-30": "28.00100", "2005-03-31": "27.45500"}, "Other Current Assets": {"2020-12-31": "202.00000", "2020-09-30": "201.00000", "2020-06-30": "192.00000", "2020-03-31": "178.00000", "2019-12-31": "168.00000", "2019-09-30": "167.00000", "2019-06-30": "168.00000", "2019-03-31": "160.00000", "2018-12-31": "148.00000", "2018-09-30": "148.00000", "2018-06-30": "181.00000", "2018-03-31": "157.00000", "2017-12-31": "139.00000", "2017-09-30": "154.60000", "2017-06-30": "151.80100", "2017-03-31": "140.09500", "2016-12-31": "130.36200", "2016-09-30": "133.16300", "2016-06-30": "116.11400", "2016-03-31": "119.56300", "2015-12-31": "225.21400", "2015-09-30": "222.25100", "2015-06-30": "214.39600", "2015-03-31": "83.39300", "2014-12-31": "119.30900", "2014-09-30": "96.18200", "2014-06-30": "76.27500", "2014-03-31": "83.22400", "2013-12-31": "77.12100", "2013-09-30": "79.50000", "2013-06-30": "84.16300", "2013-03-31": "69.23100", "2012-12-31": "73.96100", "2012-09-30": "", "2012-06-30": "", "2012-03-31": "", "2011-12-31": "23.49200", "2011-09-30": "", "2011-06-30": "", "2011-03-31": "", "2010-12-31": "", "2010-09-30": "", "2010-06-30": "25.13200", "2010-03-31": "24.26900", "2009-12-31": "", "2009-09-30": "8.20300", "2009-06-30": "7.77100", "2009-03-31": "7.09500", "2008-12-31": "12.20000", "2008-09-30": "10.39800", "2008-06-30": "9.53200", "2008-03-31": "8.59200", "2007-12-31": "14.34100", "2007-09-30": "", "2007-06-30": "", "2007-03-31": "", "2006-12-31": "5.65800", "2006-09-30": "", "2006-06-30": "", "2006-03-31": "", "2005-12-31": "", "2005-09-30": "", "2005-06-30": "", "2005-03-31": ""}, "Total Current Assets": {"2020-12-31": "1104.00000", "2020-09-30": "1184.00000", "2020-06-30": "3436.00000", "2020-03-31": "1247.00000", "2019-12-31": "1204.00000", "2019-09-30": "1253.00000", "2019-06-30": "1294.00000", "2019-03-31": "1193.00000", "2018-12-31": "1229.00000", "2018-09-30": "1249.00000", "2018-06-30": "1164.00000", "2018-03-31": "1074.00000", "2017-12-31": "1134.00000", "2017-09-30": "7474.55500", "2017-06-30": "951.33500", "2017-03-31": "916.44900", "2016-12-31": "1324.76100", "2016-09-30": "839.67500", "2016-06-30": "817.61500", "2016-03-31": "820.88200", "2015-12-31": "981.24500", "2015-09-30": "1024.37100", "2015-06-30": "1117.56000", "2015-03-31": "927.51400", "2014-12-31": "1282.99600", "2014-09-30": "978.79500", "2014-06-30": "947.74600", "2014-03-31": "852.26800", "2013-12-31": "892.68300", "2013-09-30": "999.80300", "2013-06-30": "880.06600", "2013-03-31": "865.41500", "2012-12-31": "1581.32400", "2012-09-30": "777.37600", "2012-06-30": "739.11000", "2012-03-31": "1648.00900", "2011-12-31": "599.15200", "2011-09-30": "522.28000", "2011-06-30": "511.94200", "2011-03-31": "516.07100", "2010-12-31": "545.14500", "2010-09-30": "754.30500", "2010-06-30": "672.21900", "2010-03-31": "814.06900", "2009-12-31": "1196.03300", "2009-09-30": "675.29300", "2009-06-30": "741.23400", "2009-03-31": "936.77900", "2008-12-31": "485.16800", "2008-09-30": "507.27400", "2008-06-30": "539.27400", "2008-03-31": "543.36000", "2007-12-31": "497.25500", "2007-09-30": "421.42000", "2007-06-30": "374.37200", "2007-03-31": "410.47000", "2006-12-31": "801.32300", "2006-09-30": "231.31200", "2006-06-30": "701.44900", "2006-03-31": "260.17900", "2005-12-31": "221.29500", "2005-09-30": "207.52100", "2005-06-30": "390.99000", "2005-03-31": "436.38400"}, "Property, Plant, And Equipment": {"2020-12-31": "15162.00000", "2020-09-30": "15092.00000", "2020-06-30": "14963.00000", "2020-03-31": "14815.00000", "2019-12-31": "14666.00000", "2019-09-30": "14416.00000", "2019-06-30": "14151.00000", "2019-03-31": "13883.00000", "2018-12-31": "13653.00000", "2018-09-30": "13433.00000", "2018-06-30": "13218.00000", "2018-03-31": "13051.00000", "2017-12-31": "12933.00000", "2017-09-30": "10599.60000", "2017-06-30": "10507.74000", "2017-03-31": "10293.69000", "2016-12-31": "9805.31500", "2016-09-30": "9714.14900", "2016-06-30": "9670.35800", "2016-03-31": "9559.39700", "2015-12-31": "9580.05700", "2015-09-30": "9498.56800", "2015-06-30": "9042.28400", "2015-03-31": "9139.70300", "2014-12-31": "8982.78300", "2014-09-30": "8870.81700", "2014-06-30": "8888.42600", "2014-03-31": "8927.21800", "2013-12-31": "8947.67700", "2013-09-30": "6904.34600", "2013-06-30": "6892.27700", "2013-03-31": "6882.41100", "2012-12-31": "6917.53100", "2012-09-30": "5380.54100", "2012-06-30": "5347.86700", "2012-03-31": "4836.15200", "2011-12-31": "4861.22700", "2011-09-30": "4864.40000", "2011-06-30": "4828.56400", "2011-03-31": "4854.18200", "2010-12-31": "4893.65100", "2010-09-30": "4897.34000", "2010-06-30": "4786.55300", "2010-03-31": "4842.39400", "2009-12-31": "4895.98300", "2009-09-30": "4926.59800", "2009-06-30": "4964.10400", "2009-03-31": "4992.08700", "2008-12-31": "5060.12600", "2008-09-30": "5059.91700", "2008-06-30": "5061.98200", "2008-03-31": "5021.53600", "2007-12-31": "5051.05500", "2007-09-30": "5047.37400", "2007-06-30": "5123.41300", "2007-03-31": "5140.94400", "2006-12-31": "3246.44600", "2006-09-30": "3260.04900", "2006-06-30": "3207.02500", "2006-03-31": "3241.70800", "2005-12-31": "3294.33300", "2005-09-30": "3326.80100", "2005-06-30": "3242.81800", "2005-03-31": "3304.59100"}, "Long-Term Investments": {"2020-12-31": "", "2020-09-30": "", "2020-06-30": "", "2020-03-31": "", "2019-12-31": "", "2019-09-30": "", "2019-06-30": "", "2019-03-31": "", "2018-12-31": "", "2018-09-30": "", "2018-06-30": "", "2018-03-31": "", "2017-12-31": "", "2017-09-30": "", "2017-06-30": "", "2017-03-31": "", "2016-12-31": "", "2016-09-30": "", "2016-06-30": "", "2016-03-31": "", "2015-12-31": "", "2015-09-30": "", "2015-06-30": "", "2015-03-31": "", "2014-12-31": "", "2014-09-30": "", "2014-06-30": "", "2014-03-31": "", "2013-12-31": "", "2013-09-30": "", "2013-06-30": "", "2013-03-31": "", "2012-12-31": "", "2012-09-30": "", "2012-06-30": "", "2012-03-31": "", "2011-12-31": "", "2011-09-30": "", "2011-06-30": "", "2011-03-31": "", "2010-12-31": "", "2010-09-30": "", "2010-06-30": "", "2010-03-31": "", "2009-12-31": "", "2009-09-30": "", "2009-06-30": "", "2009-03-31": "", "2008-12-31": "", "2008-09-30": "36.36700", "2008-06-30": "36.89400", "2008-03-31": "46.38100", "2007-12-31": "60.08500", "2007-09-30": "101.19500", "2007-06-30": "114.10800", "2007-03-31": "136.77200", "2006-12-31": "154.95500", "2006-09-30": "249.03500", "2006-06-30": "", "2006-03-31": "", "2005-12-31": "", "2005-09-30": "", "2005-06-30": "", "2005-03-31": ""}, "Goodwill And Intangible Assets": {"2020-12-31": "14511.00000", "2020-09-30": "14613.00000", "2020-06-30": "14704.00000", "2020-03-31": "14812.00000", "2019-12-31": "14914.00000", "2019-09-30": "15046.00000", "2019-06-30": "15152.00000", "2019-03-31": "15256.00000", "2018-12-31": "15594.00000", "2018-09-30": "15694.00000", "2018-06-30": "15804.00000", "2018-03-31": "15929.00000", "2017-12-31": "15983.00000", "2017-09-30": "10791.23000", "2017-06-30": "10873.17000", "2017-03-31": "10424.36000", "2016-12-31": "9407.74800", "2016-09-30": "9487.48100", "2016-06-30": "9524.63900", "2016-03-31": "9238.19300", "2015-12-31": "9293.46600", "2015-09-30": "9364.49400", "2015-06-30": "8792.09300", "2015-03-31": "8866.29300", "2014-12-31": "8878.03600", "2014-09-30": "8887.22600", "2014-06-30": "8861.81800", "2014-03-31": "8931.66600", "2013-12-31": "8974.29100", "2013-09-30": "5962.12000", "2013-06-30": "5990.45200", "2013-03-31": "6041.82500", "2012-12-31": "6061.65300", "2012-09-30": "5169.81100", "2012-06-30": "5167.41300", "2012-03-31": "4358.01300", "2011-12-31": "4213.57200", "2011-09-30": "4243.59200", "2011-06-30": "4277.09200", "2011-03-31": "4303.46800", "2010-12-31": "4343.22500", "2010-09-30": "4367.65600", "2010-06-30": "4336.29200", "2010-03-31": "4370.75300", "2009-12-31": "4390.22600", "2009-09-30": "4427.31700", "2009-06-30": "4462.94000", "2009-03-31": "4497.99800", "2008-12-31": "4535.28200", "2008-09-30": "4575.43500", "2008-06-30": "4580.13700", "2008-03-31": "4610.45100", "2007-12-31": "4646.78900", "2007-09-30": "4690.02200", "2007-06-30": "4700.40100", "2007-03-31": "4730.55700", "2006-12-31": "626.82700", "2006-09-30": "619.88400", "2006-06-30": "340.41200", "2006-03-31": "340.41200", "2005-12-31": "411.28400", "2005-09-30": "341.93600", "2005-06-30": "333.71800", "2005-03-31": "333.71800"}, "Other Long-Term Assets": {"2020-12-31": "119.00000", "2020-09-30": "120.00000", "2020-06-30": "119.00000", "2020-03-31": "116.00000", "2019-12-31": "116.00000", "2019-09-30": "104.00000", "2019-06-30": "106.00000", "2019-03-31": "104.00000", "2018-12-31": "920.00000", "2018-09-30": "911.00000", "2018-06-30": "885.00000", "2018-03-31": "892.00000", "2017-12-31": "879.00000", "2017-09-30": "860.81700", "2017-06-30": "851.94300", "2017-03-31": "832.10400", "2016-12-31": "819.61000", "2016-09-30": "808.64100", "2016-06-30": "806.67300", "2016-03-31": "781.88100", "2015-12-31": "775.79000", "2015-09-30": "", "2015-06-30": "", "2015-03-31": "", "2014-12-31": "", "2014-09-30": "", "2014-06-30": "", "2014-03-31": "", "2013-12-31": "", "2013-09-30": "", "2013-06-30": "", "2013-03-31": "", "2012-12-31": "", "2012-09-30": "", "2012-06-30": "", "2012-03-31": "", "2011-12-31": "", "2011-09-30": "", "2011-06-30": "", "2011-03-31": "", "2010-12-31": "", "2010-09-30": "", "2010-06-30": "5.00000", "2010-03-31": "5.00000", "2009-12-31": "", "2009-09-30": "5.00000", "2009-06-30": "5.00000", "2009-03-31": "5.00000", "2008-12-31": "5.00000", "2008-09-30": "5.00000", "2008-06-30": "5.00000", "2008-03-31": "5.00000", "2007-12-31": "5.00000", "2007-09-30": "5.00000", "2007-06-30": "5.00000", "2007-03-31": "5.00000", "2006-12-31": "5.00000", "2006-09-30": "5.02100", "2006-06-30": "5.16800", "2006-03-31": "4.48400", "2005-12-31": "3.81400", "2005-09-30": "3.15400", "2005-06-30": "2.50000", "2005-03-31": ""}, "Total Long-Term Assets": {"2020-12-31": "37664.00000", "2020-09-30": "37602.00000", "2020-06-30": "37465.00000", "2020-03-31": "37369.00000", "2019-12-31": "37253.00000", "2019-09-30": "37091.00000", "2019-06-30": "36853.00000", "2019-03-31": "36585.00000", "2018-12-31": "31533.00000", "2018-09-30": "31395.00000", "2018-06-30": "31210.00000", "2018-03-31": "31176.00000", "2017-12-31": "31095.00000", "2017-09-30": "23537.20000", "2017-06-30": "23532.29000", "2017-03-31": "22860.39000", "2016-12-31": "21350.33000", "2016-09-30": "21332.05000", "2016-06-30": "21335.46000", "2016-03-31": "20897.37000", "2015-12-31": "20955.72000", "2015-09-30": "20971.27000", "2015-06-30": "19894.07000", "2015-03-31": "20177.96000", "2014-12-31": "19860.28000", "2014-09-30": "19806.07000", "2014-06-30": "19724.31000", "2014-03-31": "19717.40000", "2013-12-31": "19702.23000", "2013-09-30": "14567.77000", "2013-06-30": "14512.52000", "2013-03-31": "14507.09000", "2012-12-31": "14507.38000", "2012-09-30": "11959.04000", "2012-06-30": "11858.57000", "2012-03-31": "10476.65000", "2011-12-31": "9945.94300", "2011-09-30": "9920.93600", "2011-06-30": "9873.37800", "2011-03-31": "9881.12300", "2010-12-31": "9924.38400", "2010-09-30": "9898.93800", "2010-06-30": "9680.19500", "2010-03-31": "9746.43900", "2009-12-31": "9760.57300", "2009-09-30": "9807.92600", "2009-06-30": "9811.17900", "2009-03-31": "9813.12400", "2008-12-31": "9876.55500", "2008-09-30": "9942.59100", "2008-06-30": "9938.54600", "2008-03-31": "9927.00300", "2007-12-31": "9990.87900", "2007-09-30": "10084.90000", "2007-06-30": "10246.65000", "2007-03-31": "10217.64000", "2006-12-31": "4206.14100", "2006-09-30": "4288.29100", "2006-06-30": "3860.66900", "2006-03-31": "3870.57700", "2005-12-31": "3910.02200", "2005-09-30": "3955.45000", "2005-06-30": "3806.80700", "2005-03-31": "3866.98500"}, "Total Assets": {"2020-12-31": "38768.00000", "2020-09-30": "38786.00000", "2020-06-30": "40901.00000", "2020-03-31": "38616.00000", "2019-12-31": "38457.00000", "2019-09-30": "38344.00000", "2019-06-30": "38147.00000", "2019-03-31": "37778.00000", "2018-12-31": "32762.00000", "2018-09-30": "32644.00000", "2018-06-30": "32374.00000", "2018-03-31": "32250.00000", "2017-12-31": "32229.00000", "2017-09-30": "31011.76000", "2017-06-30": "24483.62000", "2017-03-31": "23776.84000", "2016-12-31": "22675.09000", "2016-09-30": "22171.72000", "2016-06-30": "22153.07000", "2016-03-31": "21718.25000", "2015-12-31": "21936.97000", "2015-09-30": "21995.64000", "2015-06-30": "21011.63000", "2015-03-31": "21105.48000", "2014-12-31": "21143.28000", "2014-09-30": "20784.86000", "2014-06-30": "20672.06000", "2014-03-31": "20569.67000", "2013-12-31": "20594.91000", "2013-09-30": "15567.57000", "2013-06-30": "15392.58000", "2013-03-31": "15372.50000", "2012-12-31": "16088.71000", "2012-09-30": "12736.42000", "2012-06-30": "12597.68000", "2012-03-31": "12124.66000", "2011-12-31": "10545.10000", "2011-09-30": "10443.21000", "2011-06-30": "10385.32000", "2011-03-31": "10397.19000", "2010-12-31": "10469.53000", "2010-09-30": "10653.24000", "2010-06-30": "10352.41000", "2010-03-31": "10560.51000", "2009-12-31": "10956.61000", "2009-09-30": "10483.22000", "2009-06-30": "10552.41000", "2009-03-31": "10749.90000", "2008-12-31": "10361.72000", "2008-09-30": "10449.87000", "2008-06-30": "10477.82000", "2008-03-31": "10470.36000", "2007-12-31": "10488.13000", "2007-09-30": "10506.32000", "2007-06-30": "10621.02000", "2007-03-31": "10628.11000", "2006-12-31": "5007.46400", "2006-09-30": "4519.60300", "2006-06-30": "4562.11800", "2006-03-31": "4130.75600", "2005-12-31": "4131.31700", "2005-09-30": "4162.97100", "2005-06-30": "4197.79700", "2005-03-31": "4303.36900"}, "Total Current Liabilities": {"2020-12-31": "1969.00000", "2020-09-30": "1925.00000", "2020-06-30": "1964.00000", "2020-03-31": "2669.00000", "2019-12-31": "1920.00000", "2019-09-30": "1734.00000", "2019-06-30": "1698.00000", "2019-03-31": "1565.00000", "2018-12-31": "1506.00000", "2018-09-30": "1304.00000", "2018-06-30": "1286.00000", "2018-03-31": "1187.00000", "2017-12-31": "1292.00000", "2017-09-30": "1048.87100", "2017-06-30": "997.91200", "2017-03-31": "902.19500", "2016-12-31": "961.35500", "2016-09-30": "897.73800", "2016-06-30": "875.96400", "2016-03-31": "811.94600", "2015-12-31": "855.36900", "2015-09-30": "824.54200", "2015-06-30": "780.24400", "2015-03-31": "821.95500", "2014-12-31": "932.13100", "2014-09-30": "845.56700", "2014-06-30": "795.87800", "2014-03-31": "708.27200", "2013-12-31": "756.38700", "2013-09-30": "679.71800", "2013-06-30": "644.19800", "2013-03-31": "637.62600", "2012-12-31": "1237.85800", "2012-09-30": "531.81700", "2012-06-30": "489.12400", "2012-03-31": "425.84200", "2011-12-31": "402.10600", "2011-09-30": "376.83400", "2011-06-30": "381.57300", "2011-03-31": "392.72900", "2010-12-31": "440.88500", "2010-09-30": "669.79100", "2010-06-30": "572.46700", "2010-03-31": "627.37600", "2009-12-31": "754.10500", "2009-09-30": "644.70400", "2009-06-30": "732.49000", "2009-03-31": "559.09800", "2008-12-31": "834.35800", "2008-09-30": "450.51600", "2008-06-30": "435.36700", "2008-03-31": "432.56900", "2007-12-31": "371.98700", "2007-09-30": "255.33300", "2007-06-30": "238.40900", "2007-03-31": "259.79400", "2006-12-31": "200.79500", "2006-09-30": "187.53700", "2006-06-30": "177.77500", "2006-03-31": "448.37600", "2005-12-31": "464.21400", "2005-09-30": "284.90700", "2005-06-30": "197.61400", "2005-03-31": "340.80600"}, "Long Term Debt": {"2020-12-31": "19151.00000", "2020-09-30": "19190.00000", "2020-06-30": "21014.00000", "2020-03-31": "17746.00000", "2019-12-31": "18021.00000", "2019-09-30": "17750.00000", "2019-06-30": "17471.00000", "2019-03-31": "17120.00000", "2018-12-31": "16575.00000", "2018-09-30": "16313.00000", "2018-06-30": "15844.00000", "2018-03-31": "15616.00000", "2017-12-31": "16044.00000", "2017-09-30": "15090.22000", "2017-06-30": "13726.33000", "2017-03-31": "13380.09000", "2016-12-31": "12069.39000", "2016-09-30": "12491.60000", "2016-06-30": "12325.86000", "2016-03-31": "11778.18000", "2015-12-31": "12043.74000", "2015-09-30": "12039.18000", "2015-06-30": "11036.60000", "2015-03-31": "11954.09000", "2014-12-31": "11807.53000", "2014-09-30": "11467.00000", "2014-06-30": "11464.63000", "2014-03-31": "11467.86000", "2013-12-31": "11490.91000", "2013-09-30": "10660.08000", "2013-06-30": "10691.51000", "2013-03-31": "10741.32000", "2012-12-31": "10923.19000", "2012-09-30": "8295.07100", "2012-06-30": "8307.78300", "2012-03-31": "8343.15600", "2011-12-31": "6853.18200", "2011-09-30": "6903.07400", "2011-06-30": "6785.55000", "2011-03-31": "6702.79300", "2010-12-31": "6750.20700", "2010-09-30": "6594.06600", "2010-06-30": "6368.15600", "2010-03-31": "6368.76300", "2009-12-31": "6361.95400", "2009-09-30": "6022.44400", "2009-06-30": "6024.62300", "2009-03-31": "6276.72800", "2008-12-31": "5635.97200", "2008-09-30": "5921.84600", "2008-06-30": "5986.24500", "2008-03-31": "5986.97800", "2007-12-31": "5987.69500", "2007-09-30": "5990.00200", "2007-06-30": "5990.68400", "2007-03-31": "5989.74100", "2006-12-31": "3513.89000", "2006-09-30": "2953.91500", "2006-06-30": "2965.58600", "2006-03-31": "1975.58600", "2005-12-31": "1975.68600", "2005-09-30": "1975.68600", "2005-06-30": "1975.68600", "2005-03-31": "1552.34600"}, "Other Non-Current Liabilities": {"2020-12-31": "2379.00000", "2020-09-30": "2456.00000", "2020-06-30": "2482.00000", "2020-03-31": "2513.00000", "2019-12-31": "2516.00000", "2019-09-30": "2055.00000", "2019-06-30": "2028.00000", "2019-03-31": "2009.00000", "2018-12-31": "3110.00000", "2018-09-30": "2732.00000", "2018-06-30": "2678.00000", "2018-03-31": "2615.00000", "2017-12-31": "2554.00000", "2017-09-30": "2200.33600", "2017-06-30": "2169.07000", "2017-03-31": "2131.07600", "2016-12-31": "2087.22900", "2016-09-30": "2028.67200", "2016-06-30": "2002.94400", "2016-03-31": "1975.13500", "2015-12-31": "1948.63600", "2015-09-30": "1859.30400", "2015-06-30": "1755.43000", "2015-03-31": "1732.48400", "2014-12-31": "1666.39100", "2014-09-30": "1552.42500", "2014-06-30": "1477.99500", "2014-03-31": "1406.73400", "2013-12-31": "1349.91900", "2013-09-30": "1076.52100", "2013-06-30": "1021.23000", "2013-03-31": "978.59500", "2012-12-31": "910.57100", "2012-09-30": "869.99100", "2012-06-30": "853.10600", "2012-03-31": "514.70200", "2011-12-31": "500.35000", "2011-09-30": "477.23200", "2011-06-30": "470.24400", "2011-03-31": "455.85600", "2010-12-31": "450.17600", "2010-09-30": "604.15000", "2010-06-30": "537.22500", "2010-03-31": "454.23600", "2009-12-31": "514.69100", "2009-09-30": "553.88200", "2009-06-30": "483.71400", "2009-03-31": "790.15200", "2008-12-31": "820.35500", "2008-09-30": "424.11300", "2008-06-30": "370.97500", "2008-03-31": "452.44400", "2007-12-31": "366.48300", "2007-09-30": "303.48800", "2007-06-30": "298.53500", "2007-03-31": "291.11200", "2006-12-31": "193.27900", "2006-09-30": "190.06500", "2006-06-30": "183.02000", "2006-03-31": "178.35500", "2005-12-31": "174.30600", "2005-09-30": "166.56100", "2005-06-30": "163.61000", "2005-03-31": "162.36400"}, "Total Long Term Liabilities": {"2020-12-31": "27338.00000", "2020-09-30": "27359.00000", "2020-06-30": "29111.00000", "2020-03-31": "25826.00000", "2019-12-31": "26048.00000", "2019-09-30": "25285.00000", "2019-06-30": "24926.00000", "2019-03-31": "24467.00000", "2018-12-31": "19685.00000", "2018-09-30": "19045.00000", "2018-06-30": "18522.00000", "2018-03-31": "18231.00000", "2017-12-31": "18598.00000", "2017-09-30": "17290.55000", "2017-06-30": "15895.40000", "2017-03-31": "15511.17000", "2016-12-31": "14156.62000", "2016-09-30": "14520.27000", "2016-06-30": "14328.80000", "2016-03-31": "13753.31000", "2015-12-31": "13992.38000", "2015-09-30": "13930.80000", "2015-06-30": "12827.15000", "2015-03-31": "13724.73000", "2014-12-31": "13473.92000", "2014-09-30": "13076.55000", "2014-06-30": "12996.75000", "2014-03-31": "12926.73000", "2013-12-31": "12897.35000", "2013-09-30": "11890.56000", "2013-06-30": "11823.49000", "2013-03-31": "11770.25000", "2012-12-31": "11899.59000", "2012-09-30": "9261.79800", "2012-06-30": "9242.55500", "2012-03-31": "8962.14800", "2011-12-31": "7451.09400", "2011-09-30": "7447.91900", "2011-06-30": "7317.91000", "2011-03-31": "7224.65600", "2010-12-31": "7267.06900", "2010-09-30": "7286.10500", "2010-06-30": "6981.96000", "2010-03-31": "6930.13800", "2009-12-31": "6950.76200", "2009-09-30": "6671.57400", "2009-06-30": "6581.08400", "2009-03-31": "7100.09800", "2008-12-31": "6496.77300", "2008-09-30": "6530.10900", "2008-06-30": "6553.73800", "2008-03-31": "6677.79800", "2007-12-31": "6635.43700", "2007-09-30": "6527.81400", "2007-06-30": "6556.82200", "2007-03-31": "6565.03000", "2006-12-31": "3737.51700", "2006-09-30": "3171.85900", "2006-06-30": "3174.76500", "2006-03-31": "2179.20800", "2005-12-31": "2176.78400", "2005-09-30": "2169.76300", "2005-06-30": "2167.48800", "2005-03-31": "1744.11300"}, "Total Liabilities": {"2020-12-31": "29307.00000", "2020-09-30": "29284.00000", "2020-06-30": "31075.00000", "2020-03-31": "28495.00000", "2019-12-31": "27968.00000", "2019-09-30": "27019.00000", "2019-06-30": "26624.00000", "2019-03-31": "26032.00000", "2018-12-31": "21191.00000", "2018-09-30": "20349.00000", "2018-06-30": "19808.00000", "2018-03-31": "19418.00000", "2017-12-31": "19890.00000", "2017-09-30": "18339.42000", "2017-06-30": "16893.31000", "2017-03-31": "16413.36000", "2016-12-31": "15117.98000", "2016-09-30": "15418.01000", "2016-06-30": "15204.77000", "2016-03-31": "14565.26000", "2015-12-31": "14847.75000", "2015-09-30": "14755.34000", "2015-06-30": "13607.39000", "2015-03-31": "14546.68000", "2014-12-31": "14406.05000", "2014-09-30": "13922.12000", "2014-06-30": "13792.62000", "2014-03-31": "13635.00000", "2013-12-31": "13653.73000", "2013-09-30": "12570.28000", "2013-06-30": "12467.69000", "2013-03-31": "12407.87000", "2012-12-31": "13137.45000", "2012-09-30": "9793.61400", "2012-06-30": "9731.67800", "2012-03-31": "9387.99000", "2011-12-31": "7853.20000", "2011-09-30": "7824.75300", "2011-06-30": "7699.48300", "2011-03-31": "7617.38100", "2010-12-31": "7707.95400", "2010-09-30": "7955.89400", "2010-06-30": "7554.42300", "2010-03-31": "7557.51500", "2009-12-31": "7704.87100", "2009-09-30": "7316.27900", "2009-06-30": "7313.57100", "2009-03-31": "7659.19300", "2008-12-31": "7331.12900", "2008-09-30": "6980.63000", "2008-06-30": "6989.10500", "2008-03-31": "7110.36400", "2007-12-31": "7007.42100", "2007-09-30": "6783.14700", "2007-06-30": "6795.22800", "2007-03-31": "6824.82500", "2006-12-31": "3938.31200", "2006-09-30": "3359.39600", "2006-06-30": "3352.54000", "2006-03-31": "2627.58400", "2005-12-31": "2640.99800", "2005-09-30": "2454.67000", "2005-06-30": "2365.10200", "2005-03-31": "2084.91900"}, "Common Stock Net": {"2020-12-31": "4.00000", "2020-09-30": "4.00000", "2020-06-30": "4.00000", "2020-03-31": "4.00000", "2019-12-31": "4.00000", "2019-09-30": "4.00000", "2019-06-30": "4.00000", "2019-03-31": "4.00000", "2018-12-31": "4.00000", "2018-09-30": "4.00000", "2018-06-30": "4.00000", "2018-03-31": "4.00000", "2017-12-31": "4.00000", "2017-09-30": "4.06300", "2017-06-30": "3.66100", "2017-03-31": "3.61400", "2016-12-31": "3.60500", "2016-09-30": "3.37500", "2016-06-30": "3.37500", "2016-03-31": "3.37500", "2015-12-31": "3.33800", "2015-09-30": "3.33900", "2015-06-30": "3.33900", "2015-03-31": "3.33900", "2014-12-31": "3.33900", "2014-09-30": "3.33900", "2014-06-30": "3.33900", "2014-03-31": "3.33800", "2013-12-31": "3.34100", "2013-09-30": "2.92700", "2013-06-30": "2.92700", "2013-03-31": "2.93800", "2012-12-31": "2.93200", "2012-09-30": "2.93200", "2012-06-30": "2.93000", "2012-03-31": "2.92900", "2011-12-31": "2.84400", "2011-09-30": "2.84500", "2011-06-30": "2.87100", "2011-03-31": "2.90700", "2010-12-31": "2.90800", "2010-09-30": "2.90900", "2010-06-30": "2.90300", "2010-03-31": "2.91200", "2009-12-31": "2.92700", "2009-09-30": "2.91200", "2009-06-30": "2.90800", "2009-03-31": "2.90500", "2008-12-31": "2.88500", "2008-09-30": "2.88600", "2008-06-30": "2.82700", "2008-03-31": "2.82300", "2007-12-31": "2.82500", "2007-09-30": "2.85100", "2007-06-30": "2.84600", "2007-03-31": "2.84100", "2006-12-31": "2.02100", "2006-09-30": "2.01900", "2006-06-30": "2.06800", "2006-03-31": "2.16000", "2005-12-31": "2.14200", "2005-09-30": "2.13700", "2005-06-30": "2.17300", "2005-03-31": "2.25500"}, "Retained Earnings (Accumulated Deficit)": {"2020-12-31": "-8472.00000", "2020-09-30": "-8402.00000", "2020-06-30": "-8044.00000", "2020-03-31": "-7712.00000", "2019-12-31": "-7365.00000", "2019-09-30": "-6503.00000", "2019-06-30": "-6277.00000", "2019-03-31": "-6022.00000", "2018-12-31": "-6195.00000", "2018-09-30": "-5447.00000", "2018-06-30": "-5144.00000", "2018-03-31": "-4858.00000", "2017-12-31": "-4505.00000", "2017-09-30": "-4145.52700", "2017-06-30": "-3841.18700", "2017-03-31": "-3602.98500", "2016-12-31": "-3378.83800", "2016-09-30": "-3159.05900", "2016-06-30": "-2946.08100", "2016-03-31": "-2720.36400", "2015-12-31": "-2458.39700", "2015-09-30": "-2291.97700", "2015-06-30": "-2110.43800", "2015-03-31": "-2978.35600", "2014-12-31": "-2815.42800", "2014-09-30": "-2677.95900", "2014-06-30": "-2656.71800", "2014-03-31": "-2562.54100", "2013-12-31": "-2535.87900", "2013-09-30": "-2512.33300", "2013-06-30": "-2558.16900", "2013-03-31": "-2610.52800", "2012-12-31": "-2625.99000", "2012-09-30": "-2606.48500", "2012-06-30": "-2648.53000", "2012-03-31": "-2764.54300", "2011-12-31": "-2811.94500", "2011-09-30": "-2855.86000", "2011-06-30": "-2899.59700", "2011-03-31": "-2925.26600", "2010-12-31": "-2960.08200", "2010-09-30": "-2995.75300", "2010-06-30": "-2855.54300", "2010-03-31": "-2752.81200", "2009-12-31": "-2628.33600", "2009-09-30": "-2641.28200", "2009-06-30": "-2604.44100", "2009-03-31": "-2487.82200", "2008-12-31": "-2493.19800", "2008-09-30": "-2424.17900", "2008-06-30": "-2386.77100", "2008-03-31": "-2441.90900", "2007-12-31": "-2423.53400", "2007-09-30": "-2338.16400", "2007-06-30": "-2265.95000", "2007-03-31": "-2228.00800", "2006-12-31": "-2184.59800", "2006-09-30": "-2173.12100", "2006-06-30": "-2068.37400", "2006-03-31": "-2049.83700", "2005-12-31": "-2037.91400", "2005-09-30": "-2012.87700", "2005-06-30": "-1975.38200", "2005-03-31": "-1738.36300"}, "Comprehensive Income": {"2020-12-31": "-4.00000", "2020-09-30": "-4.00000", "2020-06-30": "-6.00000", "2020-03-31": "-6.00000", "2019-12-31": "-5.00000", "2019-09-30": "-5.00000", "2019-06-30": "-5.00000", "2019-03-31": "-5.00000", "2018-12-31": "-5.00000", "2018-09-30": "-5.00000", "2018-06-30": "-5.00000", "2018-03-31": "-4.00000", "2017-12-31": "-4.00000", "2017-09-30": "-4.95900", "2017-06-30": "-5.18300", "2017-03-31": "-5.71300", "2016-12-31": "-5.88800", "2016-09-30": "-5.54100", "2016-06-30": "-4.00600", "2016-03-31": "-4.97700", "2015-12-31": "-4.39800", "2015-09-30": "-3.75400", "2015-06-30": "-6.86600", "2015-03-31": "8.30400", "2014-12-31": "15.82000", "2014-09-30": "19.00600", "2014-06-30": "26.20500", "2014-03-31": "4.05900", "2013-12-31": "-23.61200", "2013-09-30": "-61.33900", "2013-06-30": "-77.49100", "2013-03-31": "-52.03600", "2012-12-31": "-61.79100", "2012-09-30": "-71.63300", "2012-06-30": "-89.06500", "2012-03-31": "-93.04300", "2011-12-31": "-116.99600", "2011-09-30": "-140.60200", "2011-06-30": "-141.74600", "2011-03-31": "-164.19700", "2010-12-31": "-178.97800", "2010-09-30": "-207.24100", "2010-06-30": "-230.84300", "2010-03-31": "-155.11200", "2009-12-31": "-124.22400", "2009-09-30": "-161.33000", "2009-06-30": "-111.98500", "2009-03-31": "-363.28000", "2008-12-31": "-408.32900", "2008-09-30": "-30.59300", "2008-06-30": "22.53700", "2008-03-31": "-40.44000", "2007-12-31": "26.16600", "2007-09-30": "69.30500", "2007-06-30": "114.46100", "2007-03-31": "58.63500", "2006-12-31": "65.00000", "2006-09-30": "149.49800", "2006-06-30": "86.52700", "2006-03-31": "58.15600", "2005-12-31": "41.93700", "2005-09-30": "51.85100", "2005-06-30": "51.46200", "2005-03-31": "53.30500"}, "Other Share Holders Equity": {"2020-12-31": "", "2020-09-30": "", "2020-06-30": "", "2020-03-31": "", "2019-12-31": "", "2019-09-30": "", "2019-06-30": "", "2019-03-31": "", "2018-12-31": "", "2018-09-30": "", "2018-06-30": "", "2018-03-31": "", "2017-12-31": "", "2017-09-30": "", "2017-06-30": "", "2017-03-31": "", "2016-12-31": "", "2016-09-30": "", "2016-06-30": "", "2016-03-31": "", "2015-12-31": "", "2015-09-30": "", "2015-06-30": "", "2015-03-31": "0.00000", "2014-12-31": "", "2014-09-30": "0.00000", "2014-06-30": "0.00000", "2014-03-31": "0.00000", "2013-12-31": "", "2013-09-30": "0.00000", "2013-06-30": "0.00000", "2013-03-31": "0.00000", "2012-12-31": "", "2012-09-30": "0.00000", "2012-06-30": "0.00000", "2012-03-31": "0.00000", "2011-12-31": "", "2011-09-30": "0.00000", "2011-06-30": "0.00000", "2011-03-31": "0.00000", "2010-12-31": "", "2010-09-30": "0.00000", "2010-06-30": "0.00000", "2010-03-31": "0.00000", "2009-12-31": "", "2009-09-30": "0.00000", "2009-06-30": "0.00000", "2009-03-31": "0.00000", "2008-12-31": "", "2008-09-30": "", "2008-06-30": "", "2008-03-31": "", "2007-12-31": "", "2007-09-30": "", "2007-06-30": "", "2007-03-31": "", "2006-12-31": "", "2006-09-30": "", "2006-06-30": "", "2006-03-31": "", "2005-12-31": "", "2005-09-30": "", "2005-06-30": "", "2005-03-31": ""}, "Share Holder Equity": {"2020-12-31": "9461.00000", "2020-09-30": "9502.00000", "2020-06-30": "9826.00000", "2020-03-31": "10121.00000", "2019-12-31": "10489.00000", "2019-09-30": "11325.00000", "2019-06-30": "11523.00000", "2019-03-31": "11746.00000", "2018-12-31": "11571.00000", "2018-09-30": "12295.00000", "2018-06-30": "12566.00000", "2018-03-31": "12832.00000", "2017-12-31": "12339.00000", "2017-09-30": "12672.33000", "2017-06-30": "7590.30900", "2017-03-31": "7363.48000", "2016-12-31": "7557.11500", "2016-09-30": "6753.71700", "2016-06-30": "6948.30700", "2016-03-31": "7152.99400", "2015-12-31": "7089.22100", "2015-09-30": "7240.30300", "2015-06-30": "7404.23600", "2015-03-31": "6558.79300", "2014-12-31": "6737.22800", "2014-09-30": "6862.74500", "2014-06-30": "6879.43600", "2014-03-31": "6934.66700", "2013-12-31": "6941.17500", "2013-09-30": "2997.29000", "2013-06-30": "2924.89200", "2013-03-31": "2964.63100", "2012-12-31": "2951.26400", "2012-09-30": "2942.80500", "2012-06-30": "2865.99800", "2012-03-31": "2736.66600", "2011-12-31": "2691.89600", "2011-09-30": "2618.46200", "2011-06-30": "2685.83700", "2011-03-31": "2779.80900", "2010-12-31": "2761.57500", "2010-09-30": "2697.34600", "2010-06-30": "2797.98700", "2010-03-31": "3002.99500", "2009-12-31": "3251.73900", "2009-09-30": "3166.94100", "2009-06-30": "3238.83900", "2009-03-31": "3090.70700", "2008-12-31": "3030.59100", "2008-09-30": "3469.24000", "2008-06-30": "3488.71500", "2008-03-31": "3359.99600", "2007-12-31": "3480.70900", "2007-09-30": "3723.16900", "2007-06-30": "3825.79200", "2007-03-31": "3803.28500", "2006-12-31": "1069.15200", "2006-09-30": "1160.20700", "2006-06-30": "1209.57800", "2006-03-31": "1503.17200", "2005-12-31": "1490.31900", "2005-09-30": "1708.30100", "2005-06-30": "1832.69500", "2005-03-31": "2218.45000"}, "Total Liabilities And Share Holders Equity": {"2020-12-31": "38768.00000", "2020-09-30": "38786.00000", "2020-06-30": "40901.00000", "2020-03-31": "38616.00000", "2019-12-31": "38457.00000", "2019-09-30": "38344.00000", "2019-06-30": "38147.00000", "2019-03-31": "37778.00000", "2018-12-31": "32762.00000", "2018-09-30": "32644.00000", "2018-06-30": "32374.00000", "2018-03-31": "32250.00000", "2017-12-31": "32229.00000", "2017-09-30": "31011.76000", "2017-06-30": "24483.62000", "2017-03-31": "23776.84000", "2016-12-31": "22675.09000", "2016-09-30": "22171.72000", "2016-06-30": "22153.07000", "2016-03-31": "21718.25000", "2015-12-31": "21936.97000", "2015-09-30": "21995.64000", "2015-06-30": "21011.63000", "2015-03-31": "21105.48000", "2014-12-31": "21143.28000", "2014-09-30": "20784.86000", "2014-06-30": "20672.06000", "2014-03-31": "20569.67000", "2013-12-31": "20594.91000", "2013-09-30": "15567.57000", "2013-06-30": "15392.58000", "2013-03-31": "15372.50000", "2012-12-31": "16088.71000", "2012-09-30": "12736.42000", "2012-06-30": "12597.68000", "2012-03-31": "12124.66000", "2011-12-31": "10545.10000", "2011-09-30": "10443.21000", "2011-06-30": "10385.32000", "2011-03-31": "10397.19000", "2010-12-31": "10469.53000", "2010-09-30": "10653.24000", "2010-06-30": "10352.41000", "2010-03-31": "10560.51000", "2009-12-31": "10956.61000", "2009-09-30": "10483.22000", "2009-06-30": "10552.41000", "2009-03-31": "10749.90000", "2008-12-31": "10361.72000", "2008-09-30": "10449.87000", "2008-06-30": "10477.82000", "2008-03-31": "10470.36000", "2007-12-31": "10488.13000", "2007-09-30": "10506.32000", "2007-06-30": "10621.02000", "2007-03-31": "10628.11000", "2006-12-31": "5007.46400", "2006-09-30": "4519.60300", "2006-06-30": "4562.11800", "2006-03-31": "4130.75600", "2005-12-31": "4131.31700", "2005-09-30": "4162.97100", "2005-06-30": "4197.79700", "2005-03-31": "4303.36900"}}, "cash flow statement": {"Net Income/Loss": {"2020-12-31": "1056.00000", "2019-12-31": "860.00000", "2018-12-31": "622.00000", "2017-12-31": "366.00000", "2016-12-31": "357.00000", "2015-12-31": "525.28600", "2014-12-31": "346.31400", "2013-12-31": "60.00100", "2012-12-31": "200.88800", "2011-12-31": "171.46000", "2010-12-31": "-311.25900", "2009-12-31": "-114.12300", "2008-12-31": "-48.85800", "2007-12-31": "-222.96400", "2006-12-31": "-41.89300", "2005-12-31": "-399.92600"}, "Total Depreciation And Amortization - Cash Flow": {"2020-12-31": "1614.00000", "2019-12-31": "1573.00000", "2018-12-31": "1534.00000", "2017-12-31": "1250.00000", "2016-12-31": "1123.00000", "2015-12-31": "1073.30400", "2014-12-31": "1066.63500", "2013-12-31": "840.58700", "2012-12-31": "731.94200", "2011-12-31": "655.89400", "2010-12-31": "626.22500", "2009-12-31": "591.09600", "2008-12-31": "551.27200", "2007-12-31": "563.81700", "2006-12-31": "297.22100", "2005-12-31": "288.27800"}, "Other Non-Cash Items": {"2020-12-31": "315.00000", "2019-12-31": "138.00000", "2018-12-31": "239.00000", "2017-12-31": "126.00000", "2016-12-31": "187.00000", "2015-12-31": "-25.61000", "2014-12-31": "62.83400", "2013-12-31": "266.99500", "2012-12-31": "79.70400", "2011-12-31": "63.64300", "2010-12-31": "449.69000", "2009-12-31": "156.25400", "2008-12-31": "17.42000", "2007-12-31": "62.66500", "2006-12-31": "22.47600", "2005-12-31": "323.09000"}, "Total Non-Cash Items": {"2020-12-31": "1929.00000", "2019-12-31": "1711.00000", "2018-12-31": "1773.00000", "2017-12-31": "1376.00000", "2016-12-31": "1310.00000", "2015-12-31": "1047.69400", "2014-12-31": "1129.46900", "2013-12-31": "1107.58200", "2012-12-31": "811.64590", "2011-12-31": "719.53690", "2010-12-31": "1075.91500", "2009-12-31": "747.35000", "2008-12-31": "568.69210", "2007-12-31": "626.48200", "2006-12-31": "319.69700", "2005-12-31": "611.36800"}, "Change In Accounts Receivable": {"2020-12-31": "", "2019-12-31": "-96.00000", "2018-12-31": "-105.00000", "2017-12-31": "71.00000", "2016-12-31": "-59.00000", "2015-12-31": "12.66800", "2014-12-31": "-77.11600", "2013-12-31": "-64.02600", "2012-12-31": "-98.57000", "2011-12-31": "-17.40700", "2010-12-31": "-11.65300", "2009-12-31": "-4.83000", "2008-12-31": "-5.01000", "2007-12-31": "3.96600", "2006-12-31": "-13.06700", "2005-12-31": "11.22100"}, "Change In Inventories": {"2020-12-31": "", "2019-12-31": "", "2018-12-31": "", "2017-12-31": "", "2016-12-31": "", "2015-12-31": "", "2014-12-31": "", "2013-12-31": "", "2012-12-31": "", "2011-12-31": "", "2010-12-31": "", "2009-12-31": "", "2008-12-31": "", "2007-12-31": "", "2006-12-31": "", "2005-12-31": ""}, "Change In Accounts Payable": {"2020-12-31": "", "2019-12-31": "19.00000", "2018-12-31": "37.00000", "2017-12-31": "-34.00000", "2016-12-31": "11.00000", "2015-12-31": "-5.28700", "2014-12-31": "12.28100", "2013-12-31": "28.66500", "2012-12-31": "34.54300", "2011-12-31": "-7.49700", "2010-12-31": "1.70200", "2009-12-31": "-1.70300", "2008-12-31": "-2.56400", "2007-12-31": "7.59200", "2006-12-31": "4.76800", "2005-12-31": "0.14900"}, "Change In Assets/Liabilities": {"2020-12-31": "70.00000", "2019-12-31": "183.00000", "2018-12-31": "157.00000", "2017-12-31": "218.00000", "2016-12-31": "138.00000", "2015-12-31": "213.63200", "2014-12-31": "187.88800", "2013-12-31": "25.84700", "2012-12-31": "-162.43000", "2011-12-31": "-222.84000", "2010-12-31": "-146.99000", "2009-12-31": "-108.14300", "2008-12-31": "1.77200", "2007-12-31": "-67.89100", "2006-12-31": "2.73000", "2005-12-31": "17.12700"}, "Total Change In Assets/Liabilities": {"2020-12-31": "70.00000", "2019-12-31": "127.00000", "2018-12-31": "105.00000", "2017-12-31": "290.00000", "2016-12-31": "120.00000", "2015-12-31": "221.04500", "2014-12-31": "124.41400", "2013-12-31": "3.47600", "2012-12-31": "-239.97700", "2011-12-31": "-247.54300", "2010-12-31": "-161.22600", "2009-12-31": "-61.97100", "2008-12-31": "-6.83300", "2007-12-31": "-53.16300", "2006-12-31": "-2.04500", "2005-12-31": "-6.53000"}, "Cash Flow From Operating Activities": {"2020-12-31": "3055.00000", "2019-12-31": "2698.00000", "2018-12-31": "2500.00000", "2017-12-31": "2032.00000", "2016-12-31": "1787.00000", "2015-12-31": "1794.02500", "2014-12-31": "1600.19700", "2013-12-31": "1171.05900", "2012-12-31": "772.55700", "2011-12-31": "643.45400", "2010-12-31": "603.43000", "2009-12-31": "571.25600", "2008-12-31": "513.00100", "2007-12-31": "350.35500", "2006-12-31": "275.75900", "2005-12-31": "204.91200"}, "Net Change In Property, Plant, And Equipment": {"2020-12-31": "-1624.00000", "2019-12-31": "-2057.00000", "2018-12-31": "-1739.00000", "2017-12-31": "-1217.00000", "2016-12-31": "-874.00000", "2015-12-31": "-908.89200", "2014-12-31": "-758.53500", "2013-12-31": "-534.80900", "2012-12-31": "-441.38300", "2011-12-31": "-347.94200", "2010-12-31": "-228.05800", "2009-12-31": "-173.53500", "2008-12-31": "-448.87700", "2007-12-31": "-297.09600", "2006-12-31": "-122.53800", "2005-12-31": "-64.67800"}, "Net Change In Intangible Assets": {"2020-12-31": "", "2019-12-31": "", "2018-12-31": "", "2017-12-31": "", "2016-12-31": "", "2015-12-31": "", "2014-12-31": "", "2013-12-31": "", "2012-12-31": "", "2011-12-31": "", "2010-12-31": "", "2009-12-31": "", "2008-12-31": "", "2007-12-31": "", "2006-12-31": "", "2005-12-31": ""}, "Net Acquisitions/Divestitures": {"2020-12-31": "-107.00000", "2019-12-31": "-17.00000", "2018-12-31": "-42.00000", "2017-12-31": "-9260.00000", "2016-12-31": "-557.00000", "2015-12-31": "-1102.17900", "2014-12-31": "-461.65100", "2013-12-31": "-4931.75200", "2012-12-31": "-3759.47500", "2011-12-31": "-37.55100", "2010-12-31": "-139.15800", "2009-12-31": "-2.59800", "2008-12-31": "-27.73600", "2007-12-31": "-494.35200", "2006-12-31": "", "2005-12-31": "-147.25500"}, "Net Change In Short-term Investments": {"2020-12-31": "", "2019-12-31": "", "2018-12-31": "", "2017-12-31": "", "2016-12-31": "", "2015-12-31": "", "2014-12-31": "", "2013-12-31": "", "2012-12-31": "", "2011-12-31": "", "2010-12-31": "", "2009-12-31": "", "2008-12-31": "", "2007-12-31": "", "2006-12-31": "", "2005-12-31": ""}, "Net Change In Long-Term Investments": {"2020-12-31": "", "2019-12-31": "", "2018-12-31": "", "2017-12-31": "", "2016-12-31": "", "2015-12-31": "", "2014-12-31": "", "2013-12-31": "", "2012-12-31": "", "2011-12-31": "", "2010-12-31": "", "2009-12-31": "", "2008-12-31": "", "2007-12-31": "", "2006-12-31": "", "2005-12-31": "-52.20700"}, "Net Change In Investments - Total": {"2020-12-31": "", "2019-12-31": "", "2018-12-31": "", "2017-12-31": "", "2016-12-31": "", "2015-12-31": "", "2014-12-31": "", "2013-12-31": "", "2012-12-31": "", "2011-12-31": "", "2010-12-31": "", "2009-12-31": "", "2008-12-31": "", "2007-12-31": "", "2006-12-31": "", "2005-12-31": "-52.20700"}, "Investing Activities - Other": {"2020-12-31": "-10.00000", "2019-12-31": "-7.00000", "2018-12-31": "-12.00000", "2017-12-31": "-5.00000", "2016-12-31": "2.00000", "2015-12-31": "51.33700", "2014-12-31": "3.47700", "2013-12-31": "7.27600", "2012-12-31": "1.26200", "2011-12-31": "-14.37200", "2010-12-31": "-23.73300", "2009-12-31": "3.98800", "2008-12-31": "", "2007-12-31": "", "2006-12-31": "-309.96100", "2005-12-31": ""}, "Cash Flow From Investing Activities": {"2020-12-31": "-1741.00000", "2019-12-31": "-2081.00000", "2018-12-31": "-1793.00000", "2017-12-31": "-10482.00000", "2016-12-31": "-1429.00000", "2015-12-31": "-1959.73400", "2014-12-31": "-1216.70900", "2013-12-31": "-5459.28500", "2012-12-31": "-4199.59600", "2011-12-31": "-399.86500", "2010-12-31": "-390.94900", "2009-12-31": "-172.14500", "2008-12-31": "-476.61300", "2007-12-31": "-791.44800", "2006-12-31": "-432.49900", "2005-12-31": "-264.14000"}, "Net Long-Term Debt": {"2020-12-31": "1138.00000", "2019-12-31": "1796.00000", "2018-12-31": "291.00000", "2017-12-31": "2974.00000", "2016-12-31": "1060.00000", "2015-12-31": "-172.20300", "2014-12-31": "-107.57500", "2013-12-31": "754.13810", "2012-12-31": "3190.47300", "2011-12-31": "-35.34500", "2010-12-31": "-117.71000", "2009-12-31": "528.12890", "2008-12-31": "-6.78200", "2007-12-31": "645.12500", "2006-12-31": "1537.30700", "2005-12-31": "51.77800"}, "Net Current Debt": {"2020-12-31": "-105.00000", "2019-12-31": "-395.00000", "2018-12-31": "95.00000", "2017-12-31": "980.00000", "2016-12-31": "-1125.00000", "2015-12-31": "430.00000", "2014-12-31": "321.00000", "2013-12-31": "-879.00000", "2012-12-31": "1002.00000", "2011-12-31": "94.00000", "2010-12-31": "157.00000", "2009-12-31": "-169.40000", "2008-12-31": "94.40000", "2007-12-31": "75.00000", "2006-12-31": "-295.00000", "2005-12-31": "115.00000"}, "Debt Issuance/Retirement Net - Total": {"2020-12-31": "1033.00000", "2019-12-31": "1401.00000", "2018-12-31": "386.00000", "2017-12-31": "3954.00000", "2016-12-31": "-65.00000", "2015-12-31": "257.79700", "2014-12-31": "213.42500", "2013-12-31": "-124.86190", "2012-12-31": "4192.47300", "2011-12-31": "58.65500", "2010-12-31": "39.29000", "2009-12-31": "358.72890", "2008-12-31": "87.61800", "2007-12-31": "720.12500", "2006-12-31": "1242.30700", "2005-12-31": "166.77800"}, "Net Common Equity Issued/Repurchased": {"2020-12-31": "-76.00000", "2019-12-31": "-44.00000", "2018-12-31": "807.00000", "2017-12-31": "4198.00000", "2016-12-31": "1301.00000", "2015-12-31": "-29.65700", "2014-12-31": "-21.87200", "2013-12-31": "2881.12800", "2012-12-31": "-35.78500", "2011-12-31": "-301.85700", "2010-12-31": "-140.90800", "2009-12-31": "42.04600", "2008-12-31": "-36.24100", "2007-12-31": "-698.63490", "2006-12-31": "-472.48800", "2005-12-31": "-255.83500"}, "Net Total Equity Issued/Repurchased": {"2020-12-31": "-161.00000", "2019-12-31": "-44.00000", "2018-12-31": "807.00000", "2017-12-31": "5806.00000", "2016-12-31": "1301.00000", "2015-12-31": "-29.65700", "2014-12-31": "-21.87200", "2013-12-31": "3832.01400", "2012-12-31": "-35.78500", "2011-12-31": "-316.85900", "2010-12-31": "-140.90800", "2009-12-31": "42.04600", "2008-12-31": "-36.24100", "2007-12-31": "-698.63490", "2006-12-31": "-472.48800", "2005-12-31": "-455.83500"}, "Total Common And Preferred Stock Dividends Paid": {"2020-12-31": "-2105.00000", "2019-12-31": "-2025.00000", "2018-12-31": "-1895.00000", "2017-12-31": "-1539.00000", "2016-12-31": "-1283.00000", "2015-12-31": "-1160.43200", "2014-12-31": "-668.65100", "2013-12-31": "", "2012-12-31": "-2.48100", "2011-12-31": "-19.48700", "2010-12-31": "-19.87900", "2009-12-31": "-19.87800", "2008-12-31": "-19.87800", "2007-12-31": "-19.87900", "2006-12-31": "-19.87700", "2005-12-31": "-21.62400"}, "Financial Activities - Other": {"2020-12-31": "-38.00000", "2019-12-31": "-24.00000", "2018-12-31": "-31.00000", "2017-12-31": "-29.00000", "2016-12-31": "-42.00000", "2015-12-31": "-3.18400", "2014-12-31": "14.11100", "2013-12-31": "355.98100", "2012-12-31": "-367.40400", "2011-12-31": "1.97900", "2010-12-31": "-745.12700", "2009-12-31": "-166.50100", "2008-12-31": "16.21800", "2007-12-31": "-79.39300", "2006-12-31": "-71.02800", "2005-12-31": "-134.95500"}, "Cash Flow From Financial Activities": {"2020-12-31": "-1271.00000", "2019-12-31": "-692.00000", "2018-12-31": "-733.00000", "2017-12-31": "8192.00000", "2016-12-31": "-89.00000", "2015-12-31": "-935.47600", "2014-12-31": "-462.98700", "2013-12-31": "4063.13300", "2012-12-31": "3786.80300", "2011-12-31": "-275.71200", "2010-12-31": "-866.62400", "2009-12-31": "214.39600", "2008-12-31": "47.71700", "2007-12-31": "-77.78200", "2006-12-31": "678.91400", "2005-12-31": "-445.63600"}, "Net Cash Flow": {"2020-12-31": "43.00000", "2019-12-31": "-75.00000", "2018-12-31": "-27.00000", "2017-12-31": "-257.00000", "2016-12-31": "382.00000", "2015-12-31": "3.19000", "2014-12-31": "-47.77400", "2013-12-31": "-217.97000", "2012-12-31": "361.24400", "2011-12-31": "-32.41100", "2010-12-31": "-653.61500", "2009-12-31": "610.92700", "2008-12-31": "79.97400", "2007-12-31": "-517.47100", "2006-12-31": "527.30800", "2005-12-31": "-501.29900"}, "Stock-Based Compensation": {"2020-12-31": "138.00000", "2019-12-31": "117.00000", "2018-12-31": "103.00000", "2017-12-31": "92.00000", "2016-12-31": "79.00000", "2015-12-31": "60.77300", "2014-12-31": "51.49700", "2013-12-31": "39.03000", "2012-12-31": "41.94400", "2011-12-31": "32.61000", "2010-12-31": "36.54000", "2009-12-31": "29.22500", "2008-12-31": "25.89600", "2007-12-31": "21.62100", "2006-12-31": "14.89600", "2005-12-31": "49.52000"}, "Common Stock Dividends Paid": {"2020-12-31": "-2105.00000", "2019-12-31": "-1912.00000", "2018-12-31": "-1782.00000", "2017-12-31": "-1509.00000", "2016-12-31": "-1239.00000", "2015-12-31": "-1116.44400", "2014-12-31": "-624.29700", "2013-12-31": "", "2012-12-31": "", "2011-12-31": "", "2010-12-31": "", "2009-12-31": "", "2008-12-31": "", "2007-12-31": "", "2006-12-31": "", "2005-12-31": ""}}, "cash flow statement, quarterly": {"Net Income/Loss": {"2020-12-31": 508, "2020-09-30": 162, "2020-06-30": 201, "2020-03-31": "185.00000", "2019-12-31": 208, "2019-09-30": 243, "2019-06-30": 216, "2019-03-31": "193.00000", "2018-12-31": 164, "2018-09-30": 164, "2018-06-30": 180, "2018-03-31": "114.00000", "2017-12-31": 20, "2017-09-30": 115, "2017-06-30": 112, "2017-03-31": "119.00000", "2016-12-31": 124.737, "2016-09-30": 98.365, "2016-06-30": 86.058, "2016-03-31": "47.84000", "2015-12-31": 142.725, "2015-09-30": 104.301, "2015-06-30": 166.526, "2015-03-31": "111.73400", "2014-12-31": 128.629, "2014-09-30": 99.156, "2014-06-30": 15.736, "2014-03-31": "102.79300", "2013-12-31": -56.581, "2013-09-30": 46.468, "2013-06-30": 53.377, "2013-03-31": "16.73700", "2012-12-31": -9.644, "2012-09-30": 43.178, "2012-06-30": 117.084, "2012-03-31": "50.27000", "2011-12-31": 48.939, "2011-09-30": 51.383, "2011-06-30": 31.014, "2011-03-31": "40.12400", "2010-12-31": 40.905, "2010-09-30": -135.15, "2010-06-30": -97.614, "2010-03-31": "-119.40000", "2009-12-31": 18.732, "2009-09-30": -31.138, "2009-06-30": -111.767, "2009-03-31": "10.05000", "2008-12-31": -63.817, "2008-09-30": -32.207, "2008-06-30": 60.339, "2008-03-31": "-13.17300", "2007-12-31": -80.32, "2007-09-30": -67.013, "2007-06-30": -32.74, "2007-03-31": "-42.89100", "2006-12-31": -6.275, "2006-09-30": -15.561, "2006-06-30": -13.335, "2006-03-31": "-6.72200", "2005-12-31": -21.692, "2005-09-30": -25.536, "2005-06-30": -225.751, "2005-03-31": "-126.94700"}, "Total Depreciation And Amortization - Cash Flow": {"2020-12-31": 403, "2020-09-30": 407, "2020-06-30": 404, "2020-03-31": "400.00000", "2019-12-31": 397, "2019-09-30": 388, "2019-06-30": 393, "2019-03-31": "395.00000", "2018-12-31": 391, "2018-09-30": 386, "2018-06-30": 381, "2018-03-31": "376.00000", "2017-12-31": 362, "2017-09-30": 299, "2017-06-30": 298, "2017-03-31": "291.00000", "2016-12-31": 276.982, "2016-09-30": 284.124, "2016-06-30": 279.808, "2016-03-31": "282.08600", "2015-12-31": 274.289, "2015-09-30": 270.252, "2015-06-30": 265.221, "2015-03-31": "263.54200", "2014-12-31": 266.348, "2014-09-30": 267.043, "2014-06-30": 262.172, "2014-03-31": "271.07200", "2013-12-31": 189.828, "2013-09-30": 216.178, "2013-06-30": 211.202, "2013-03-31": "223.37900", "2012-12-31": 210.924, "2012-09-30": 180.356, "2012-06-30": 176.797, "2012-03-31": "163.86500", "2011-12-31": 164.686, "2011-09-30": 164.262, "2011-06-30": 163.872, "2011-03-31": "163.07400", "2010-12-31": 162.979, "2010-09-30": 158.402, "2010-06-30": 153.105, "2010-03-31": "151.73900", "2009-12-31": 151.311, "2009-09-30": 148.407, "2009-06-30": 147.798, "2009-03-31": "143.58000", "2008-12-31": 136.783, "2008-09-30": 139.49, "2008-06-30": 137.436, "2008-03-31": "137.56300", "2007-12-31": 142.134, "2007-09-30": 140.406, "2007-06-30": 138.121, "2007-03-31": "143.15600", "2006-12-31": 77.525, "2006-09-30": 74.148, "2006-06-30": 71.393, "2006-03-31": "74.15500", "2005-12-31": 72.972, "2005-09-30": 72.019, "2005-06-30": 71.606, "2005-03-31": "71.68100"}, "Other Non-Cash Items": {"2020-12-31": 96, "2020-09-30": 133, "2020-06-30": 44, "2020-03-31": "42.00000", "2019-12-31": 26, "2019-09-30": 32, "2019-06-30": 41, "2019-03-31": "39.00000", "2018-12-31": 32, "2018-09-30": 75, "2018-06-30": 32, "2018-03-31": "100.00000", "2017-12-31": 48, "2017-09-30": 27, "2017-06-30": 27, "2017-03-31": "24.00000", "2016-12-31": 37.882, "2016-09-30": 41.435, "2016-06-30": 45.253, "2016-03-31": "62.43000", "2015-12-31": -16.216, "2015-09-30": 15.116, "2015-06-30": -44.045, "2015-03-31": "19.53500", "2014-12-31": -15.409, "2014-09-30": 11.85, "2014-06-30": 54.81, "2014-03-31": "11.58300", "2013-12-31": 107.303, "2013-09-30": 45.488, "2013-06-30": 49.046, "2013-03-31": "65.15800", "2012-12-31": 58.422, "2012-09-30": 48.486, "2012-06-30": -51.168, "2012-03-31": "23.96400", "2011-12-31": 13.478, "2011-09-30": 15.451, "2011-06-30": 22.649, "2011-03-31": "12.06500", "2010-12-31": 17.716, "2010-09-30": 177.24, "2010-06-30": 118.127, "2010-03-31": "136.60700", "2009-12-31": 1.767, "2009-09-30": 46.411, "2009-06-30": 116.567, "2009-03-31": "-8.49100", "2008-12-31": 52.441, "2008-09-30": 29.212, "2008-06-30": -63.573, "2008-03-31": "-0.66000", "2007-12-31": 50.219, "2007-09-30": 33.25, "2007-06-30": -5.338, "2007-03-31": "-15.46600", "2006-12-31": 1.879, "2006-09-30": 8.22, "2006-06-30": 12.708, "2006-03-31": "-0.33100", "2005-12-31": 14.024, "2005-09-30": 14.323, "2005-06-30": 200.663, "2005-03-31": "94.08000"}, "Total Non-Cash Items": {"2020-12-31": 499, "2020-09-30": 540, "2020-06-30": 448, "2020-03-31": "442.00000", "2019-12-31": 423, "2019-09-30": 420, "2019-06-30": 434, "2019-03-31": "434.00000", "2018-12-31": 423, "2018-09-30": 461, "2018-06-30": 413, "2018-03-31": "476.00000", "2017-12-31": 410, "2017-09-30": 326, "2017-06-30": 325, "2017-03-31": "315.00000", "2016-12-31": 314.8641, "2016-09-30": 325.5589, "2016-06-30": 325.061, "2016-03-31": "344.51600", "2015-12-31": 258.073, "2015-09-30": 285.368, "2015-06-30": 221.176, "2015-03-31": "283.07700", "2014-12-31": 250.939, "2014-09-30": 278.893, "2014-06-30": 316.982, "2014-03-31": "282.65500", "2013-12-31": 297.131, "2013-09-30": 261.666, "2013-06-30": 260.248, "2013-03-31": "288.53700", "2012-12-31": 269.3459, "2012-09-30": 228.842, "2012-06-30": 125.629, "2012-03-31": "187.82900", "2011-12-31": 178.1639, "2011-09-30": 179.713, "2011-06-30": 186.521, "2011-03-31": "175.13900", "2010-12-31": 180.6949, "2010-09-30": 335.6421, "2010-06-30": 271.232, "2010-03-31": "288.34600", "2009-12-31": 153.078, "2009-09-30": 194.818, "2009-06-30": 264.365, "2009-03-31": "135.08900", "2008-12-31": 189.2241, "2008-09-30": 168.702, "2008-06-30": 73.863, "2008-03-31": "136.90300", "2007-12-31": 192.353, "2007-09-30": 173.656, "2007-06-30": 132.783, "2007-03-31": "127.69000", "2006-12-31": 79.404, "2006-09-30": 82.368, "2006-06-30": 84.101, "2006-03-31": "73.82400", "2005-12-31": 86.996, "2005-09-30": 86.342, "2005-06-30": 272.269, "2005-03-31": "165.76100"}, "Change In Accounts Receivable": {"2020-12-31": -141, "2020-09-30": -16, "2020-06-30": 55, "2020-03-31": "102.00000", "2019-12-31": 70, "2019-09-30": -77, "2019-06-30": -46, "2019-03-31": "-43.00000", "2018-12-31": -31, "2018-09-30": -15, "2018-06-30": -54, "2018-03-31": "-5.00000", "2017-12-31": -8, "2017-09-30": -12, "2017-06-30": -2, "2017-03-31": "93.00000", "2016-12-31": -97.231, "2016-09-30": -46.545, "2016-06-30": 25.785, "2016-03-31": "58.99100", "2015-12-31": 13.371, "2015-09-30": -60.934, "2015-06-30": 24.355, "2015-03-31": "35.87600", "2014-12-31": -13.037, "2014-09-30": -9.637, "2014-06-30": -59.338, "2014-03-31": "4.89600", "2013-12-31": -18.337, "2013-09-30": -34.042, "2013-06-30": 8.161, "2013-03-31": "-19.80800", "2012-12-31": -54.357, "2012-09-30": -17.988, "2012-06-30": -24.145, "2012-03-31": "-2.08000", "2011-12-31": -12.089, "2011-09-30": -8.786, "2011-06-30": -3.066, "2011-03-31": "6.53400", "2010-12-31": -4.358, "2010-09-30": -2.281, "2010-06-30": -8.496, "2010-03-31": "3.48200", "2009-12-31": -10.873, "2009-09-30": 3.191, "2009-06-30": -1.226, "2009-03-31": "4.07800", "2008-12-31": -12.628, "2008-09-30": 0.016, "2008-06-30": 5.623, "2008-03-31": "1.97900", "2007-12-31": -3.247, "2007-09-30": -5.666, "2007-06-30": -1.306, "2007-03-31": "14.18500", "2006-12-31": -8.271, "2006-09-30": 1.117, "2006-06-30": -5.548, "2006-03-31": "-0.36500", "2005-12-31": -1.763, "2005-09-30": -2.167, "2005-06-30": -0.276, "2005-03-31": "15.42700"}, "Change In Inventories": {"2020-12-31": 0, "2020-09-30": 0, "2020-06-30": 0, "2020-03-31": "", "2019-12-31": 0, "2019-09-30": 0, "2019-06-30": 0, "2019-03-31": "", "2018-12-31": 0, "2018-09-30": 0, "2018-06-30": 0, "2018-03-31": "", "2017-12-31": 0, "2017-09-30": 0, "2017-06-30": 0, "2017-03-31": "", "2016-12-31": 0, "2016-09-30": 0, "2016-06-30": 0, "2016-03-31": "", "2015-12-31": 0, "2015-09-30": 0, "2015-06-30": 0, "2015-03-31": "", "2014-12-31": 0, "2014-09-30": 0, "2014-06-30": 0, "2014-03-31": "", "2013-12-31": 0, "2013-09-30": 0, "2013-06-30": 0, "2013-03-31": "", "2012-12-31": 0, "2012-09-30": 0, "2012-06-30": 0, "2012-03-31": "", "2011-12-31": 0, "2011-09-30": 0, "2011-06-30": 0, "2011-03-31": "", "2010-12-31": 0, "2010-09-30": 0, "2010-06-30": 0, "2010-03-31": "", "2009-12-31": 76.992, "2009-09-30": -76.992, "2009-06-30": 0, "2009-03-31": "", "2008-12-31": 73.909, "2008-09-30": -73.909, "2008-06-30": 0, "2008-03-31": "", "2007-12-31": 44.222, "2007-09-30": -44.222, "2007-06-30": 0, "2007-03-31": "", "2006-12-31": 0, "2006-09-30": 17.188, "2006-06-30": -12.144, "2006-03-31": "-5.04400", "2005-12-31": 11.911, "2005-09-30": -8.994, "2005-06-30": -0.679, "2005-03-31": "-2.23800"}, "Change In Accounts Payable": {"2020-12-31": 41, "2020-09-30": 0, "2020-06-30": -21, "2020-03-31": "-20.00000", "2019-12-31": -18, "2019-09-30": 31, "2019-06-30": 11, "2019-03-31": "-5.00000", "2018-12-31": 6, "2018-09-30": 28, "2018-06-30": 8, "2018-03-31": "-5.00000", "2017-12-31": -6, "2017-09-30": -11, "2017-06-30": 13, "2017-03-31": "-30.00000", "2016-12-31": 23.469, "2016-09-30": -5.754, "2016-06-30": 2.702, "2016-03-31": "-9.41700", "2015-12-31": 3.023, "2015-09-30": -9.803, "2015-06-30": 8.411, "2015-03-31": "-6.91800", "2014-12-31": -15.756, "2014-09-30": 51.723, "2014-06-30": -13.085, "2014-03-31": "-10.60100", "2013-12-31": 20.386, "2013-09-30": 5.552, "2013-06-30": 9.272, "2013-03-31": "-6.54500", "2012-12-31": 35.037, "2012-09-30": 1.994, "2012-06-30": -2.25, "2012-03-31": "-0.23800", "2011-12-31": 2.216, "2011-09-30": -2.619, "2011-06-30": 2.377, "2011-03-31": "-9.47100", "2010-12-31": 7.011, "2010-09-30": 1.487, "2010-06-30": 1.583, "2010-03-31": "-8.37900", "2009-12-31": 8.554, "2009-09-30": -3.217, "2009-06-30": 1.016, "2009-03-31": "-8.05600", "2008-12-31": -3.276, "2008-09-30": 5.309, "2008-06-30": 0.568, "2008-03-31": "-5.16500", "2007-12-31": 11.768, "2007-09-30": 1.918, "2007-06-30": -4.211, "2007-03-31": "-1.88300", "2006-12-31": 1.857, "2006-09-30": -1.525, "2006-06-30": 3.67, "2006-03-31": "0.76600", "2005-12-31": 1.229, "2005-09-30": 0.67, "2005-06-30": 3.648, "2005-03-31": "-5.39800"}, "Change In Assets/Liabilities": {"2020-12-31": 32, "2020-09-30": 34, "2020-06-30": 10, "2020-03-31": "-6.00000", "2019-12-31": 66, "2019-09-30": 102, "2019-06-30": 41, "2019-03-31": "-26.00000", "2018-12-31": 116, "2018-09-30": 79, "2018-06-30": 62, "2018-03-31": "-100.00000", "2017-12-31": 170, "2017-09-30": 73, "2017-06-30": 17, "2017-03-31": "-42.00000", "2016-12-31": 103.715, "2016-09-30": 27.604, "2016-06-30": 21.653, "2016-03-31": "-14.97200", "2015-12-31": 88.166, "2015-09-30": 50.949, "2015-06-30": 46.982, "2015-03-31": "27.53500", "2014-12-31": 99.596, "2014-09-30": 6.66, "2014-06-30": 98.071, "2014-03-31": "-16.43900", "2013-12-31": 88.583, "2013-09-30": 21.779, "2013-06-30": -64.642, "2013-03-31": "-19.87300", "2012-12-31": 9.712, "2012-09-30": -46.335, "2012-06-30": -63.091, "2012-03-31": "-62.71600", "2011-12-31": -39.176, "2011-09-30": -38.155, "2011-06-30": -71.367, "2011-03-31": "-74.14200", "2010-12-31": -39.123, "2010-09-30": -30.094, "2010-06-30": -12.468, "2010-03-31": "-65.30500", "2009-12-31": -95.776, "2009-09-30": 55.251, "2009-06-30": -29.94, "2009-03-31": "-37.67800", "2008-12-31": -15.116, "2008-09-30": 62.127, "2008-06-30": 7.892, "2008-03-31": "-53.13100", "2007-12-31": -38.006, "2007-09-30": 43.004, "2007-06-30": -24.544, "2007-03-31": "-48.34500", "2006-12-31": 24.859, "2006-09-30": -19.798, "2006-06-30": 9.553, "2006-03-31": "-11.88400", "2005-12-31": 17.535, "2005-09-30": -0.77, "2005-06-30": 7.99, "2005-03-31": "-7.62800"}, "Total Change In Assets/Liabilities": {"2020-12-31": -22, "2020-09-30": -41, "2020-06-30": 107, "2020-03-31": "26.00000", "2019-12-31": 177, "2019-09-30": 0, "2019-06-30": 65, "2019-03-31": "-115.00000", "2018-12-31": 138, "2018-09-30": 39, "2018-06-30": 66, "2018-03-31": "-138.00000", "2017-12-31": 189, "2017-09-30": 41, "2017-06-30": 52, "2017-03-31": "8.00000", "2016-12-31": 42.684, "2016-09-30": -37.39, "2016-06-30": 69.406, "2016-03-31": "45.30000", "2015-12-31": 102.351, "2015-09-30": -17.671, "2015-06-30": 78.118, "2015-03-31": "58.24700", "2014-12-31": 69.703, "2014-09-30": 49.941, "2014-06-30": 27.935, "2014-03-31": "-23.16500", "2013-12-31": 91.643, "2013-09-30": -29.295, "2013-06-30": -40.224, "2013-03-31": "-18.64800", "2012-12-31": -11.603, "2012-09-30": -71.904, "2012-06-30": -80.583, "2012-03-31": "-75.88700", "2011-12-31": -38.923, "2011-09-30": -59.631, "2011-06-30": -61.24, "2011-03-31": "-87.74900", "2010-12-31": -25.825, "2010-09-30": -41.044, "2010-06-30": -9.668, "2010-03-31": "-84.68900", "2009-12-31": 5.773, "2009-09-30": -39.465, "2009-06-30": -1.198, "2009-03-31": "-27.08100", "2008-12-31": 41.839, "2008-09-30": -6.851, "2008-06-30": 14.117, "2008-03-31": "-55.93800", "2007-12-31": 17.907, "2007-09-30": -4.966, "2007-06-30": -30.061, "2007-03-31": "-36.04300", "2006-12-31": 23.707, "2006-09-30": -6.256, "2006-06-30": -2.659, "2006-03-31": "-16.83700", "2005-12-31": 30.87, "2005-09-30": -13.639, "2005-06-30": -11.988, "2005-03-31": "-11.77300"}, "Cash Flow From Operating Activities": {"2020-12-31": 985, "2020-09-30": 661, "2020-06-30": 756, "2020-03-31": "653.00000", "2019-12-31": 808, "2019-09-30": 663, "2019-06-30": 715, "2019-03-31": "512.00000", "2018-12-31": 725, "2018-09-30": 664, "2018-06-30": 659, "2018-03-31": "452.00000", "2017-12-31": 619, "2017-09-30": 482, "2017-06-30": 489, "2017-03-31": "442.00000", "2016-12-31": 482.285, "2016-09-30": 386.534, "2016-06-30": 480.525, "2016-03-31": "437.65600", "2015-12-31": 503.149, "2015-09-30": 371.998, "2015-06-30": 465.82, "2015-03-31": "453.05800", "2014-12-31": 449.271, "2014-09-30": 427.99, "2014-06-30": 360.653, "2014-03-31": "362.28300", "2013-12-31": 332.193, "2013-09-30": 278.839, "2013-06-30": 273.401, "2013-03-31": "286.62600", "2012-12-31": 248.099, "2012-09-30": 200.116, "2012-06-30": 162.13, "2012-03-31": "162.21200", "2011-12-31": 188.18, "2011-09-30": 171.465, "2011-06-30": 156.295, "2011-03-31": "127.51400", "2010-12-31": 195.775, "2010-09-30": 159.448, "2010-06-30": 163.95, "2010-03-31": "84.25700", "2009-12-31": 177.583, "2009-09-30": 124.215, "2009-06-30": 151.4, "2009-03-31": "118.05800", "2008-12-31": 167.246, "2008-09-30": 129.644, "2008-06-30": 148.319, "2008-03-31": "67.79200", "2007-12-31": 129.94, "2007-09-30": 101.677, "2007-06-30": 69.982, "2007-03-31": "48.75600", "2006-12-31": 96.836, "2006-09-30": 60.551, "2006-06-30": 68.107, "2006-03-31": "50.26500", "2005-12-31": 96.174, "2005-09-30": 47.167, "2005-06-30": 34.53, "2005-03-31": "27.04100"}, "Net Change In Property, Plant, And Equipment": {"2020-12-31": -386, "2020-09-30": -377, "2020-06-30": -414, "2020-03-31": "-447.00000", "2019-12-31": -520, "2019-09-30": -539, "2019-06-30": -518, "2019-03-31": "-480.00000", "2018-12-31": -498, "2018-09-30": -478, "2018-06-30": -393, "2018-03-31": "-370.00000", "2017-12-31": -365, "2017-09-30": -289, "2017-06-30": -301, "2017-03-31": "-262.00000", "2016-12-31": -259.822, "2016-09-30": -221.181, "2016-06-30": -199.508, "2016-03-31": "-193.48900", "2015-12-31": -250.652, "2015-09-30": -237.357, "2015-06-30": -219.23, "2015-03-31": "-201.65300", "2014-12-31": -259.575, "2014-09-30": -199.662, "2014-06-30": -156.355, "2014-03-31": "-142.94300", "2013-12-31": -149.327, "2013-09-30": -130.662, "2013-06-30": -138.467, "2013-03-31": "-116.35300", "2012-12-31": -157.997, "2012-09-30": -123.689, "2012-06-30": -94.645, "2012-03-31": "-65.05200", "2011-12-31": -82.827, "2011-09-30": -148.425, "2011-06-30": -64.04, "2011-03-31": "-52.65000", "2010-12-31": -79.784, "2010-09-30": -58.483, "2010-06-30": -54.67, "2010-03-31": "-35.12100", "2009-12-31": -65.612, "2009-09-30": -32.187, "2009-06-30": -38.883, "2009-03-31": "-36.85300", "2008-12-31": -107.257, "2008-09-30": -140.303, "2008-06-30": -139.735, "2008-03-31": "-61.58200", "2007-12-31": -105.838, "2007-09-30": -66.333, "2007-06-30": -77.746, "2007-03-31": "-47.17900", "2006-12-31": -42.612, "2006-09-30": -30.652, "2006-06-30": -27.208, "2006-03-31": "-22.06600", "2005-12-31": -25.879, "2005-09-30": -18.469, "2005-06-30": -10.731, "2005-03-31": "-9.59900"}, "Net Change In Intangible Assets": {"2020-12-31": 0, "2020-09-30": 0, "2020-06-30": 0, "2020-03-31": "", "2019-12-31": 0, "2019-09-30": 0, "2019-06-30": 0, "2019-03-31": "", "2018-12-31": 0, "2018-09-30": 0, "2018-06-30": 0, "2018-03-31": "", "2017-12-31": 0, "2017-09-30": 0, "2017-06-30": 0, "2017-03-31": "", "2016-12-31": 0, "2016-09-30": 0, "2016-06-30": 0, "2016-03-31": "", "2015-12-31": 0, "2015-09-30": 0, "2015-06-30": 0, "2015-03-31": "", "2014-12-31": 0, "2014-09-30": 0, "2014-06-30": 0, "2014-03-31": "", "2013-12-31": 0, "2013-09-30": 0, "2013-06-30": 0, "2013-03-31": "", "2012-12-31": 0, "2012-09-30": 0, "2012-06-30": 0, "2012-03-31": "", "2011-12-31": 0, "2011-09-30": 0, "2011-06-30": 0, "2011-03-31": "", "2010-12-31": 0, "2010-09-30": 0, "2010-06-30": 0, "2010-03-31": "", "2009-12-31": 0, "2009-09-30": 0, "2009-06-30": 0, "2009-03-31": "", "2008-12-31": 0, "2008-09-30": 0, "2008-06-30": 0, "2008-03-31": "", "2007-12-31": 0, "2007-09-30": 0, "2007-06-30": 0, "2007-03-31": "", "2006-12-31": 0, "2006-09-30": 0, "2006-06-30": 0, "2006-03-31": "", "2005-12-31": 0, "2005-09-30": 0, "2005-06-30": 0, "2005-03-31": ""}, "Net Acquisitions/Divestitures": {"2020-12-31": -21, "2020-09-30": -70, "2020-06-30": -3, "2020-03-31": "-13.00000", "2019-12-31": -2, "2019-09-30": -2, "2019-06-30": -3, "2019-03-31": "-10.00000", "2018-12-31": -16, "2018-09-30": -8, "2018-06-30": -4, "2018-03-31": "-14.00000", "2017-12-31": -7147, "2017-09-30": -9, "2017-06-30": -607, "2017-03-31": "-1497.00000", "2016-12-31": -11.838, "2016-09-30": -51.23, "2016-06-30": -471.903, "2016-03-31": "-22.02900", "2015-12-31": -18.86, "2015-09-30": -1018.594, "2015-06-30": -47.232, "2015-03-31": "-17.49300", "2014-12-31": -287.295, "2014-09-30": -88.568, "2014-06-30": -23.56, "2014-03-31": "-62.22800", "2013-12-31": -4876.621, "2013-09-30": -27.851, "2013-06-30": -14.47, "2013-03-31": "-12.81000", "2012-12-31": -2523.237, "2012-09-30": -36.922, "2012-06-30": -978, "2012-03-31": "-221.31600", "2011-12-31": -19.554, "2011-09-30": -5.622, "2011-06-30": -11.94, "2011-03-31": "-0.43500", "2010-12-31": -12.186, "2010-09-30": -126.343, "2010-06-30": -0.629, "2010-03-31": "", "2009-12-31": -0.017, "2009-09-30": -2.581, "2009-06-30": 0, "2009-03-31": "", "2008-12-31": 0, "2008-09-30": -27.736, "2008-06-30": 0, "2008-03-31": "", "2007-12-31": 0, "2007-09-30": -4.875, "2007-06-30": 0, "2007-03-31": "-489.47700", "2006-12-31": 303.611, "2006-09-30": -303.611, "2006-06-30": 0, "2006-03-31": "", "2005-12-31": -147.255, "2005-09-30": 0, "2005-06-30": 0, "2005-03-31": ""}, "Net Change In Short-term Investments": {"2020-12-31": 0, "2020-09-30": 0, "2020-06-30": 0, "2020-03-31": "", "2019-12-31": 0, "2019-09-30": 0, "2019-06-30": 0, "2019-03-31": "", "2018-12-31": 0, "2018-09-30": 0, "2018-06-30": 0, "2018-03-31": "", "2017-12-31": 0, "2017-09-30": 0, "2017-06-30": 0, "2017-03-31": "", "2016-12-31": 0, "2016-09-30": 0, "2016-06-30": 0, "2016-03-31": "", "2015-12-31": 0, "2015-09-30": 0, "2015-06-30": 0, "2015-03-31": "", "2014-12-31": 0, "2014-09-30": 0, "2014-06-30": 0, "2014-03-31": "", "2013-12-31": 0, "2013-09-30": 0, "2013-06-30": 0, "2013-03-31": "", "2012-12-31": 0, "2012-09-30": 0, "2012-06-30": 0, "2012-03-31": "", "2011-12-31": 0, "2011-09-30": 0, "2011-06-30": 0, "2011-03-31": "", "2010-12-31": 0, "2010-09-30": 0, "2010-06-30": 0, "2010-03-31": "", "2009-12-31": 0, "2009-09-30": 0, "2009-06-30": 0, "2009-03-31": "", "2008-12-31": 0, "2008-09-30": 0, "2008-06-30": 0, "2008-03-31": "", "2007-12-31": 0, "2007-09-30": 0, "2007-06-30": 0, "2007-03-31": "", "2006-12-31": 0, "2006-09-30": 0, "2006-06-30": 0, "2006-03-31": "", "2005-12-31": 0, "2005-09-30": 0, "2005-06-30": 0, "2005-03-31": ""}, "Net Change In Long-Term Investments": {"2020-12-31": 0, "2020-09-30": 0, "2020-06-30": 0, "2020-03-31": "", "2019-12-31": 0, "2019-09-30": 0, "2019-06-30": 0, "2019-03-31": "", "2018-12-31": 0, "2018-09-30": 0, "2018-06-30": 0, "2018-03-31": "", "2017-12-31": 0, "2017-09-30": 0, "2017-06-30": 0, "2017-03-31": "", "2016-12-31": 0, "2016-09-30": 0, "2016-06-30": 0, "2016-03-31": "", "2015-12-31": 0, "2015-09-30": 0, "2015-06-30": 0, "2015-03-31": "", "2014-12-31": 0, "2014-09-30": 0, "2014-06-30": 0, "2014-03-31": "", "2013-12-31": 0, "2013-09-30": 0, "2013-06-30": 0, "2013-03-31": "", "2012-12-31": 0, "2012-09-30": 0, "2012-06-30": 0, "2012-03-31": "", "2011-12-31": 0, "2011-09-30": 0, "2011-06-30": 0, "2011-03-31": "", "2010-12-31": 0, "2010-09-30": 21.8, "2010-06-30": 0, "2010-03-31": "-21.80000", "2009-12-31": 0, "2009-09-30": 1.739, "2009-06-30": -1.739, "2009-03-31": "", "2008-12-31": 0, "2008-09-30": 0, "2008-06-30": 0, "2008-03-31": "", "2007-12-31": -3.664, "2007-09-30": 1.382, "2007-06-30": -0.254, "2007-03-31": "2.53600", "2006-12-31": 4.115, "2006-09-30": -4.194, "2006-06-30": 0.468, "2006-03-31": "-0.38900", "2005-12-31": 0.859, "2005-09-30": -53.066, "2005-06-30": 0.041, "2005-03-31": "-0.04100"}, "Net Change In Investments - Total": {"2020-12-31": 0, "2020-09-30": 0, "2020-06-30": 0, "2020-03-31": "", "2019-12-31": 0, "2019-09-30": 0, "2019-06-30": 0, "2019-03-31": "", "2018-12-31": 0, "2018-09-30": 0, "2018-06-30": 0, "2018-03-31": "", "2017-12-31": 0, "2017-09-30": 0, "2017-06-30": 0, "2017-03-31": "", "2016-12-31": 0, "2016-09-30": 0, "2016-06-30": 0, "2016-03-31": "", "2015-12-31": 0, "2015-09-30": 0, "2015-06-30": 0, "2015-03-31": "", "2014-12-31": 0, "2014-09-30": 0, "2014-06-30": 0, "2014-03-31": "", "2013-12-31": 0, "2013-09-30": 0, "2013-06-30": 0, "2013-03-31": "", "2012-12-31": 0, "2012-09-30": 0, "2012-06-30": 0, "2012-03-31": "", "2011-12-31": 0, "2011-09-30": 0, "2011-06-30": 0, "2011-03-31": "", "2010-12-31": 0, "2010-09-30": 21.8, "2010-06-30": 0, "2010-03-31": "-21.80000", "2009-12-31": 0, "2009-09-30": 1.739, "2009-06-30": -1.739, "2009-03-31": "", "2008-12-31": 0, "2008-09-30": 0, "2008-06-30": 0, "2008-03-31": "", "2007-12-31": -3.664, "2007-09-30": 1.382, "2007-06-30": -0.254, "2007-03-31": "2.53600", "2006-12-31": 4.115, "2006-09-30": -4.194, "2006-06-30": 0.468, "2006-03-31": "-0.38900", "2005-12-31": 0.859, "2005-09-30": -53.066, "2005-06-30": 0.041, "2005-03-31": "-0.04100"}, "Investing Activities - Other": {"2020-12-31": 2, "2020-09-30": 1, "2020-06-30": -5, "2020-03-31": "-8.00000", "2019-12-31": -10, "2019-09-30": 2, "2019-06-30": 0, "2019-03-31": "1.00000", "2018-12-31": 2, "2018-09-30": -17, "2018-06-30": 3, "2018-03-31": "", "2017-12-31": 1, "2017-09-30": 2, "2017-06-30": -4, "2017-03-31": "-4.00000", "2016-12-31": -17.757, "2016-09-30": 9.762, "2016-06-30": 2.223, "2016-03-31": "7.77200", "2015-12-31": -1.577, "2015-09-30": 6.519, "2015-06-30": 46.909, "2015-03-31": "-0.51400", "2014-12-31": 0.69, "2014-09-30": 0.409, "2014-06-30": 1.426, "2014-03-31": "0.95200", "2013-12-31": -0.325, "2013-09-30": 0.957, "2013-06-30": 6.497, "2013-03-31": "0.14700", "2012-12-31": 0.018, "2012-09-30": 0.056, "2012-06-30": -0.007, "2012-03-31": "1.19500", "2011-12-31": 0.003, "2011-09-30": -15.204, "2011-06-30": 0.536, "2011-03-31": "0.29300", "2010-12-31": -0.521, "2010-09-30": -23.212, "2010-06-30": 0, "2010-03-31": "", "2009-12-31": 3.988, "2009-09-30": 0, "2009-06-30": 0, "2009-03-31": "", "2008-12-31": 0, "2008-09-30": 0, "2008-06-30": 0, "2008-03-31": "", "2007-12-31": 0.755, "2007-09-30": -0.755, "2007-06-30": 0, "2007-03-31": "", "2006-12-31": -309.961, "2006-09-30": 0, "2006-06-30": 0, "2006-03-31": "", "2005-12-31": 144.58, "2005-09-30": -144.58, "2005-06-30": 0, "2005-03-31": ""}, "Cash Flow From Investing Activities": {"2020-12-31": -405, "2020-09-30": -446, "2020-06-30": -422, "2020-03-31": "-468.00000", "2019-12-31": -532, "2019-09-30": -539, "2019-06-30": -521, "2019-03-31": "-489.00000", "2018-12-31": -512, "2018-09-30": -503, "2018-06-30": -394, "2018-03-31": "-384.00000", "2017-12-31": -7511, "2017-09-30": -296, "2017-06-30": -912, "2017-03-31": "-1763.00000", "2016-12-31": -289.417, "2016-09-30": -262.649, "2016-06-30": -669.188, "2016-03-31": "-207.74600", "2015-12-31": -271.089, "2015-09-30": -1249.432, "2015-06-30": -219.553, "2015-03-31": "-219.66000", "2014-12-31": -546.18, "2014-09-30": -287.821, "2014-06-30": -178.489, "2014-03-31": "-204.21900", "2013-12-31": -5026.273, "2013-09-30": -157.556, "2013-06-30": -146.44, "2013-03-31": "-129.01600", "2012-12-31": -2681.216, "2012-09-30": -160.555, "2012-06-30": -1072.652, "2012-03-31": "-285.17300", "2011-12-31": -102.378, "2011-09-30": -169.251, "2011-06-30": -75.444, "2011-03-31": "-52.79200", "2010-12-31": -92.491, "2010-09-30": -186.238, "2010-06-30": -55.299, "2010-03-31": "-56.92100", "2009-12-31": -61.641, "2009-09-30": -33.029, "2009-06-30": -40.622, "2009-03-31": "-36.85300", "2008-12-31": -107.257, "2008-09-30": -168.039, "2008-06-30": -139.735, "2008-03-31": "-61.58200", "2007-12-31": -108.747, "2007-09-30": -70.581, "2007-06-30": -78, "2007-03-31": "-534.12000", "2006-12-31": -44.847, "2006-09-30": -338.457, "2006-06-30": -26.74, "2006-03-31": "-22.45500", "2005-12-31": -27.695, "2005-09-30": -216.115, "2005-06-30": -10.69, "2005-03-31": "-9.64000"}, "Net Long-Term Debt": {"2020-12-31": -25, "2020-09-30": -2517, "2020-06-30": 3706, "2020-03-31": "-26.00000", "2019-12-31": -28, "2019-09-30": 877, "2019-06-30": -12, "2019-03-31": "959.00000", "2018-12-31": -30, "2018-09-30": -57, "2018-06-30": -15, "2018-03-31": "393.00000", "2017-12-31": -28, "2017-09-30": 1717, "2017-06-30": 316, "2017-03-31": "969.00000", "2016-12-31": -26.459, "2016-09-30": 165.4529, "2016-06-30": 314.6472, "2016-03-31": "606.35890", "2015-12-31": -24.817, "2015-09-30": -24.3309, "2015-06-30": -91.5581, "2015-03-31": "-31.49700", "2014-12-31": -30.229, "2014-09-30": -30.812, "2014-06-30": -18.795, "2014-03-31": "-27.73900", "2013-12-31": 676.6641, "2013-09-30": 773.098, "2013-06-30": -25.869, "2013-03-31": "-669.75500", "2012-12-31": 1849.538, "2012-09-30": -24.835, "2012-06-30": -67.214, "2012-03-31": "1432.98400", "2011-12-31": -9.319, "2011-09-30": -9.234, "2011-06-30": -8.271, "2011-03-31": "-8.52100", "2010-12-31": -8.116, "2010-09-30": 148.7439, "2010-06-30": -4.4539, "2010-03-31": "-253.88400", "2009-12-31": 436.0659, "2009-09-30": -162.0491, "2009-06-30": -331.2999, "2009-03-31": "585.41200", "2008-12-31": -1.907, "2008-09-30": -1.625, "2008-06-30": -1.625, "2008-03-31": "-1.62500", "2007-12-31": -3.25, "2007-09-30": -1.625, "2007-06-30": 0, "2007-03-31": "650.00000", "2006-12-31": 549.415, "2006-09-30": -12.108, "2006-06-30": 1000, "2006-03-31": "", "2005-12-31": 0, "2005-09-30": -54.931, "2005-06-30": 280.404, "2005-03-31": "-173.69500"}, "Net Current Debt": {"2020-12-31": -20, "2020-09-30": 595, "2020-06-30": -1270, "2020-03-31": "590.00000", "2019-12-31": 290, "2019-09-30": -595, "2019-06-30": 340, "2019-03-31": "-430.00000", "2018-12-31": 270, "2018-09-30": 490, "2018-06-30": 215, "2018-03-31": "-880.00000", "2017-12-31": 980, "2017-09-30": -350, "2017-06-30": 15, "2017-03-31": "335.00000", "2016-12-31": -410, "2016-09-30": -25, "2016-06-30": 225, "2016-03-31": "-915.00000", "2015-12-31": 110, "2015-09-30": 1015, "2015-06-30": -860, "2015-03-31": "165.00000", "2014-12-31": 341, "2014-09-30": 20, "2014-06-30": -34, "2014-03-31": "-6.00000", "2013-12-31": 119, "2013-09-30": -791, "2013-06-30": -42, "2013-03-31": "-165.00000", "2012-12-31": 1253, "2012-09-30": 0, "2012-06-30": 0, "2012-03-31": "-251.00000", "2011-12-31": -54, "2011-09-30": 117, "2011-06-30": 81, "2011-03-31": "-50.00000", "2010-12-31": 157, "2010-09-30": 0, "2010-06-30": 0, "2010-03-31": "", "2009-12-31": 0, "2009-09-30": 0, "2009-06-30": 0, "2009-03-31": "-169.40000", "2008-12-31": 9.4, "2008-09-30": 10, "2008-06-30": 0, "2008-03-31": "75.00000", "2007-12-31": 75, "2007-09-30": 0, "2007-06-30": 0, "2007-03-31": "", "2006-12-31": 0, "2006-09-30": 0, "2006-06-30": -295, "2006-03-31": "", "2005-12-31": 150, "2005-09-30": 145, "2005-06-30": -158.013, "2005-03-31": "-21.98700"}, "Debt Issuance/Retirement Net - Total": {"2020-12-31": -45, "2020-09-30": -1922, "2020-06-30": 2436, "2020-03-31": "564.00000", "2019-12-31": 262, "2019-09-30": 282, "2019-06-30": 328, "2019-03-31": "529.00000", "2018-12-31": 240, "2018-09-30": 433, "2018-06-30": 200, "2018-03-31": "-487.00000", "2017-12-31": 952, "2017-09-30": 1367, "2017-06-30": 331, "2017-03-31": "1304.00000", "2016-12-31": -436.459, "2016-09-30": 140.4529, "2016-06-30": 539.6472, "2016-03-31": "-308.64110", "2015-12-31": 85.183, "2015-09-30": 990.6691, "2015-06-30": -951.5581, "2015-03-31": "133.50300", "2014-12-31": 310.771, "2014-09-30": -10.812, "2014-06-30": -52.795, "2014-03-31": "-33.73900", "2013-12-31": 795.6641, "2013-09-30": -17.902, "2013-06-30": -67.869, "2013-03-31": "-834.75500", "2012-12-31": 3102.538, "2012-09-30": -24.835, "2012-06-30": -67.214, "2012-03-31": "1181.98400", "2011-12-31": -63.319, "2011-09-30": 107.766, "2011-06-30": 72.729, "2011-03-31": "-58.52100", "2010-12-31": 148.884, "2010-09-30": 148.7439, "2010-06-30": -4.4539, "2010-03-31": "-253.88400", "2009-12-31": 436.0659, "2009-09-30": -162.0491, "2009-06-30": -331.2999, "2009-03-31": "416.01200", "2008-12-31": 7.493, "2008-09-30": 8.375, "2008-06-30": -1.625, "2008-03-31": "73.37500", "2007-12-31": 71.75, "2007-09-30": -1.625, "2007-06-30": 0, "2007-03-31": "650.00000", "2006-12-31": 549.415, "2006-09-30": -12.108, "2006-06-30": 705, "2006-03-31": "", "2005-12-31": 150, "2005-09-30": 90.069, "2005-06-30": 122.391, "2005-03-31": "-195.68200"}, "Net Common Equity Issued/Repurchased": {"2020-12-31": -1, "2020-09-30": -1, "2020-06-30": -1, "2020-03-31": "-73.00000", "2019-12-31": 0, "2019-09-30": -1, "2019-06-30": -1, "2019-03-31": "-42.00000", "2018-12-31": 0, "2018-09-30": 0, "2018-06-30": -3, "2018-03-31": "810.00000", "2017-12-31": 0, "2017-09-30": 3757, "2017-06-30": 441, "2017-03-31": "", "2016-12-31": 1001.961, "2016-09-30": -0.299, "2016-06-30": -0.106, "2016-03-31": "299.44400", "2015-12-31": -0.081, "2015-09-30": -0.086, "2015-06-30": -0.118, "2015-03-31": "-29.37200", "2014-12-31": -0.094, "2014-09-30": -0.048, "2014-06-30": -0.313, "2014-03-31": "-21.41700", "2013-12-31": 2980.345, "2013-09-30": -0.35, "2013-06-30": -75.288, "2013-03-31": "-23.57900", "2012-12-31": -0.04, "2012-09-30": -0.31, "2012-06-30": -0.154, "2012-03-31": "-35.28100", "2011-12-31": -2.011, "2011-09-30": -108.04, "2011-06-30": -150.232, "2011-03-31": "-41.57400", "2010-12-31": -10.31, "2010-09-30": 7.889, "2010-06-30": -36.586, "2010-03-31": "-101.90100", "2009-12-31": 26.535, "2009-09-30": 6.951, "2009-06-30": 5.538, "2009-03-31": "3.02200", "2008-12-31": 0.367, "2008-09-30": 1.224, "2008-06-30": 3.587, "2008-03-31": "-41.41900", "2007-12-31": -119.7559, "2007-09-30": 9.139, "2007-06-30": 7.115, "2007-03-31": "-595.13300", "2006-12-31": 1.621, "2006-09-30": -171.914, "2006-06-30": -308.505, "2006-03-31": "6.31000", "2005-12-31": -0.161, "2005-09-30": -100.885, "2005-06-30": -154.034, "2005-03-31": "-0.75500"}, "Net Total Equity Issued/Repurchased": {"2020-12-31": -1, "2020-09-30": -86, "2020-06-30": -1, "2020-03-31": "-73.00000", "2019-12-31": 85, "2019-09-30": -86, "2019-06-30": -1, "2019-03-31": "-42.00000", "2018-12-31": 0, "2018-09-30": 0, "2018-06-30": -3, "2018-03-31": "810.00000", "2017-12-31": 0, "2017-09-30": 5365, "2017-06-30": 441, "2017-03-31": "", "2016-12-31": 1001.961, "2016-09-30": -0.299, "2016-06-30": -0.106, "2016-03-31": "299.44400", "2015-12-31": -0.081, "2015-09-30": -0.086, "2015-06-30": -0.118, "2015-03-31": "-29.37200", "2014-12-31": -0.094, "2014-09-30": -0.048, "2014-06-30": -0.313, "2014-03-31": "-21.41700", "2013-12-31": 3931.231, "2013-09-30": -0.35, "2013-06-30": -75.288, "2013-03-31": "-23.57900", "2012-12-31": -0.04, "2012-09-30": -0.31, "2012-06-30": -0.154, "2012-03-31": "-35.28100", "2011-12-31": -2.011, "2011-09-30": -123.042, "2011-06-30": -150.232, "2011-03-31": "-41.57400", "2010-12-31": -10.31, "2010-09-30": 7.889, "2010-06-30": -36.586, "2010-03-31": "-101.90100", "2009-12-31": 26.535, "2009-09-30": 6.951, "2009-06-30": 5.538, "2009-03-31": "3.02200", "2008-12-31": 0.367, "2008-09-30": 1.224, "2008-06-30": 3.587, "2008-03-31": "-41.41900", "2007-12-31": -119.7559, "2007-09-30": 9.139, "2007-06-30": 7.115, "2007-03-31": "-595.13300", "2006-12-31": 1.621, "2006-09-30": -171.914, "2006-06-30": -308.505, "2006-03-31": "6.31000", "2005-12-31": -200.161, "2005-09-30": -100.885, "2005-06-30": -154.034, "2005-03-31": "-0.75500"}, "Total Common And Preferred Stock Dividends Paid": {"2020-12-31": -574, "2020-09-30": -460, "2020-06-30": -530, "2020-03-31": "-541.00000", "2019-12-31": -610, "2019-09-30": -414, "2019-06-30": -496, "2019-03-31": "-505.00000", "2018-12-31": -495, "2018-09-30": -464, "2018-06-30": -465, "2018-03-31": "-471.00000", "2017-12-31": -457, "2017-09-30": -386, "2017-06-30": -348, "2017-03-31": "-348.00000", "2016-12-31": -353.381, "2016-09-30": -309.779, "2016-06-30": -309.753, "2016-03-31": "-310.08700", "2015-12-31": -306.3849, "2015-09-30": -284.6821, "2015-06-30": -284.683, "2015-03-31": "-284.68200", "2014-12-31": -284.759, "2014-09-30": -127.848, "2014-06-30": -127.852, "2014-03-31": "-128.19200", "2013-12-31": 0, "2013-09-30": 0, "2013-06-30": 0, "2013-03-31": "", "2012-12-31": 0, "2012-09-30": 0, "2012-06-30": 0, "2012-03-31": "-2.48100", "2011-12-31": -4.774, "2011-09-30": -4.774, "2011-06-30": -4.97, "2011-03-31": "-4.96900", "2010-12-31": -4.97, "2010-09-30": -4.969, "2010-06-30": -4.971, "2010-03-31": "-4.96900", "2009-12-31": -4.97, "2009-09-30": -4.97, "2009-06-30": -4.969, "2009-03-31": "-4.96900", "2008-12-31": -4.97, "2008-09-30": -4.969, "2008-06-30": -4.97, "2008-03-31": "-4.96900", "2007-12-31": -4.97, "2007-09-30": -4.969, "2007-06-30": -4.971, "2007-03-31": "-4.96900", "2006-12-31": -4.97, "2006-09-30": -4.969, "2006-06-30": -4.969, "2006-03-31": "-4.96900", "2005-12-31": -8.404, "2005-09-30": -9.095, "2005-06-30": -4.125, "2005-03-31": ""}, "Financial Activities - Other": {"2020-12-31": 0, "2020-09-30": 0, "2020-06-30": -38, "2020-03-31": "", "2019-12-31": 0, "2019-09-30": -10, "2019-06-30": -4, "2019-03-31": "-10.00000", "2018-12-31": 2, "2018-09-30": -13, "2018-06-30": -5, "2018-03-31": "-15.00000", "2017-12-31": -2, "2017-09-30": -16, "2017-06-30": -4, "2017-03-31": "-7.00000", "2016-12-31": -0.569, "2016-09-30": 0.262, "2016-06-30": -15.385, "2016-03-31": "-26.30800", "2015-12-31": -14.204, "2015-09-30": 18.275, "2015-06-30": -15.565, "2015-03-31": "8.31000", "2014-12-31": -9.872, "2014-09-30": 15.431, "2014-06-30": -0.337, "2014-03-31": "8.88900", "2013-12-31": -38.764, "2013-09-30": -10.649, "2013-06-30": -16.453, "2013-03-31": "421.84700", "2012-12-31": -346.682, "2012-09-30": 6.895, "2012-06-30": 11.672, "2012-03-31": "-39.28900", "2011-12-31": -10.092, "2011-09-30": -14.935, "2011-06-30": 27.532, "2011-03-31": "-0.52600", "2010-12-31": -428.995, "2010-09-30": -63.638, "2010-06-30": -217.212, "2010-03-31": "-35.28200", "2009-12-31": -76.44, "2009-09-30": 2.788, "2009-06-30": -53.132, "2009-03-31": "-39.71700", "2008-12-31": 22.134, "2008-09-30": 10.704, "2008-06-30": -4.794, "2008-03-31": "-11.82600", "2007-12-31": -12.654, "2007-09-30": -6.626, "2007-06-30": -26.939, "2007-03-31": "-33.17400", "2006-12-31": -71.118, "2006-09-30": 10.522, "2006-06-30": -7.955, "2006-03-31": "-2.47700", "2005-12-31": -15.905, "2005-09-30": 1.172, "2005-06-30": -116.672, "2005-03-31": "-3.55000"}, "Cash Flow From Financial Activities": {"2020-12-31": -620, "2020-09-30": -2468, "2020-06-30": 1867, "2020-03-31": "-50.00000", "2019-12-31": -263, "2019-09-30": -228, "2019-06-30": -173, "2019-03-31": "-28.00000", "2018-12-31": -253, "2018-09-30": -44, "2018-06-30": -273, "2018-03-31": "-163.00000", "2017-12-31": 493, "2017-09-30": 6330, "2017-06-30": 420, "2017-03-31": "949.00000", "2016-12-31": 211.552, "2016-09-30": -169.363, "2016-06-30": 214.403, "2016-03-31": "-345.59200", "2015-12-31": -235.487, "2015-09-30": 724.176, "2015-06-30": -1251.924, "2015-03-31": "-172.24100", "2014-12-31": 16.046, "2014-09-30": -123.277, "2014-06-30": -181.297, "2014-03-31": "-174.45900", "2013-12-31": 4688.131, "2013-09-30": -28.901, "2013-06-30": -159.61, "2013-03-31": "-436.48700", "2012-12-31": 2755.816, "2012-09-30": -18.25, "2012-06-30": -55.696, "2012-03-31": "1104.93300", "2011-12-31": -80.196, "2011-09-30": -34.985, "2011-06-30": -54.941, "2011-03-31": "-105.59000", "2010-12-31": -295.391, "2010-09-30": 88.026, "2010-06-30": -263.223, "2010-03-31": "-396.03600", "2009-12-31": 381.191, "2009-09-30": -157.28, "2009-06-30": -383.863, "2009-03-31": "374.34800", "2008-12-31": 25.024, "2008-09-30": 15.334, "2008-06-30": -7.802, "2008-03-31": "15.16100", "2007-12-31": -65.63, "2007-09-30": -4.081, "2007-06-30": -24.795, "2007-03-31": "16.72400", "2006-12-31": 474.948, "2006-09-30": -178.469, "2006-06-30": 383.571, "2006-03-31": "-1.13600", "2005-12-31": -74.47, "2005-09-30": -18.739, "2005-06-30": -152.44, "2005-03-31": "-199.98700"}, "Net Cash Flow": {"2020-12-31": -40, "2020-09-30": -2252, "2020-06-30": 2201, "2020-03-31": "134.00000", "2019-12-31": 13, "2019-09-30": -104, "2019-06-30": 21, "2019-03-31": "-5.00000", "2018-12-31": -40, "2018-09-30": 117, "2018-06-30": -9, "2018-03-31": "-95.00000", "2017-12-31": -6399, "2017-09-30": 6516, "2017-06-30": -2, "2017-03-31": "-372.00000", "2016-12-31": 404.591, "2016-09-30": -46.119, "2016-06-30": 26.636, "2016-03-31": "-3.10800", "2015-12-31": -5.306, "2015-09-30": -154.493, "2015-06-30": 98.456, "2015-03-31": "64.53300", "2014-12-31": -62.93, "2014-09-30": 11.071, "2014-06-30": 26.942, "2014-03-31": "-22.85700", "2013-12-31": 4.745, "2013-09-30": 91.763, "2013-06-30": -33.979, "2013-03-31": "-280.49900", "2012-12-31": 322.461, "2012-09-30": 22.728, "2012-06-30": -967.509, "2012-03-31": "983.56400", "2011-12-31": 4.596, "2011-09-30": -32.592, "2011-06-30": 25.796, "2011-03-31": "-30.21100", "2010-12-31": -191.448, "2010-09-30": 61.892, "2010-06-30": -155.409, "2010-03-31": "-368.65000", "2009-12-31": 497.315, "2009-09-30": -66.158, "2009-06-30": -274.348, "2009-03-31": "454.11800", "2008-12-31": 82.115, "2008-09-30": -25.65, "2008-06-30": 1.522, "2008-03-31": "21.98700", "2007-12-31": -44.557, "2007-09-30": 27.37, "2007-06-30": -32.104, "2007-03-31": "-468.18000", "2006-12-31": 526.632, "2006-09-30": -456.511, "2006-06-30": 425.164, "2006-03-31": "32.02300", "2005-12-31": -5.942, "2005-09-30": -187.612, "2005-06-30": -124.115, "2005-03-31": "-183.63000"}, "Stock-Based Compensation": {"2020-12-31": 30, "2020-09-30": 33, "2020-06-30": 38, "2020-03-31": "37.00000", "2019-12-31": 26, "2019-09-30": 29, "2019-06-30": 33, "2019-03-31": "29.00000", "2018-12-31": 24, "2018-09-30": 32, "2018-06-30": 24, "2018-03-31": "23.00000", "2017-12-31": 25, "2017-09-30": 22, "2017-06-30": 23, "2017-03-31": "22.00000", "2016-12-31": 18.598, "2016-09-30": 20.267, "2016-06-30": 20.24, "2016-03-31": "19.89500", "2015-12-31": 16.062, "2015-09-30": 14.58, "2015-06-30": 14.887, "2015-03-31": "15.24400", "2014-12-31": 12, "2014-09-30": 12.124, "2014-06-30": 15.417, "2014-03-31": "11.95600", "2013-12-31": 9.696, "2013-09-30": 9.862, "2013-06-30": 9.443, "2013-03-31": "10.02900", "2012-12-31": 8.371, "2012-09-30": 16.468, "2012-06-30": 8.07, "2012-03-31": "9.03500", "2011-12-31": 7.673, "2011-09-30": 7.683, "2011-06-30": 7.758, "2011-03-31": "9.49600", "2010-12-31": 10.355, "2010-09-30": 8.042, "2010-06-30": 9.88, "2010-03-31": "8.26300", "2009-12-31": 7.415, "2009-09-30": 6.779, "2009-06-30": 8.055, "2009-03-31": "6.97600", "2008-12-31": 7.51, "2008-09-30": 6.346, "2008-06-30": 6.622, "2008-03-31": "5.41800", "2007-12-31": 3.243, "2007-09-30": 5.987, "2007-06-30": 6.841, "2007-03-31": "5.55000", "2006-12-31": 1.273, "2006-09-30": 4.729, "2006-06-30": 5.38, "2006-03-31": "3.51400", "2005-12-31": 27.096, "2005-09-30": 12.59, "2005-06-30": 1.863, "2005-03-31": "7.97100"}, "Common Stock Dividends Paid": {"2020-12-31": -574, "2020-09-30": -517, "2020-06-30": -501, "2020-03-31": "-513.00000", "2019-12-31": -497, "2019-09-30": -471, "2019-06-30": -467, "2019-03-31": "-477.00000", "2018-12-31": -467, "2018-09-30": -436, "2018-06-30": -436, "2018-03-31": "-443.00000", "2017-12-31": -427, "2017-09-30": -386, "2017-06-30": -348, "2017-03-31": "-348.00000", "2016-12-31": -342.372, "2016-09-30": -298.782, "2016-06-30": -298.756, "2016-03-31": "-299.09000", "2015-12-31": -295.388, "2015-09-30": -273.685, "2015-06-30": -273.686, "2015-03-31": "-273.68500", "2014-12-31": -273.762, "2014-09-30": -116.851, "2014-06-30": -116.855, "2014-03-31": "-116.82900", "2013-12-31": 0, "2013-09-30": 0, "2013-06-30": 0, "2013-03-31": "", "2012-12-31": 0, "2012-09-30": 0, "2012-06-30": 0, "2012-03-31": "", "2011-12-31": 0, "2011-09-30": 0, "2011-06-30": 0, "2011-03-31": "", "2010-12-31": 0, "2010-09-30": 0, "2010-06-30": 0, "2010-03-31": "", "2009-12-31": 0, "2009-09-30": 0, "2009-06-30": 0, "2009-03-31": "", "2008-12-31": 0, "2008-09-30": 0, "2008-06-30": 0, "2008-03-31": "", "2007-12-31": 0, "2007-09-30": 0, "2007-06-30": 0, "2007-03-31": "", "2006-12-31": 0, "2006-09-30": 0, "2006-06-30": 0, "2006-03-31": "", "2005-12-31": 0, "2005-09-30": 0, "2005-06-30": 0, "2005-03-31": ""}}, "financial ratios": {"Current Ratio": {"2019-12-31": "0.62710", "2018-12-31": "0.81610", "2017-12-31": "0.87770", "2016-12-31": "1.37800", "2015-12-31": "1.14720", "2014-12-31": "1.37640", "2013-12-31": "1.18020", "2012-12-31": "1.27750", "2011-12-31": "1.49000", "2010-12-31": "1.23650", "2009-12-31": "1.58600", "2008-12-31": "0.58150", "2007-12-31": "1.33680", "2006-12-31": "3.99080", "2005-12-31": "0.47670"}, "Long-term Debt / Capital": {"2019-12-31": "0.63210", "2018-12-31": "0.58890", "2017-12-31": "0.56530", "2016-12-31": "0.61500", "2015-12-31": "0.62950", "2014-12-31": "0.63670", "2013-12-31": "0.62340", "2012-12-31": "0.78730", "2011-12-31": "0.71800", "2010-12-31": "0.70970", "2009-12-31": "0.66180", "2008-12-31": "0.65030", "2007-12-31": "0.63240", "2006-12-31": "0.76670", "2005-12-31": "0.57000"}, "Debt/Equity Ratio": {"2019-12-31": "1.72760", "2018-12-31": "1.44170", "2017-12-31": "1.30960", "2016-12-31": "1.61060", "2015-12-31": "1.71390", "2014-12-31": "1.76940", "2013-12-31": "1.67040", "2012-12-31": "3.93430", "2011-12-31": "2.55790", "2010-12-31": "2.45470", "2009-12-31": "2.02330", "2008-12-31": "2.01350", "2007-12-31": "1.74370", "2006-12-31": "3.28660", "2005-12-31": "1.52360"}, "Gross Margin": {"2019-12-31": "65.53880", "2018-12-31": "65.66110", "2017-12-31": "63.73680", "2016-12-31": "63.24920", "2015-12-31": "63.93340", "2014-12-31": "63.07730", "2013-12-31": "65.41860", "2012-12-31": "70.03350", "2011-12-31": "71.05440", "2010-12-31": "69.05360", "2009-12-31": "67.40440", "2008-12-31": "64.71840", "2007-12-31": "63.25590", "2006-12-31": "65.37000", "2005-12-31": "62.76590"}, "Operating Margin": {"2019-12-31": "27.05190", "2018-12-31": "25.75420", "2017-12-31": "22.72620", "2016-12-31": "24.20300", "2015-12-31": "25.82470", "2014-12-31": "26.58230", "2013-12-31": "30.73210", "2012-12-31": "34.31120", "2011-12-31": "34.05790", "2010-12-31": "30.62640", "2009-12-31": "25.74990", "2008-12-31": "19.16200", "2007-12-31": "7.18360", "2006-12-31": "15.40520", "2005-12-31": "3.57670"}, "EBIT Margin": {"2019-12-31": "27.05190", "2018-12-31": "25.75420", "2017-12-31": "22.72620", "2016-12-31": "24.20300", "2015-12-31": "25.82470", "2014-12-31": "26.58230", "2013-12-31": "30.73210", "2012-12-31": "34.31120", "2011-12-31": "34.05790", "2010-12-31": "30.62640", "2009-12-31": "25.74990", "2008-12-31": "19.16200", "2007-12-31": "7.18360", "2006-12-31": "15.40520", "2005-12-31": "3.57670"}, "EBITDA Margin": {"2019-12-31": "54.34670", "2018-12-31": "54.32030", "2017-12-31": "52.10340", "2016-12-31": "52.84370", "2015-12-31": "55.11920", "2014-12-31": "56.72380", "2013-12-31": "60.06420", "2012-12-31": "64.39910", "2011-12-31": "66.32460", "2010-12-31": "63.96000", "2009-12-31": "60.82130", "2008-12-31": "55.27540", "2007-12-31": "47.87810", "2006-12-31": "53.11300", "2005-12-31": "46.17360"}, "Pre-Tax Profit Margin": {"2019-12-31": "15.28720", "2018-12-31": "11.93670", "2017-12-31": "9.21270", "2016-12-31": "9.53840", "2015-12-31": "12.93250", "2014-12-31": "9.46860", "2013-12-31": "8.75860", "2012-12-31": "4.14470", "2011-12-31": "8.84560", "2010-12-31": "-17.99720", "2009-12-31": "-11.30430", "2008-12-31": "-10.03730", "2007-12-31": "-22.88030", "2006-12-31": "-6.13700", "2005-12-31": "-57.92950"}, "Net Profit Margin": {"2019-12-31": "12.96200", "2018-12-31": "9.47860", "2017-12-31": "7.23850", "2016-12-31": "8.26320", "2015-12-31": "40.31290", "2014-12-31": "9.79230", "2013-12-31": "2.74790", "2012-12-31": "7.64400", "2011-12-31": "7.28760", "2010-12-31": "-17.65870", "2009-12-31": "-8.01810", "2008-12-31": "-4.56360", "2007-12-31": "-17.58360", "2006-12-31": "-7.95450", "2005-12-31": "-66.38730"}, "Asset Turnover": {"2019-12-31": "0.14990", "2018-12-31": "0.16390", "2017-12-31": "0.13200", "2016-12-31": "0.17290", "2015-12-31": "0.16700", "2014-12-31": "0.16740", "2013-12-31": "0.13910", "2012-12-31": "0.15120", "2011-12-31": "0.19280", "2010-12-31": "0.17940", "2009-12-31": "0.15380", "2008-12-31": "0.14730", "2007-12-31": "0.13210", "2006-12-31": "0.15740", "2005-12-31": "0.16380"}, "Inventory Turnover Ratio": {"2019-12-31": "", "2018-12-31": "", "2017-12-31": "", "2016-12-31": "", "2015-12-31": "", "2014-12-31": "", "2013-12-31": "", "2012-12-31": "", "2011-12-31": "", "2010-12-31": "", "2009-12-31": "", "2008-12-31": "", "2007-12-31": "", "2006-12-31": "", "2005-12-31": ""}, "Receiveable Turnover": {"2019-12-31": "9.66950", "2018-12-31": "10.71860", "2017-12-31": "10.69100", "2016-12-31": "10.49710", "2015-12-31": "11.69450", "2014-12-31": "11.29480", "2013-12-31": "11.46640", "2012-12-31": "12.61550", "2011-12-31": "26.31090", "2010-12-31": "31.35700", "2009-12-31": "37.93310", "2008-12-31": "40.57590", "2007-12-31": "40.93980", "2006-12-31": "25.61320", "2005-12-31": "40.21150"}, "Days Sales In Receivables": {"2019-12-31": "37.74770", "2018-12-31": "34.05310", "2017-12-31": "34.14100", "2016-12-31": "34.77150", "2015-12-31": "31.21120", "2014-12-31": "32.31570", "2013-12-31": "31.83200", "2012-12-31": "28.93270", "2011-12-31": "13.87260", "2010-12-31": "11.64020", "2009-12-31": "9.62220", "2008-12-31": "8.99550", "2007-12-31": "8.91550", "2006-12-31": "14.25050", "2005-12-31": "9.07700"}, "ROE - Return On Equity": {"2019-12-31": "8.19910", "2018-12-31": "5.37550", "2017-12-31": "2.96620", "2016-12-31": "4.72400", "2015-12-31": "7.40970", "2014-12-31": "5.14040", "2013-12-31": "0.86440", "2012-12-31": "6.80680", "2011-12-31": "7.18350", "2010-12-31": "-12.73050", "2009-12-31": "-3.88690", "2008-12-31": "-1.79900", "2007-12-31": "-7.03570", "2006-12-31": "-6.28730", "2005-12-31": "-33.24430"}, "Return On Tangible Equity": {"2019-12-31": "-19.43500", "2018-12-31": "-15.46110", "2017-12-31": "-10.04390", "2016-12-31": "-19.29070", "2015-12-31": "-23.83070", "2014-12-31": "-16.17680", "2013-12-31": "-2.95120", "2012-12-31": "-6.45860", "2011-12-31": "-11.26780", "2010-12-31": "19.67940", "2009-12-31": "10.02410", "2008-12-31": "3.24700", "2007-12-31": "19.10790", "2006-12-31": "-10.75000", "2005-12-31": "-36.30490"}, "ROA - Return On Assets": {"2019-12-31": "2.23630", "2018-12-31": "1.89850", "2017-12-31": "1.13560", "2016-12-31": "1.57440", "2015-12-31": "2.39450", "2014-12-31": "1.63790", "2013-12-31": "0.29130", "2012-12-31": "1.24860", "2011-12-31": "1.62600", "2010-12-31": "-2.97300", "2009-12-31": "-1.04160", "2008-12-31": "-0.47150", "2007-12-31": "-2.12440", "2006-12-31": "-0.94960", "2005-12-31": "-9.48230"}, "ROI - Return On Investment": {"2019-12-31": "3.01650", "2018-12-31": "2.20990", "2017-12-31": "1.28950", "2016-12-31": "1.81900", "2015-12-31": "2.74550", "2014-12-31": "1.86750", "2013-12-31": "0.32550", "2012-12-31": "1.44790", "2011-12-31": "1.79630", "2010-12-31": "-3.27240", "2009-12-31": "-1.18710", "2008-12-31": "-0.56380", "2007-12-31": "-2.35320", "2006-12-31": "-1.03750", "2005-12-31": "-11.30240"}, "Book Value Per Share": {"2019-12-31": "25.21390", "2018-12-31": "27.88190", "2017-12-31": "30.39160", "2016-12-31": "20.96070", "2015-12-31": "21.23970", "2014-12-31": "20.18000", "2013-12-31": "20.77760", "2012-12-31": "10.06690", "2011-12-31": "9.46350", "2010-12-31": "9.49560", "2009-12-31": "11.10830", "2008-12-31": "10.50600", "2007-12-31": "12.32080", "2006-12-31": "5.29070", "2005-12-31": "6.95800"}, "Operating Cash Flow Per Share": {"2019-12-31": 0.4304, "2018-12-31": 0.7186, "2017-12-31": 0.065, "2016-12-31": -0.1298, "2015-12-31": 0.5687, "2014-12-31": 0.8888, "2013-12-31": 1.2604, "2012-12-31": 0.4021, "2011-12-31": 0.146, "2010-12-31": 0.1112, "2009-12-31": 0.174, "2008-12-31": 0.5676, "2007-12-31": -0.0791, "2006-12-31": 0.3896, "2005-12-31": 0.941}, "Free Cash Flow Per Share": {"2019-12-31": -0.3002, "2018-12-31": -0.2942, "2017-12-31": -0.5495, "2016-12-31": 0.0278, "2015-12-31": 0.1241, "2014-12-31": 0.3997, "2013-12-31": 0.9888, "2012-12-31": 0.1035, "2011-12-31": -0.2755, "2010-12-31": -0.0786, "2009-12-31": 1.1602, "2008-12-31": 0.0371, "2007-12-31": -0.549, "2006-12-31": 0.0953, "2005-12-31": 0.644}}, "financial ratios, quarterly": {"Current Ratio": {"2020-09-30": "0.61510", "2020-06-30": "1.74950", "2020-03-31": "0.46720", "2019-12-31": "0.62710", "2019-09-30": "0.72260", "2019-06-30": "0.76210", "2019-03-31": "0.76230", "2018-12-31": "0.81610", "2018-09-30": "0.95780", "2018-06-30": "0.90510", "2018-03-31": "0.90480", "2017-12-31": "0.87770", "2017-09-30": "7.12630", "2017-06-30": "0.95330", "2017-03-31": "1.01580", "2016-12-31": "1.37800", "2016-09-30": "0.93530", "2016-06-30": "0.93340", "2016-03-31": "1.01100", "2015-12-31": "1.14720", "2015-09-30": "1.24240", "2015-06-30": "1.43230", "2015-03-31": "1.12840", "2014-12-31": "1.37640", "2014-09-30": "1.15760", "2014-06-30": "1.19080", "2014-03-31": "1.20330", "2013-12-31": "1.18020", "2013-09-30": "1.47090", "2013-06-30": "1.36610", "2013-03-31": "1.35720", "2012-12-31": "1.27750", "2012-09-30": "1.46170", "2012-06-30": "1.51110", "2012-03-31": "3.87000", "2011-12-31": "1.49000", "2011-09-30": "1.38600", "2011-06-30": "1.34170", "2011-03-31": "1.31410", "2010-12-31": "1.23650", "2010-09-30": "1.12620", "2010-06-30": "1.17420", "2010-03-31": "1.29760", "2009-12-31": "1.58600", "2009-09-30": "1.04740", "2009-06-30": "1.01190", "2009-03-31": "1.67550", "2008-12-31": "0.58150", "2008-09-30": "1.12600", "2008-06-30": "1.23870", "2008-03-31": "1.25610", "2007-12-31": "1.33680", "2007-09-30": "1.65050", "2007-06-30": "1.57030", "2007-03-31": "1.58000", "2006-12-31": "3.99080", "2006-09-30": "1.23340", "2006-06-30": "3.94570", "2006-03-31": "0.58030", "2005-12-31": "0.47670", "2005-09-30": "0.72840", "2005-06-30": "1.97860", "2005-03-31": "1.28040"}, "Long-term Debt / Capital": {"2020-09-30": "0.66880", "2020-06-30": "0.68140", "2020-03-31": "0.63680", "2019-12-31": "0.63210", "2019-09-30": "0.61050", "2019-06-30": "0.60260", "2019-03-31": "0.59310", "2018-12-31": "0.58890", "2018-09-30": "0.57020", "2018-06-30": "0.55770", "2018-03-31": "0.54890", "2017-12-31": "0.56530", "2017-09-30": "0.54350", "2017-06-30": "0.64390", "2017-03-31": "0.64500", "2016-12-31": "0.61500", "2016-09-30": "0.64910", "2016-06-30": "0.63950", "2016-03-31": "0.62220", "2015-12-31": "0.62950", "2015-09-30": "0.62450", "2015-06-30": "0.59850", "2015-03-31": "0.64570", "2014-12-31": "0.63670", "2014-09-30": "0.62560", "2014-06-30": "0.62500", "2014-03-31": "0.62320", "2013-12-31": "0.62340", "2013-09-30": "0.78050", "2013-06-30": "0.78520", "2013-03-31": "0.78370", "2012-12-31": "0.78730", "2012-09-30": "0.73810", "2012-06-30": "0.74350", "2012-03-31": "0.75300", "2011-12-31": "0.71800", "2011-09-30": "0.72500", "2011-06-30": "0.71640", "2011-03-31": "0.70690", "2010-12-31": "0.70970", "2010-09-30": "0.70970", "2010-06-30": "0.69470", "2010-03-31": "0.67960", "2009-12-31": "0.66180", "2009-09-30": "0.65540", "2009-06-30": "0.65040", "2009-03-31": "0.67010", "2008-12-31": "0.65030", "2008-09-30": "0.63060", "2008-06-30": "0.63180", "2008-03-31": "0.64050", "2007-12-31": "0.63240", "2007-09-30": "0.61670", "2007-06-30": "0.61030", "2007-03-31": "0.61160", "2006-12-31": "0.76670", "2006-09-30": "0.71800", "2006-06-30": "0.71030", "2006-03-31": "0.56790", "2005-12-31": "0.57000", "2005-09-30": "0.53630", "2005-06-30": "0.51880", "2005-03-31": "0.41170"}, "Debt/Equity Ratio": {"2020-09-30": "2.03160", "2020-06-30": "2.14870", "2020-03-31": "1.84710", "2019-12-31": "1.72760", "2019-09-30": "1.57620", "2019-06-30": "1.52470", "2019-03-31": "1.46570", "2018-12-31": "1.44170", "2018-09-30": "1.33580", "2018-06-30": "1.26980", "2018-03-31": "1.22710", "2017-12-31": "1.30960", "2017-09-30": "1.19980", "2017-06-30": "1.82350", "2017-03-31": "1.83240", "2016-12-31": "1.61060", "2016-09-30": "1.86460", "2016-06-30": "1.78840", "2016-03-31": "1.65890", "2015-12-31": "1.71390", "2015-09-30": "1.67690", "2015-06-30": "1.50340", "2015-03-31": "1.84030", "2014-12-31": "1.76940", "2014-09-30": "1.68650", "2014-06-30": "1.68190", "2014-03-31": "1.66890", "2013-12-31": "1.67040", "2013-09-30": "3.59510", "2013-06-30": "3.68850", "2013-03-31": "3.65510", "2012-12-31": "3.93430", "2012-09-30": "2.84870", "2012-06-30": "2.92640", "2012-03-31": "3.07710", "2011-12-31": "2.55790", "2011-09-30": "2.64910", "2011-06-30": "2.53790", "2011-03-31": "2.42190", "2010-12-31": "2.45470", "2010-09-30": "2.45280", "2010-06-30": "2.28340", "2010-03-31": "2.12730", "2009-12-31": "2.02330", "2009-09-30": "1.93740", "2009-06-30": "1.93690", "2009-03-31": "2.10380", "2008-12-31": "2.01350", "2008-09-30": "1.75500", "2008-06-30": "1.76070", "2008-03-31": "1.82840", "2007-12-31": "1.74370", "2007-09-30": "1.61060", "2007-06-30": "1.56760", "2007-03-31": "1.57660", "2006-12-31": "3.28660", "2006-09-30": "2.55460", "2006-06-30": "2.46000", "2006-03-31": "1.51050", "2005-12-31": "1.52360", "2005-09-30": "1.24140", "2005-06-30": "1.10690", "2005-03-31": "0.78200"}, "Gross Margin": {"2020-09-30": "67.22750", "2020-06-30": "66.25000", "2020-03-31": "66.64320", "2019-12-31": "66.05890", "2019-09-30": "65.24970", "2019-06-30": "65.30750", "2019-03-31": "65.55400", "2018-12-31": "64.64130", "2018-09-30": "65.52730", "2018-06-30": "65.86470", "2018-03-31": "66.66670", "2017-12-31": "63.26890", "2017-09-30": "63.49950", "2017-06-30": "64.06550", "2017-03-31": "64.17320", "2016-12-31": "61.95370", "2016-09-30": "63.10770", "2016-06-30": "63.76600", "2016-03-31": "64.29820", "2015-12-31": "63.84100", "2015-09-30": "63.63620", "2015-06-30": "63.70720", "2015-03-31": "64.55950", "2014-12-31": "61.38640", "2014-09-30": "62.77080", "2014-06-30": "62.54640", "2014-03-31": "65.64300", "2013-12-31": "65.27570", "2013-09-30": "64.75670", "2013-06-30": "66.09000", "2013-03-31": "65.54560", "2012-12-31": "67.74590", "2012-09-30": "70.17030", "2012-06-30": "70.65250", "2012-03-31": "72.01750", "2011-12-31": "71.34490", "2011-09-30": "71.42500", "2011-06-30": "70.61000", "2011-03-31": "70.81610", "2010-12-31": "69.18610", "2010-09-30": "70.32520", "2010-06-30": "68.12470", "2010-03-31": "68.48020", "2009-12-31": "66.92420", "2009-09-30": "68.18490", "2009-06-30": "67.21160", "2009-03-31": "67.29820", "2008-12-31": "65.32870", "2008-09-30": "64.53760", "2008-06-30": "64.27900", "2008-03-31": "64.71030", "2007-12-31": "64.02210", "2007-09-30": "63.35550", "2007-06-30": "63.00490", "2007-03-31": "62.50720", "2006-12-31": "65.52760", "2006-09-30": "65.16550", "2006-06-30": "65.52360", "2006-03-31": "65.25010", "2005-12-31": "63.39560", "2005-09-30": "62.84430", "2005-06-30": "62.66650", "2005-03-31": "62.07290"}, "Operating Margin": {"2020-09-30": "29.20590", "2020-06-30": "26.59720", "2020-03-31": "25.61580", "2019-12-31": "26.64800", "2019-09-30": "28.54250", "2019-06-30": "26.88320", "2019-03-31": "26.06530", "2018-12-31": "24.15810", "2018-09-30": "26.10910", "2018-06-30": "25.93990", "2018-03-31": "26.86680", "2017-12-31": "16.87170", "2017-09-30": "24.55320", "2017-06-30": "24.95180", "2017-03-31": "25.09840", "2016-12-31": "25.36570", "2016-09-30": "24.62200", "2016-06-30": "24.02150", "2016-03-31": "22.66080", "2015-12-31": "24.28970", "2015-09-30": "25.13890", "2015-06-30": "26.76460", "2015-03-31": "27.19770", "2014-12-31": "26.11740", "2014-09-30": "26.77310", "2014-06-30": "24.72870", "2014-03-31": "28.71950", "2013-12-31": "30.04880", "2013-09-30": "29.75240", "2013-06-30": "31.29030", "2013-03-31": "31.76160", "2012-12-31": "30.96160", "2012-09-30": "35.53110", "2012-06-30": "34.66660", "2012-03-31": "36.65240", "2011-12-31": "34.04350", "2011-09-30": "35.39500", "2011-06-30": "33.40600", "2011-03-31": "33.34970", "2010-12-31": "31.46230", "2010-09-30": "32.36340", "2010-06-30": "29.13310", "2010-03-31": "29.34170", "2009-12-31": "26.93170", "2009-09-30": "27.68740", "2009-06-30": "24.02910", "2009-03-31": "24.13620", "2008-12-31": "20.13760", "2008-09-30": "19.77270", "2008-06-30": "18.06680", "2008-03-31": "18.61820", "2007-12-31": "16.25580", "2007-09-30": "-3.64410", "2007-06-30": "11.05780", "2007-03-31": "4.25900", "2006-12-31": "19.22870", "2006-09-30": "16.12480", "2006-06-30": "14.22360", "2006-03-31": "11.45380", "2005-12-31": "9.71190", "2005-09-30": "1.00430", "2005-06-30": "5.55800", "2005-03-31": "-2.67810"}, "EBIT Margin": {"2020-09-30": "29.20590", "2020-06-30": "26.59720", "2020-03-31": "25.61580", "2019-12-31": "26.64800", "2019-09-30": "28.54250", "2019-06-30": "26.88320", "2019-03-31": "26.06530", "2018-12-31": "24.15810", "2018-09-30": "26.10910", "2018-06-30": "25.93990", "2018-03-31": "26.86680", "2017-12-31": "16.87170", "2017-09-30": "24.55320", "2017-06-30": "24.95180", "2017-03-31": "25.09840", "2016-12-31": "25.36570", "2016-09-30": "24.62200", "2016-06-30": "24.02150", "2016-03-31": "22.66080", "2015-12-31": "24.28960", "2015-09-30": "25.13890", "2015-06-30": "26.76460", "2015-03-31": "27.19770", "2014-12-31": "26.11740", "2014-09-30": "26.77310", "2014-06-30": "24.72870", "2014-03-31": "28.71950", "2013-12-31": "30.04880", "2013-09-30": "29.75240", "2013-06-30": "31.29030", "2013-03-31": "31.76160", "2012-12-31": "30.96160", "2012-09-30": "35.53110", "2012-06-30": "34.66660", "2012-03-31": "36.65240", "2011-12-31": "34.04350", "2011-09-30": "35.39500", "2011-06-30": "33.40600", "2011-03-31": "33.34970", "2010-12-31": "31.46230", "2010-09-30": "32.36340", "2010-06-30": "29.13310", "2010-03-31": "29.34170", "2009-12-31": "26.93170", "2009-09-30": "27.68740", "2009-06-30": "24.02910", "2009-03-31": "24.13620", "2008-12-31": "20.13760", "2008-09-30": "19.77270", "2008-06-30": "18.06680", "2008-03-31": "18.61820", "2007-12-31": "16.25590", "2007-09-30": "-3.64410", "2007-06-30": "11.05780", "2007-03-31": "4.25900", "2006-12-31": "19.22880", "2006-09-30": "16.12480", "2006-06-30": "14.22360", "2006-03-31": "11.45380", "2005-12-31": "9.71190", "2005-09-30": "1.00430", "2005-06-30": "5.55800", "2005-03-31": "-2.67810"}, "EBITDA Margin": {"2020-09-30": "", "2020-06-30": "", "2020-03-31": "", "2019-12-31": "", "2019-09-30": "", "2019-06-30": "", "2019-03-31": "", "2018-12-31": "", "2018-09-30": "", "2018-06-30": "", "2018-03-31": "", "2017-12-31": "", "2017-09-30": "", "2017-06-30": "", "2017-03-31": "", "2016-12-31": "", "2016-09-30": "", "2016-06-30": "", "2016-03-31": "", "2015-12-31": "", "2015-09-30": "", "2015-06-30": "", "2015-03-31": "", "2014-12-31": "", "2014-09-30": "", "2014-06-30": "", "2014-03-31": "", "2013-12-31": "", "2013-09-30": "", "2013-06-30": "", "2013-03-31": "", "2012-12-31": "", "2012-09-30": "", "2012-06-30": "", "2012-03-31": "", "2011-12-31": "", "2011-09-30": "", "2011-06-30": "", "2011-03-31": "", "2010-12-31": "", "2010-09-30": "", "2010-06-30": "", "2010-03-31": "", "2009-12-31": "", "2009-09-30": "", "2009-06-30": "", "2009-03-31": "", "2008-12-31": "", "2008-09-30": "", "2008-06-30": "", "2008-03-31": "", "2007-12-31": "", "2007-09-30": "", "2007-06-30": "", "2007-03-31": "", "2006-12-31": "", "2006-09-30": "", "2006-06-30": "", "2006-03-31": "", "2005-12-31": "", "2005-09-30": "", "2005-06-30": "", "2005-03-31": ""}, "Pre-Tax Profit Margin": {"2020-09-30": "11.30550", "2020-06-30": "14.30560", "2020-03-31": "13.37090", "2019-12-31": "15.07710", "2019-09-30": "16.66670", "2019-06-30": "15.20390", "2019-03-31": "14.13350", "2018-12-31": "12.37190", "2018-09-30": "12.29090", "2018-06-30": "13.90980", "2018-03-31": "9.08390", "2017-12-31": "2.98770", "2017-09-30": "11.10070", "2017-06-30": "11.27170", "2017-03-31": "12.10630", "2016-12-31": "12.49180", "2016-09-30": "10.42390", "2016-06-30": "9.34550", "2016-03-31": "5.53430", "2015-12-31": "10.64120", "2015-09-30": "10.94640", "2015-06-30": "18.05370", "2015-03-31": "12.24900", "2014-12-31": "12.68210", "2014-09-30": "10.88360", "2014-06-30": "2.52810", "2014-03-31": "11.71360", "2013-12-31": "7.19340", "2013-09-30": "10.73830", "2013-06-30": "12.24110", "2013-03-31": "4.65440", "2012-12-31": "-11.90770", "2012-09-30": "12.14770", "2012-06-30": "8.30930", "2012-03-31": "10.32450", "2011-12-31": "9.53340", "2011-09-30": "10.54870", "2011-06-30": "7.34890", "2011-03-31": "7.87650", "2010-12-31": "7.39070", "2010-09-30": "-29.62230", "2010-06-30": "-22.42800", "2010-03-31": "-29.19900", "2009-12-31": "4.64620", "2009-09-30": "-12.34600", "2009-06-30": "-40.67490", "2009-03-31": "2.12430", "2008-12-31": "-20.68740", "2008-09-30": "-8.92500", "2008-06-30": "-5.26600", "2008-03-31": "-4.81140", "2007-12-31": "-27.85540", "2007-09-30": "-28.21940", "2007-06-30": "-13.99070", "2007-03-31": "-20.67410", "2006-12-31": "-3.50790", "2006-09-30": "-7.69940", "2006-06-30": "-6.62210", "2006-03-31": "-6.93840", "2005-12-31": "-5.93640", "2005-09-30": "-15.24040", "2005-06-30": "-135.93420", "2005-03-31": "-80.24760"}, "Net Profit Margin": {"2020-09-30": "10.96900", "2020-06-30": "11.94440", "2020-03-31": "11.04860", "2019-12-31": "12.62270", "2019-09-30": "14.44000", "2019-06-30": "12.99240", "2019-03-31": "11.71880", "2018-12-31": "9.88290", "2018-09-30": "9.89090", "2018-06-30": "11.42860", "2018-03-31": "6.62050", "2017-12-31": "-0.70300", "2017-09-30": "7.99620", "2017-06-30": "10.79000", "2017-03-31": "11.71260", "2016-12-31": "12.08370", "2016-09-30": "8.80720", "2016-06-30": "7.79930", "2016-03-31": "3.94300", "2015-12-31": "13.75180", "2015-09-30": "10.10580", "2015-06-30": "127.00870", "2015-03-31": "12.41460", "2014-12-31": "15.37240", "2014-09-30": "10.74500", "2014-06-30": "2.62020", "2014-03-31": "10.33160", "2013-12-31": "-5.43940", "2013-09-30": "6.11980", "2013-06-30": "7.12440", "2013-03-31": "2.08930", "2012-12-31": "-2.89350", "2012-09-30": "6.76690", "2012-06-30": "19.81400", "2012-03-31": "8.59130", "2011-12-31": "8.45380", "2011-09-30": "8.51110", "2011-06-30": "5.13040", "2011-03-31": "6.97660", "2010-12-31": "7.18720", "2010-09-30": "-29.09590", "2010-06-30": "-22.52250", "2010-03-31": "-28.01450", "2009-12-31": "2.91880", "2009-09-30": "-8.58610", "2009-06-30": "-28.45240", "2009-03-31": "1.33430", "2008-12-31": "-17.60590", "2008-09-30": "-9.73280", "2008-06-30": "14.52860", "2008-03-31": "-4.95790", "2007-12-31": "-22.75550", "2007-09-30": "-20.53030", "2007-06-30": "-11.06600", "2007-03-31": "-15.23300", "2006-12-31": "-5.44340", "2006-09-30": "-10.33250", "2006-06-30": "-9.56620", "2006-03-31": "-6.52720", "2005-12-31": "-23.73560", "2005-09-30": "-20.29790", "2005-06-30": "-139.88180", "2005-03-31": "-86.64930"}, "Asset Turnover": {"2020-09-30": "0.03830", "2020-06-30": "0.03520", "2020-03-31": "0.03680", "2019-12-31": "0.03710", "2019-09-30": "0.03870", "2019-06-30": "0.03790", "2019-03-31": "0.03730", "2018-12-31": "0.04170", "2018-09-30": "0.04210", "2018-06-30": "0.04110", "2018-03-31": "0.04030", "2017-12-31": "0.03530", "2017-09-30": "0.03430", "2017-06-30": "0.04240", "2017-03-31": "0.04270", "2016-12-31": "0.04550", "2016-09-30": "0.04470", "2016-06-30": "0.04340", "2016-03-31": "0.04300", "2015-12-31": "0.04310", "2015-09-30": "0.04170", "2015-06-30": "0.04280", "2015-03-31": "0.04270", "2014-12-31": "0.04220", "2014-09-30": "0.04300", "2014-06-30": "0.04250", "2014-03-31": "0.04260", "2013-12-31": "0.03120", "2013-09-30": "0.04810", "2013-06-30": "0.04770", "2013-03-31": "0.04810", "2012-12-31": "0.04190", "2012-09-30": "0.04880", "2012-06-30": "0.04650", "2012-03-31": "0.04550", "2011-12-31": "0.04930", "2011-09-30": "0.04920", "2011-06-30": "0.04820", "2011-03-31": "0.04800", "2010-12-31": "0.04740", "2010-09-30": "0.04520", "2010-06-30": "0.04410", "2010-03-31": "0.04210", "2009-12-31": "0.04050", "2009-09-30": "0.04090", "2009-06-30": "0.03880", "2009-03-31": "0.03750", "2008-12-31": "0.03780", "2008-09-30": "0.03680", "2008-06-30": "0.03620", "2008-03-31": "0.03540", "2007-12-31": "0.03580", "2007-09-30": "0.03350", "2007-06-30": "0.03230", "2007-03-31": "0.02970", "2006-12-31": "0.04210", "2006-09-30": "0.04450", "2006-06-30": "0.04250", "2006-03-31": "0.04420", "2005-12-31": "0.04320", "2005-09-30": "0.04140", "2005-06-30": "0.04010", "2005-03-31": "0.03660"}, "Inventory Turnover Ratio": {"2020-09-30": "", "2020-06-30": "", "2020-03-31": "", "2019-12-31": "", "2019-09-30": "", "2019-06-30": "", "2019-03-31": "", "2018-12-31": "", "2018-09-30": "", "2018-06-30": "", "2018-03-31": "", "2017-12-31": "", "2017-09-30": "", "2017-06-30": "", "2017-03-31": "", "2016-12-31": "", "2016-09-30": "", "2016-06-30": "", "2016-03-31": "", "2015-12-31": "", "2015-09-30": "", "2015-06-30": "", "2015-03-31": "", "2014-12-31": "", "2014-09-30": "", "2014-06-30": "", "2014-03-31": "", "2013-12-31": "", "2013-09-30": "", "2013-06-30": "", "2013-03-31": "", "2012-12-31": "", "2012-09-30": "", "2012-06-30": "", "2012-03-31": "", "2011-12-31": "", "2011-09-30": "", "2011-06-30": "", "2011-03-31": "", "2010-12-31": "", "2010-09-30": "", "2010-06-30": "", "2010-03-31": "", "2009-12-31": "", "2009-09-30": "", "2009-06-30": "", "2009-03-31": "", "2008-12-31": "", "2008-09-30": "", "2008-06-30": "", "2008-03-31": "", "2007-12-31": "", "2007-09-30": "", "2007-06-30": "", "2007-03-31": "", "2006-12-31": "", "2006-09-30": "", "2006-06-30": "", "2006-03-31": "", "2005-12-31": "", "2005-09-30": "17.15010", "2005-06-30": "14.54490", "2005-03-31": "12.12060"}, "Receiveable Turnover": {"2020-09-30": "3.26590", "2020-06-30": "3.28020", "2020-03-31": "2.87070", "2019-12-31": "2.39260", "2019-09-30": "2.22190", "2019-06-30": "2.44840", "2019-03-31": "2.58350", "2018-12-31": "2.72650", "2018-09-30": "2.91930", "2018-06-30": "2.92310", "2018-03-31": "3.23130", "2017-12-31": "2.85930", "2017-09-30": "3.34430", "2017-06-30": "3.39240", "2017-03-31": "3.35650", "2016-12-31": "2.76330", "2016-09-30": "3.59090", "2016-06-30": "4.20240", "2016-03-31": "3.66900", "2015-12-31": "3.01900", "2015-09-30": "2.82870", "2015-06-30": "3.55030", "2015-03-31": "3.07780", "2014-12-31": "2.84600", "2014-09-30": "2.86370", "2014-06-30": "2.88880", "2014-03-31": "3.56720", "2013-12-31": "2.56790", "2013-09-30": "3.17080", "2013-06-30": "3.65580", "2013-03-31": "3.47880", "2012-12-31": "3.49570", "2012-09-30": "4.39420", "2012-06-30": "4.71600", "2012-03-31": "6.90790", "2011-12-31": "6.72380", "2011-09-30": "7.93490", "2011-06-30": "8.76350", "2011-03-31": "9.29810", "2010-12-31": "8.28400", "2010-09-30": "8.72970", "2010-06-30": "9.29850", "2010-03-31": "10.76770", "2009-12-31": "9.98280", "2009-09-30": "12.85360", "2009-06-30": "11.40850", "2009-03-31": "12.02860", "2008-12-31": "10.42030", "2008-09-30": "13.18650", "2008-06-30": "12.58460", "2008-03-31": "10.49000", "2007-12-31": "11.08570", "2007-09-30": "10.36520", "2007-06-30": "12.42640", "2007-03-31": "12.20700", "2006-12-31": "6.85130", "2006-09-30": "9.18700", "2006-06-30": "8.50750", "2006-03-31": "10.69660", "2005-12-31": "10.61350", "2005-09-30": "11.30090", "2005-06-30": "12.88210", "2005-03-31": "12.23680"}, "Days Sales In Receivables": {"2020-09-30": "27.55720", "2020-06-30": "27.43750", "2020-03-31": "31.35120", "2019-12-31": "37.61570", "2019-09-30": "40.50610", "2019-06-30": "36.75880", "2019-03-31": "34.83670", "2018-12-31": "33.00880", "2018-09-30": "30.82910", "2018-06-30": "30.78950", "2018-03-31": "27.85220", "2017-12-31": "31.47630", "2017-09-30": "26.91160", "2017-06-30": "26.53020", "2017-03-31": "26.81370", "2016-12-31": "32.56940", "2016-09-30": "25.06340", "2016-06-30": "21.41640", "2016-03-31": "24.52980", "2015-12-31": "29.81130", "2015-09-30": "31.81650", "2015-06-30": "25.35010", "2015-03-31": "29.24120", "2014-12-31": "31.62310", "2014-09-30": "31.42830", "2014-06-30": "31.15470", "2014-03-31": "25.22980", "2013-12-31": "35.04790", "2013-09-30": "28.38400", "2013-06-30": "24.61810", "2013-03-31": "25.87070", "2012-12-31": "25.74590", "2012-09-30": "20.48150", "2012-06-30": "19.08400", "2012-03-31": "13.02860", "2011-12-31": "13.38520", "2011-09-30": "11.34220", "2011-06-30": "10.26980", "2011-03-31": "9.67940", "2010-12-31": "10.86430", "2010-09-30": "10.30960", "2010-06-30": "9.67900", "2010-03-31": "8.35840", "2009-12-31": "9.01550", "2009-09-30": "7.00190", "2009-06-30": "7.88880", "2009-03-31": "7.48220", "2008-12-31": "8.63700", "2008-09-30": "6.82510", "2008-06-30": "7.15160", "2008-03-31": "8.57960", "2007-12-31": "8.11860", "2007-09-30": "8.68290", "2007-06-30": "7.24260", "2007-03-31": "7.37280", "2006-12-31": "13.13630", "2006-09-30": "9.79640", "2006-06-30": "10.57890", "2006-03-31": "8.41390", "2005-12-31": "8.47970", "2005-09-30": "7.96400", "2005-06-30": "6.98650", "2005-03-31": "7.35480"}, "ROE - Return On Equity": {"2020-09-30": "1.71540", "2020-06-30": "2.03540", "2020-03-31": "1.82790", "2019-12-31": "1.99260", "2019-09-30": "2.13690", "2019-06-30": "1.87450", "2019-03-31": "1.64310", "2018-12-31": "1.41730", "2018-09-30": "1.33390", "2018-06-30": "1.43240", "2018-03-31": "0.88840", "2017-12-31": "0.16210", "2017-09-30": "0.90750", "2017-06-30": "1.47560", "2017-03-31": "1.61610", "2016-12-31": "1.65060", "2016-09-30": "1.45650", "2016-06-30": "1.23860", "2016-03-31": "0.66880", "2015-12-31": "2.01330", "2015-09-30": "1.44060", "2015-06-30": "2.24910", "2015-03-31": "1.70360", "2014-12-31": "1.76730", "2014-09-30": "1.44490", "2014-06-30": "0.36780", "2014-03-31": "1.48230", "2013-12-31": "-0.81510", "2013-09-30": "1.55030", "2013-06-30": "1.82490", "2013-03-31": "0.56460", "2012-12-31": "-0.32680", "2012-09-30": "1.46720", "2012-06-30": "4.08530", "2012-03-31": "1.83690", "2011-12-31": "2.05030", "2011-09-30": "2.22090", "2011-06-30": "1.30930", "2011-03-31": "1.62910", "2010-12-31": "1.67300", "2010-09-30": "-5.67620", "2010-06-30": "-3.93310", "2010-03-31": "-4.44340", "2009-12-31": "0.63800", "2009-09-30": "-1.09200", "2009-06-30": "-3.82290", "2009-03-31": "0.36210", "2008-12-31": "-2.34980", "2008-09-30": "-1.02090", "2008-06-30": "1.90080", "2008-03-31": "-0.43250", "2007-12-31": "-2.53150", "2007-09-30": "-1.96540", "2007-06-30": "-0.93210", "2007-03-31": "-1.22890", "2006-12-31": "-0.82970", "2006-09-30": "-1.83600", "2006-06-30": "-1.48630", "2006-03-31": "-1.03940", "2005-12-31": "-1.07440", "2005-09-30": "-2.12930", "2005-06-30": "-17.22810", "2005-03-31": "-7.33580"}, "Return On Tangible Equity": {"2020-09-30": "-3.18920", "2020-06-30": "-4.10000", "2020-03-31": "-3.94370", "2019-12-31": "-4.72320", "2019-09-30": "-6.50360", "2019-06-30": "-5.95210", "2019-03-31": "-5.49860", "2018-12-31": "-4.07660", "2018-09-30": "-4.82490", "2018-06-30": "-5.55900", "2018-03-31": "-3.68100", "2017-12-31": "-0.54880", "2017-09-30": "6.11340", "2017-06-30": "-3.41170", "2017-03-31": "-3.88780", "2016-12-31": "-6.74020", "2016-09-30": "-3.59820", "2016-06-30": "-3.34030", "2016-03-31": "-2.29430", "2015-12-31": "-6.47500", "2015-09-30": "-4.91020", "2015-06-30": "-11.99880", "2015-03-31": "-4.84220", "2014-12-31": "-5.56150", "2014-09-30": "-4.89780", "2014-06-30": "-1.27640", "2014-03-31": "-5.14740", "2013-12-31": "2.78290", "2013-09-30": "-1.56730", "2013-06-30": "-1.74120", "2013-03-31": "-0.54390", "2012-12-31": "0.31010", "2012-09-30": "-1.93880", "2012-06-30": "-5.08750", "2012-03-31": "-3.10050", "2011-12-31": "-3.21610", "2011-09-30": "-3.16180", "2011-06-30": "-1.94900", "2011-03-31": "-2.63340", "2010-12-31": "-2.58620", "2010-09-30": "8.09130", "2010-06-30": "6.34560", "2010-03-31": "8.72960", "2009-12-31": "-1.64530", "2009-09-30": "2.47050", "2009-06-30": "9.13060", "2009-03-31": "-0.71410", "2008-12-31": "4.24120", "2008-09-30": "2.91150", "2008-06-30": "-5.52850", "2008-03-31": "1.05350", "2007-12-31": "6.87510", "2007-09-30": "6.93100", "2007-06-30": "3.74340", "2007-03-31": "4.62550", "2006-12-31": "-1.41860", "2006-09-30": "-2.87990", "2006-06-30": "-1.53420", "2006-03-31": "-1.06460", "2005-12-31": "-1.17340", "2005-09-30": "-1.86890", "2005-06-30": "-15.21690", "2005-03-31": "-6.65600"}, "ROA - Return On Assets": {"2020-09-30": "0.42030", "2020-06-30": "0.48900", "2020-03-31": "0.47910", "2019-12-31": "0.54350", "2019-09-30": "0.63110", "2019-06-30": "0.56620", "2019-03-31": "0.51090", "2018-12-31": "0.50060", "2018-09-30": "0.50240", "2018-06-30": "0.55600", "2018-03-31": "0.35350", "2017-12-31": "0.06210", "2017-09-30": "0.37080", "2017-06-30": "0.45740", "2017-03-31": "0.50050", "2016-12-31": "0.55010", "2016-09-30": "0.44370", "2016-06-30": "0.38850", "2016-03-31": "0.22030", "2015-12-31": "0.65060", "2015-09-30": "0.47420", "2015-06-30": "0.79250", "2015-03-31": "0.52940", "2014-12-31": "0.56310", "2014-09-30": "0.47710", "2014-06-30": "0.12240", "2014-03-31": "0.49970", "2013-12-31": "-0.27470", "2013-09-30": "0.29850", "2013-06-30": "0.34680", "2013-03-31": "0.10890", "2012-12-31": "-0.05990", "2012-09-30": "0.33900", "2012-06-30": "0.92940", "2012-03-31": "0.41460", "2011-12-31": "0.46410", "2011-09-30": "0.49200", "2011-06-30": "0.29860", "2011-03-31": "0.38590", "2010-12-31": "0.39070", "2010-09-30": "-1.26860", "2010-06-30": "-0.94290", "2010-03-31": "-1.13060", "2009-12-31": "0.17100", "2009-09-30": "-0.29700", "2009-06-30": "-1.05920", "2009-03-31": "0.09350", "2008-12-31": "-0.61590", "2008-09-30": "-0.30820", "2008-06-30": "0.57590", "2008-03-31": "-0.12580", "2007-12-31": "-0.76440", "2007-09-30": "-0.63780", "2007-06-30": "-0.30830", "2007-03-31": "-0.40360", "2006-12-31": "-0.12530", "2006-09-30": "-0.34430", "2006-06-30": "-0.29230", "2006-03-31": "-0.29970", "2005-12-31": "-0.30650", "2005-09-30": "-0.61340", "2005-06-30": "-5.43380", "2005-03-31": "-2.91510"}, "ROI - Return On Investment": {"2020-09-30": "0.56810", "2020-06-30": "0.64850", "2020-03-31": "0.66390", "2019-12-31": "0.73310", "2019-09-30": "0.83230", "2019-06-30": "0.74500", "2019-03-31": "0.66860", "2018-12-31": "0.58270", "2018-09-30": "0.57330", "2018-06-30": "0.63360", "2018-03-31": "0.40070", "2017-12-31": "0.07050", "2017-09-30": "0.41420", "2017-06-30": "0.52540", "2017-03-31": "0.57370", "2016-12-31": "0.63550", "2016-09-30": "0.51110", "2016-06-30": "0.44650", "2016-03-31": "0.25270", "2015-12-31": "0.74600", "2015-09-30": "0.54100", "2015-06-30": "0.90300", "2015-03-31": "0.60350", "2014-12-31": "0.64200", "2014-09-30": "0.54100", "2014-06-30": "0.13790", "2014-03-31": "0.55860", "2013-12-31": "-0.30700", "2013-09-30": "0.34020", "2013-06-30": "0.39200", "2013-03-31": "0.12210", "2012-12-31": "-0.06950", "2012-09-30": "0.38420", "2012-06-30": "1.04780", "2012-03-31": "0.45370", "2011-12-31": "0.51270", "2011-09-30": "0.53970", "2011-06-30": "0.32740", "2011-03-31": "0.42310", "2010-12-31": "0.43000", "2010-09-30": "-1.45460", "2010-06-30": "-1.06490", "2010-03-31": "-1.27400", "2009-12-31": "0.19480", "2009-09-30": "-0.33880", "2009-06-30": "-1.20650", "2009-03-31": "0.10730", "2008-12-31": "-0.73640", "2008-09-30": "-0.34300", "2008-06-30": "0.63680", "2008-03-31": "-0.14090", "2007-12-31": "-0.84670", "2007-09-30": "-0.68990", "2007-06-30": "-0.33350", "2007-03-31": "-0.43800", "2006-12-31": "-0.13690", "2006-09-30": "-0.37820", "2006-06-30": "-0.31940", "2006-03-31": "-0.35580", "2005-12-31": "-0.36530", "2005-09-30": "-0.69320", "2005-06-30": "-5.98940", "2005-03-31": "-3.32680"}, "Book Value Per Share": {"2020-09-30": "22.04640", "2020-06-30": "23.56360", "2020-03-31": "24.27100", "2019-12-31": "25.21390", "2019-09-30": "27.22360", "2019-06-30": "27.69950", "2019-03-31": "28.23560", "2018-12-31": "27.88190", "2018-09-30": "29.62650", "2018-06-30": "30.27950", "2018-03-31": "30.92050", "2017-12-31": "30.39160", "2017-09-30": "31.19150", "2017-06-30": "20.73200", "2017-03-31": "20.37740", "2016-12-31": "20.96070", "2016-09-30": "20.00690", "2016-06-30": "20.58380", "2016-03-31": "21.19030", "2015-12-31": "21.23970", "2015-09-30": "21.69240", "2015-06-30": "22.18420", "2015-03-31": "19.65110", "2014-12-31": "20.18000", "2014-09-30": "20.55580", "2014-06-30": "20.60570", "2014-03-31": "20.77520", "2013-12-31": "20.77760", "2013-09-30": "10.24100", "2013-06-30": "9.99330", "2013-03-31": "10.09160", "2012-12-31": "10.06690", "2012-09-30": "10.03820", "2012-06-30": "9.78030", "2012-03-31": "9.34250", "2011-12-31": "9.46350", "2011-09-30": "9.20390", "2011-06-30": "9.35510", "2011-03-31": "9.56190", "2010-12-31": "9.49560", "2010-09-30": "9.27180", "2010-06-30": "9.63990", "2010-03-31": "10.31140", "2009-12-31": "11.10830", "2009-09-30": "10.87630", "2009-06-30": "11.13800", "2009-03-31": "10.63830", "2008-12-31": "10.50600", "2008-09-30": "12.02140", "2008-06-30": "12.34270", "2008-03-31": "11.90070", "2007-12-31": "12.32080", "2007-09-30": "13.05810", "2007-06-30": "13.44100", "2007-03-31": "13.38520", "2006-12-31": "5.29070", "2006-09-30": "5.74670", "2006-06-30": "5.84990", "2006-03-31": "6.95880", "2005-12-31": "6.95800", "2005-09-30": "7.99490", "2005-06-30": "8.43250", "2005-03-31": "9.83720"}, "Operating Cash Flow Per Share": {"2020-09-30": 1.4624, "2020-06-30": 1.8006, "2020-03-31": "1.56220", "2019-12-31": 1.933, "2019-09-30": 1.5861, "2019-06-30": 1.7076, "2019-03-31": "1.22780", "2018-12-31": 1.7573, "2018-09-30": 1.5961, "2018-06-30": 1.5683, "2018-03-31": "1.10240", "2017-12-31": 1.7463, "2017-09-30": 1.0155, "2017-06-30": 1.3227, "2017-03-31": "1.22100", "2016-12-31": 1.3851, "2016-09-30": 1.1438, "2016-06-30": 1.4049, "2016-03-31": "1.30670", "2015-12-31": 1.5021, "2015-09-30": 1.1149, "2015-06-30": 1.3947, "2015-03-31": "1.35860", "2014-12-31": 1.3479, "2014-09-30": 1.2832, "2014-06-30": 1.0827, "2014-03-31": "1.08780", "2013-12-31": 1.0338, "2013-09-30": 0.9657, "2013-06-30": 0.9336, "2013-03-31": "0.97970", "2012-12-31": 0.8569, "2012-09-30": 0.6817, "2012-06-30": 0.5463, "2012-03-31": "0.56750", "2011-12-31": 0.6467, "2011-09-30": 0.6148, "2011-06-30": 0.5476, "2011-03-31": "0.44120", "2010-12-31": 0.6795, "2010-09-30": 0.5572, "2010-06-30": 0.5755, "2010-03-31": "0.29210", "2009-12-31": 0.62, "2009-09-30": 0.4324, "2009-06-30": 0.5302, "2009-03-31": "0.41050", "2008-12-31": 0.5998, "2008-09-30": 0.47, "2008-06-30": 0.5066, "2008-03-31": "0.24270", "2007-12-31": 0.4715, "2007-09-30": 0.359, "2007-06-30": 0.2427, "2007-03-31": "0.17830", "2006-12-31": 0.4407, "2006-09-30": 0.3333, "2006-06-30": 0.3222, "2006-03-31": "0.23440", "2005-12-31": 0.4368, "2005-09-30": 0.2221, "2005-06-30": 0.1612, "2005-03-31": "0.12090"}, "Free Cash Flow Per Share": {"2020-09-30": 0.6315, "2020-06-30": 0.8151, "2020-03-31": "0.49280", "2019-12-31": 0.689, "2019-09-30": 0.2967, "2019-06-30": 0.4711, "2019-03-31": "0.07670", "2018-12-31": 0.55, "2018-09-30": 0.4472, "2018-06-30": 0.6365, "2018-03-31": "0.20000", "2017-12-31": 0.7148, "2017-09-30": 0.4076, "2017-06-30": 0.5083, "2017-03-31": "0.49720", "2016-12-31": 0.6369, "2016-09-30": 0.4895, "2016-06-30": 0.822, "2016-03-31": "0.72900", "2015-12-31": 0.7538, "2015-09-30": 0.4036, "2015-06-30": 0.7383, "2015-03-31": "0.75390", "2014-12-31": 0.5691, "2014-09-30": 0.6845, "2014-06-30": 0.6133, "2014-03-31": "0.65860", "2013-12-31": 0.5698, "2013-09-30": 0.5133, "2013-06-30": 0.4607, "2013-03-31": "0.58200", "2012-12-31": 0.3117, "2012-09-30": 0.2599, "2012-06-30": 0.2255, "2012-03-31": "0.33990", "2011-12-31": 0.3637, "2011-09-30": 0.0876, "2011-06-30": 0.3232, "2011-03-31": "0.25900", "2010-12-31": 0.4025, "2010-09-30": 0.3528, "2010-06-30": 0.3834, "2010-03-31": "0.17030", "2009-12-31": 0.3909, "2009-09-30": 0.3204, "2009-06-30": 0.394, "2009-03-31": "0.28230", "2008-12-31": 0.2128, "2008-09-30": -0.0367, "2008-06-30": 0.0291, "2008-03-31": "0.02220", "2007-12-31": 0.0871, "2007-09-30": 0.1251, "2007-06-30": -0.0277, "2007-03-31": "0.00580", "2006-12-31": 0.2469, "2006-09-30": 0.1675, "2006-06-30": 0.1934, "2006-03-31": "0.13150", "2005-12-31": 0.3197, "2005-09-30": 0.1353, "2005-06-30": 0.111, "2005-03-31": "0.07800"}}, "revenue": {"Crown Castle Annual Revenue (Millions of US $)": {"2020": "$5,840", "2019": "$5,763", "2018": "$5,370", "2017": "$4,255", "2016": "$3,921", "2015": "$3,664", "2014": "$3,539", "2013": "$2,866", "2012": "$2,433", "2011": "$2,033", "2010": "$1,879", "2009": "$1,685", "2008": "$1,527", "2007": "$1,385", "2006": "$788", "2005": "$677"}, "Crown Castle Quarterly Revenue (Millions of US $)": {"2020-12-31": "$1,493", "2020-09-30": "$1,486", "2020-06-30": "$1,440", "2020-03-31": "$1,421", "2019-12-31": "$1,426", "2019-09-30": "$1,482", "2019-06-30": "$1,447", "2019-03-31": "$1,408", "2018-12-31": "$1,366", "2018-09-30": "$1,375", "2018-06-30": "$1,330", "2018-03-31": "$1,299", "2017-12-31": "$1,138", "2017-09-30": "$1,063", "2017-06-30": "$1,038", "2017-03-31": "$1,016", "2016-12-31": "$1,032", "2016-09-30": "$992", "2016-06-30": "$962", "2016-03-31": "$934", "2015-12-31": "$946", "2015-09-30": "$918", "2015-06-30": "$899", "2015-03-31": "$900", "2014-12-31": "$892", "2014-09-30": "$893", "2014-06-30": "$878", "2014-03-31": "$876", "2013-12-31": "$642", "2013-09-30": "$749", "2013-06-30": "$735", "2013-03-31": "$740", "2012-12-31": "$674", "2012-09-30": "$621", "2012-06-30": "$586", "2012-03-31": "$552", "2011-12-31": "$519", "2011-09-30": "$514", "2011-06-30": "$500", "2011-03-31": "$499", "2010-12-31": "$496", "2010-09-30": "$482", "2010-06-30": "$456", "2010-03-31": "$444", "2009-12-31": "$444", "2009-09-30": "$429", "2009-06-30": "$410", "2009-03-31": "$403", "2008-12-31": "$392", "2008-09-30": "$384", "2008-06-30": "$380", "2008-03-31": "$371", "2007-12-31": "$375", "2007-09-30": "$352", "2007-06-30": "$343", "2007-03-31": "$316", "2006-12-31": "$211", "2006-09-30": "$201", "2006-06-30": "$194", "2006-03-31": "$183", "2005-12-31": "$179", "2005-09-30": "$172", "2005-06-30": "$168", "2005-03-31": "$158"}}, "gross-profit": {"Crown Castle Annual Gross Profit (Millions of US $)": {"2020": "$3,871", "2019": "$3,777", "2018": "$3,526", "2017": "$2,712", "2016": "$2,480", "2015": "$2,342", "2014": "$2,232", "2013": "$1,875", "2012": "$1,704", "2011": "$1,444", "2010": "$1,297", "2009": "$1,136", "2008": "$988", "2007": "$876", "2006": "$515", "2005": "$425"}, "Crown Castle Quarterly Gross Profit (Millions of US $)": {"2020-12-31": "$969", "2020-09-30": "$999", "2020-06-30": "$954", "2020-03-31": "$947", "2019-12-31": "$942", "2019-09-30": "$967", "2019-06-30": "$945", "2019-03-31": "$923", "2018-12-31": "$883", "2018-09-30": "$901", "2018-06-30": "$876", "2018-03-31": "$866", "2017-12-31": "$720", "2017-09-30": "$675", "2017-06-30": "$665", "2017-03-31": "$652", "2016-12-31": "$639", "2016-09-30": "$626", "2016-06-30": "$614", "2016-03-31": "$601", "2015-12-31": "$604", "2015-09-30": "$584", "2015-06-30": "$573", "2015-03-31": "$581", "2014-12-31": "$547", "2014-09-30": "$560", "2014-06-30": "$549", "2014-03-31": "$575", "2013-12-31": "$419", "2013-09-30": "$485", "2013-06-30": "$486", "2013-03-31": "$485", "2012-12-31": "$457", "2012-09-30": "$436", "2012-06-30": "$414", "2012-03-31": "$397", "2011-12-31": "$371", "2011-09-30": "$367", "2011-06-30": "$353", "2011-03-31": "$353", "2010-12-31": "$343", "2010-09-30": "$339", "2010-06-30": "$311", "2010-03-31": "$304", "2009-12-31": "$297", "2009-09-30": "$293", "2009-06-30": "$275", "2009-03-31": "$271", "2008-12-31": "$256", "2008-09-30": "$248", "2008-06-30": "$244", "2008-03-31": "$240", "2007-12-31": "$240", "2007-09-30": "$223", "2007-06-30": "$216", "2007-03-31": "$197", "2006-12-31": "$138", "2006-09-30": "$131", "2006-06-30": "$127", "2006-03-31": "$119", "2005-12-31": "$113", "2005-09-30": "$108", "2005-06-30": "$105", "2005-03-31": "$98"}}, "operating-income": {"Crown Castle Annual Operating Income (Millions of US $)": {"2020": "$1,863", "2019": "$1,559", "2018": "$1,383", "2017": "$967", "2016": "$949", "2015": "$946", "2014": "$941", "2013": "$881", "2012": "$835", "2011": "$692", "2010": "$575", "2009": "$434", "2008": "$293", "2007": "$100", "2006": "$121", "2005": "$24"}, "Crown Castle Quarterly Operating Income (Millions of US $)": {"2020-12-31": "$680", "2020-09-30": "$434", "2020-06-30": "$383", "2020-03-31": "$364", "2019-12-31": "$380", "2019-09-30": "$423", "2019-06-30": "$389", "2019-03-31": "$367", "2018-12-31": "$330", "2018-09-30": "$359", "2018-06-30": "$345", "2018-03-31": "$349", "2017-12-31": "$192", "2017-09-30": "$261", "2017-06-30": "$259", "2017-03-31": "$255", "2016-12-31": "$262", "2016-09-30": "$244", "2016-06-30": "$231", "2016-03-31": "$212", "2015-12-31": "$230", "2015-09-30": "$231", "2015-06-30": "$241", "2015-03-31": "$245", "2014-12-31": "$233", "2014-09-30": "$239", "2014-06-30": "$217", "2014-03-31": "$252", "2013-12-31": "$193", "2013-09-30": "$223", "2013-06-30": "$230", "2013-03-31": "$235", "2012-12-31": "$209", "2012-09-30": "$221", "2012-06-30": "$203", "2012-03-31": "$202", "2011-12-31": "$177", "2011-09-30": "$182", "2011-06-30": "$167", "2011-03-31": "$166", "2010-12-31": "$156", "2010-09-30": "$156", "2010-06-30": "$133", "2010-03-31": "$130", "2009-12-31": "$119", "2009-09-30": "$119", "2009-06-30": "$98", "2009-03-31": "$97", "2008-12-31": "$79", "2008-09-30": "$76", "2008-06-30": "$69", "2008-03-31": "$69", "2007-12-31": "$61", "2007-09-30": "$-13", "2007-06-30": "$38", "2007-03-31": "$13", "2006-12-31": "$41", "2006-09-30": "$32", "2006-06-30": "$28", "2006-03-31": "$21", "2005-12-31": "$17", "2005-09-30": "$2", "2005-06-30": "$9", "2005-03-31": "$-4"}}, "ebitda": {"Crown Castle Annual EBITDA (Millions of US $)": {"2019": "$3,132", "2018": "$2,917", "2017": "$2,217", "2016": "$2,072", "2015": "$2,019", "2014": "$2,007", "2013": "$1,721", "2012": "$1,567", "2011": "$1,348", "2010": "$1,202", "2009": "$1,025", "2008": "$844", "2007": "$663", "2006": "$419", "2005": "$312"}, "Crown Castle Quarterly EBITDA (Millions of US $)": {"2020-09-30": "$841", "2020-06-30": "$787", "2020-03-31": "$764", "2019-12-31": "$777", "2019-09-30": "$811", "2019-06-30": "$782", "2019-03-31": "$762", "2018-12-31": "$721", "2018-09-30": "$745", "2018-06-30": "$726", "2018-03-31": "$725", "2017-12-31": "$554", "2017-09-30": "$560", "2017-06-30": "$557", "2017-03-31": "$546", "2016-12-31": "$539", "2016-09-30": "$528", "2016-06-30": "$511", "2016-03-31": "$494", "2015-12-31": "$504", "2015-09-30": "$501", "2015-06-30": "$506", "2015-03-31": "$508", "2014-12-31": "$499", "2014-09-30": "$506", "2014-06-30": "$479", "2014-03-31": "$523", "2013-12-31": "$383", "2013-09-30": "$439", "2013-06-30": "$441", "2013-03-31": "$458", "2012-12-31": "$420", "2012-09-30": "$401", "2012-06-30": "$380", "2012-03-31": "$366", "2011-12-31": "$342", "2011-09-30": "$346", "2011-06-30": "$331", "2011-03-31": "$330", "2010-12-31": "$319", "2010-09-30": "$314", "2010-06-30": "$286", "2010-03-31": "$282", "2009-12-31": "$271", "2009-09-30": "$267", "2009-06-30": "$246", "2009-03-31": "$241", "2008-12-31": "$216", "2008-09-30": "$215", "2008-06-30": "$206", "2008-03-31": "$207", "2007-12-31": "$203", "2007-09-30": "$128", "2007-06-30": "$176", "2007-03-31": "$157", "2006-12-31": "$118", "2006-09-30": "$107", "2006-06-30": "$99", "2006-03-31": "$95", "2005-12-31": "$90", "2005-09-30": "$74", "2005-06-30": "$81", "2005-03-31": "$67"}}, "net-income": {"Crown Castle Annual Net Income (Millions of US $)": {"2020": "$999", "2019": "$747", "2018": "$509", "2017": "$308", "2016": "$324", "2015": "$1,477", "2014": "$347", "2013": "$79", "2012": "$186", "2011": "$148", "2010": "$-332", "2009": "$-135", "2008": "$-70", "2007": "$-244", "2006": "$-63", "2005": "$-449"}, "Crown Castle Quarterly Net Income (Millions of US $)": {"2020-12-31": "$508", "2020-09-30": "$163", "2020-06-30": "$172", "2020-03-31": "$157", "2019-12-31": "$180", "2019-09-30": "$214", "2019-06-30": "$188", "2019-03-31": "$165", "2018-12-31": "$135", "2018-09-30": "$136", "2018-06-30": "$152", "2018-03-31": "$86", "2017-12-31": "$-8", "2017-09-30": "$85", "2017-06-30": "$112", "2017-03-31": "$119", "2016-12-31": "$125", "2016-09-30": "$87", "2016-06-30": "$75", "2016-03-31": "$37", "2015-12-31": "$130", "2015-09-30": "$93", "2015-06-30": "$1,142", "2015-03-31": "$112", "2014-12-31": "$137", "2014-09-30": "$96", "2014-06-30": "$23", "2014-03-31": "$91", "2013-12-31": "$-35", "2013-09-30": "$46", "2013-06-30": "$52", "2013-03-31": "$15", "2012-12-31": "$-20", "2012-09-30": "$42", "2012-06-30": "$116", "2012-03-31": "$47", "2011-12-31": "$44", "2011-09-30": "$44", "2011-06-30": "$26", "2011-03-31": "$35", "2010-12-31": "$36", "2010-09-30": "$-140", "2010-06-30": "$-103", "2010-03-31": "$-124", "2009-12-31": "$13", "2009-09-30": "$-37", "2009-06-30": "$-117", "2009-03-31": "$5", "2008-12-31": "$-69", "2008-09-30": "$-37", "2008-06-30": "$55", "2008-03-31": "$-18", "2007-12-31": "$-85", "2007-09-30": "$-72", "2007-06-30": "$-38", "2007-03-31": "$-48", "2006-12-31": "$-11", "2006-09-30": "$-21", "2006-06-30": "$-19", "2006-03-31": "$-12", "2005-12-31": "$-42", "2005-09-30": "$-35", "2005-06-30": "$-235", "2005-03-31": "$-137"}}, "eps-earnings-per-share-diluted": {"Crown Castle Annual EPS": {"2020": "$2.35", "2019": "$1.79", "2018": "$1.23", "2017": "$0.80", "2016": "$0.95", "2015": "$4.42", "2014": "$1.04", "2013": "$0.26", "2012": "$0.64", "2011": "$0.52", "2010": "$-1.16", "2009": "$-0.47", "2008": "$-0.25", "2007": "$-0.87", "2006": "$-0.30", "2005": "$-2.06"}, "Crown Castle Quarterly EPS": {"2020-12-31": "$1.17", "2020-09-30": "$0.38", "2020-06-30": "$0.41", "2020-03-31": "$0.38", "2019-12-31": "$0.43", "2019-09-30": "$0.51", "2019-06-30": "$0.45", "2019-03-31": "$0.40", "2018-12-31": "$0.33", "2018-09-30": "$0.33", "2018-06-30": "$0.36", "2018-03-31": "$0.21", "2017-12-31": "$-0.05", "2017-09-30": "$0.21", "2017-06-30": "$0.31", "2017-03-31": "$0.33", "2016-12-31": "$0.36", "2016-09-30": "$0.26", "2016-06-30": "$0.22", "2016-03-31": "$0.11", "2015-12-31": "$0.38", "2015-09-30": "$0.28", "2015-06-30": "$3.42", "2015-03-31": "$0.34", "2014-12-31": "$0.41", "2014-09-30": "$0.29", "2014-06-30": "$0.07", "2014-03-31": "$0.27", "2013-12-31": "$-0.13", "2013-09-30": "$0.16", "2013-06-30": "$0.18", "2013-03-31": "$0.05", "2012-12-31": "$-0.07", "2012-09-30": "$0.14", "2012-06-30": "$0.40", "2012-03-31": "$0.17", "2011-12-31": "$0.16", "2011-09-30": "$0.15", "2011-06-30": "$0.09", "2011-03-31": "$0.12", "2010-12-31": "$0.12", "2010-09-30": "$-0.49", "2010-06-30": "$-0.36", "2010-03-31": "$-0.43", "2009-12-31": "$0.05", "2009-09-30": "$-0.13", "2009-06-30": "$-0.41", "2009-03-31": "$0.02", "2008-12-31": "$-0.24", "2008-09-30": "$-0.13", "2008-06-30": "$0.19", "2008-03-31": "$-0.07", "2007-12-31": "$-0.30", "2007-09-30": "$-0.26", "2007-06-30": "$-0.13", "2007-03-31": "$-0.18", "2006-12-31": "$-0.05", "2006-09-30": "$-0.10", "2006-06-30": "$-0.09", "2006-03-31": "$-0.06", "2005-12-31": "$-0.21", "2005-09-30": "$-0.16", "2005-06-30": "$-1.08", "2005-03-31": "$-0.61"}}, "shares-outstanding": {"Crown Castle Annual Shares Outstanding (Millions of Shares)": {"2020": "425", "2019": "418", "2018": "415", "2017": "383", "2016": "341", "2015": "334", "2014": "333", "2013": "299", "2012": "291", "2011": "286", "2010": "287", "2009": "287", "2008": "282", "2007": "280", "2006": "207", "2005": "218"}, "Crown Castle Quarterly Shares Outstanding (Millions of Shares)": {"2020-12-31": "433", "2020-09-30": "429", "2020-06-30": "419", "2020-03-31": "418", "2019-12-31": "418", "2019-09-30": "418", "2019-06-30": "418", "2019-03-31": "417", "2018-12-31": "415", "2018-09-30": "416", "2018-06-30": "416", "2018-03-31": "410", "2017-12-31": "383", "2017-09-30": "397", "2017-06-30": "366", "2017-03-31": "362", "2016-12-31": "341", "2016-09-30": "338", "2016-06-30": "339", "2016-03-31": "335", "2015-12-31": "334", "2015-09-30": "334", "2015-06-30": "334", "2015-03-31": "333", "2014-12-31": "333", "2014-09-30": "333", "2014-06-30": "333", "2014-03-31": "333", "2013-12-31": "299", "2013-09-30": "291", "2013-06-30": "293", "2013-03-31": "293", "2012-12-31": "291", "2012-09-30": "292", "2012-06-30": "291", "2012-03-31": "286", "2011-12-31": "286", "2011-09-30": "284", "2011-06-30": "287", "2011-03-31": "289", "2010-12-31": "287", "2010-09-30": "286", "2010-06-30": "286", "2010-03-31": "288", "2009-12-31": "287", "2009-09-30": "287", "2009-06-30": "286", "2009-03-31": "288", "2008-12-31": "282", "2008-09-30": "284", "2008-06-30": "288", "2008-03-31": "279", "2007-12-31": "280", "2007-09-30": "283", "2007-06-30": "282", "2007-03-31": "273", "2006-12-31": "207", "2006-09-30": "201", "2006-06-30": "213", "2006-03-31": "214", "2005-12-31": "218", "2005-09-30": "216", "2005-06-30": "218", "2005-03-31": "224"}}, "total-assets": {"Crown Castle Annual Total Assets (Millions of US $)": {"2019": "$38,457", "2018": "$32,762", "2017": "$32,229", "2016": "$22,675", "2015": "$21,937", "2014": "$21,143", "2013": "$20,595", "2012": "$16,089", "2011": "$10,545", "2010": "$10,470", "2009": "$10,957", "2008": "$10,362", "2007": "$10,488", "2006": "$5,007", "2005": "$4,131"}, "Crown Castle Quarterly Total Assets (Millions of US $)": {"2020-09-30": "$38,786", "2020-06-30": "$40,901", "2020-03-31": "$38,616", "2019-12-31": "$38,457", "2019-09-30": "$38,344", "2019-06-30": "$38,147", "2019-03-31": "$37,778", "2018-12-31": "$32,762", "2018-09-30": "$32,644", "2018-06-30": "$32,374", "2018-03-31": "$32,250", "2017-12-31": "$32,229", "2017-09-30": "$31,012", "2017-06-30": "$24,484", "2017-03-31": "$23,777", "2016-12-31": "$22,675", "2016-09-30": "$22,172", "2016-06-30": "$22,153", "2016-03-31": "$21,718", "2015-12-31": "$21,937", "2015-09-30": "$21,996", "2015-06-30": "$21,012", "2015-03-31": "$21,105", "2014-12-31": "$21,143", "2014-09-30": "$20,785", "2014-06-30": "$20,672", "2014-03-31": "$20,570", "2013-12-31": "$20,595", "2013-09-30": "$15,568", "2013-06-30": "$15,393", "2013-03-31": "$15,373", "2012-12-31": "$16,089", "2012-09-30": "$12,736", "2012-06-30": "$12,598", "2012-03-31": "$12,125", "2011-12-31": "$10,545", "2011-09-30": "$10,443", "2011-06-30": "$10,385", "2011-03-31": "$10,397", "2010-12-31": "$10,470", "2010-09-30": "$10,653", "2010-06-30": "$10,352", "2010-03-31": "$10,561", "2009-12-31": "$10,957", "2009-09-30": "$10,483", "2009-06-30": "$10,552", "2009-03-31": "$10,750", "2008-12-31": "$10,362", "2008-09-30": "$10,450", "2008-06-30": "$10,478", "2008-03-31": "$10,470", "2007-12-31": "$10,488", "2007-09-30": "$10,506", "2007-06-30": "$10,621", "2007-03-31": "$10,628", "2006-12-31": "$5,007", "2006-09-30": "$4,520", "2006-06-30": "$4,562", "2006-03-31": "$4,131", "2005-12-31": "$4,131", "2005-09-30": "$4,163", "2005-06-30": "$4,198", "2005-03-31": "$4,303"}}, "cash-on-hand": {"Crown Castle Annual Cash on Hand (Millions of US $)": {"2019": "$333", "2018": "$408", "2017": "$435", "2016": "$692", "2015": "$310", "2014": "$299", "2013": "$407", "2012": "$1,017", "2011": "$332", "2010": "$334", "2009": "$980", "2008": "$303", "2007": "$241", "2006": "$708", "2005": "$157"}, "Crown Castle Quarterly Cash on Hand (Millions of US $)": {"2020-09-30": "$416", "2020-06-30": "$2,668", "2020-03-31": "$467", "2019-12-31": "$333", "2019-09-30": "$320", "2019-06-30": "$424", "2019-03-31": "$403", "2018-12-31": "$408", "2018-09-30": "$448", "2018-06-30": "$331", "2018-03-31": "$340", "2017-12-31": "$435", "2017-09-30": "$6,835", "2017-06-30": "$318", "2017-03-31": "$320", "2016-12-31": "$692", "2016-09-30": "$273", "2016-06-30": "$334", "2016-03-31": "$305", "2015-12-31": "$310", "2015-09-30": "$301", "2015-06-30": "$482", "2015-03-31": "$377", "2014-12-31": "$299", "2014-09-30": "$376", "2014-06-30": "$383", "2014-03-31": "$364", "2013-12-31": "$407", "2013-09-30": "$376", "2013-06-30": "$288", "2013-03-31": "$300", "2012-12-31": "$1,017", "2012-09-30": "$392", "2012-06-30": "$372", "2012-03-31": "$1,353", "2011-12-31": "$332", "2011-09-30": "$299", "2011-06-30": "$302", "2011-03-31": "$313", "2010-12-31": "$334", "2010-09-30": "$511", "2010-06-30": "$446", "2010-03-31": "$572", "2009-12-31": "$980", "2009-09-30": "$452", "2009-06-30": "$526", "2009-03-31": "$768", "2008-12-31": "$303", "2008-09-30": "$243", "2008-06-30": "$279", "2008-03-31": "$273", "2007-12-31": "$241", "2007-09-30": "$273", "2007-06-30": "$239", "2007-03-31": "$284", "2006-12-31": "$708", "2006-09-30": "$155", "2006-06-30": "$625", "2006-03-31": "$191", "2005-12-31": "$157", "2005-09-30": "$149", "2005-06-30": "$341", "2005-03-31": "$383"}}, "long-term-debt": {"Crown Castle Annual Long Term Debt (Millions of US $)": {"2019": "$18,021", "2018": "$16,575", "2017": "$16,044", "2016": "$12,069", "2015": "$12,044", "2014": "$11,808", "2013": "$11,491", "2012": "$10,923", "2011": "$6,853", "2010": "$6,750", "2009": "$6,362", "2008": "$5,636", "2007": "$5,988", "2006": "$3,514", "2005": "$1,976"}, "Crown Castle Quarterly Long Term Debt (Millions of US $)": {"2020-09-30": "$19,190", "2020-06-30": "$21,014", "2020-03-31": "$17,746", "2019-12-31": "$18,021", "2019-09-30": "$17,750", "2019-06-30": "$17,471", "2019-03-31": "$17,120", "2018-12-31": "$16,575", "2018-09-30": "$16,313", "2018-06-30": "$15,844", "2018-03-31": "$15,616", "2017-12-31": "$16,044", "2017-09-30": "$15,090", "2017-06-30": "$13,726", "2017-03-31": "$13,380", "2016-12-31": "$12,069", "2016-09-30": "$12,492", "2016-06-30": "$12,326", "2016-03-31": "$11,778", "2015-12-31": "$12,044", "2015-09-30": "$12,039", "2015-06-30": "$11,037", "2015-03-31": "$11,954", "2014-12-31": "$11,808", "2014-09-30": "$11,467", "2014-06-30": "$11,465", "2014-03-31": "$11,468", "2013-12-31": "$11,491", "2013-09-30": "$10,660", "2013-06-30": "$10,692", "2013-03-31": "$10,741", "2012-12-31": "$10,923", "2012-09-30": "$8,295", "2012-06-30": "$8,308", "2012-03-31": "$8,343", "2011-12-31": "$6,853", "2011-09-30": "$6,903", "2011-06-30": "$6,786", "2011-03-31": "$6,703", "2010-12-31": "$6,750", "2010-09-30": "$6,594", "2010-06-30": "$6,368", "2010-03-31": "$6,369", "2009-12-31": "$6,362", "2009-09-30": "$6,022", "2009-06-30": "$6,025", "2009-03-31": "$6,277", "2008-12-31": "$5,636", "2008-09-30": "$5,922", "2008-06-30": "$5,986", "2008-03-31": "$5,987", "2007-12-31": "$5,988", "2007-09-30": "$5,990", "2007-06-30": "$5,991", "2007-03-31": "$5,990", "2006-12-31": "$3,514", "2006-09-30": "$2,954", "2006-06-30": "$2,966", "2006-03-31": "$1,976", "2005-12-31": "$1,976", "2005-09-30": "$1,976", "2005-06-30": "$1,976", "2005-03-31": "$1,552"}}, "total-liabilities": {"Crown Castle Annual Total Liabilities (Millions of US $)": {"2019": "$27,968", "2018": "$21,191", "2017": "$19,890", "2016": "$15,118", "2015": "$14,848", "2014": "$14,406", "2013": "$13,654", "2012": "$13,137", "2011": "$7,853", "2010": "$7,708", "2009": "$7,705", "2008": "$7,331", "2007": "$7,007", "2006": "$3,938", "2005": "$2,641"}, "Crown Castle Quarterly Total Liabilities (Millions of US $)": {"2020-09-30": "$29,284", "2020-06-30": "$31,075", "2020-03-31": "$28,495", "2019-12-31": "$27,968", "2019-09-30": "$27,019", "2019-06-30": "$26,624", "2019-03-31": "$26,032", "2018-12-31": "$21,191", "2018-09-30": "$20,349", "2018-06-30": "$19,808", "2018-03-31": "$19,418", "2017-12-31": "$19,890", "2017-09-30": "$18,339", "2017-06-30": "$16,893", "2017-03-31": "$16,413", "2016-12-31": "$15,118", "2016-09-30": "$15,418", "2016-06-30": "$15,205", "2016-03-31": "$14,565", "2015-12-31": "$14,848", "2015-09-30": "$14,755", "2015-06-30": "$13,607", "2015-03-31": "$14,547", "2014-12-31": "$14,406", "2014-09-30": "$13,922", "2014-06-30": "$13,793", "2014-03-31": "$13,635", "2013-12-31": "$13,654", "2013-09-30": "$12,570", "2013-06-30": "$12,468", "2013-03-31": "$12,408", "2012-12-31": "$13,137", "2012-09-30": "$9,794", "2012-06-30": "$9,732", "2012-03-31": "$9,388", "2011-12-31": "$7,853", "2011-09-30": "$7,825", "2011-06-30": "$7,699", "2011-03-31": "$7,617", "2010-12-31": "$7,708", "2010-09-30": "$7,956", "2010-06-30": "$7,554", "2010-03-31": "$7,558", "2009-12-31": "$7,705", "2009-09-30": "$7,316", "2009-06-30": "$7,314", "2009-03-31": "$7,659", "2008-12-31": "$7,331", "2008-09-30": "$6,981", "2008-06-30": "$6,989", "2008-03-31": "$7,110", "2007-12-31": "$7,007", "2007-09-30": "$6,783", "2007-06-30": "$6,795", "2007-03-31": "$6,825", "2006-12-31": "$3,938", "2006-09-30": "$3,359", "2006-06-30": "$3,353", "2006-03-31": "$2,628", "2005-12-31": "$2,641", "2005-09-30": "$2,455", "2005-06-30": "$2,365", "2005-03-31": "$2,085"}}, "total-share-holder-equity": {"Crown Castle Annual Share Holder Equity (Millions of US $)": {"2019": "$10,489", "2018": "$11,571", "2017": "$12,339", "2016": "$7,557", "2015": "$7,089", "2014": "$6,737", "2013": "$6,941", "2012": "$2,951", "2011": "$2,692", "2010": "$2,762", "2009": "$3,252", "2008": "$3,031", "2007": "$3,481", "2006": "$1,069", "2005": "$1,490"}, "Crown Castle Quarterly Share Holder Equity (Millions of US $)": {"2020-09-30": "$9,502", "2020-06-30": "$9,826", "2020-03-31": "$10,121", "2019-12-31": "$10,489", "2019-09-30": "$11,325", "2019-06-30": "$11,523", "2019-03-31": "$11,746", "2018-12-31": "$11,571", "2018-09-30": "$12,295", "2018-06-30": "$12,566", "2018-03-31": "$12,832", "2017-12-31": "$12,339", "2017-09-30": "$12,672", "2017-06-30": "$7,590", "2017-03-31": "$7,363", "2016-12-31": "$7,557", "2016-09-30": "$6,754", "2016-06-30": "$6,948", "2016-03-31": "$7,153", "2015-12-31": "$7,089", "2015-09-30": "$7,240", "2015-06-30": "$7,404", "2015-03-31": "$6,559", "2014-12-31": "$6,737", "2014-09-30": "$6,863", "2014-06-30": "$6,879", "2014-03-31": "$6,935", "2013-12-31": "$6,941", "2013-09-30": "$2,997", "2013-06-30": "$2,925", "2013-03-31": "$2,965", "2012-12-31": "$2,951", "2012-09-30": "$2,943", "2012-06-30": "$2,866", "2012-03-31": "$2,737", "2011-12-31": "$2,692", "2011-09-30": "$2,618", "2011-06-30": "$2,686", "2011-03-31": "$2,780", "2010-12-31": "$2,762", "2010-09-30": "$2,697", "2010-06-30": "$2,798", "2010-03-31": "$3,003", "2009-12-31": "$3,252", "2009-09-30": "$3,167", "2009-06-30": "$3,239", "2009-03-31": "$3,091", "2008-12-31": "$3,031", "2008-09-30": "$3,469", "2008-06-30": "$3,489", "2008-03-31": "$3,360", "2007-12-31": "$3,481", "2007-09-30": "$3,723", "2007-06-30": "$3,826", "2007-03-31": "$3,803", "2006-12-31": "$1,069", "2006-09-30": "$1,160", "2006-06-30": "$1,210", "2006-03-31": "$1,503", "2005-12-31": "$1,490", "2005-09-30": "$1,708", "2005-06-30": "$1,833", "2005-03-31": "$2,218"}}, "profit-margins": {"current": "18.08%"}, "gross margin": {"2020-12-31": "66.25%", "2020-09-30": "66.55%", "2020-06-30": "66.04%", "2020-03-31": "65.81%", "2019-12-31": "65.54%", "2019-09-30": "65.19%", "2019-06-30": "65.26%", "2019-03-31": "65.40%", "2018-12-31": "65.66%", "2018-09-30": "65.40%", "2018-06-30": "64.95%", "2018-03-31": "64.48%", "2017-12-31": "63.74%", "2017-09-30": "63.41%", "2017-06-30": "63.32%", "2017-03-31": "63.24%", "2016-12-31": "63.27%", "2016-09-30": "63.77%", "2016-06-30": "63.91%", "2016-03-31": "63.89%", "2015-12-31": "63.94%", "2015-09-30": "63.31%", "2015-06-30": "63.09%", "2015-03-31": "62.78%", "2014-12-31": "63.04%", "2014-09-30": "63.94%", "2014-06-30": "64.48%", "2014-03-31": "65.46%", "2013-12-31": "65.42%", "2013-09-30": "66.01%", "2013-06-30": "67.29%", "2013-03-31": "68.37%", "2012-12-31": "70.04%", "2012-09-30": "71.03%", "2012-06-30": "71.35%", "2012-03-31": "71.37%", "2011-12-31": "71.06%", "2011-09-30": "70.48%", "2011-06-30": "70.21%", "2011-03-31": "69.63%", "2010-12-31": "69.06%", "2010-09-30": "68.51%", "2010-06-30": "67.96%", "2010-03-31": "67.69%", "2009-12-31": "67.38%", "2009-09-30": "67.01%", "2009-06-30": "66.08%", "2009-03-31": "65.36%", "2008-12-31": "64.70%", "2008-09-30": "64.37%", "2008-06-30": "64.07%", "2008-03-31": "63.78%", "2007-12-31": "63.20%", "2007-09-30": "63.34%", "2007-06-30": "63.68%", "2007-03-31": "64.32%", "2006-12-31": "65.27%", "2006-09-30": "64.73%", "2006-06-30": "64.15%", "2006-03-31": "63.39%", "2005-12-31": "62.63%"}, "operating margin": {"2020-12-31": "31.87%", "2020-09-30": "27.04%", "2020-06-30": "26.87%", "2020-03-31": "26.94%", "2019-12-31": "27.05%", "2019-09-30": "26.46%", "2019-06-30": "25.82%", "2019-03-31": "25.57%", "2018-12-31": "25.75%", "2018-09-30": "24.21%", "2018-06-30": "23.75%", "2018-03-31": "23.38%", "2017-12-31": "22.73%", "2017-09-30": "24.99%", "2017-06-30": "25.01%", "2017-03-31": "24.79%", "2016-12-31": "24.21%", "2016-09-30": "23.92%", "2016-06-30": "24.04%", "2016-03-31": "24.72%", "2015-12-31": "25.85%", "2015-09-30": "26.32%", "2015-06-30": "26.73%", "2015-03-31": "26.21%", "2014-12-31": "26.59%", "2014-09-30": "27.39%", "2014-06-30": "28.14%", "2014-03-31": "29.91%", "2013-12-31": "30.74%", "2013-09-30": "30.95%", "2013-06-30": "32.31%", "2013-03-31": "33.12%", "2012-12-31": "34.32%", "2012-09-30": "35.25%", "2012-06-30": "35.19%", "2012-03-31": "34.92%", "2011-12-31": "34.06%", "2011-09-30": "33.40%", "2011-06-30": "32.63%", "2011-03-31": "31.61%", "2010-12-31": "30.62%", "2010-09-30": "29.46%", "2010-06-30": "28.26%", "2010-03-31": "26.98%", "2009-12-31": "25.68%", "2009-09-30": "24.05%", "2009-06-30": "22.03%", "2009-03-31": "20.59%", "2008-12-31": "19.19%", "2008-09-30": "18.21%", "2008-06-30": "12.58%", "2008-03-31": "10.76%", "2007-12-31": "7.14%", "2007-09-30": "6.46%", "2007-06-30": "11.58%", "2007-03-31": "12.36%", "2006-12-31": "15.46%", "2006-09-30": "12.95%", "2006-06-30": "9.34%", "2006-03-31": "6.98%", "2005-12-31": "3.55%"}, "ebitda margin": {"2020-09-30": "54.89%", "2020-06-30": "54.41%", "2020-03-31": "54.26%", "2019-12-31": "54.35%", "2019-09-30": "53.94%", "2019-06-30": "53.79%", "2019-03-31": "53.91%", "2018-12-31": "54.32%", "2018-09-30": "53.48%", "2018-06-30": "53.11%", "2018-03-31": "52.80%", "2017-12-31": "52.10%", "2017-09-30": "53.07%", "2017-06-30": "53.21%", "2017-03-31": "53.07%", "2016-12-31": "52.86%", "2016-09-30": "53.13%", "2016-06-30": "53.46%", "2016-03-31": "54.23%", "2015-12-31": "55.12%", "2015-09-30": "55.80%", "2015-06-30": "56.33%", "2015-03-31": "55.91%", "2014-12-31": "56.71%", "2014-09-30": "57.49%", "2014-06-30": "58.00%", "2014-03-31": "59.49%", "2013-12-31": "60.05%", "2013-09-30": "60.66%", "2013-06-30": "62.09%", "2013-03-31": "63.30%", "2012-12-31": "64.41%", "2012-09-30": "65.36%", "2012-06-30": "66.05%", "2012-03-31": "66.43%", "2011-12-31": "66.39%", "2011-09-30": "66.00%", "2011-06-30": "65.45%", "2011-03-31": "64.61%", "2010-12-31": "63.95%", "2010-09-30": "63.14%", "2010-06-30": "62.38%", "2010-03-31": "61.73%", "2009-12-31": "60.79%", "2009-09-30": "59.36%", "2009-06-30": "57.77%", "2009-03-31": "56.32%", "2008-12-31": "55.27%", "2008-09-30": "55.03%", "2008-06-30": "50.34%", "2008-03-31": "49.55%", "2007-12-31": "47.91%", "2007-09-30": "47.38%", "2007-06-30": "52.10%", "2007-03-31": "52.17%", "2006-12-31": "53.11%", "2006-09-30": "51.65%", "2006-06-30": "49.18%", "2006-03-31": "48.43%", "2005-12-31": "46.09%"}, "pre tax profit margin": {"2020-12-31": "18.44%", "2020-09-30": "13.49%", "2020-06-30": "14.87%", "2020-03-31": "15.10%", "2019-12-31": "15.29%", "2019-09-30": "14.64%", "2019-06-30": "13.53%", "2019-03-31": "13.18%", "2018-12-31": "11.94%", "2018-09-30": "9.84%", "2018-06-30": "9.42%", "2018-03-31": "8.53%", "2017-12-31": "9.21%", "2017-09-30": "11.74%", "2017-06-30": "11.57%", "2017-03-31": "11.12%", "2016-12-31": "9.54%", "2016-09-30": "9.02%", "2016-06-30": "9.15%", "2016-03-31": "11.25%", "2015-12-31": "12.94%", "2015-09-30": "13.47%", "2015-06-30": "13.45%", "2015-03-31": "9.60%", "2014-12-31": "9.47%", "2014-09-30": "8.15%", "2014-06-30": "7.98%", "2014-03-31": "10.63%", "2013-12-31": "8.72%", "2013-09-30": "4.28%", "2013-06-30": "4.30%", "2013-03-31": "2.98%", "2012-12-31": "4.15%", "2012-09-30": "10.14%", "2012-06-30": "9.67%", "2012-03-31": "9.50%", "2011-12-31": "8.86%", "2011-09-30": "8.31%", "2011-06-30": "-1.52%", "2011-03-31": "-8.74%", "2010-12-31": "-18.00%", "2010-09-30": "-19.39%", "2010-06-30": "-14.89%", "2010-03-31": "-19.05%", "2009-12-31": "-11.27%", "2009-09-30": "-17.87%", "2009-06-30": "-17.18%", "2009-03-31": "-8.08%", "2008-12-31": "-10.02%", "2008-09-30": "-11.72%", "2008-06-30": "-16.37%", "2008-03-31": "-18.74%", "2007-12-31": "-22.87%", "2007-09-30": "-17.92%", "2007-06-30": "-12.61%", "2007-03-31": "-10.85%", "2006-12-31": "-6.08%", "2006-09-30": "-6.87%", "2006-06-30": "-8.65%", "2006-03-31": "-39.74%", "2005-12-31": "-58.05%"}, "net profit margin": {"2020-12-31": "17.12%", "2020-09-30": "11.64%", "2020-06-30": "12.53%", "2020-03-31": "12.79%", "2019-12-31": "12.96%", "2019-09-30": "12.31%", "2019-06-30": "11.15%", "2019-03-31": "10.73%", "2018-12-31": "9.48%", "2018-09-30": "7.12%", "2018-06-30": "6.52%", "2018-03-31": "6.06%", "2017-12-31": "7.24%", "2017-09-30": "10.63%", "2017-06-30": "10.86%", "2017-03-31": "10.14%", "2016-12-31": "8.27%", "2016-09-30": "8.58%", "2016-06-30": "8.91%", "2016-03-31": "37.92%", "2015-12-31": "40.32%", "2015-09-30": "41.12%", "2015-06-30": "41.49%", "2015-03-31": "10.33%", "2014-12-31": "9.81%", "2014-09-30": "5.32%", "2014-06-30": "3.97%", "2014-03-31": "5.13%", "2013-12-31": "2.72%", "2013-09-30": "3.21%", "2013-06-30": "3.21%", "2013-03-31": "5.84%", "2012-12-31": "7.60%", "2012-09-30": "10.93%", "2012-06-30": "11.56%", "2012-03-31": "7.72%", "2011-12-31": "7.33%", "2011-09-30": "7.02%", "2011-06-30": "-2.18%", "2011-03-31": "-8.90%", "2010-12-31": "-17.63%", "2010-09-30": "-19.39%", "2010-06-30": "-14.16%", "2010-03-31": "-15.34%", "2009-12-31": "-8.07%", "2009-09-30": "-13.34%", "2009-06-30": "-13.72%", "2009-03-31": "-2.95%", "2008-12-31": "-4.52%", "2008-09-30": "-5.63%", "2008-06-30": "-8.12%", "2008-03-31": "-14.78%", "2007-12-31": "-17.53%", "2007-09-30": "-13.83%", "2007-06-30": "-11.02%", "2007-03-31": "-10.74%", "2006-12-31": "-7.98%", "2006-09-30": "-12.42%", "2006-06-30": "-14.84%", "2006-03-31": "-46.15%", "2005-12-31": "-66.32%"}, "pe ratio": {"current": "24.00", "2021-02-05": "138.68", "2020-12-31": "136.06", "2020-09-30": "103.18", "2020-06-30": "91.50", "2020-03-31": "73.85", "2019-12-31": "69.90", "2019-09-30": "67.40", "2019-06-30": "71.75", "2019-03-31": "76.98", "2018-12-31": "75.86", "2018-09-30": "96.42", "2018-06-30": "104.20", "2018-03-31": "110.67", "2017-12-31": "97.96", "2017-09-30": "74.28", "2017-06-30": "70.81", "2017-03-31": "71.28", "2016-12-31": "79.96", "2016-09-30": "82.37", "2016-06-30": "86.07", "2016-03-31": "17.31", "2015-12-31": "16.24", "2015-09-30": "14.60", "2015-06-30": "14.67", "2015-03-31": "60.01", "2014-12-31": "60.49", "2014-09-30": "122.47", "2014-06-30": "150.57", "2014-03-31": "116.69", "2013-12-31": "207.38", "2013-09-30": "180.47", "2013-06-30": "190.82", "2013-03-31": "105.90", "2012-12-31": "89.16", "2012-09-30": "58.26", "2012-06-30": "52.71", "2012-03-31": "74.00", "2011-12-31": "68.13", "2011-09-30": "67.00", "2011-06-30": "0.00", "2011-03-31": "0.00", "2010-12-31": "0.00", "2010-09-30": "0.00", "2010-06-30": "0.00", "2010-03-31": "0.00", "2009-12-31": "0.00", "2009-09-30": "0.00", "2009-06-30": "0.00", "2009-03-31": "0.00", "2008-12-31": "0.00", "2008-09-30": "0.00", "2008-06-30": "0.00", "2008-03-31": "0.00", "2007-12-31": "0.00", "2007-09-30": "0.00", "2007-06-30": "0.00", "2007-03-31": "0.00", "2006-12-31": "0.00"}, "price sales": {"2021-02-05": "11.80", "2020-12-31": "11.58", "2020-09-30": "12.04", "2020-06-30": "11.94", "2020-03-31": "10.21", "2019-12-31": "9.98", "2019-09-30": "9.76", "2019-06-30": "9.24", "2019-03-31": "9.18", "2018-12-31": "7.84", "2018-09-30": "8.16", "2018-06-30": "8.24", "2018-03-31": "8.55", "2017-12-31": "8.85", "2017-09-30": "7.86", "2017-06-30": "7.63", "2017-03-31": "7.12", "2016-12-31": "6.49", "2016-09-30": "7.08", "2016-06-30": "7.68", "2016-03-31": "6.57", "2015-12-31": "6.55", "2015-09-30": "6.00", "2015-06-30": "6.09", "2015-03-31": "6.23", "2014-12-31": "5.92", "2014-09-30": "6.31", "2014-06-30": "5.88", "2014-03-31": "5.92", "2013-12-31": "5.95", "2013-09-30": "5.82", "2013-06-30": "6.04", "2013-03-31": "6.13", "2012-12-31": "6.81", "2012-09-30": "6.43", "2012-06-30": "6.13", "2012-03-31": "5.78", "2011-12-31": "4.99", "2011-09-30": "4.59", "2011-06-30": "4.69", "2011-03-31": "5.00", "2010-12-31": "5.29", "2010-09-30": "5.48", "2010-06-30": "4.77", "2010-03-31": "5.03", "2009-12-31": "5.25", "2009-09-30": "4.34", "2009-06-30": "3.41", "2009-03-31": "2.95", "2008-12-31": "2.58", "2008-09-30": "4.29", "2008-06-30": "5.86", "2008-03-31": "5.32", "2007-12-31": "6.64", "2007-09-30": "6.94", "2007-06-30": "6.54", "2007-03-31": "6.22", "2006-12-31": "6.76"}, "price book": {"current": "7.40", "2021-02-05": "7.36", "2020-09-30": "7.49", "2020-06-30": "6.99", "2020-03-31": "5.81", "2019-12-31": "5.46", "2019-09-30": "4.90", "2019-06-30": "4.48", "2019-03-31": "4.28", "2018-12-31": "3.65", "2018-09-30": "3.48", "2018-06-30": "3.27", "2018-03-31": "3.22", "2017-12-31": "3.29", "2017-09-30": "2.86", "2017-06-30": "4.27", "2017-03-31": "4.06", "2016-12-31": "3.59", "2016-09-30": "4.03", "2016-06-30": "4.18", "2016-03-31": "3.43", "2015-12-31": "3.39", "2015-09-30": "2.99", "2015-06-30": "2.95", "2015-03-31": "3.39", "2014-12-31": "3.12", "2014-09-30": "3.10", "2014-06-30": "2.85", "2014-03-31": "2.81", "2013-12-31": "2.79", "2013-09-30": "5.64", "2013-06-30": "5.73", "2013-03-31": "5.46", "2012-12-31": "5.67", "2012-09-30": "5.05", "2012-06-30": "4.74", "2012-03-31": "4.51", "2011-12-31": "3.74", "2011-09-30": "3.49", "2011-06-30": "3.45", "2011-03-31": "3.52", "2010-12-31": "3.65", "2010-09-30": "3.77", "2010-06-30": "3.06", "2010-03-31": "2.93", "2009-12-31": "2.78", "2009-09-30": "2.28", "2009-06-30": "1.71", "2009-03-31": "1.52", "2008-12-31": "1.32", "2008-09-30": "1.91", "2008-06-30": "2.48", "2008-03-31": "2.29", "2007-12-31": "2.67", "2007-09-30": "2.46", "2007-06-30": "2.13", "2007-03-31": "1.90", "2006-12-31": "4.83", "2006-09-30": "4.85", "2006-06-30": "4.67", "2006-03-31": "3.22"}, "price fcf": {"2021-02-05": "", "2020-09-30": "$2.63", "2020-06-30": "$2.29", "2020-03-31": "$1.95", "2019-12-31": "$1.53", "2019-09-30": "$1.39", "2019-06-30": "$1.55", "2019-03-31": "$1.71", "2018-12-31": "$1.83", "2018-09-30": "$2.00", "2018-06-30": "$1.96", "2018-03-31": "$1.83", "2017-12-31": "$2.13", "2017-09-30": "$2.05", "2017-06-30": "$2.13", "2017-03-31": "$2.45", "2016-12-31": "$2.68", "2016-09-30": "$2.79", "2016-06-30": "$2.71", "2016-03-31": "$2.62", "2015-12-31": "$2.65", "2015-09-30": "$2.46", "2015-06-30": "$2.75", "2015-03-31": "$2.62", "2014-12-31": "$2.53", "2014-09-30": "$2.53", "2014-06-30": "$2.36", "2014-03-31": "$2.20", "2013-12-31": "$2.13", "2013-09-30": "$1.87", "2013-06-30": "$1.61", "2013-03-31": "$1.38", "2012-12-31": "$1.14", "2012-09-30": "$1.19", "2012-06-30": "$1.02", "2012-03-31": "$1.11", "2011-12-31": "$1.03", "2011-09-30": "$1.07", "2011-06-30": "$1.34", "2011-03-31": "$1.40", "2010-12-31": "$1.31", "2010-09-30": "$1.30", "2010-06-30": "$1.27", "2010-03-31": "$1.28", "2009-12-31": "$1.39", "2009-09-30": "$1.21", "2009-06-30": "$0.85", "2009-03-31": "$0.49", "2008-12-31": "$0.23", "2008-09-30": "$0.10", "2008-06-30": "$0.26", "2008-03-31": "$0.21", "2007-12-31": "$0.19", "2007-09-30": "$0.35", "2007-06-30": "$0.39", "2007-03-31": "$0.61", "2006-12-31": "$0.74"}, "net worth": {"value": "$69.98B"}, "current ratio": {"2020-12-31": "0.56", "2020-09-30": "0.62", "2020-06-30": "1.75", "2020-03-31": "0.47", "2019-12-31": "0.63", "2019-09-30": "0.72", "2019-06-30": "0.76", "2019-03-31": "0.76", "2018-12-31": "0.82", "2018-09-30": "0.96", "2018-06-30": "0.91", "2018-03-31": "0.91", "2017-12-31": "0.88", "2017-09-30": "7.13", "2017-06-30": "0.95", "2017-03-31": "1.02", "2016-12-31": "1.38", "2016-09-30": "0.94", "2016-06-30": "0.93", "2016-03-31": "1.01", "2015-12-31": "1.15", "2015-09-30": "1.24", "2015-06-30": "1.43", "2015-03-31": "1.13", "2014-12-31": "1.38", "2014-09-30": "1.16", "2014-06-30": "1.19", "2014-03-31": "1.20", "2013-12-31": "1.18", "2013-09-30": "1.47", "2013-06-30": "1.37", "2013-03-31": "1.36", "2012-12-31": "1.28", "2012-09-30": "1.46", "2012-06-30": "1.51", "2012-03-31": "3.87", "2011-12-31": "1.49", "2011-09-30": "1.39", "2011-06-30": "1.34", "2011-03-31": "1.31", "2010-12-31": "1.24", "2010-09-30": "1.13", "2010-06-30": "1.17", "2010-03-31": "1.30", "2009-12-31": "1.59", "2009-09-30": "1.05", "2009-06-30": "1.01", "2009-03-31": "1.68", "2008-12-31": "0.58", "2008-09-30": "1.13", "2008-06-30": "1.24", "2008-03-31": "1.26", "2007-12-31": "1.34", "2007-09-30": "1.65", "2007-06-30": "1.57", "2007-03-31": "1.58", "2006-12-31": "3.99", "2006-09-30": "1.23", "2006-06-30": "3.95", "2006-03-31": "0.58", "2005-12-31": "0.48", "2005-09-30": "0.73", "2005-06-30": "1.98", "2005-03-31": "1.28"}, "quick ratio": {"2020-12-31": "0.00", "2020-09-30": "0.00", "2020-06-30": "0.00", "2020-03-31": "0.00", "2019-12-31": "0.00", "2019-09-30": "0.00", "2019-06-30": "0.00", "2019-03-31": "0.00", "2018-12-31": "0.00", "2018-09-30": "0.00", "2018-06-30": "0.00", "2018-03-31": "0.00", "2017-12-31": "0.00", "2017-09-30": "0.00", "2017-06-30": "0.00", "2017-03-31": "0.00", "2016-12-31": "0.00", "2016-09-30": "0.00", "2016-06-30": "0.00", "2016-03-31": "0.00", "2015-12-31": "0.00", "2015-09-30": "0.00", "2015-06-30": "0.00", "2015-03-31": "0.00", "2014-12-31": "0.00", "2014-09-30": "0.00", "2014-06-30": "0.00", "2014-03-31": "0.00", "2013-12-31": "0.00", "2013-09-30": "0.00", "2013-06-30": "0.00", "2013-03-31": "0.00", "2012-12-31": "0.00", "2012-09-30": "0.00", "2012-06-30": "0.00", "2012-03-31": "0.00", "2011-12-31": "0.00", "2011-09-30": "0.00", "2011-06-30": "0.00", "2011-03-31": "0.00", "2010-12-31": "0.00", "2010-09-30": "0.00", "2010-06-30": "0.00", "2010-03-31": "0.00", "2009-12-31": "0.00", "2009-09-30": "0.00", "2009-06-30": "0.00", "2009-03-31": "0.00", "2008-12-31": "0.00", "2008-09-30": "0.00", "2008-06-30": "0.00", "2008-03-31": "0.00", "2007-12-31": "0.00", "2007-09-30": "0.00", "2007-06-30": "0.00", "2007-03-31": "0.00", "2006-12-31": "0.00", "2006-09-30": "0.00", "2006-06-30": "0.00", "2006-03-31": "0.00", "2005-12-31": "0.00", "2005-09-30": "0.72", "2005-06-30": "1.96", "2005-03-31": "1.27"}, "debt equity ratio": {"current": "2.02", "2020-12-31": "3.10", "2020-09-30": "3.08", "2020-06-30": "3.16", "2020-03-31": "2.82", "2019-12-31": "2.67", "2019-09-30": "2.39", "2019-06-30": "2.31", "2019-03-31": "2.22", "2018-12-31": "1.83", "2018-09-30": "1.66", "2018-06-30": "1.58", "2018-03-31": "1.51", "2017-12-31": "1.61", "2017-09-30": "1.45", "2017-06-30": "2.23", "2017-03-31": "2.23", "2016-12-31": "2.00", "2016-09-30": "2.28", "2016-06-30": "2.19", "2016-03-31": "2.04", "2015-12-31": "2.09", "2015-09-30": "2.04", "2015-06-30": "1.84", "2015-03-31": "2.22", "2014-12-31": "2.14", "2014-09-30": "2.03", "2014-06-30": "2.01", "2014-03-31": "1.97", "2013-12-31": "1.97", "2013-09-30": "4.19", "2013-06-30": "4.26", "2013-03-31": "4.19", "2012-12-31": "4.45", "2012-09-30": "3.33", "2012-06-30": "3.40", "2012-03-31": "3.43", "2011-12-31": "2.92", "2011-09-30": "2.99", "2011-06-30": "2.87", "2011-03-31": "2.74", "2010-12-31": "2.79", "2010-09-30": "2.95", "2010-06-30": "2.70", "2010-03-31": "2.52", "2009-12-31": "2.37", "2009-09-30": "2.31", "2009-06-30": "2.26", "2009-03-31": "2.48", "2008-12-31": "2.42", "2008-09-30": "2.01", "2008-06-30": "2.00", "2008-03-31": "2.12", "2007-12-31": "2.01", "2007-09-30": "1.82", "2007-06-30": "1.78", "2007-03-31": "1.79", "2006-12-31": "3.68", "2006-09-30": "2.90", "2006-06-30": "2.77", "2006-03-31": "1.75", "2005-12-31": "1.77", "2005-09-30": "1.44", "2005-06-30": "1.29", "2005-03-31": "0.94"}, "return on equity": {"2020-12-31": "10.28%", "2020-09-30": "6.73%", "2020-06-30": "6.93%", "2020-03-31": "6.80%", "2019-12-31": "6.63%", "2019-09-30": "6.08%", "2019-06-30": "5.30%", "2019-03-31": "4.88%", "2018-12-31": "4.13%", "2018-09-30": "2.93%", "2018-06-30": "2.50%", "2018-03-31": "2.42%", "2017-12-31": "3.08%", "2017-09-30": "5.01%", "2017-06-30": "6.06%", "2017-03-31": "5.67%", "2016-12-31": "4.56%", "2016-09-30": "4.71%", "2016-06-30": "4.71%", "2016-03-31": "19.41%", "2015-12-31": "20.88%", "2015-09-30": "21.25%", "2015-06-30": "21.58%", "2015-03-31": "5.44%", "2014-12-31": "5.06%", "2014-09-30": "2.53%", "2014-06-30": "2.11%", "2014-03-31": "3.11%", "2013-12-31": "1.97%", "2013-09-30": "3.14%", "2013-06-30": "3.02%", "2013-03-31": "5.22%", "2012-12-31": "6.44%", "2012-09-30": "8.86%", "2012-06-30": "9.20%", "2012-03-31": "6.00%", "2011-12-31": "5.53%", "2011-09-30": "5.20%", "2011-06-30": "-1.57%", "2011-03-31": "-6.23%", "2010-12-31": "-11.76%", "2010-09-30": "-12.05%", "2010-06-30": "-8.22%", "2010-03-31": "-8.37%", "2009-12-31": "-4.27%", "2009-09-30": "-6.96%", "2009-06-30": "-6.80%", "2009-03-31": "-1.41%", "2008-12-31": "-2.07%", "2008-09-30": "-2.46%", "2008-06-30": "-3.42%", "2008-03-31": "-5.92%", "2007-12-31": "-6.55%", "2007-09-30": "-5.44%", "2007-06-30": "-4.79%", "2007-03-31": "-5.47%", "2006-12-31": "-5.10%", "2006-09-30": "-7.01%", "2006-06-30": "-7.31%", "2006-03-31": "-19.83%", "2005-12-31": "-24.78%"}, "return on assets": {"2020-12-31": "2.55%", "2020-09-30": "1.71%", "2020-06-30": "1.85%", "2020-03-31": "1.92%", "2019-12-31": "1.96%", "2019-09-30": "1.91%", "2019-06-30": "1.77%", "2019-03-31": "1.74%", "2018-12-31": "1.57%", "2018-09-30": "1.13%", "2018-06-30": "0.99%", "2018-03-31": "0.92%", "2017-12-31": "1.10%", "2017-09-30": "1.73%", "2017-06-30": "1.90%", "2017-03-31": "1.79%", "2016-12-31": "1.46%", "2016-09-30": "1.50%", "2016-06-30": "1.53%", "2016-03-31": "6.47%", "2015-12-31": "6.87%", "2015-09-30": "6.96%", "2015-06-30": "7.08%", "2015-03-31": "1.76%", "2014-12-31": "1.67%", "2014-09-30": "0.85%", "2014-06-30": "0.65%", "2014-03-31": "0.85%", "2013-12-31": "0.47%", "2013-09-30": "0.60%", "2013-06-30": "0.60%", "2013-03-31": "1.08%", "2012-12-31": "1.38%", "2012-09-30": "2.07%", "2012-06-30": "2.20%", "2012-03-31": "1.48%", "2011-12-31": "1.43%", "2011-09-30": "1.35%", "2011-06-30": "-0.41%", "2011-03-31": "-1.64%", "2010-12-31": "-3.15%", "2010-09-30": "-3.33%", "2010-06-30": "-2.37%", "2010-03-31": "-2.49%", "2009-12-31": "-1.27%", "2009-09-30": "-2.07%", "2009-06-30": "-2.07%", "2009-03-31": "-0.44%", "2008-12-31": "-0.66%", "2008-09-30": "-0.81%", "2008-06-30": "-1.14%", "2008-03-31": "-2.02%", "2007-12-31": "-2.30%", "2007-09-30": "-1.84%", "2007-06-30": "-1.53%", "2007-03-31": "-1.60%", "2006-12-31": "-1.38%", "2006-09-30": "-2.17%", "2006-06-30": "-2.54%", "2006-03-31": "-7.80%", "2005-12-31": "-10.69%"}, "return on investments": {"2020-12-31": "6.42%", "2020-09-30": "5.39%", "2020-06-30": "5.33%", "2020-03-31": "5.44%", "2019-12-31": "5.40%", "2019-09-30": "5.25%", "2019-06-30": "5.04%", "2019-03-31": "4.91%", "2018-12-31": "4.87%", "2018-09-30": "4.37%", "2018-06-30": "4.06%", "2018-03-31": "4.01%", "2017-12-31": "3.94%", "2017-09-30": "4.64%", "2017-06-30": "5.04%", "2017-03-31": "5.03%", "2016-12-31": "4.92%", "2016-09-30": "4.79%", "2016-06-30": "4.72%", "2016-03-31": "4.82%", "2015-12-31": "5.03%", "2015-09-30": "5.08%", "2015-06-30": "5.19%", "2015-03-31": "5.07%", "2014-12-31": "5.11%", "2014-09-30": "4.90%", "2014-06-30": "5.14%", "2014-03-31": "5.60%", "2013-12-31": "5.93%", "2013-09-30": "6.54%", "2013-06-30": "6.83%", "2013-03-31": "6.95%", "2012-12-31": "7.05%", "2012-09-30": "7.46%", "2012-06-30": "7.40%", "2012-03-31": "7.35%", "2011-12-31": "7.28%", "2011-09-30": "7.07%", "2011-06-30": "6.83%", "2011-03-31": "6.53%", "2010-12-31": "6.16%", "2010-09-30": "5.75%", "2010-06-30": "5.37%", "2010-03-31": "4.98%", "2009-12-31": "4.63%", "2009-09-30": "4.31%", "2009-06-30": "3.82%", "2009-03-31": "3.48%", "2008-12-31": "3.18%", "2008-09-30": "2.92%", "2008-06-30": "1.96%", "2008-03-31": "1.62%", "2007-12-31": "1.02%", "2007-09-30": "0.93%", "2007-06-30": "1.75%", "2007-03-31": "2.01%", "2006-12-31": "2.98%", "2006-09-30": "2.57%", "2006-06-30": "1.84%", "2006-03-31": "1.36%", "2005-12-31": "0.65%"}, "return on tangible equity": {"2020-09-30": "-14.07%", "2020-06-30": "-16.33%", "2020-03-31": "-17.95%", "2019-12-31": "-19.55%", "2019-09-30": "-18.87%", "2019-06-30": "-17.14%", "2019-03-31": "-16.60%", "2018-12-31": "-14.80%", "2018-09-30": "-10.94%", "2018-06-30": "-15.56%", "2018-03-31": "-13.51%", "2017-12-31": "-15.20%", "2017-09-30": "-27.94%", "2017-06-30": "-16.21%", "2017-03-31": "-15.89%", "2016-12-31": "-14.02%", "2016-09-30": "-13.71%", "2016-06-30": "-14.91%", "2016-03-31": "-71.89%", "2015-12-31": "-73.63%", "2015-09-30": "-74.56%", "2015-06-30": "-75.66%", "2015-03-31": "-17.41%", "2014-12-31": "-17.04%", "2014-09-30": "-8.71%", "2014-06-30": "-5.57%", "2014-03-31": "-6.12%", "2013-12-31": "-2.80%", "2013-09-30": "-3.04%", "2013-06-30": "-3.10%", "2013-03-31": "-5.71%", "2012-12-31": "-7.99%", "2012-09-30": "-12.98%", "2012-06-30": "-14.20%", "2012-03-31": "-10.13%", "2011-12-31": "-9.52%", "2011-09-30": "-8.92%", "2011-06-30": "2.70%", "2011-03-31": "10.90%", "2010-12-31": "21.50%", "2010-09-30": "24.78%", "2010-06-30": "18.93%", "2010-03-31": "21.24%", "2009-12-31": "10.82%", "2009-09-30": "16.16%", "2009-06-30": "16.63%", "2009-03-31": "3.60%", "2008-12-31": "5.57%", "2008-09-30": "7.37%", "2008-06-30": "10.73%", "2008-03-31": "20.01%", "2007-12-31": "24.70%", "2007-09-30": "29.05%", "2007-06-30": "57.56%", "2007-03-31": "-42.86%", "2006-12-31": "-8.36%", "2006-09-30": "-10.30%", "2006-06-30": "-9.65%", "2006-03-31": "-25.38%", "2005-12-31": "-30.81%"}, "dividend yield history": {"last payout": "$5.32", "last yield": "3.28%"}}