{"ticker": "CTLT", "price": {"title": "Catalent Historical Annual Stock Price Data", "value": 119.22, "historical": {"2020": {"Average Stock Price": "76.1905", "Year Open": "56.6000", "Year High": "105.3600", "Year Low": "36.9500", "Year Close": "104.0700", "Annual % Change": "84.85%"}, "2019": {"Average Stock Price": "47.5013", "Year Open": "30.9100", "Year High": "58.0500", "Year Low": "29.8400", "Year Close": "56.3000", "Annual % Change": "80.56%"}, "2018": {"Average Stock Price": "40.9261", "Year Open": "42.0400", "Year High": "47.3900", "Year Low": "29.9500", "Year Close": "31.1800", "Annual % Change": "-24.10%"}, "2017": {"Average Stock Price": "34.6719", "Year Open": "27.0000", "Year High": "43.0200", "Year Low": "25.8800", "Year Close": "41.0800", "Annual % Change": "52.37%"}, "2016": {"Average Stock Price": "25.1045", "Year Open": "24.3900", "Year High": "30.3000", "Year Low": "20.8600", "Year Close": "26.9600", "Annual % Change": "7.71%"}, "2015": {"Average Stock Price": "28.9225", "Year Open": "27.5100", "Year High": "34.2100", "Year Low": "23.9800", "Year Close": "25.0300", "Annual % Change": "-10.22%"}, "2014": {"Average Stock Price": "24.6064", "Year Open": "19.9900", "Year High": "29.4200", "Year Low": "19.8500", "Year Close": "27.8800", "Annual % Change": "0.00%"}}}, "market cap": {"value": "$19.43B"}, "income statement": {"Revenue": {"2020-06-30": "3094.30000", "2019-06-30": "2518.00000", "2018-06-30": "2463.40000", "2017-06-30": "2075.40000", "2016-06-30": "1848.10000", "2015-06-30": "1830.80000", "2014-06-30": "1827.70000", "2013-06-30": "1800.30000", "2012-06-30": "1694.80000", "2011-06-30": "1531.80000"}, "Cost Of Goods Sold": {"2020-06-30": "2111.00000", "2019-06-30": "1712.90000", "2018-06-30": "1710.80000", "2017-06-30": "1420.80000", "2016-06-30": "1260.50000", "2015-06-30": "1215.50000", "2014-06-30": "1229.10000", "2013-06-30": "1231.70000", "2012-06-30": "1136.20000", "2011-06-30": "1029.70000"}, "Gross Profit": {"2020-06-30": "983.30000", "2019-06-30": "805.10000", "2018-06-30": "752.59990", "2017-06-30": "654.59990", "2016-06-30": "587.60000", "2015-06-30": "615.30000", "2014-06-30": "598.60000", "2013-06-30": "568.60010", "2012-06-30": "558.60010", "2011-06-30": "502.10010"}, "Research And Development Expenses": {"2020-06-30": "", "2019-06-30": "", "2018-06-30": "", "2017-06-30": "", "2016-06-30": "", "2015-06-30": "", "2014-06-30": "", "2013-06-30": "", "2012-06-30": "", "2011-06-30": ""}, "SG&A Expenses": {"2020-06-30": "577.90000", "2019-06-30": "512.00000", "2018-06-30": "464.80000", "2017-06-30": "402.60000", "2016-06-30": "358.10000", "2015-06-30": "337.30000", "2014-06-30": "334.80000", "2013-06-30": "340.60000", "2012-06-30": "348.10000", "2011-06-30": "288.30000"}, "Other Operating Income Or Expenses": {"2020-06-30": "-5.50000", "2019-06-30": "-5.10000", "2018-06-30": "-8.70000", "2017-06-30": "-9.80000", "2016-06-30": "-2.70000", "2015-06-30": "-4.70000", "2014-06-30": "-3.20000", "2013-06-30": "-5.20000", "2012-06-30": "7.00000", "2011-06-30": "-15.20000"}, "Operating Expenses": {"2020-06-30": "2699.90000", "2019-06-30": "2244.10000", "2018-06-30": "2194.50000", "2017-06-30": "1841.20000", "2016-06-30": "1630.30000", "2015-06-30": "1570.90000", "2014-06-30": "1586.80000", "2013-06-30": "1595.90000", "2012-06-30": "1496.80000", "2011-06-30": "1345.70000"}, "Operating Income": {"2020-06-30": "394.40010", "2019-06-30": "273.89990", "2018-06-30": "268.89990", "2017-06-30": "234.19980", "2016-06-30": "217.80000", "2015-06-30": "259.90000", "2014-06-30": "240.90010", "2013-06-30": "204.40010", "2012-06-30": "198.00010", "2011-06-30": "186.10010"}, "Total Non-Operating Income/Expense": {"2020-06-30": "-134.00000", "2019-06-30": "-113.60000", "2018-06-30": "-116.90000", "2017-06-30": "-98.60000", "2016-06-30": "-72.90000", "2015-06-30": "-147.40000", "2014-06-30": "-173.50000", "2013-06-30": "-228.30000", "2012-06-30": "-179.40000", "2011-06-30": "-191.50000"}, "Pre-Tax Income": {"2020-06-30": "260.40000", "2019-06-30": "160.30000", "2018-06-30": "152.00000", "2017-06-30": "135.60000", "2016-06-30": "144.90000", "2015-06-30": "112.50000", "2014-06-30": "67.40000", "2013-06-30": "-23.90000", "2012-06-30": "18.60000", "2011-06-30": "-5.40000"}, "Income Taxes": {"2020-06-30": "39.70000", "2019-06-30": "22.90000", "2018-06-30": "68.40000", "2017-06-30": "25.80000", "2016-06-30": "33.70000", "2015-06-30": "-97.70000", "2014-06-30": "49.50000", "2013-06-30": "27.00000", "2012-06-30": "0.50000", "2011-06-30": "23.70000"}, "Income After Taxes": {"2020-06-30": "220.70000", "2019-06-30": "137.40000", "2018-06-30": "83.60000", "2017-06-30": "109.80000", "2016-06-30": "111.20000", "2015-06-30": "210.20000", "2014-06-30": "17.90000", "2013-06-30": "-50.90000", "2012-06-30": "18.10000", "2011-06-30": "-29.10000"}, "Other Income": {"2020-06-30": "", "2019-06-30": "", "2018-06-30": "", "2017-06-30": "", "2016-06-30": "", "2015-06-30": "", "2014-06-30": "", "2013-06-30": "", "2012-06-30": "", "2011-06-30": ""}, "Income From Continuous Operations": {"2020-06-30": "220.70000", "2019-06-30": "137.40000", "2018-06-30": "83.60000", "2017-06-30": "109.80000", "2016-06-30": "111.20000", "2015-06-30": "210.20000", "2014-06-30": "17.90000", "2013-06-30": "-50.90000", "2012-06-30": "18.10000", "2011-06-30": "-29.10000"}, "Income From Discontinued Operations": {"2020-06-30": "", "2019-06-30": "", "2018-06-30": "", "2017-06-30": "", "2016-06-30": "", "2015-06-30": "0.10000", "2014-06-30": "-2.70000", "2013-06-30": "1.20000", "2012-06-30": "-41.30000", "2011-06-30": "-21.00000"}, "Net Income": {"2020-06-30": "173.00000", "2019-06-30": "132.00000", "2018-06-30": "83.60000", "2017-06-30": "109.80000", "2016-06-30": "111.50000", "2015-06-30": "212.20000", "2014-06-30": "16.20000", "2013-06-30": "-49.60000", "2012-06-30": "-24.40000", "2011-06-30": "-54.00000"}, "EBITDA": {"2020-06-30": "660.50010", "2019-06-30": "516.69990", "2018-06-30": "463.69990", "2017-06-30": "387.49980", "2016-06-30": "363.10000", "2015-06-30": "416.70000", "2014-06-30": "397.80010", "2013-06-30": "375.60020", "2012-06-30": "342.40010", "2011-06-30": "311.60010"}, "EBIT": {"2020-06-30": "394.40010", "2019-06-30": "273.89990", "2018-06-30": "268.89990", "2017-06-30": "234.19980", "2016-06-30": "217.80000", "2015-06-30": "259.90000", "2014-06-30": "240.90010", "2013-06-30": "204.40010", "2012-06-30": "198.00010", "2011-06-30": "186.10010"}, "Basic Shares Outstanding": {"2020-06-30": "149.80000", "2019-06-30": "144.20000", "2018-06-30": "131.22600", "2017-06-30": "124.95400", "2016-06-30": "124.78800", "2015-06-30": "119.57600", "2014-06-30": "75.04500", "2013-06-30": "74.97100", "2012-06-30": "74.87500", "2011-06-30": "74.69350"}, "Shares Outstanding": {"2020-06-30": "165.40000", "2019-06-30": "146.00000", "2018-06-30": "133.20100", "2017-06-30": "126.73800", "2016-06-30": "125.87100", "2015-06-30": "121.34900", "2014-06-30": "76.12400", "2013-06-30": "74.97100", "2012-06-30": "75.38400", "2011-06-30": "74.69350"}, "Basic EPS": {"2020-06-30": "1.16000", "2019-06-30": "0.92000", "2018-06-30": "0.64000", "2017-06-30": "0.88000", "2016-06-30": "0.89000", "2015-06-30": "1.77000", "2014-06-30": "0.22000", "2013-06-30": "-0.66000", "2012-06-30": "-0.33000", "2011-06-30": "-0.72000"}, "EPS - Earnings Per Share": {"2020-06-30": "1.14000", "2019-06-30": "0.90000", "2018-06-30": "0.63000", "2017-06-30": "0.87000", "2016-06-30": "0.89000", "2015-06-30": "1.75000", "2014-06-30": "0.21000", "2013-06-30": "-0.66000", "2012-06-30": "-0.32000", "2011-06-30": "-0.72000"}}, "income statement, quarterly": {"Revenue": {"2020-12-31": "910.80000", "2020-09-30": "845.70000", "2020-06-30": "947.60020", "2020-03-31": "760.60000", "2019-12-31": "721.40000", "2019-09-30": "664.70000", "2019-06-30": "725.70000", "2019-03-31": "617.50000", "2018-12-31": "623.00000", "2018-09-30": "551.80000", "2018-06-30": "685.29990", "2018-03-31": "627.90000", "2017-12-31": "606.30000", "2017-09-30": "543.90000", "2017-06-30": "616.89980", "2017-03-31": "532.60000", "2016-12-31": "483.70000", "2016-09-30": "442.20000", "2016-06-30": "532.20000", "2016-03-31": "438.00000", "2015-12-31": "454.90000", "2015-09-30": "423.00000", "2015-06-30": "510.10010", "2015-03-31": "446.60000", "2014-12-31": "455.80000", "2014-09-30": "418.30000", "2014-06-30": "519.60000", "2014-03-31": "453.10000", "2013-12-31": "440.70000", "2013-09-30": "414.30000", "2013-06-30": "", "2013-03-31": "", "2012-06-30": "", "2011-06-30": ""}, "Cost Of Goods Sold": {"2020-12-31": "612.60000", "2020-09-30": "596.80000", "2020-06-30": "613.00000", "2020-03-31": "521.80000", "2019-12-31": "489.20000", "2019-09-30": "487.00000", "2019-06-30": "469.20010", "2019-03-31": "418.80000", "2018-12-31": "421.60000", "2018-09-30": "403.30000", "2018-06-30": "451.90010", "2018-03-31": "436.20000", "2017-12-31": "418.90000", "2017-09-30": "403.80000", "2017-06-30": "401.70010", "2017-03-31": "365.20000", "2016-12-31": "335.80000", "2016-09-30": "318.10000", "2016-06-30": "344.40000", "2016-03-31": "311.80000", "2015-12-31": "302.80000", "2015-09-30": "301.50000", "2015-06-30": "328.40000", "2015-03-31": "294.40000", "2014-12-31": "299.70000", "2014-09-30": "293.00000", "2014-06-30": "329.30000", "2014-03-31": "301.40000", "2013-12-31": "303.30000", "2013-09-30": "295.10000", "2013-06-30": "", "2013-03-31": "", "2012-06-30": "", "2011-06-30": ""}, "Gross Profit": {"2020-12-31": "298.20000", "2020-09-30": "248.90000", "2020-06-30": "334.60020", "2020-03-31": "238.80000", "2019-12-31": "232.20000", "2019-09-30": "177.70000", "2019-06-30": "256.49990", "2019-03-31": "198.70000", "2018-12-31": "201.40000", "2018-09-30": "148.50000", "2018-06-30": "233.39980", "2018-03-31": "191.70000", "2017-12-31": "187.40000", "2017-09-30": "140.10000", "2017-06-30": "215.19970", "2017-03-31": "167.40000", "2016-12-31": "147.90000", "2016-09-30": "124.10000", "2016-06-30": "187.79990", "2016-03-31": "126.20000", "2015-12-31": "152.10000", "2015-09-30": "121.50000", "2015-06-30": "181.70010", "2015-03-31": "152.20000", "2014-12-31": "156.10000", "2014-09-30": "125.30000", "2014-06-30": "190.30000", "2014-03-31": "151.70000", "2013-12-31": "137.40000", "2013-09-30": "119.20000", "2013-06-30": "", "2013-03-31": "", "2012-06-30": "", "2011-06-30": ""}, "Research And Development Expenses": {"2020-12-31": "", "2020-09-30": "", "2020-06-30": "", "2020-03-31": "", "2019-12-31": "", "2019-09-30": "", "2019-06-30": "", "2019-03-31": "", "2018-12-31": "", "2018-09-30": "", "2018-06-30": "", "2018-03-31": "", "2017-12-31": "", "2017-09-30": "", "2017-06-30": "", "2017-03-31": "", "2016-12-31": "", "2016-09-30": "", "2016-06-30": "", "2016-03-31": "", "2015-12-31": "", "2015-09-30": "", "2015-06-30": "", "2015-03-31": "", "2014-12-31": "", "2014-09-30": "", "2014-06-30": "", "2014-03-31": "", "2013-12-31": "", "2013-09-30": "", "2013-06-30": "", "2013-03-31": "0.00000", "2012-06-30": "", "2011-06-30": ""}, "SG&A Expenses": {"2020-12-31": "165.50000", "2020-09-30": "164.70000", "2020-06-30": "158.00000", "2020-03-31": "136.10000", "2019-12-31": "141.00000", "2019-09-30": "142.80000", "2019-06-30": "143.40000", "2019-03-31": "129.90000", "2018-12-31": "123.20000", "2018-09-30": "115.50000", "2018-06-30": "124.90000", "2018-03-31": "117.60000", "2017-12-31": "114.80000", "2017-09-30": "107.50000", "2017-06-30": "107.30000", "2017-03-31": "100.90000", "2016-12-31": "96.20000", "2016-09-30": "98.20000", "2016-06-30": "89.40000", "2016-03-31": "93.40000", "2015-12-31": "93.00000", "2015-09-30": "82.30000", "2015-06-30": "86.90000", "2015-03-31": "80.90000", "2014-12-31": "88.10000", "2014-09-30": "81.40000", "2014-06-30": "78.60000", "2014-03-31": "87.60000", "2013-12-31": "87.50000", "2013-09-30": "81.10000", "2013-06-30": "", "2013-03-31": "", "2012-06-30": "", "2011-06-30": ""}, "Other Operating Income Or Expenses": {"2020-12-31": "-0.60000", "2020-09-30": "-1.80000", "2020-06-30": "-3.40000", "2020-03-31": "-0.60000", "2019-12-31": "-1.70000", "2019-09-30": "0.20000", "2019-06-30": "-2.40000", "2019-03-31": "0.10000", "2018-12-31": "0.10000", "2018-09-30": "-2.90000", "2018-06-30": "-4.30000", "2018-03-31": "-0.20000", "2017-12-31": "-4.20000", "2017-09-30": "", "2017-06-30": "-7.50000", "2017-03-31": "-1.80000", "2016-12-31": "-0.50000", "2016-09-30": "", "2016-06-30": "-1.90000", "2016-03-31": "0.30000", "2015-12-31": "0.10000", "2015-09-30": "-1.20000", "2015-06-30": "-0.90000", "2015-03-31": "-0.30000", "2014-12-31": "-3.50000", "2014-09-30": "", "2014-06-30": "-2.80000", "2014-03-31": "-0.40000", "2013-12-31": "", "2013-09-30": "", "2013-06-30": "", "2013-03-31": "", "2012-06-30": "", "2011-06-30": ""}, "Operating Expenses": {"2020-12-31": "784.20000", "2020-09-30": "764.20000", "2020-06-30": "777.39980", "2020-03-31": "659.80000", "2019-12-31": "632.40000", "2019-09-30": "630.30000", "2019-06-30": "616.20010", "2019-03-31": "551.70000", "2018-12-31": "544.80000", "2018-09-30": "531.40000", "2018-06-30": "588.60000", "2018-03-31": "555.40000", "2017-12-31": "538.00000", "2017-09-30": "512.50000", "2017-06-30": "520.00010", "2017-03-31": "468.00000", "2016-12-31": "435.80000", "2016-09-30": "417.40000", "2016-06-30": "441.30000", "2016-03-31": "406.70000", "2015-12-31": "396.30000", "2015-09-30": "386.00000", "2015-06-30": "420.90010", "2015-03-31": "380.80000", "2014-12-31": "393.40000", "2014-09-30": "375.80000", "2014-06-30": "418.49980", "2014-03-31": "392.90000", "2013-12-31": "396.20000", "2013-09-30": "379.20000", "2013-06-30": "", "2013-03-31": "", "2012-06-30": "", "2011-06-30": ""}, "Operating Income": {"2020-12-31": "126.60000", "2020-09-30": "81.50000", "2020-06-30": "170.20030", "2020-03-31": "100.80000", "2019-12-31": "89.00000", "2019-09-30": "34.40000", "2019-06-30": "109.49990", "2019-03-31": "65.80010", "2018-12-31": "78.20000", "2018-09-30": "20.40000", "2018-06-30": "96.70000", "2018-03-31": "72.50000", "2017-12-31": "68.30000", "2017-09-30": "31.40000", "2017-06-30": "96.89970", "2017-03-31": "64.60000", "2016-12-31": "47.90000", "2016-09-30": "24.80000", "2016-06-30": "90.90000", "2016-03-31": "31.30000", "2015-12-31": "58.60000", "2015-09-30": "37.00000", "2015-06-30": "89.20000", "2015-03-31": "65.80000", "2014-12-31": "62.40000", "2014-09-30": "42.50000", "2014-06-30": "101.10020", "2014-03-31": "60.20000", "2013-12-31": "44.50000", "2013-09-30": "35.10000", "2013-06-30": "", "2013-03-31": "", "2012-06-30": "", "2011-06-30": ""}, "Total Non-Operating Income/Expense": {"2020-12-31": "-17.60000", "2020-09-30": "-14.10000", "2020-06-30": "8.80000", "2020-03-31": "-71.10000", "2019-12-31": "-30.50000", "2019-09-30": "-41.20000", "2019-06-30": "-29.70000", "2019-03-31": "-23.20000", "2018-12-31": "-26.90000", "2018-09-30": "-33.80000", "2018-06-30": "-7.30000", "2018-03-31": "-39.80000", "2017-12-31": "-40.30000", "2017-09-30": "-29.50000", "2017-06-30": "-27.70000", "2017-03-31": "-29.90000", "2016-12-31": "-21.00000", "2016-09-30": "-20.00000", "2016-06-30": "-13.30000", "2016-03-31": "-17.50000", "2015-12-31": "-18.80000", "2015-09-30": "-23.30000", "2015-06-30": "-26.50000", "2015-03-31": "-23.80000", "2014-12-31": "-20.30000", "2014-09-30": "-76.80000", "2014-06-30": "-47.90000", "2014-03-31": "-45.60000", "2013-12-31": "-40.10000", "2013-09-30": "-39.90000", "2013-06-30": "", "2013-03-31": "", "2012-06-30": "", "2011-06-30": ""}, "Pre-Tax Income": {"2020-12-31": "109.00000", "2020-09-30": "67.40000", "2020-06-30": "179.00000", "2020-03-31": "29.70000", "2019-12-31": "58.50000", "2019-09-30": "-6.80000", "2019-06-30": "79.80000", "2019-03-31": "42.60000", "2018-12-31": "51.30000", "2018-09-30": "-13.40000", "2018-06-30": "89.40000", "2018-03-31": "32.70000", "2017-12-31": "28.00000", "2017-09-30": "1.90000", "2017-06-30": "69.20000", "2017-03-31": "34.70000", "2016-12-31": "26.90000", "2016-09-30": "4.80000", "2016-06-30": "77.60000", "2016-03-31": "13.80000", "2015-12-31": "39.80000", "2015-09-30": "13.70000", "2015-06-30": "62.70000", "2015-03-31": "42.00000", "2014-12-31": "42.10000", "2014-09-30": "-34.30000", "2014-06-30": "53.20000", "2014-03-31": "14.60000", "2013-12-31": "4.40000", "2013-09-30": "-4.80000", "2013-06-30": "", "2013-03-31": "0.00000", "2012-06-30": "", "2011-06-30": ""}, "Income Taxes": {"2020-12-31": "20.60000", "2020-09-30": "-15.00000", "2020-06-30": "24.80000", "2020-03-31": "8.80000", "2019-12-31": "13.00000", "2019-09-30": "-6.90000", "2019-06-30": "8.70000", "2019-03-31": "10.90000", "2018-12-31": "2.30000", "2018-09-30": "1.00000", "2018-06-30": "6.70000", "2018-03-31": "13.70000", "2017-12-31": "49.90000", "2017-09-30": "-1.90000", "2017-06-30": "7.40000", "2017-03-31": "8.70000", "2016-12-31": "9.50000", "2016-09-30": "0.20000", "2016-06-30": "19.40000", "2016-03-31": "3.10000", "2015-12-31": "9.20000", "2015-09-30": "2.00000", "2015-06-30": "-90.80000", "2015-03-31": "11.20000", "2014-12-31": "-4.10000", "2014-09-30": "-14.00000", "2014-06-30": "26.20000", "2014-03-31": "6.60000", "2013-12-31": "23.30000", "2013-09-30": "-6.60000", "2013-06-30": "", "2013-03-31": "0.00000", "2012-06-30": "", "2011-06-30": ""}, "Income After Taxes": {"2020-12-31": "88.40000", "2020-09-30": "82.40000", "2020-06-30": "154.20000", "2020-03-31": "20.90000", "2019-12-31": "45.50000", "2019-09-30": "0.10000", "2019-06-30": "71.10000", "2019-03-31": "31.70000", "2018-12-31": "49.00000", "2018-09-30": "-14.40000", "2018-06-30": "82.70000", "2018-03-31": "19.00000", "2017-12-31": "-21.90000", "2017-09-30": "3.80000", "2017-06-30": "61.80000", "2017-03-31": "26.00000", "2016-12-31": "17.40000", "2016-09-30": "4.60000", "2016-06-30": "58.20000", "2016-03-31": "10.70000", "2015-12-31": "30.60000", "2015-09-30": "11.70000", "2015-06-30": "153.50000", "2015-03-31": "30.80000", "2014-12-31": "46.20000", "2014-09-30": "-20.30000", "2014-06-30": "27.00000", "2014-03-31": "8.00000", "2013-12-31": "-18.90000", "2013-09-30": "1.80000", "2013-06-30": "", "2013-03-31": "", "2012-06-30": "", "2011-06-30": ""}, "Other Income": {"2020-12-31": "", "2020-09-30": "", "2020-06-30": "", "2020-03-31": "", "2019-12-31": "", "2019-09-30": "", "2019-06-30": "", "2019-03-31": "", "2018-12-31": "", "2018-09-30": "", "2018-06-30": "", "2018-03-31": "", "2017-12-31": "", "2017-09-30": "", "2017-06-30": "", "2017-03-31": "", "2016-12-31": "", "2016-09-30": "", "2016-06-30": "", "2016-03-31": "", "2015-12-31": "", "2015-09-30": "", "2015-06-30": "", "2015-03-31": "", "2014-12-31": "", "2014-09-30": "", "2014-06-30": "", "2014-03-31": "", "2013-12-31": "", "2013-09-30": "", "2013-06-30": "", "2013-03-31": "0.00000", "2012-06-30": "", "2011-06-30": ""}, "Income From Continuous Operations": {"2020-12-31": "88.40000", "2020-09-30": "82.40000", "2020-06-30": "154.20000", "2020-03-31": "20.90000", "2019-12-31": "45.50000", "2019-09-30": "0.10000", "2019-06-30": "71.10000", "2019-03-31": "31.70000", "2018-12-31": "49.00000", "2018-09-30": "-14.40000", "2018-06-30": "82.70000", "2018-03-31": "19.00000", "2017-12-31": "-21.90000", "2017-09-30": "3.80000", "2017-06-30": "61.80000", "2017-03-31": "26.00000", "2016-12-31": "17.40000", "2016-09-30": "4.60000", "2016-06-30": "58.20000", "2016-03-31": "10.70000", "2015-12-31": "30.60000", "2015-09-30": "11.70000", "2015-06-30": "153.50000", "2015-03-31": "30.80000", "2014-12-31": "46.20000", "2014-09-30": "-20.30000", "2014-06-30": "27.00000", "2014-03-31": "8.00000", "2013-12-31": "-18.90000", "2013-09-30": "1.80000", "2013-06-30": "", "2013-03-31": "0.00000", "2012-06-30": "", "2011-06-30": ""}, "Income From Discontinued Operations": {"2020-12-31": "", "2020-09-30": "", "2020-06-30": "", "2020-03-31": "", "2019-12-31": "", "2019-09-30": "", "2019-06-30": "", "2019-03-31": "", "2018-12-31": "", "2018-09-30": "", "2018-06-30": "", "2018-03-31": "", "2017-12-31": "", "2017-09-30": "", "2017-06-30": "", "2017-03-31": "", "2016-12-31": "", "2016-09-30": "", "2016-06-30": "", "2016-03-31": "", "2015-12-31": "", "2015-09-30": "", "2015-06-30": "-0.10000", "2015-03-31": "", "2014-12-31": "-0.20000", "2014-09-30": "0.40000", "2014-06-30": "0.00000", "2014-03-31": "-1.70000", "2013-12-31": "-0.60000", "2013-09-30": "-0.40000", "2013-06-30": "", "2013-03-31": "0.00000", "2012-06-30": "", "2011-06-30": ""}, "Net Income": {"2020-12-31": "76.60000", "2020-09-30": "68.80000", "2020-06-30": "134.90000", "2020-03-31": "11.80000", "2019-12-31": "34.30000", "2019-09-30": "-8.00000", "2019-06-30": "65.70000", "2019-03-31": "31.70000", "2018-12-31": "49.00000", "2018-09-30": "-14.40000", "2018-06-30": "82.70000", "2018-03-31": "19.00000", "2017-12-31": "-21.90000", "2017-09-30": "3.80000", "2017-06-30": "61.80000", "2017-03-31": "26.00000", "2016-12-31": "17.40000", "2016-09-30": "4.60000", "2016-06-30": "58.20000", "2016-03-31": "10.70000", "2015-12-31": "30.70000", "2015-09-30": "11.90000", "2015-06-30": "153.70000", "2015-03-31": "31.50000", "2014-12-31": "46.50000", "2014-09-30": "-19.50000", "2014-06-30": "27.20000", "2014-03-31": "6.70000", "2013-12-31": "-19.20000", "2013-09-30": "1.50000", "2013-06-30": "", "2013-03-31": "", "2012-06-30": "", "2011-06-30": ""}, "EBITDA": {"2020-12-31": "199.20000", "2020-09-30": "152.30000", "2020-06-30": "238.30030", "2020-03-31": "173.20000", "2019-12-31": "152.50000", "2019-09-30": "96.50000", "2019-06-30": "171.29990", "2019-03-31": "133.20000", "2018-12-31": "133.70000", "2018-09-30": "78.50000", "2018-06-30": "150.39990", "2018-03-31": "125.30000", "2017-12-31": "116.30000", "2017-09-30": "71.70000", "2017-06-30": "136.79970", "2017-03-31": "102.40000", "2016-12-31": "86.60000", "2016-09-30": "61.70000", "2016-06-30": "127.30000", "2016-03-31": "67.20000", "2015-12-31": "95.00000", "2015-09-30": "73.60000", "2015-06-30": "126.60000", "2015-03-31": "101.20000", "2014-12-31": "99.00000", "2014-09-30": "89.90000", "2014-06-30": "140.50020", "2014-03-31": "97.80000", "2013-12-31": "84.80000", "2013-09-30": "74.70000", "2013-06-30": "", "2013-03-31": "", "2012-06-30": "", "2011-06-30": ""}, "EBIT": {"2020-12-31": "126.60000", "2020-09-30": "81.50000", "2020-06-30": "170.20010", "2020-03-31": "100.80000", "2019-12-31": "89.00000", "2019-09-30": "34.40000", "2019-06-30": "109.49990", "2019-03-31": "65.80010", "2018-12-31": "78.20000", "2018-09-30": "20.40000", "2018-06-30": "96.69990", "2018-03-31": "72.50000", "2017-12-31": "68.30000", "2017-09-30": "31.40000", "2017-06-30": "96.89980", "2017-03-31": "64.60000", "2016-12-31": "47.90000", "2016-09-30": "24.80000", "2016-06-30": "90.90000", "2016-03-31": "31.30000", "2015-12-31": "58.60000", "2015-09-30": "37.00000", "2015-06-30": "89.20000", "2015-03-31": "65.80000", "2014-12-31": "62.40000", "2014-09-30": "42.50000", "2014-06-30": "101.10010", "2014-03-31": "60.20000", "2013-12-31": "44.50000", "2013-09-30": "35.10000", "2013-06-30": "", "2013-03-31": "", "2012-06-30": "", "2011-06-30": ""}, "Basic Shares Outstanding": {"2020-12-31": "167.07500", "2020-09-30": "164.08800", "2020-06-30": "149.80000", "2020-03-31": "151.26800", "2019-12-31": "146.06800", "2019-09-30": "145.66300", "2019-06-30": "144.20000", "2019-03-31": "145.14500", "2018-12-31": "145.05800", "2018-09-30": "142.14900", "2018-06-30": "131.22600", "2018-03-31": "133.12400", "2017-12-31": "132.98300", "2017-09-30": "125.71300", "2017-06-30": "124.95400", "2017-03-31": "124.95200", "2016-12-31": "124.89000", "2016-09-30": "124.81900", "2016-06-30": "124.78800", "2016-03-31": "124.81000", "2015-12-31": "124.81800", "2015-09-30": "124.75300", "2015-06-30": "119.57600", "2015-03-31": "124.23400", "2014-12-31": "124.10300", "2014-09-30": "105.53500", "2014-06-30": "75.04500", "2014-03-31": "75.04800", "2013-12-31": "75.03900", "2013-09-30": "75.01500", "2013-06-30": "", "2013-03-31": "", "2012-06-30": "", "2011-06-30": ""}, "Shares Outstanding": {"2020-12-31": "169.27900", "2020-09-30": "166.52900", "2020-06-30": "165.40000", "2020-03-31": "153.05600", "2019-12-31": "147.69100", "2019-09-30": "145.66300", "2019-06-30": "146.00000", "2019-03-31": "146.75800", "2018-12-31": "146.66000", "2018-09-30": "142.14900", "2018-06-30": "133.20100", "2018-03-31": "135.10900", "2017-12-31": "132.98300", "2017-09-30": "127.78500", "2017-06-30": "126.73800", "2017-03-31": "126.79900", "2016-12-31": "126.41500", "2016-09-30": "126.26000", "2016-06-30": "125.87100", "2016-03-31": "125.77300", "2015-12-31": "125.82700", "2015-09-30": "126.19000", "2015-06-30": "121.34900", "2015-03-31": "126.26500", "2014-12-31": "125.95400", "2014-09-30": "105.53500", "2014-06-30": "76.12400", "2014-03-31": "76.10700", "2013-12-31": "75.03900", "2013-09-30": "76.05000", "2013-06-30": "", "2013-03-31": "", "2012-06-30": "", "2011-06-30": ""}, "Basic EPS": {"2020-12-31": "0.46000", "2020-09-30": "0.42000", "2020-06-30": "0.90000", "2020-03-31": "0.08000", "2019-12-31": "0.23000", "2019-09-30": "-0.05000", "2019-06-30": "0.46000", "2019-03-31": "0.22000", "2018-12-31": "0.34000", "2018-09-30": "-0.10000", "2018-06-30": "0.63000", "2018-03-31": "0.14000", "2017-12-31": "-0.16000", "2017-09-30": "0.03000", "2017-06-30": "0.49000", "2017-03-31": "0.21000", "2016-12-31": "0.14000", "2016-09-30": "0.04000", "2016-06-30": "0.45000", "2016-03-31": "0.09000", "2015-12-31": "0.25000", "2015-09-30": "0.10000", "2015-06-30": "1.33000", "2015-03-31": "0.25000", "2014-12-31": "0.37000", "2014-09-30": "-0.18000", "2014-06-30": "0.37000", "2014-03-31": "0.09000", "2013-12-31": "-0.26000", "2013-09-30": "0.02000", "2013-06-30": "", "2013-03-31": "", "2012-06-30": "", "2011-06-30": ""}, "EPS - Earnings Per Share": {"2020-12-31": "0.45000", "2020-09-30": "0.41000", "2020-06-30": "0.88000", "2020-03-31": "0.08000", "2019-12-31": "0.23000", "2019-09-30": "-0.05000", "2019-06-30": "0.45000", "2019-03-31": "0.22000", "2018-12-31": "0.33000", "2018-09-30": "-0.10000", "2018-06-30": "0.62000", "2018-03-31": "0.14000", "2017-12-31": "-0.16000", "2017-09-30": "0.03000", "2017-06-30": "0.48000", "2017-03-31": "0.21000", "2016-12-31": "0.14000", "2016-09-30": "0.04000", "2016-06-30": "0.47000", "2016-03-31": "0.09000", "2015-12-31": "0.24000", "2015-09-30": "0.09000", "2015-06-30": "1.31000", "2015-03-31": "0.25000", "2014-12-31": "0.37000", "2014-09-30": "-0.18000", "2014-06-30": "0.36000", "2014-03-31": "0.09000", "2013-12-31": "-0.26000", "2013-09-30": "0.02000", "2013-06-30": "0.00000", "2013-03-31": "0.00000", "2012-06-30": "0.00000", "2011-06-30": "0.00000"}}, "balance sheet": {"Cash On Hand": {"2020-06-30": "953.20000", "2019-06-30": "345.40000", "2018-06-30": "410.20000", "2017-06-30": "288.30000", "2016-06-30": "131.60000", "2015-06-30": "151.30000", "2014-06-30": "74.40000", "2013-06-30": "106.40000", "2012-06-30": "139.00000", "2011-06-30": ""}, "Receivables": {"2020-06-30": "838.10000", "2019-06-30": "693.10000", "2018-06-30": "555.80000", "2017-06-30": "488.80000", "2016-06-30": "414.80000", "2015-06-30": "372.40000", "2014-06-30": "403.70000", "2013-06-30": "358.00000", "2012-06-30": "338.30000", "2011-06-30": ""}, "Inventory": {"2020-06-30": "323.80000", "2019-06-30": "257.20000", "2018-06-30": "209.10000", "2017-06-30": "184.90000", "2016-06-30": "154.80000", "2015-06-30": "132.90000", "2014-06-30": "134.80000", "2013-06-30": "124.90000", "2012-06-30": "118.70000", "2011-06-30": ""}, "Pre-Paid Expenses": {"2020-06-30": "177.90000", "2019-06-30": "100.10000", "2018-06-30": "65.20000", "2017-06-30": "97.80000", "2016-06-30": "89.00000", "2015-06-30": "80.90000", "2014-06-30": "74.60000", "2013-06-30": "89.80000", "2012-06-30": "108.70000", "2011-06-30": ""}, "Other Current Assets": {"2020-06-30": "", "2019-06-30": "", "2018-06-30": "", "2017-06-30": "", "2016-06-30": "", "2015-06-30": "", "2014-06-30": "", "2013-06-30": "", "2012-06-30": "", "2011-06-30": ""}, "Total Current Assets": {"2020-06-30": "2293.00000", "2019-06-30": "1395.80000", "2018-06-30": "1240.30000", "2017-06-30": "1059.80000", "2016-06-30": "790.20000", "2015-06-30": "737.50000", "2014-06-30": "687.50000", "2013-06-30": "679.10000", "2012-06-30": "704.70000", "2011-06-30": ""}, "Property, Plant, And Equipment": {"2020-06-30": "1900.80000", "2019-06-30": "1536.70000", "2018-06-30": "1270.60000", "2017-06-30": "995.90000", "2016-06-30": "905.80000", "2015-06-30": "885.20000", "2014-06-30": "873.00000", "2013-06-30": "814.50000", "2012-06-30": "809.70000", "2011-06-30": ""}, "Long-Term Investments": {"2020-06-30": "", "2019-06-30": "", "2018-06-30": "", "2017-06-30": "", "2016-06-30": "", "2015-06-30": "", "2014-06-30": "", "2013-06-30": "", "2012-06-30": "", "2011-06-30": ""}, "Goodwill And Intangible Assets": {"2020-06-30": "3359.30000", "2019-06-30": "3151.70000", "2018-06-30": "1942.10000", "2017-06-30": "1317.20000", "2016-06-30": "1290.50000", "2015-06-30": "1430.20000", "2014-06-30": "1454.70000", "2013-06-30": "1395.60000", "2012-06-30": "1447.60000", "2011-06-30": "0.00000"}, "Other Long-Term Assets": {"2020-06-30": "174.00000", "2019-06-30": "61.20000", "2018-06-30": "45.20000", "2017-06-30": "27.50000", "2016-06-30": "67.10000", "2015-06-30": "21.30000", "2014-06-30": "48.70000", "2013-06-30": "36.60000", "2012-06-30": "41.80000", "2011-06-30": ""}, "Total Long-Term Assets": {"2020-06-30": "5483.50000", "2019-06-30": "4788.20000", "2018-06-30": "3290.80000", "2017-06-30": "2394.50000", "2016-06-30": "2300.90000", "2015-06-30": "2400.80000", "2014-06-30": "2402.70000", "2013-06-30": "2270.40000", "2012-06-30": "2434.30000", "2011-06-30": ""}, "Total Assets": {"2020-06-30": "7776.50000", "2019-06-30": "6184.00000", "2018-06-30": "4531.10000", "2017-06-30": "3454.30000", "2016-06-30": "3091.10000", "2015-06-30": "3138.30000", "2014-06-30": "3090.20000", "2013-06-30": "2949.50000", "2012-06-30": "3139.00000", "2011-06-30": "0.00000"}, "Total Current Liabilities": {"2020-06-30": "893.20000", "2019-06-30": "670.70000", "2018-06-30": "576.90000", "2017-06-30": "469.00000", "2016-06-30": "391.20000", "2015-06-30": "399.00000", "2014-06-30": "453.00000", "2013-06-30": "410.30000", "2012-06-30": "439.30000", "2011-06-30": ""}, "Long Term Debt": {"2020-06-30": "2945.10000", "2019-06-30": "2882.80000", "2018-06-30": "2649.40000", "2017-06-30": "2055.10000", "2016-06-30": "1832.80000", "2015-06-30": "1857.00000", "2014-06-30": "2685.40000", "2013-06-30": "2656.60000", "2012-06-30": "2640.30000", "2011-06-30": ""}, "Other Non-Current Liabilities": {"2020-06-30": "203.60000", "2019-06-30": "124.30000", "2018-06-30": "54.00000", "2017-06-30": "45.50000", "2016-06-30": "38.80000", "2015-06-30": "42.50000", "2014-06-30": "61.20000", "2013-06-30": "47.00000", "2012-06-30": "49.90000", "2011-06-30": ""}, "Total Long Term Liabilities": {"2020-06-30": "3377.90000", "2019-06-30": "3225.10000", "2018-06-30": "2867.50000", "2017-06-30": "2261.80000", "2016-06-30": "2064.00000", "2015-06-30": "2105.30000", "2014-06-30": "3009.00000", "2013-06-30": "2949.50000", "2012-06-30": "3050.40000", "2011-06-30": ""}, "Total Liabilities": {"2020-06-30": "4271.10000", "2019-06-30": "3895.80000", "2018-06-30": "3444.40000", "2017-06-30": "2730.80000", "2016-06-30": "2455.20000", "2015-06-30": "2504.30000", "2014-06-30": "3462.00000", "2013-06-30": "3359.80000", "2012-06-30": "3489.70000", "2011-06-30": "0.00000"}, "Common Stock Net": {"2020-06-30": "1.60000", "2019-06-30": "1.50000", "2018-06-30": "1.30000", "2017-06-30": "1.30000", "2016-06-30": "1.20000", "2015-06-30": "1.20000", "2014-06-30": "0.70000", "2013-06-30": "0.70000", "2012-06-30": "0.70000", "2011-06-30": "0.00000"}, "Retained Earnings (Accumulated Deficit)": {"2020-06-30": "-535.20000", "2019-06-30": "-723.40000", "2018-06-30": "-872.10000", "2017-06-30": "-955.70000", "2016-06-30": "-1036.10000", "2015-06-30": "-1166.90000", "2014-06-30": "-1379.10000", "2013-06-30": "-1395.30000", "2012-06-30": "-1382.10000", "2011-06-30": ""}, "Comprehensive Income": {"2020-06-30": "-386.30000", "2019-06-30": "-353.90000", "2018-06-30": "-325.80000", "2017-06-30": "-314.10000", "2016-06-30": "-305.70000", "2015-06-30": "-174.00000", "2014-06-30": "-24.20000", "2013-06-30": "-42.80000", "2012-06-30": "7.50000", "2011-06-30": ""}, "Other Share Holders Equity": {"2020-06-30": "", "2019-06-30": "", "2018-06-30": "", "2017-06-30": "", "2016-06-30": "", "2015-06-30": "", "2014-06-30": "", "2013-06-30": "", "2012-06-30": "", "2011-06-30": "0.00000"}, "Share Holder Equity": {"2020-06-30": "3505.40000", "2019-06-30": "2288.20000", "2018-06-30": "1086.70000", "2017-06-30": "723.50000", "2016-06-30": "635.90000", "2015-06-30": "634.00000", "2014-06-30": "-371.80000", "2013-06-30": "-410.30000", "2012-06-30": "-350.70000", "2011-06-30": "0.00000"}, "Total Liabilities And Share Holders Equity": {"2020-06-30": "7776.50000", "2019-06-30": "6184.00000", "2018-06-30": "4531.10000", "2017-06-30": "3454.30000", "2016-06-30": "3091.10000", "2015-06-30": "3138.30000", "2014-06-30": "3090.20000", "2013-06-30": "2949.50000", "2012-06-30": "3139.00000", "2011-06-30": "0.00000"}}, "balance sheet, quarterly": {"Cash On Hand": {"2020-12-31": "833.10000", "2020-09-30": "1007.00000", "2020-06-30": "953.20000", "2020-03-31": "608.40000", "2019-12-31": "188.90000", "2019-09-30": "243.40000", "2019-06-30": "345.40000", "2019-03-31": "227.90000", "2018-12-31": "207.90000", "2018-09-30": "266.10000", "2018-06-30": "410.20000", "2018-03-31": "391.50000", "2017-12-31": "329.50000", "2017-09-30": "601.40000", "2017-06-30": "288.30000", "2017-03-31": "241.20000", "2016-12-31": "255.80000", "2016-09-30": "132.10000", "2016-06-30": "131.60000", "2016-03-31": "133.90000", "2015-12-31": "115.50000", "2015-09-30": "151.40000", "2015-06-30": "151.30000", "2015-03-31": "116.10000", "2014-12-31": "84.10000", "2014-09-30": "63.20000", "2014-06-30": "74.40000", "2014-03-31": "55.70000", "2013-12-31": "106.40000", "2013-09-30": "", "2013-06-30": "106.40000", "2013-03-31": "", "2012-06-30": "139.00000", "2011-06-30": ""}, "Receivables": {"2020-12-31": "771.50000", "2020-09-30": "700.90000", "2020-06-30": "838.10000", "2020-03-31": "698.70000", "2019-12-31": "681.00000", "2019-09-30": "647.90000", "2019-06-30": "693.10000", "2019-03-31": "583.50000", "2018-12-31": "551.30000", "2018-09-30": "503.30000", "2018-06-30": "555.80000", "2018-03-31": "506.80000", "2017-12-31": "427.90000", "2017-09-30": "410.50000", "2017-06-30": "488.80000", "2017-03-31": "402.60000", "2016-12-31": "366.30000", "2016-09-30": "376.30000", "2016-06-30": "414.80000", "2016-03-31": "343.70000", "2015-12-31": "332.00000", "2015-09-30": "308.20000", "2015-06-30": "372.40000", "2015-03-31": "331.60000", "2014-12-31": "336.40000", "2014-09-30": "332.20000", "2014-06-30": "403.70000", "2014-03-31": "344.20000", "2013-12-31": "358.00000", "2013-09-30": "", "2013-06-30": "358.00000", "2013-03-31": "", "2012-06-30": "338.30000", "2011-06-30": ""}, "Inventory": {"2020-12-31": "461.30000", "2020-09-30": "384.30000", "2020-06-30": "323.80000", "2020-03-31": "297.20000", "2019-12-31": "249.60000", "2019-09-30": "250.70000", "2019-06-30": "257.20000", "2019-03-31": "247.00000", "2018-12-31": "235.20000", "2018-09-30": "235.80000", "2018-06-30": "209.10000", "2018-03-31": "223.60000", "2017-12-31": "212.70000", "2017-09-30": "194.00000", "2017-06-30": "184.90000", "2017-03-31": "193.90000", "2016-12-31": "169.80000", "2016-09-30": "177.50000", "2016-06-30": "154.80000", "2016-03-31": "167.70000", "2015-12-31": "159.30000", "2015-09-30": "150.90000", "2015-06-30": "132.90000", "2015-03-31": "142.20000", "2014-12-31": "144.30000", "2014-09-30": "142.40000", "2014-06-30": "134.80000", "2014-03-31": "155.00000", "2013-12-31": "124.90000", "2013-09-30": "", "2013-06-30": "124.90000", "2013-03-31": "", "2012-06-30": "118.70000", "2011-06-30": ""}, "Pre-Paid Expenses": {"2020-12-31": "453.00000", "2020-09-30": "263.90000", "2020-06-30": "177.90000", "2020-03-31": "141.80000", "2019-12-31": "181.00000", "2019-09-30": "124.80000", "2019-06-30": "100.10000", "2019-03-31": "85.30000", "2018-12-31": "77.10000", "2018-09-30": "78.20000", "2018-06-30": "65.20000", "2018-03-31": "92.50000", "2017-12-31": "105.40000", "2017-09-30": "124.20000", "2017-06-30": "97.80000", "2017-03-31": "90.70000", "2016-12-31": "90.70000", "2016-09-30": "83.00000", "2016-06-30": "89.00000", "2016-03-31": "82.20000", "2015-12-31": "72.70000", "2015-09-30": "80.70000", "2015-06-30": "80.90000", "2015-03-31": "63.20000", "2014-12-31": "72.70000", "2014-09-30": "81.30000", "2014-06-30": "74.60000", "2014-03-31": "72.50000", "2013-12-31": "88.60000", "2013-09-30": "", "2013-06-30": "", "2013-03-31": "", "2012-06-30": "", "2011-06-30": ""}, "Other Current Assets": {"2020-12-31": "", "2020-09-30": "", "2020-06-30": "", "2020-03-31": "", "2019-12-31": "", "2019-09-30": "", "2019-06-30": "", "2019-03-31": "", "2018-12-31": "", "2018-09-30": "", "2018-06-30": "", "2018-03-31": "", "2017-12-31": "", "2017-09-30": "", "2017-06-30": "", "2017-03-31": "", "2016-12-31": "", "2016-09-30": "", "2016-06-30": "", "2016-03-31": "", "2015-12-31": "", "2015-09-30": "", "2015-06-30": "", "2015-03-31": "", "2014-12-31": "", "2014-09-30": "", "2014-06-30": "", "2014-03-31": "", "2013-12-31": "", "2013-09-30": "", "2013-06-30": "88.60000", "2013-03-31": "", "2012-06-30": "108.70000", "2011-06-30": ""}, "Total Current Assets": {"2020-12-31": "2518.90000", "2020-09-30": "2356.10000", "2020-06-30": "2293.00000", "2020-03-31": "1746.10000", "2019-12-31": "1300.50000", "2019-09-30": "1266.80000", "2019-06-30": "1395.80000", "2019-03-31": "1143.70000", "2018-12-31": "1071.50000", "2018-09-30": "1083.40000", "2018-06-30": "1240.30000", "2018-03-31": "1214.40000", "2017-12-31": "1075.50000", "2017-09-30": "1330.10000", "2017-06-30": "1059.80000", "2017-03-31": "928.40000", "2016-12-31": "882.60000", "2016-09-30": "768.90000", "2016-06-30": "790.20000", "2016-03-31": "727.50000", "2015-12-31": "679.50000", "2015-09-30": "691.20000", "2015-06-30": "737.50000", "2015-03-31": "653.10000", "2014-12-31": "637.50000", "2014-09-30": "619.10000", "2014-06-30": "687.50000", "2014-03-31": "627.40000", "2013-12-31": "677.90000", "2013-09-30": "", "2013-06-30": "679.10000", "2013-03-31": "", "2012-06-30": "704.70000", "2011-06-30": ""}, "Property, Plant, And Equipment": {"2020-12-31": "2129.80000", "2020-09-30": "2035.50000", "2020-06-30": "1900.80000", "2020-03-31": "1769.50000", "2019-12-31": "1618.10000", "2019-09-30": "1561.10000", "2019-06-30": "1536.70000", "2019-03-31": "1301.50000", "2018-12-31": "1285.80000", "2018-09-30": "1288.20000", "2018-06-30": "1270.60000", "2018-03-31": "1271.40000", "2017-12-31": "1256.20000", "2017-09-30": "1025.00000", "2017-06-30": "995.90000", "2017-03-31": "968.90000", "2016-12-31": "905.00000", "2016-09-30": "926.50000", "2016-06-30": "905.80000", "2016-03-31": "906.30000", "2015-12-31": "902.00000", "2015-09-30": "884.30000", "2015-06-30": "885.20000", "2015-03-31": "847.30000", "2014-12-31": "865.10000", "2014-09-30": "853.30000", "2014-06-30": "873.00000", "2014-03-31": "837.60000", "2013-12-31": "814.50000", "2013-09-30": "", "2013-06-30": "1264.90000", "2013-03-31": "", "2012-06-30": "1176.20000", "2011-06-30": ""}, "Long-Term Investments": {"2020-12-31": "", "2020-09-30": "", "2020-06-30": "", "2020-03-31": "", "2019-12-31": "", "2019-09-30": "", "2019-06-30": "", "2019-03-31": "", "2018-12-31": "", "2018-09-30": "", "2018-06-30": "", "2018-03-31": "", "2017-12-31": "", "2017-09-30": "", "2017-06-30": "", "2017-03-31": "", "2016-12-31": "", "2016-09-30": "", "2016-06-30": "", "2016-03-31": "", "2015-12-31": "", "2015-09-30": "", "2015-06-30": "", "2015-03-31": "", "2014-12-31": "", "2014-09-30": "", "2014-06-30": "", "2014-03-31": "", "2013-12-31": "", "2013-09-30": "", "2013-06-30": "", "2013-03-31": "", "2012-06-30": "", "2011-06-30": ""}, "Goodwill And Intangible Assets": {"2020-12-31": "3316.80000", "2020-09-30": "3360.70000", "2020-06-30": "3359.30000", "2020-03-31": "3356.60000", "2019-12-31": "3093.70000", "2019-09-30": "3098.80000", "2019-06-30": "3151.70000", "2019-03-31": "1963.70000", "2018-12-31": "2002.40000", "2018-09-30": "2046.90000", "2018-06-30": "1942.10000", "2018-03-31": "2010.80000", "2017-12-31": "1990.30000", "2017-09-30": "1338.80000", "2017-06-30": "1317.20000", "2017-03-31": "1313.20000", "2016-12-31": "1292.40000", "2016-09-30": "1351.50000", "2016-06-30": "1290.50000", "2016-03-31": "1336.60000", "2015-12-31": "1359.90000", "2015-09-30": "1386.20000", "2015-06-30": "1430.20000", "2015-03-31": "1413.50000", "2014-12-31": "1475.10000", "2014-09-30": "1418.80000", "2014-06-30": "1454.70000", "2014-03-31": "1451.60000", "2013-12-31": "1395.60000", "2013-09-30": "0.00000", "2013-06-30": "1395.60000", "2013-03-31": "0.00000", "2012-06-30": "1447.60000", "2011-06-30": "0.00000"}, "Other Long-Term Assets": {"2020-12-31": "188.00000", "2020-09-30": "174.80000", "2020-06-30": "174.00000", "2020-03-31": "162.30000", "2019-12-31": "147.90000", "2019-09-30": "158.70000", "2019-06-30": "61.20000", "2019-03-31": "54.10000", "2018-12-31": "50.20000", "2018-09-30": "47.50000", "2018-06-30": "45.20000", "2018-03-31": "30.60000", "2017-12-31": "30.80000", "2017-09-30": "28.30000", "2017-06-30": "27.50000", "2017-03-31": "21.70000", "2016-12-31": "23.10000", "2016-09-30": "21.60000", "2016-06-30": "67.10000", "2016-03-31": "21.50000", "2015-12-31": "27.70000", "2015-09-30": "27.20000", "2015-06-30": "21.30000", "2015-03-31": "28.20000", "2014-12-31": "29.50000", "2014-09-30": "35.70000", "2014-06-30": "48.70000", "2014-03-31": "42.20000", "2013-12-31": "36.60000", "2013-09-30": "", "2013-06-30": "36.60000", "2013-03-31": "", "2012-06-30": "41.80000", "2011-06-30": ""}, "Total Long-Term Assets": {"2020-12-31": "5679.20000", "2020-09-30": "5628.10000", "2020-06-30": "5483.50000", "2020-03-31": "5333.50000", "2019-12-31": "4894.80000", "2019-09-30": "4852.70000", "2019-06-30": "4788.20000", "2019-03-31": "3349.40000", "2018-12-31": "3370.10000", "2018-09-30": "3416.40000", "2018-06-30": "3290.80000", "2018-03-31": "3339.70000", "2017-12-31": "3311.60000", "2017-09-30": "2454.70000", "2017-06-30": "2394.50000", "2017-03-31": "2356.80000", "2016-12-31": "2271.70000", "2016-09-30": "2359.20000", "2016-06-30": "2300.90000", "2016-03-31": "2330.20000", "2015-12-31": "2355.70000", "2015-09-30": "2365.20000", "2015-06-30": "2400.80000", "2015-03-31": "2321.00000", "2014-12-31": "2400.60000", "2014-09-30": "2332.20000", "2014-06-30": "2402.70000", "2014-03-31": "2463.60000", "2013-12-31": "2378.90000", "2013-09-30": "", "2013-06-30": "2829.30000", "2013-03-31": "", "2012-06-30": "2800.80000", "2011-06-30": ""}, "Total Assets": {"2020-12-31": "8198.10000", "2020-09-30": "7984.20000", "2020-06-30": "7776.50000", "2020-03-31": "7079.60000", "2019-12-31": "6195.30000", "2019-09-30": "6119.50000", "2019-06-30": "6184.00000", "2019-03-31": "4493.10000", "2018-12-31": "4441.60000", "2018-09-30": "4499.80000", "2018-06-30": "4531.10000", "2018-03-31": "4554.10000", "2017-12-31": "4387.10000", "2017-09-30": "3784.80000", "2017-06-30": "3454.30000", "2017-03-31": "3285.20000", "2016-12-31": "3154.30000", "2016-09-30": "3128.10000", "2016-06-30": "3091.10000", "2016-03-31": "3057.70000", "2015-12-31": "3035.20000", "2015-09-30": "3056.40000", "2015-06-30": "3138.30000", "2015-03-31": "2974.10000", "2014-12-31": "3038.10000", "2014-09-30": "2951.30000", "2014-06-30": "3090.20000", "2014-03-31": "3091.00000", "2013-12-31": "3056.80000", "2013-09-30": "0.00000", "2013-06-30": "2949.50000", "2013-03-31": "0.00000", "2012-06-30": "3139.00000", "2011-06-30": "0.00000"}, "Total Current Liabilities": {"2020-12-31": "1024.00000", "2020-09-30": "919.70000", "2020-06-30": "893.20000", "2020-03-31": "917.10000", "2019-12-31": "658.10000", "2019-09-30": "615.80000", "2019-06-30": "670.70000", "2019-03-31": "525.40000", "2018-12-31": "514.30000", "2018-09-30": "527.50000", "2018-06-30": "576.90000", "2018-03-31": "557.50000", "2017-12-31": "484.00000", "2017-09-30": "457.10000", "2017-06-30": "469.00000", "2017-03-31": "390.10000", "2016-12-31": "334.80000", "2016-09-30": "448.60000", "2016-06-30": "391.20000", "2016-03-31": "371.50000", "2015-12-31": "340.20000", "2015-09-30": "352.90000", "2015-06-30": "399.00000", "2015-03-31": "365.40000", "2014-12-31": "346.50000", "2014-09-30": "377.60000", "2014-06-30": "453.00000", "2014-03-31": "413.30000", "2013-12-31": "410.30000", "2013-09-30": "", "2013-06-30": "410.30000", "2013-03-31": "", "2012-06-30": "439.30000", "2011-06-30": ""}, "Long Term Debt": {"2020-12-31": "2983.80000", "2020-09-30": "2985.30000", "2020-06-30": "2945.10000", "2020-03-31": "2926.90000", "2019-12-31": "2824.60000", "2019-09-30": "2858.70000", "2019-06-30": "2882.80000", "2019-03-31": "2116.30000", "2018-12-31": "2130.00000", "2018-09-30": "2205.70000", "2018-06-30": "2649.40000", "2018-03-31": "2706.50000", "2017-12-31": "2672.50000", "2017-09-30": "2082.90000", "2017-06-30": "2055.10000", "2017-03-31": "2025.30000", "2016-12-31": "2001.30000", "2016-09-30": "1838.00000", "2016-06-30": "1832.80000", "2016-03-31": "1844.90000", "2015-12-31": "1848.30000", "2015-09-30": "1859.90000", "2015-06-30": "1857.00000", "2015-03-31": "1857.00000", "2014-12-31": "1905.40000", "2014-09-30": "1780.30000", "2014-06-30": "2685.40000", "2014-03-31": "2674.00000", "2013-12-31": "2656.60000", "2013-09-30": "", "2013-06-30": "2656.60000", "2013-03-31": "", "2012-06-30": "2640.30000", "2011-06-30": ""}, "Other Non-Current Liabilities": {"2020-12-31": "167.40000", "2020-09-30": "181.40000", "2020-06-30": "203.60000", "2020-03-31": "208.10000", "2019-12-31": "175.40000", "2019-09-30": "179.00000", "2019-06-30": "124.30000", "2019-03-31": "69.50000", "2018-12-31": "54.60000", "2018-09-30": "54.00000", "2018-06-30": "54.00000", "2018-03-31": "62.30000", "2017-12-31": "57.10000", "2017-09-30": "46.40000", "2017-06-30": "45.50000", "2017-03-31": "42.60000", "2016-12-31": "40.30000", "2016-09-30": "39.50000", "2016-06-30": "38.80000", "2016-03-31": "39.60000", "2015-12-31": "41.10000", "2015-09-30": "41.10000", "2015-06-30": "42.50000", "2015-03-31": "39.60000", "2014-12-31": "42.10000", "2014-09-30": "40.40000", "2014-06-30": "61.20000", "2014-03-31": "52.00000", "2013-12-31": "47.00000", "2013-09-30": "", "2013-06-30": "181.10000", "2013-03-31": "", "2012-06-30": "190.20000", "2011-06-30": ""}, "Total Long Term Liabilities": {"2020-12-31": "3359.60000", "2020-09-30": "3385.80000", "2020-06-30": "3377.90000", "2020-03-31": "3368.20000", "2019-12-31": "3214.50000", "2019-09-30": "3247.80000", "2019-06-30": "3225.10000", "2019-03-31": "2347.00000", "2018-12-31": "2364.30000", "2018-09-30": "2442.90000", "2018-06-30": "2867.50000", "2018-03-31": "2928.20000", "2017-12-31": "2897.60000", "2017-09-30": "2288.90000", "2017-06-30": "2261.80000", "2017-03-31": "2252.40000", "2016-12-31": "2231.50000", "2016-09-30": "2065.00000", "2016-06-30": "2064.00000", "2016-03-31": "2083.30000", "2015-12-31": "2087.60000", "2015-09-30": "2106.30000", "2015-06-30": "2105.30000", "2015-03-31": "2140.50000", "2014-12-31": "2199.20000", "2014-09-30": "2070.70000", "2014-06-30": "3009.00000", "2014-03-31": "3078.10000", "2013-12-31": "3056.80000", "2013-09-30": "", "2013-06-30": "3056.80000", "2013-03-31": "", "2012-06-30": "3050.40000", "2011-06-30": ""}, "Total Liabilities": {"2020-12-31": "4383.60000", "2020-09-30": "4305.50000", "2020-06-30": "4271.10000", "2020-03-31": "4285.30000", "2019-12-31": "3872.60000", "2019-09-30": "3863.60000", "2019-06-30": "3895.80000", "2019-03-31": "2872.40000", "2018-12-31": "2878.60000", "2018-09-30": "2970.40000", "2018-06-30": "3444.40000", "2018-03-31": "3485.70000", "2017-12-31": "3381.60000", "2017-09-30": "2746.00000", "2017-06-30": "2730.80000", "2017-03-31": "2642.50000", "2016-12-31": "2566.30000", "2016-09-30": "2513.60000", "2016-06-30": "2455.20000", "2016-03-31": "2454.80000", "2015-12-31": "2427.80000", "2015-09-30": "2459.20000", "2015-06-30": "2504.30000", "2015-03-31": "2505.90000", "2014-12-31": "2545.70000", "2014-09-30": "2448.30000", "2014-06-30": "3462.00000", "2014-03-31": "3491.40000", "2013-12-31": "3467.10000", "2013-09-30": "0.00000", "2013-06-30": "3359.80000", "2013-03-31": "0.00000", "2012-06-30": "3489.70000", "2011-06-30": "0.00000"}, "Common Stock Net": {"2020-12-31": "1.70000", "2020-09-30": "1.60000", "2020-06-30": "1.60000", "2020-03-31": "1.50000", "2019-12-31": "1.50000", "2019-09-30": "1.50000", "2019-06-30": "1.50000", "2019-03-31": "1.50000", "2018-12-31": "1.50000", "2018-09-30": "1.40000", "2018-06-30": "1.30000", "2018-03-31": "1.30000", "2017-12-31": "1.30000", "2017-09-30": "1.30000", "2017-06-30": "1.30000", "2017-03-31": "1.20000", "2016-12-31": "1.20000", "2016-09-30": "1.20000", "2016-06-30": "1.20000", "2016-03-31": "1.20000", "2015-12-31": "1.20000", "2015-09-30": "1.20000", "2015-06-30": "1.20000", "2015-03-31": "1.20000", "2014-12-31": "1.20000", "2014-09-30": "1.20000", "2014-06-30": "0.70000", "2014-03-31": "0.70000", "2013-12-31": "0.70000", "2013-09-30": "0.00000", "2013-06-30": "0.70000", "2013-03-31": "0.00000", "2012-06-30": "0.70000", "2011-06-30": "0.00000"}, "Retained Earnings (Accumulated Deficit)": {"2020-12-31": "-377.40000", "2020-09-30": "-460.90000", "2020-06-30": "-535.20000", "2020-03-31": "-681.20000", "2019-12-31": "-694.00000", "2019-09-30": "-731.40000", "2019-06-30": "-723.40000", "2019-03-31": "-790.70000", "2018-12-31": "-822.40000", "2018-09-30": "-871.40000", "2018-06-30": "-872.10000", "2018-03-31": "-954.80000", "2017-12-31": "-973.80000", "2017-09-30": "-951.90000", "2017-06-30": "-955.70000", "2017-03-31": "-1022.30000", "2016-12-31": "-1048.30000", "2016-09-30": "-1065.70000", "2016-06-30": "-1036.10000", "2016-03-31": "-1117.30000", "2015-12-31": "-1127.10000", "2015-09-30": "-1157.80000", "2015-06-30": "-1166.90000", "2015-03-31": "-1320.60000", "2014-12-31": "-1352.10000", "2014-09-30": "-1398.60000", "2014-06-30": "-1379.10000", "2014-03-31": "-1439.80000", "2013-12-31": "-1428.80000", "2013-09-30": "", "2013-06-30": "-1395.30000", "2013-03-31": "", "2012-06-30": "-1382.10000", "2011-06-30": ""}, "Comprehensive Income": {"2020-12-31": "-329.60000", "2020-09-30": "-370.00000", "2020-06-30": "-386.30000", "2020-03-31": "-393.60000", "2019-12-31": "-350.60000", "2019-09-30": "-376.00000", "2019-06-30": "-353.90000", "2019-03-31": "-329.30000", "2018-12-31": "-351.20000", "2018-09-30": "-334.20000", "2018-06-30": "-325.80000", "2018-03-31": "-255.60000", "2017-12-31": "-294.90000", "2017-09-30": "-279.00000", "2017-06-30": "-314.10000", "2017-03-31": "-326.30000", "2016-12-31": "-352.70000", "2016-09-30": "-304.30000", "2016-06-30": "-305.70000", "2016-03-31": "-254.90000", "2015-12-31": "-239.60000", "2015-09-30": "-216.60000", "2015-06-30": "-174.00000", "2015-03-31": "-186.60000", "2014-12-31": "-136.90000", "2014-09-30": "-77.80000", "2014-06-30": "-24.20000", "2014-03-31": "8.80000", "2013-12-31": "-9.30000", "2013-09-30": "", "2013-06-30": "", "2013-03-31": "", "2012-06-30": "", "2011-06-30": ""}, "Other Share Holders Equity": {"2020-12-31": "", "2020-09-30": "", "2020-06-30": "", "2020-03-31": "", "2019-12-31": "", "2019-09-30": "", "2019-06-30": "", "2019-03-31": "", "2018-12-31": "", "2018-09-30": "", "2018-06-30": "", "2018-03-31": "", "2017-12-31": "", "2017-09-30": "", "2017-06-30": "", "2017-03-31": "", "2016-12-31": "", "2016-09-30": "", "2016-06-30": "", "2016-03-31": "", "2015-12-31": "", "2015-09-30": "", "2015-06-30": "", "2015-03-31": "", "2014-12-31": "", "2014-09-30": "", "2014-06-30": "", "2014-03-31": "", "2013-12-31": "", "2013-09-30": "0.00000", "2013-06-30": "-8.90000", "2013-03-31": "0.00000", "2012-06-30": "7.50000", "2011-06-30": "0.00000"}, "Share Holder Equity": {"2020-12-31": "3814.50000", "2020-09-30": "3678.70000", "2020-06-30": "3505.40000", "2020-03-31": "2794.30000", "2019-12-31": "2322.70000", "2019-09-30": "2255.90000", "2019-06-30": "2288.20000", "2019-03-31": "1620.70000", "2018-12-31": "1563.00000", "2018-09-30": "1529.40000", "2018-06-30": "1086.70000", "2018-03-31": "1068.40000", "2017-12-31": "1005.50000", "2017-09-30": "1038.80000", "2017-06-30": "723.50000", "2017-03-31": "642.70000", "2016-12-31": "588.00000", "2016-09-30": "614.50000", "2016-06-30": "635.90000", "2016-03-31": "602.90000", "2015-12-31": "607.40000", "2015-09-30": "597.20000", "2015-06-30": "634.00000", "2015-03-31": "468.20000", "2014-12-31": "492.40000", "2014-09-30": "503.00000", "2014-06-30": "-371.80000", "2014-03-31": "-400.40000", "2013-12-31": "-410.30000", "2013-09-30": "0.00000", "2013-06-30": "-410.30000", "2013-03-31": "0.00000", "2012-06-30": "-350.70000", "2011-06-30": "0.00000"}, "Total Liabilities And Share Holders Equity": {"2020-12-31": "8198.10000", "2020-09-30": "7984.20000", "2020-06-30": "7776.50000", "2020-03-31": "7079.60000", "2019-12-31": "6195.30000", "2019-09-30": "6119.50000", "2019-06-30": "6184.00000", "2019-03-31": "4493.10000", "2018-12-31": "4441.60000", "2018-09-30": "4499.80000", "2018-06-30": "4531.10000", "2018-03-31": "4554.10000", "2017-12-31": "4387.10000", "2017-09-30": "3784.80000", "2017-06-30": "3454.30000", "2017-03-31": "3285.20000", "2016-12-31": "3154.30000", "2016-09-30": "3128.10000", "2016-06-30": "3091.10000", "2016-03-31": "3057.70000", "2015-12-31": "3035.20000", "2015-09-30": "3056.40000", "2015-06-30": "3138.30000", "2015-03-31": "2974.10000", "2014-12-31": "3038.10000", "2014-09-30": "2951.30000", "2014-06-30": "3090.20000", "2014-03-31": "3091.00000", "2013-12-31": "3056.80000", "2013-09-30": "0.00000", "2013-06-30": "3056.80000", "2013-03-31": "0.00000", "2012-06-30": "3139.00000", "2011-06-30": "0.00000"}}, "cash flow statement": {"Net Income/Loss": {"2020-06-30": "220.70000", "2019-06-30": "137.40000", "2018-06-30": "83.60000", "2017-06-30": "109.80000", "2016-06-30": "111.20000", "2015-06-30": "210.30000", "2014-06-30": "15.20000", "2013-06-30": "-49.70000", "2012-06-30": "-23.20000", "2011-06-30": "-50.10000"}, "Total Depreciation And Amortization - Cash Flow": {"2020-06-30": "266.10000", "2019-06-30": "242.80000", "2018-06-30": "194.80000", "2017-06-30": "153.30000", "2016-06-30": "145.30000", "2015-06-30": "156.80000", "2014-06-30": "156.90000", "2013-06-30": "171.20000", "2012-06-30": "144.40000", "2011-06-30": "125.50000"}, "Other Non-Cash Items": {"2020-06-30": "74.80000", "2019-06-30": "27.80000", "2018-06-30": "87.30000", "2017-06-30": "48.20000", "2016-06-30": "0.50000", "2015-06-30": "-107.00000", "2014-06-30": "-6.70000", "2013-06-30": "41.50000", "2012-06-30": "42.00000", "2011-06-30": "45.80000"}, "Total Non-Cash Items": {"2020-06-30": "340.90000", "2019-06-30": "270.60000", "2018-06-30": "282.10000", "2017-06-30": "201.50000", "2016-06-30": "145.80000", "2015-06-30": "49.80000", "2014-06-30": "150.20000", "2013-06-30": "212.70000", "2012-06-30": "186.40000", "2011-06-30": "171.30000"}, "Change In Accounts Receivable": {"2020-06-30": "-150.90000", "2019-06-30": "-118.90000", "2018-06-30": "-33.60000", "2017-06-30": "-54.90000", "2016-06-30": "-54.10000", "2015-06-30": "-7.50000", "2014-06-30": "-38.00000", "2013-06-30": "-23.60000", "2012-06-30": "-64.90000", "2011-06-30": "-18.90000"}, "Change In Inventories": {"2020-06-30": "-76.40000", "2019-06-30": "-34.00000", "2018-06-30": "-1.80000", "2017-06-30": "-13.50000", "2016-06-30": "-35.40000", "2015-06-30": "-19.20000", "2014-06-30": "-8.50000", "2013-06-30": "-10.50000", "2012-06-30": "1.40000", "2011-06-30": "-2.00000"}, "Change In Accounts Payable": {"2020-06-30": "72.20000", "2019-06-30": "36.20000", "2018-06-30": "32.30000", "2017-06-30": "9.90000", "2016-06-30": "21.40000", "2015-06-30": "-11.70000", "2014-06-30": "-7.60000", "2013-06-30": "17.90000", "2012-06-30": "7.70000", "2011-06-30": "-3.50000"}, "Change In Assets/Liabilities": {"2020-06-30": "", "2019-06-30": "", "2018-06-30": "", "2017-06-30": "", "2016-06-30": "", "2015-06-30": "", "2014-06-30": "", "2013-06-30": "", "2012-06-30": "-21.30000", "2011-06-30": ""}, "Total Change In Assets/Liabilities": {"2020-06-30": "-121.30000", "2019-06-30": "-160.30000", "2018-06-30": "8.80000", "2017-06-30": "-11.80000", "2016-06-30": "-101.70000", "2015-06-30": "-88.30000", "2014-06-30": "12.90000", "2013-06-30": "-25.30000", "2012-06-30": "-75.30000", "2011-06-30": "-21.50000"}, "Cash Flow From Operating Activities": {"2020-06-30": "440.30000", "2019-06-30": "247.70000", "2018-06-30": "374.50000", "2017-06-30": "299.50000", "2016-06-30": "155.30000", "2015-06-30": "171.80000", "2014-06-30": "178.30000", "2013-06-30": "137.70000", "2012-06-30": "87.90000", "2011-06-30": "99.70000"}, "Net Change In Property, Plant, And Equipment": {"2020-06-30": "-465.80000", "2019-06-30": "-217.60000", "2018-06-30": "-174.70000", "2017-06-30": "-139.10000", "2016-06-30": "-137.70000", "2015-06-30": "-141.00000", "2014-06-30": "-121.50000", "2013-06-30": "-119.60000", "2012-06-30": "-80.70000", "2011-06-30": "-83.30000"}, "Net Change In Intangible Assets": {"2020-06-30": "", "2019-06-30": "", "2018-06-30": "", "2017-06-30": "", "2016-06-30": "", "2015-06-30": "", "2014-06-30": "", "2013-06-30": "", "2012-06-30": "", "2011-06-30": ""}, "Net Acquisitions/Divestitures": {"2020-06-30": "-358.90000", "2019-06-30": "-1291.00000", "2018-06-30": "-744.60000", "2017-06-30": "-169.90000", "2016-06-30": "", "2015-06-30": "-130.80000", "2014-06-30": "-53.70000", "2013-06-30": "-2.50000", "2012-06-30": "-457.50000", "2011-06-30": ""}, "Net Change In Short-term Investments": {"2020-06-30": "", "2019-06-30": "", "2018-06-30": "", "2017-06-30": "", "2016-06-30": "", "2015-06-30": "", "2014-06-30": "", "2013-06-30": "", "2012-06-30": "", "2011-06-30": ""}, "Net Change In Long-Term Investments": {"2020-06-30": "-2.80000", "2019-06-30": "-1.80000", "2018-06-30": "", "2017-06-30": "", "2016-06-30": "", "2015-06-30": "", "2014-06-30": "", "2013-06-30": "", "2012-06-30": "", "2011-06-30": ""}, "Net Change In Investments - Total": {"2020-06-30": "-2.80000", "2019-06-30": "-1.80000", "2018-06-30": "", "2017-06-30": "", "2016-06-30": "", "2015-06-30": "", "2014-06-30": "", "2013-06-30": "", "2012-06-30": "", "2011-06-30": ""}, "Investing Activities - Other": {"2020-06-30": "", "2019-06-30": "", "2018-06-30": "", "2017-06-30": "", "2016-06-30": "", "2015-06-30": "", "2014-06-30": "4.00000", "2013-06-30": "", "2012-06-30": "43.70000", "2011-06-30": "32.90000"}, "Cash Flow From Investing Activities": {"2020-06-30": "-827.50000", "2019-06-30": "-1510.40000", "2018-06-30": "-919.30000", "2017-06-30": "-309.00000", "2016-06-30": "-137.70000", "2015-06-30": "-271.80000", "2014-06-30": "-171.20000", "2013-06-30": "-122.10000", "2012-06-30": "-494.50000", "2011-06-30": "-50.40000"}, "Net Long-Term Debt": {"2020-06-30": "97.80000", "2019-06-30": "157.29990", "2018-06-30": "423.70000", "2017-06-30": "178.90000", "2016-06-30": "-18.60000", "2015-06-30": "-729.40000", "2014-06-30": "-17.60010", "2013-06-30": "-35.80000", "2012-06-30": "356.30000", "2011-06-30": "-24.10000"}, "Net Current Debt": {"2020-06-30": "-49.50000", "2019-06-30": "-8.40000", "2018-06-30": "-3.10000", "2017-06-30": "-5.80000", "2016-06-30": "2.30000", "2015-06-30": "", "2014-06-30": "-17.50000", "2013-06-30": "-3.90000", "2012-06-30": "-2.90000", "2011-06-30": "-3.30000"}, "Debt Issuance/Retirement Net - Total": {"2020-06-30": "48.30000", "2019-06-30": "148.89990", "2018-06-30": "420.60000", "2017-06-30": "173.10000", "2016-06-30": "-16.30000", "2015-06-30": "-729.40000", "2014-06-30": "-35.10010", "2013-06-30": "-39.70000", "2012-06-30": "353.40000", "2011-06-30": "-27.40000"}, "Net Common Equity Issued/Repurchased": {"2020-06-30": "1046.50000", "2019-06-30": "445.50000", "2018-06-30": "277.80000", "2017-06-30": "", "2016-06-30": "-5.80000", "2015-06-30": "948.80000", "2014-06-30": "0.20000", "2013-06-30": "1.20000", "2012-06-30": "1.10000", "2011-06-30": "3.90000"}, "Net Total Equity Issued/Repurchased": {"2020-06-30": "1046.50000", "2019-06-30": "1091.80000", "2018-06-30": "277.80000", "2017-06-30": "", "2016-06-30": "-5.80000", "2015-06-30": "948.80000", "2014-06-30": "0.20000", "2013-06-30": "1.20000", "2012-06-30": "1.10000", "2011-06-30": "3.90000"}, "Total Common And Preferred Stock Dividends Paid": {"2020-06-30": "-36.20000", "2019-06-30": "", "2018-06-30": "", "2017-06-30": "", "2016-06-30": "", "2015-06-30": "", "2014-06-30": "", "2013-06-30": "", "2012-06-30": "", "2011-06-30": ""}, "Financial Activities - Other": {"2020-06-30": "-56.90000", "2019-06-30": "-39.30000", "2018-06-30": "-29.30000", "2017-06-30": "-11.80000", "2016-06-30": "-8.70000", "2015-06-30": "-22.90000", "2014-06-30": "-7.20000", "2013-06-30": "-10.80000", "2012-06-30": "-1.60000", "2011-06-30": "-2.60000"}, "Cash Flow From Financial Activities": {"2020-06-30": "1001.70000", "2019-06-30": "1201.40000", "2018-06-30": "669.10000", "2017-06-30": "161.30000", "2016-06-30": "-30.80000", "2015-06-30": "196.50000", "2014-06-30": "-42.10000", "2013-06-30": "-49.30000", "2012-06-30": "352.90000", "2011-06-30": "-26.10000"}, "Net Cash Flow": {"2020-06-30": "607.80000", "2019-06-30": "-64.80000", "2018-06-30": "121.90000", "2017-06-30": "156.70000", "2016-06-30": "-19.70000", "2015-06-30": "76.90000", "2014-06-30": "-32.00000", "2013-06-30": "-32.60000", "2012-06-30": "-66.10000", "2011-06-30": "41.10000"}, "Stock-Based Compensation": {"2020-06-30": "48.10000", "2019-06-30": "33.30000", "2018-06-30": "27.20000", "2017-06-30": "20.90000", "2016-06-30": "10.80000", "2015-06-30": "9.00000", "2014-06-30": "4.50000", "2013-06-30": "2.80000", "2012-06-30": "3.70000", "2011-06-30": "3.90000"}, "Common Stock Dividends Paid": {"2020-06-30": "-36.20000", "2019-06-30": "", "2018-06-30": "", "2017-06-30": "", "2016-06-30": "", "2015-06-30": "", "2014-06-30": "", "2013-06-30": "", "2012-06-30": "", "2011-06-30": ""}}, "cash flow statement, quarterly": {"Net Income/Loss": {"2020-12-31": 88.4, "2020-09-30": "82.40000", "2020-06-30": 154.2, "2020-03-31": 20.9, "2019-12-31": 45.5, "2019-09-30": "0.10000", "2019-06-30": 71.1, "2019-03-31": 31.7, "2018-12-31": 49, "2018-09-30": "-14.40000", "2018-06-30": 82.7, "2018-03-31": 19, "2017-12-31": -21.9, "2017-09-30": "3.80000", "2017-06-30": 61.8, "2017-03-31": 26, "2016-12-31": 17.4, "2016-09-30": "4.60000", "2016-06-30": 58.1, "2016-03-31": 10.7, "2015-12-31": 30.7, "2015-09-30": "11.70000", "2015-06-30": 153.4, "2015-03-31": 30.8, "2014-12-31": 46, "2014-09-30": "-19.90000", "2014-06-30": 27, "2014-03-31": 6.3, "2013-12-31": -19.5, "2013-09-30": "1.40000", "2013-06-30": 19.1, "2013-03-31": -26.7, "2012-06-30": 10.9, "2011-06-30": -50.1}, "Total Depreciation And Amortization - Cash Flow": {"2020-12-31": 72.6, "2020-09-30": "70.80000", "2020-06-30": 68.1, "2020-03-31": 72.4, "2019-12-31": 63.5, "2019-09-30": "62.10000", "2019-06-30": 61.8, "2019-03-31": 67.4, "2018-12-31": 55.5, "2018-09-30": "58.10000", "2018-06-30": 53.7, "2018-03-31": 52.8, "2017-12-31": 48, "2017-09-30": "40.30000", "2017-06-30": 39.9, "2017-03-31": 37.8, "2016-12-31": 38.7, "2016-09-30": "36.90000", "2016-06-30": 36.4, "2016-03-31": 35.9, "2015-12-31": 36.4, "2015-09-30": "36.60000", "2015-06-30": 37.4, "2015-03-31": 35.4, "2014-12-31": 36.6, "2014-09-30": "47.40000", "2014-06-30": 39.4, "2014-03-31": 37.6, "2013-12-31": 40.3, "2013-09-30": "39.60000", "2013-06-30": 43.3, "2013-03-31": -16.5, "2012-06-30": 18.9, "2011-06-30": 125.5}, "Other Non-Cash Items": {"2020-12-31": 12.6, "2020-09-30": "5.00000", "2020-06-30": -17, "2020-03-31": 47.2, "2019-12-31": 15.9, "2019-09-30": "28.70000", "2019-06-30": -7.2, "2019-03-31": 6.5, "2018-12-31": 9.6, "2018-09-30": "18.90000", "2018-06-30": -9.5, "2018-03-31": 19.1, "2017-12-31": 59.3, "2017-09-30": "18.40000", "2017-06-30": 17.4, "2017-03-31": 17.7, "2016-12-31": 9, "2016-09-30": "4.10000", "2016-06-30": -11.4, "2016-03-31": 4.6, "2015-12-31": 6.8, "2015-09-30": "0.50000", "2015-06-30": -87.3, "2015-03-31": 1, "2014-12-31": -7.8, "2014-09-30": "-12.90000", "2014-06-30": -2.1, "2014-03-31": 1, "2013-12-31": 0.7, "2013-09-30": "-6.30000", "2013-06-30": -31, "2013-03-31": -13.1, "2012-06-30": 32.4, "2011-06-30": 9.1}, "Total Non-Cash Items": {"2020-12-31": 85.2, "2020-09-30": "75.80000", "2020-06-30": 51.1, "2020-03-31": 119.6, "2019-12-31": 79.4, "2019-09-30": "90.80000", "2019-06-30": 54.6, "2019-03-31": 73.9, "2018-12-31": 65.1, "2018-09-30": "77.00000", "2018-06-30": 44.2, "2018-03-31": 71.9, "2017-12-31": 107.3, "2017-09-30": "58.70000", "2017-06-30": 57.3, "2017-03-31": 55.5, "2016-12-31": 47.7, "2016-09-30": "41.00000", "2016-06-30": 25, "2016-03-31": 40.5, "2015-12-31": 43.2, "2015-09-30": "37.10000", "2015-06-30": -49.9, "2015-03-31": 36.4, "2014-12-31": 28.8, "2014-09-30": "34.50000", "2014-06-30": 37.3, "2014-03-31": 38.6, "2013-12-31": 41, "2013-09-30": "33.30000", "2013-06-30": 12.3, "2013-03-31": -29.6, "2012-06-30": 51.3, "2011-06-30": 134.6}, "Change In Accounts Receivable": {"2020-12-31": -56.1, "2020-09-30": "143.70000", "2020-06-30": -135.4, "2020-03-31": -19.8, "2019-12-31": -29.8, "2019-09-30": "34.10000", "2019-06-30": -92.3, "2019-03-31": -29.7, "2018-12-31": -70.6, "2018-09-30": "73.70000", "2018-06-30": -67.2, "2018-03-31": -71, "2017-12-31": 17.6, "2017-09-30": "87.00000", "2017-06-30": -81.2, "2017-03-31": -15.1, "2016-12-31": -2.5, "2016-09-30": "43.90000", "2016-06-30": -74.8, "2016-03-31": -9, "2015-12-31": -30, "2015-09-30": "59.70000", "2015-06-30": -52.1, "2015-03-31": -5.2, "2014-12-31": -12.2, "2014-09-30": "62.00000", "2014-06-30": -59.8, "2014-03-31": -25.9, "2013-12-31": -20.1, "2013-09-30": "67.80000", "2013-06-30": -20.8, "2013-03-31": 20.8, "2012-06-30": 0, "2011-06-30": 0}, "Change In Inventories": {"2020-12-31": -74.9, "2020-09-30": "-65.40000", "2020-06-30": -21.7, "2020-03-31": -43.1, "2019-12-31": -11.8, "2019-09-30": "0.20000", "2019-06-30": 9.1, "2019-03-31": -17.1, "2018-12-31": -5, "2018-09-30": "-21.00000", "2018-06-30": 4.5, "2018-03-31": -6.3, "2017-12-31": 7.3, "2017-09-30": "-7.30000", "2017-06-30": 6.7, "2017-03-31": -2.3, "2016-12-31": -1.5, "2016-09-30": "-16.40000", "2016-06-30": 8.3, "2016-03-31": -7.3, "2015-12-31": -16, "2015-09-30": "-20.40000", "2015-06-30": 10.7, "2015-03-31": -4.7, "2014-12-31": -11.1, "2014-09-30": "-14.10000", "2014-06-30": 18.5, "2014-03-31": -16.1, "2013-12-31": -6.9, "2013-09-30": "-4.00000", "2013-06-30": 28, "2013-03-31": -28, "2012-06-30": 0, "2011-06-30": 0}, "Change In Accounts Payable": {"2020-12-31": 6.8, "2020-09-30": "6.60000", "2020-06-30": 42.3, "2020-03-31": 43.2, "2019-12-31": 34, "2019-09-30": "-47.30000", "2019-06-30": 30.3, "2019-03-31": 17.2, "2018-12-31": 7, "2018-09-30": "-18.30000", "2018-06-30": 17, "2018-03-31": 15.7, "2017-12-31": -2.4, "2017-09-30": "2.00000", "2017-06-30": 22.3, "2017-03-31": 2.2, "2016-12-31": -13.4, "2016-09-30": "-1.20000", "2016-06-30": 14.8, "2016-03-31": 1.2, "2015-12-31": 3.8, "2015-09-30": "1.60000", "2015-06-30": 2.3, "2015-03-31": 7.5, "2014-12-31": 4.8, "2014-09-30": "-26.30000", "2014-06-30": 17.7, "2014-03-31": 10.2, "2013-12-31": -5.4, "2013-09-30": "-30.10000", "2013-06-30": -5, "2013-03-31": 5, "2012-06-30": 0, "2011-06-30": 0}, "Change In Assets/Liabilities": {"2020-12-31": 0, "2020-09-30": "", "2020-06-30": 0, "2020-03-31": 0, "2019-12-31": 0, "2019-09-30": "", "2019-06-30": 0, "2019-03-31": 0, "2018-12-31": 0, "2018-09-30": "", "2018-06-30": 0, "2018-03-31": 0, "2017-12-31": 0, "2017-09-30": "", "2017-06-30": 0, "2017-03-31": 0, "2016-12-31": 0, "2016-09-30": "", "2016-06-30": 0, "2016-03-31": 0, "2015-12-31": 0, "2015-09-30": "", "2015-06-30": 0, "2015-03-31": 0, "2014-12-31": 0, "2014-09-30": "", "2014-06-30": 0, "2014-03-31": 0, "2013-12-31": 0, "2013-09-30": "", "2013-06-30": 0, "2013-03-31": 0, "2012-06-30": 0, "2011-06-30": 0}, "Total Change In Assets/Liabilities": {"2020-12-31": -99.6, "2020-09-30": "-8.50000", "2020-06-30": -32.6, "2020-03-31": -18.8, "2019-12-31": -4.2, "2019-09-30": "-65.70000", "2019-06-30": -37.8, "2019-03-31": -30.3, "2018-12-31": -70.8, "2018-09-30": "-21.40000", "2018-06-30": -23.6, "2018-03-31": 4.3, "2017-12-31": 6.9, "2017-09-30": "21.20000", "2017-06-30": -18.9, "2017-03-31": 21.8, "2016-12-31": -17.4, "2016-09-30": "2.70000", "2016-06-30": -49.2, "2016-03-31": -1.3, "2015-12-31": -47.3, "2015-09-30": "-3.90000", "2015-06-30": -26.4, "2015-03-31": 27.1, "2014-12-31": -34.6, "2014-09-30": "-54.40000", "2014-06-30": 20.7, "2014-03-31": 8, "2013-12-31": -6.3, "2013-09-30": "-9.50000", "2013-06-30": -18.1, "2013-03-31": 68.1, "2012-06-30": -53.8, "2011-06-30": -21.5}, "Cash Flow From Operating Activities": {"2020-12-31": 74, "2020-09-30": "149.70000", "2020-06-30": 172.7, "2020-03-31": 121.7, "2019-12-31": 120.7, "2019-09-30": "25.20000", "2019-06-30": 87.9, "2019-03-31": 75.3, "2018-12-31": 43.3, "2018-09-30": "41.20000", "2018-06-30": 103.3, "2018-03-31": 95.2, "2017-12-31": 92.3, "2017-09-30": "83.70000", "2017-06-30": 100.2, "2017-03-31": 103.3, "2016-12-31": 47.7, "2016-09-30": "48.30000", "2016-06-30": 33.9, "2016-03-31": 49.9, "2015-12-31": 26.6, "2015-09-30": "44.90000", "2015-06-30": 77.1, "2015-03-31": 94.3, "2014-12-31": 40.2, "2014-09-30": "-39.80000", "2014-06-30": 85, "2014-03-31": 52.9, "2013-12-31": 15.2, "2013-09-30": "25.20000", "2013-06-30": 54.5, "2013-03-31": -4.7, "2012-06-30": -11.8, "2011-06-30": 99.7}, "Net Change In Property, Plant, And Equipment": {"2020-12-31": -189, "2020-09-30": "-149.60000", "2020-06-30": -162.3, "2020-03-31": -151.3, "2019-12-31": -78.7, "2019-09-30": "-73.50000", "2019-06-30": -88.3, "2019-03-31": -48, "2018-12-31": -43, "2018-09-30": "-38.30000", "2018-06-30": -58.8, "2018-03-31": -34.8, "2017-12-31": -38.4, "2017-09-30": "-42.70000", "2017-06-30": -52, "2017-03-31": -34.3, "2016-12-31": -25.1, "2016-09-30": "-27.70000", "2016-06-30": -29.9, "2016-03-31": -25.3, "2015-12-31": -49.3, "2015-09-30": "-33.20000", "2015-06-30": -32.3, "2015-03-31": -37.4, "2014-12-31": -40.1, "2014-09-30": "-31.20000", "2014-06-30": -60.3, "2014-03-31": -22.2, "2013-12-31": -20.8, "2013-09-30": "-18.20000", "2013-06-30": -35.1, "2013-03-31": -3.8, "2012-06-30": 2.6, "2011-06-30": -83.3}, "Net Change In Intangible Assets": {"2020-12-31": 0, "2020-09-30": "", "2020-06-30": 0, "2020-03-31": 0, "2019-12-31": 0, "2019-09-30": "", "2019-06-30": 0, "2019-03-31": 0, "2018-12-31": 0, "2018-09-30": "", "2018-06-30": 0, "2018-03-31": 0, "2017-12-31": 0, "2017-09-30": "", "2017-06-30": 0, "2017-03-31": 0, "2016-12-31": 0, "2016-09-30": "", "2016-06-30": 0, "2016-03-31": 0, "2015-12-31": 0, "2015-09-30": "", "2015-06-30": 0, "2015-03-31": 0, "2014-12-31": 0, "2014-09-30": "", "2014-06-30": 0, "2014-03-31": 0, "2013-12-31": 0, "2013-09-30": "", "2013-06-30": 0, "2013-03-31": 0, "2012-06-30": 0, "2011-06-30": 0}, "Net Acquisitions/Divestitures": {"2020-12-31": -14.8, "2020-09-30": "", "2020-06-30": 0, "2020-03-31": -369, "2019-12-31": 20.8, "2019-09-30": "-10.70000", "2019-06-30": -1163.9, "2019-03-31": 0.4, "2018-12-31": 0, "2018-09-30": "-127.50000", "2018-06-30": 3.4, "2018-03-31": 0, "2017-12-31": -748, "2017-09-30": "", "2017-06-30": 0, "2017-03-31": -84.2, "2016-12-31": 1.2, "2016-09-30": "-86.90000", "2016-06-30": 0, "2016-03-31": 0, "2015-12-31": 0, "2015-09-30": "", "2015-06-30": 0.8, "2015-03-31": -6.5, "2014-12-31": -111.6, "2014-09-30": "-13.50000", "2014-06-30": -0.2, "2014-03-31": -2.5, "2013-12-31": -43, "2013-09-30": "-8.00000", "2013-06-30": -2.5, "2013-03-31": 457.5, "2012-06-30": -457.5, "2011-06-30": 0}, "Net Change In Short-term Investments": {"2020-12-31": 0, "2020-09-30": "", "2020-06-30": 0, "2020-03-31": 0, "2019-12-31": 0, "2019-09-30": "", "2019-06-30": 0, "2019-03-31": 0, "2018-12-31": 0, "2018-09-30": "", "2018-06-30": 0, "2018-03-31": 0, "2017-12-31": 0, "2017-09-30": "", "2017-06-30": 0, "2017-03-31": 0, "2016-12-31": 0, "2016-09-30": "", "2016-06-30": 0, "2016-03-31": 0, "2015-12-31": 0, "2015-09-30": "", "2015-06-30": 0, "2015-03-31": 0, "2014-12-31": 0, "2014-09-30": "", "2014-06-30": 0, "2014-03-31": 0, "2013-12-31": 0, "2013-09-30": "", "2013-06-30": 0, "2013-03-31": 0, "2012-06-30": 0, "2011-06-30": 0}, "Net Change In Long-Term Investments": {"2020-12-31": 0.6, "2020-09-30": "-1.60000", "2020-06-30": -0.4, "2020-03-31": -0.4, "2019-12-31": -1.3, "2019-09-30": "-0.70000", "2019-06-30": -0.5, "2019-03-31": -1.3, "2018-12-31": 0, "2018-09-30": "", "2018-06-30": 0, "2018-03-31": 0, "2017-12-31": 0, "2017-09-30": "", "2017-06-30": 0, "2017-03-31": 0, "2016-12-31": 0, "2016-09-30": "", "2016-06-30": 0, "2016-03-31": 0, "2015-12-31": 0, "2015-09-30": "", "2015-06-30": 0, "2015-03-31": 0, "2014-12-31": 0, "2014-09-30": "", "2014-06-30": 0, "2014-03-31": 0, "2013-12-31": 0, "2013-09-30": "", "2013-06-30": 0, "2013-03-31": 0, "2012-06-30": 0, "2011-06-30": 0}, "Net Change In Investments - Total": {"2020-12-31": 0.6, "2020-09-30": "-1.60000", "2020-06-30": -0.4, "2020-03-31": -0.4, "2019-12-31": -1.3, "2019-09-30": "-0.70000", "2019-06-30": -0.5, "2019-03-31": -1.3, "2018-12-31": 0, "2018-09-30": "", "2018-06-30": 0, "2018-03-31": 0, "2017-12-31": 0, "2017-09-30": "", "2017-06-30": 0, "2017-03-31": 0, "2016-12-31": 0, "2016-09-30": "", "2016-06-30": 0, "2016-03-31": 0, "2015-12-31": 0, "2015-09-30": "", "2015-06-30": 0, "2015-03-31": 0, "2014-12-31": 0, "2014-09-30": "", "2014-06-30": 0, "2014-03-31": 0, "2013-12-31": 0, "2013-09-30": "", "2013-06-30": 0, "2013-03-31": 0, "2012-06-30": 0, "2011-06-30": 0}, "Investing Activities - Other": {"2020-12-31": 0, "2020-09-30": "", "2020-06-30": 0, "2020-03-31": 55.1, "2019-12-31": -55.1, "2019-09-30": "", "2019-06-30": 0, "2019-03-31": 0, "2018-12-31": 0, "2018-09-30": "", "2018-06-30": -3.4, "2018-03-31": 0, "2017-12-31": 3.4, "2017-09-30": "", "2017-06-30": 0, "2017-03-31": 0, "2016-12-31": 0, "2016-09-30": "", "2016-06-30": 0, "2016-03-31": 0, "2015-12-31": 0, "2015-09-30": "", "2015-06-30": 0, "2015-03-31": 0, "2014-12-31": 0, "2014-09-30": "", "2014-06-30": 0, "2014-03-31": 0, "2013-12-31": 4, "2013-09-30": "", "2013-06-30": 0, "2013-03-31": -43.7, "2012-06-30": 10.8, "2011-06-30": 32.9}, "Cash Flow From Investing Activities": {"2020-12-31": -203.2, "2020-09-30": "-151.20000", "2020-06-30": -162.7, "2020-03-31": -465.6, "2019-12-31": -114.3, "2019-09-30": "-84.90000", "2019-06-30": -1252.7, "2019-03-31": -48.9, "2018-12-31": -43, "2018-09-30": "-165.80000", "2018-06-30": -58.8, "2018-03-31": -34.8, "2017-12-31": -783, "2017-09-30": "-42.70000", "2017-06-30": -52, "2017-03-31": -118.5, "2016-12-31": -23.9, "2016-09-30": "-114.60000", "2016-06-30": -29.9, "2016-03-31": -25.3, "2015-12-31": -49.3, "2015-09-30": "-33.20000", "2015-06-30": -31.5, "2015-03-31": -43.9, "2014-12-31": -151.7, "2014-09-30": "-44.70000", "2014-06-30": -60.5, "2014-03-31": -24.7, "2013-12-31": -59.8, "2013-09-30": "-26.20000", "2013-06-30": -37.6, "2013-03-31": 410, "2012-06-30": -444.1, "2011-06-30": -50.4}, "Net Long-Term Debt": {"2020-12-31": -52.4, "2020-09-30": "-2.40000", "2020-06-30": -202.4, "2020-03-31": 351.7, "2019-12-31": -48.2, "2019-09-30": "-3.30000", "2019-06-30": 665.2999, "2019-03-31": -4.6, "2018-12-31": -48.7, "2018-09-30": "-454.70000", "2018-06-30": -4.7, "2018-03-31": -4.8, "2017-12-31": 439.6, "2017-09-30": "-6.40000", "2017-06-30": -4.6, "2017-03-31": -4.7, "2016-12-31": 117.9, "2016-09-30": "70.30000", "2016-06-30": -4.7, "2016-03-31": -4.6, "2015-12-31": -4.6, "2015-09-30": "-4.70000", "2015-06-30": -5, "2015-03-31": -5.5, "2014-12-31": 144.9, "2014-09-30": "-863.80000", "2014-06-30": 1.6999, "2014-03-31": -4.8, "2013-12-31": -7.8, "2013-09-30": "-6.70000", "2013-06-30": -399.3, "2013-03-31": 399.3, "2012-06-30": 0, "2011-06-30": 0}, "Net Current Debt": {"2020-12-31": 5.4, "2020-09-30": "-3.90000", "2020-06-30": -4.3, "2020-03-31": -39.3, "2019-12-31": -3.4, "2019-09-30": "-2.50000", "2019-06-30": -1.9, "2019-03-31": -1.6, "2018-12-31": -0.4, "2018-09-30": "-4.50000", "2018-06-30": -0.5, "2018-03-31": -2, "2017-12-31": -0.6, "2017-09-30": "", "2017-06-30": 0.1, "2017-03-31": -0.3, "2016-12-31": -1.3, "2016-09-30": "-4.30000", "2016-06-30": 1.7, "2016-03-31": 0.8, "2015-12-31": -0.2, "2015-09-30": "", "2015-06-30": -4.8, "2015-03-31": -1.2, "2014-12-31": -5.7, "2014-09-30": "11.70000", "2014-06-30": -0.3, "2014-03-31": -32.2, "2013-12-31": 20.8, "2013-09-30": "-5.80000", "2013-06-30": 5.6, "2013-03-31": -6.6, "2012-06-30": 0.4, "2011-06-30": -3.3}, "Debt Issuance/Retirement Net - Total": {"2020-12-31": -47, "2020-09-30": "-6.30000", "2020-06-30": -206.7, "2020-03-31": 312.4, "2019-12-31": -51.6, "2019-09-30": "-5.80000", "2019-06-30": 663.3999, "2019-03-31": -6.2, "2018-12-31": -49.1, "2018-09-30": "-459.20000", "2018-06-30": -5.2, "2018-03-31": -6.8, "2017-12-31": 439, "2017-09-30": "-6.40000", "2017-06-30": -4.5, "2017-03-31": -5, "2016-12-31": 116.6, "2016-09-30": "66.00000", "2016-06-30": -3, "2016-03-31": -3.8, "2015-12-31": -4.8, "2015-09-30": "-4.70000", "2015-06-30": -9.8, "2015-03-31": -6.7, "2014-12-31": 139.2, "2014-09-30": "-852.10000", "2014-06-30": 1.3999, "2014-03-31": -37, "2013-12-31": 13, "2013-09-30": "-12.50000", "2013-06-30": -425.59, "2013-03-31": 33.5, "2012-06-30": 380.4, "2011-06-30": -24.1}, "Net Common Equity Issued/Repurchased": {"2020-12-31": -1.8, "2020-09-30": "83.60000", "2020-06-30": 552.3, "2020-03-31": 494.2, "2019-12-31": 0, "2019-09-30": "", "2019-06-30": 0.2, "2019-03-31": -0.2, "2018-12-31": 0, "2018-09-30": "445.50000", "2018-06-30": 0, "2018-03-31": 0, "2017-12-31": 0, "2017-09-30": "277.80000", "2017-06-30": 0, "2017-03-31": 0, "2016-12-31": 0, "2016-09-30": "", "2016-06-30": 0, "2016-03-31": 0, "2015-12-31": -5.8, "2015-09-30": "", "2015-06-30": 0, "2015-03-31": 0, "2014-12-31": 0, "2014-09-30": "948.80000", "2014-06-30": 0, "2014-03-31": 0, "2013-12-31": 0.2, "2013-09-30": "", "2013-06-30": -0.7, "2013-03-31": 0.7, "2012-06-30": 0, "2011-06-30": 0}, "Net Total Equity Issued/Repurchased": {"2020-12-31": -1.8, "2020-09-30": "83.60000", "2020-06-30": 552.3, "2020-03-31": 494.2, "2019-12-31": 0, "2019-09-30": "", "2019-06-30": 646.5, "2019-03-31": -0.2, "2018-12-31": 0, "2018-09-30": "445.50000", "2018-06-30": 0, "2018-03-31": 0, "2017-12-31": 0, "2017-09-30": "277.80000", "2017-06-30": 0, "2017-03-31": 0, "2016-12-31": 0, "2016-09-30": "", "2016-06-30": 0, "2016-03-31": 0, "2015-12-31": -5.8, "2015-09-30": "", "2015-06-30": 0, "2015-03-31": 0, "2014-12-31": 0, "2014-09-30": "948.80000", "2014-06-30": 0, "2014-03-31": 0, "2013-12-31": 0.2, "2013-09-30": "", "2013-06-30": 0.5, "2013-03-31": -0.4, "2012-06-30": -2.8, "2011-06-30": 3.9}, "Total Common And Preferred Stock Dividends Paid": {"2020-12-31": -4.9, "2020-09-30": "-8.10000", "2020-06-30": -8.1, "2020-03-31": -8.1, "2019-12-31": -8.1, "2019-09-30": "-11.90000", "2019-06-30": 0, "2019-03-31": 0, "2018-12-31": 0, "2018-09-30": "", "2018-06-30": 0, "2018-03-31": 0, "2017-12-31": 0, "2017-09-30": "", "2017-06-30": 0, "2017-03-31": 0, "2016-12-31": 0, "2016-09-30": "", "2016-06-30": 0, "2016-03-31": 0, "2015-12-31": 0, "2015-09-30": "", "2015-06-30": 0, "2015-03-31": 0, "2014-12-31": 0, "2014-09-30": "", "2014-06-30": 0, "2014-03-31": 0, "2013-12-31": 0, "2013-09-30": "", "2013-06-30": 0, "2013-03-31": 0, "2012-06-30": 0, "2011-06-30": 0}, "Financial Activities - Other": {"2020-12-31": -3.1, "2020-09-30": "-19.60000", "2020-06-30": -6.5, "2020-03-31": -26, "2019-12-31": -6.3, "2019-09-30": "-18.10000", "2019-06-30": -26, "2019-03-31": -2.3, "2018-12-31": -5.9, "2018-09-30": "-5.10000", "2018-06-30": -0.3, "2018-03-31": -1, "2017-12-31": -19.6, "2017-09-30": "-8.40000", "2017-06-30": -2.6, "2017-03-31": -2.3, "2016-12-31": -6.8, "2016-09-30": "-0.10000", "2016-06-30": -0.7, "2016-03-31": -2.4, "2015-12-31": 0, "2015-09-30": "-5.60000", "2015-06-30": -2.7, "2015-03-31": -6.9, "2014-12-31": -3.5, "2014-09-30": "-9.80000", "2014-06-30": -7.2, "2014-03-31": 0, "2013-12-31": 0, "2013-09-30": "", "2013-06-30": 431.1, "2013-03-31": -440.3, "2012-06-30": 1, "2011-06-30": -2.6}, "Cash Flow From Financial Activities": {"2020-12-31": -56.8, "2020-09-30": "49.60000", "2020-06-30": 331, "2020-03-31": 772.5, "2019-12-31": -66, "2019-09-30": "-35.80000", "2019-06-30": 1283.9, "2019-03-31": -8.7, "2018-12-31": -55, "2018-09-30": "-18.80000", "2018-06-30": -5.5, "2018-03-31": -7.8, "2017-12-31": 419.4, "2017-09-30": "263.00000", "2017-06-30": -7.1, "2017-03-31": -7.3, "2016-12-31": 109.8, "2016-09-30": "65.90000", "2016-06-30": -3.7, "2016-03-31": -6.2, "2015-12-31": -10.6, "2015-09-30": "-10.30000", "2015-06-30": -12.5, "2015-03-31": -13.6, "2014-12-31": 135.7, "2014-09-30": "86.90000", "2014-06-30": -5.8, "2014-03-31": -37, "2013-12-31": 13.2, "2013-09-30": "-12.50000", "2013-06-30": 2.1, "2013-03-31": -404.3, "2012-06-30": 379, "2011-06-30": -26.1}, "Net Cash Flow": {"2020-12-31": -173.9, "2020-09-30": "53.80000", "2020-06-30": 344.8, "2020-03-31": 419.5, "2019-12-31": -54.5, "2019-09-30": "-102.00000", "2019-06-30": 117.5, "2019-03-31": 20, "2018-12-31": -58.2, "2018-09-30": "-144.10000", "2018-06-30": 18.7, "2018-03-31": 62, "2017-12-31": -271.9, "2017-09-30": "313.10000", "2017-06-30": 47.1, "2017-03-31": -14.6, "2016-12-31": 123.7, "2016-09-30": "0.50000", "2016-06-30": -2.3, "2016-03-31": 18.4, "2015-12-31": -35.9, "2015-09-30": "0.10000", "2015-06-30": 35.2, "2015-03-31": 32, "2014-12-31": 20.9, "2014-09-30": "-11.20000", "2014-06-30": 18.7, "2014-03-31": -8.5, "2013-12-31": -31.6, "2013-09-30": "-10.60000", "2013-06-30": 18.9, "2013-03-31": 14.6, "2012-06-30": -107.2, "2011-06-30": 41.1}, "Stock-Based Compensation": {"2020-12-31": 11.4, "2020-09-30": "18.70000", "2020-06-30": 12.6, "2020-03-31": 8.6, "2019-12-31": 10.3, "2019-09-30": "16.60000", "2019-06-30": 9.2, "2019-03-31": 6.6, "2018-12-31": 7.5, "2018-09-30": "10.00000", "2018-06-30": 6.1, "2018-03-31": 5.6, "2017-12-31": 8.5, "2017-09-30": "7.00000", "2017-06-30": 4.5, "2017-03-31": 4.6, "2016-12-31": 4.9, "2016-09-30": "6.90000", "2016-06-30": 2, "2016-03-31": 3.7, "2015-12-31": 2.5, "2015-09-30": "2.60000", "2015-06-30": 2.6, "2015-03-31": 2.1, "2014-12-31": 2.8, "2014-09-30": "1.50000", "2014-06-30": 1.1, "2014-03-31": 1.1, "2013-12-31": 1.1, "2013-09-30": "1.20000", "2013-06-30": -2.2, "2013-03-31": 2.2, "2012-06-30": 0, "2011-06-30": 0}, "Common Stock Dividends Paid": {"2020-12-31": -4.9, "2020-09-30": "-8.10000", "2020-06-30": -8.1, "2020-03-31": -8.1, "2019-12-31": -8.1, "2019-09-30": "-11.90000", "2019-06-30": 0, "2019-03-31": 0, "2018-12-31": 0, "2018-09-30": "", "2018-06-30": 0, "2018-03-31": 0, "2017-12-31": 0, "2017-09-30": "", "2017-06-30": 0, "2017-03-31": 0, "2016-12-31": 0, "2016-09-30": "", "2016-06-30": 0, "2016-03-31": 0, "2015-12-31": 0, "2015-09-30": "", "2015-06-30": 0, "2015-03-31": 0, "2014-12-31": 0, "2014-09-30": "", "2014-06-30": 0, "2014-03-31": 0, "2013-12-31": 0, "2013-09-30": "", "2013-06-30": 0, "2013-03-31": 0, "2012-06-30": 0, "2011-06-30": 0}}, "financial ratios": {"Current Ratio": {"2020-06-30": "2.56720", "2019-06-30": "2.08110", "2018-06-30": "2.14990", "2017-06-30": "2.25970", "2016-06-30": "2.01990", "2015-06-30": "1.84840", "2014-06-30": "1.51770", "2013-06-30": "1.65510", "2012-06-30": "1.60410", "2011-06-30": ""}, "Long-term Debt / Capital": {"2020-06-30": "0.45660", "2019-06-30": "0.55750", "2018-06-30": "0.70910", "2017-06-30": "0.73960", "2016-06-30": "0.74240", "2015-06-30": "0.74550", "2014-06-30": "1.16070", "2013-06-30": "1.18270", "2012-06-30": "1.15320", "2011-06-30": ""}, "Debt/Equity Ratio": {"2020-06-30": "0.86100", "2019-06-30": "1.29330", "2018-06-30": "2.50420", "2017-06-30": "2.87450", "2016-06-30": "2.92580", "2015-06-30": "2.96660", "2014-06-30": "-7.29050", "2013-06-30": "-6.56010", "2012-06-30": "-7.65180", "2011-06-30": ""}, "Gross Margin": {"2020-06-30": "31.77780", "2019-06-30": "31.97380", "2018-06-30": "30.55130", "2017-06-30": "31.54090", "2016-06-30": "31.79480", "2015-06-30": "33.60830", "2014-06-30": "32.75150", "2013-06-30": "31.58360", "2012-06-30": "32.95960", "2011-06-30": "32.77840"}, "Operating Margin": {"2020-06-30": "12.74600", "2019-06-30": "10.87770", "2018-06-30": "10.91580", "2017-06-30": "11.28460", "2016-06-30": "11.78510", "2015-06-30": "14.19600", "2014-06-30": "13.18050", "2013-06-30": "11.35370", "2012-06-30": "11.68280", "2011-06-30": "12.14910"}, "EBIT Margin": {"2020-06-30": "12.74600", "2019-06-30": "10.87770", "2018-06-30": "10.91580", "2017-06-30": "11.28460", "2016-06-30": "11.78510", "2015-06-30": "14.19600", "2014-06-30": "13.18050", "2013-06-30": "11.35370", "2012-06-30": "11.68280", "2011-06-30": "12.14910"}, "EBITDA Margin": {"2020-06-30": "21.34570", "2019-06-30": "20.52030", "2018-06-30": "18.82360", "2017-06-30": "18.67110", "2016-06-30": "19.64720", "2015-06-30": "22.76050", "2014-06-30": "21.76510", "2013-06-30": "20.86320", "2012-06-30": "20.20300", "2011-06-30": "20.34210"}, "Pre-Tax Profit Margin": {"2020-06-30": "8.41550", "2019-06-30": "6.36620", "2018-06-30": "6.17030", "2017-06-30": "6.53370", "2016-06-30": "7.84050", "2015-06-30": "6.14490", "2014-06-30": "3.68770", "2013-06-30": "-1.32760", "2012-06-30": "1.09750", "2011-06-30": "-0.35250"}, "Net Profit Margin": {"2020-06-30": "5.59090", "2019-06-30": "5.24230", "2018-06-30": "3.39370", "2017-06-30": "5.29050", "2016-06-30": "6.03320", "2015-06-30": "11.59060", "2014-06-30": "0.88640", "2013-06-30": "-2.75510", "2012-06-30": "-1.43970", "2011-06-30": "-3.52530"}, "Asset Turnover": {"2020-06-30": "0.39790", "2019-06-30": "0.40720", "2018-06-30": "0.54370", "2017-06-30": "0.60080", "2016-06-30": "0.59790", "2015-06-30": "0.58340", "2014-06-30": "0.59150", "2013-06-30": "0.61040", "2012-06-30": "0.53990", "2011-06-30": ""}, "Inventory Turnover Ratio": {"2020-06-30": "6.51950", "2019-06-30": "6.65980", "2018-06-30": "8.18170", "2017-06-30": "7.68420", "2016-06-30": "8.14280", "2015-06-30": "9.14600", "2014-06-30": "9.11800", "2013-06-30": "9.86150", "2012-06-30": "9.57200", "2011-06-30": ""}, "Receiveable Turnover": {"2020-06-30": "3.69200", "2019-06-30": "3.63300", "2018-06-30": "4.43220", "2017-06-30": "4.24590", "2016-06-30": "4.45540", "2015-06-30": "4.91620", "2014-06-30": "4.52740", "2013-06-30": "5.02880", "2012-06-30": "5.00980", "2011-06-30": ""}, "Days Sales In Receivables": {"2020-06-30": "98.86130", "2019-06-30": "100.46920", "2018-06-30": "82.35240", "2017-06-30": "85.96510", "2016-06-30": "81.92310", "2015-06-30": "74.24400", "2014-06-30": "80.62070", "2013-06-30": "72.58230", "2012-06-30": "72.85790", "2011-06-30": ""}, "ROE - Return On Equity": {"2020-06-30": "7.61350", "2019-06-30": "8.17080", "2018-06-30": "7.69300", "2017-06-30": "15.17620", "2016-06-30": "17.48700", "2015-06-30": "33.15460", "2014-06-30": "-4.81440", "2013-06-30": "12.40560", "2012-06-30": "-5.16110", "2011-06-30": ""}, "Return On Tangible Equity": {"2020-06-30": "151.06110", "2019-06-30": "-15.91200", "2018-06-30": "-9.77320", "2017-06-30": "-18.49420", "2016-06-30": "-16.98750", "2015-06-30": "-26.40040", "2014-06-30": "-0.98000", "2013-06-30": "2.81850", "2012-06-30": "-1.00650", "2011-06-30": ""}, "ROA - Return On Assets": {"2020-06-30": "2.83800", "2019-06-30": "2.22190", "2018-06-30": "1.84500", "2017-06-30": "3.17860", "2016-06-30": "3.59740", "2015-06-30": "6.69790", "2014-06-30": "0.57930", "2013-06-30": "-1.72570", "2012-06-30": "0.57660", "2011-06-30": ""}, "ROI - Return On Investment": {"2020-06-30": "3.42140", "2019-06-30": "2.65710", "2018-06-30": "2.23760", "2017-06-30": "3.95160", "2016-06-30": "4.50440", "2015-06-30": "8.43840", "2014-06-30": "0.77370", "2013-06-30": "-2.26590", "2012-06-30": "0.79050", "2011-06-30": ""}, "Book Value Per Share": {"2020-06-30": "21.53190", "2019-06-30": "15.70490", "2018-06-30": "8.14620", "2017-06-30": "5.78570", "2016-06-30": "5.09890", "2015-06-30": "5.09970", "2014-06-30": "-4.96920", "2013-06-30": "-5.48560", "2012-06-30": "-4.69130", "2011-06-30": ""}, "Operating Cash Flow Per Share": {"2020-06-30": 0.9654, "2019-06-30": -1.1149, "2018-06-30": 0.4484, "2017-06-30": 1.1293, "2016-06-30": -0.182, "2015-06-30": -0.9264, "2014-06-30": 0.5055, "2013-06-30": 0.6707, "2012-06-30": -0.1688, "2011-06-30": 1.3348}, "Free Cash Flow Per Share": {"2020-06-30": -0.3604, "2019-06-30": -1.2938, "2018-06-30": 0.2344, "2017-06-30": 1.1258, "2016-06-30": -0.114, "2015-06-30": -0.4924, "2014-06-30": 0.5048, "2013-06-30": 0.1459, "2012-06-30": -0.1241, "2011-06-30": 0.2196}}, "financial ratios, quarterly": {"Current Ratio": {"2020-12-31": "2.45990", "2020-09-30": "2.56180", "2020-06-30": "2.56720", "2020-03-31": "1.90390", "2019-12-31": "1.97610", "2019-09-30": "2.05720", "2019-06-30": "2.08110", "2019-03-31": "2.17680", "2018-12-31": "2.08340", "2018-09-30": "2.05380", "2018-06-30": "2.14990", "2018-03-31": "2.17830", "2017-12-31": "2.22210", "2017-09-30": "2.90990", "2017-06-30": "2.25970", "2017-03-31": "2.37990", "2016-12-31": "2.63620", "2016-09-30": "1.71400", "2016-06-30": "2.01990", "2016-03-31": "1.95830", "2015-12-31": "1.99740", "2015-09-30": "1.95860", "2015-06-30": "1.84840", "2015-03-31": "1.78740", "2014-12-31": "1.83980", "2014-09-30": "1.63960", "2014-06-30": "1.51770", "2014-03-31": "1.51800", "2013-12-31": "1.65220", "2013-09-30": "", "2013-06-30": "", "2013-03-31": "", "2012-06-30": "", "2011-06-30": ""}, "Long-term Debt / Capital": {"2020-12-31": "0.43890", "2020-09-30": "0.44800", "2020-06-30": "0.45660", "2020-03-31": "0.51160", "2019-12-31": "0.54880", "2019-09-30": "0.55890", "2019-06-30": "0.55750", "2019-03-31": "0.56630", "2018-12-31": "0.57680", "2018-09-30": "0.59050", "2018-06-30": "0.70910", "2018-03-31": "0.71700", "2017-12-31": "0.72660", "2017-09-30": "0.66720", "2017-06-30": "0.73960", "2017-03-31": "0.75910", "2016-12-31": "0.77290", "2016-09-30": "0.74940", "2016-06-30": "0.74240", "2016-03-31": "0.75370", "2015-12-31": "0.75270", "2015-09-30": "0.75690", "2015-06-30": "0.74550", "2015-03-31": "0.79860", "2014-12-31": "0.79460", "2014-09-30": "0.77970", "2014-06-30": "1.16070", "2014-03-31": "1.17610", "2013-12-31": "1.18270", "2013-09-30": "", "2013-06-30": "", "2013-03-31": "", "2012-06-30": "", "2011-06-30": ""}, "Debt/Equity Ratio": {"2020-12-31": "0.80110", "2020-09-30": "0.83150", "2020-06-30": "0.86100", "2020-03-31": "1.14470", "2019-12-31": "1.24730", "2019-09-30": "1.30010", "2019-06-30": "1.29330", "2019-03-31": "1.34920", "2018-12-31": "1.40750", "2018-09-30": "1.49020", "2018-06-30": "2.50420", "2018-03-31": "2.59930", "2017-12-31": "2.72740", "2017-09-30": "2.02810", "2017-06-30": "2.87450", "2017-03-31": "3.18810", "2016-12-31": "3.44290", "2016-09-30": "3.15260", "2016-06-30": "2.92580", "2016-03-31": "3.10300", "2015-12-31": "3.08310", "2015-09-30": "3.15460", "2015-06-30": "2.96660", "2015-03-31": "4.01920", "2014-12-31": "3.92810", "2014-09-30": "3.61170", "2014-06-30": "-7.29050", "2014-03-31": "-6.74630", "2013-12-31": "-6.56010", "2013-09-30": "", "2013-06-30": "", "2013-03-31": "", "2012-06-30": "", "2011-06-30": ""}, "Gross Margin": {"2020-12-31": "32.74050", "2020-09-30": "29.43120", "2020-06-30": "35.31030", "2020-03-31": "31.39630", "2019-12-31": "32.18740", "2019-09-30": "26.73390", "2019-06-30": "35.34520", "2019-03-31": "32.17810", "2018-12-31": "32.32750", "2018-09-30": "26.91190", "2018-06-30": "34.05810", "2018-03-31": "30.53030", "2017-12-31": "30.90880", "2017-09-30": "25.75840", "2017-06-30": "34.88410", "2017-03-31": "31.43070", "2016-12-31": "30.57680", "2016-09-30": "28.06420", "2016-06-30": "35.28750", "2016-03-31": "28.81280", "2015-12-31": "33.43590", "2015-09-30": "28.72340", "2015-06-30": "35.62050", "2015-03-31": "34.07970", "2014-12-31": "34.24750", "2014-09-30": "29.95460", "2014-06-30": "36.62430", "2014-03-31": "33.48050", "2013-12-31": "31.17770", "2013-09-30": "28.77140", "2013-06-30": "", "2013-03-31": "", "2012-06-30": "", "2011-06-30": ""}, "Operating Margin": {"2020-12-31": "13.89990", "2020-09-30": "9.63700", "2020-06-30": "17.96120", "2020-03-31": "13.25270", "2019-12-31": "12.33710", "2019-09-30": "5.17530", "2019-06-30": "15.08890", "2019-03-31": "10.65590", "2018-12-31": "12.55220", "2018-09-30": "3.69700", "2018-06-30": "14.11060", "2018-03-31": "11.54640", "2017-12-31": "11.26510", "2017-09-30": "5.77310", "2017-06-30": "15.70750", "2017-03-31": "12.12920", "2016-12-31": "9.90280", "2016-09-30": "5.60830", "2016-06-30": "17.08000", "2016-03-31": "7.14610", "2015-12-31": "12.88200", "2015-09-30": "8.74700", "2015-06-30": "17.48680", "2015-03-31": "14.73360", "2014-12-31": "13.69020", "2014-09-30": "10.16020", "2014-06-30": "19.45730", "2014-03-31": "13.28630", "2013-12-31": "10.09760", "2013-09-30": "8.47210", "2013-06-30": "", "2013-03-31": "", "2012-06-30": "", "2011-06-30": ""}, "EBIT Margin": {"2020-12-31": "13.89990", "2020-09-30": "9.63700", "2020-06-30": "17.96120", "2020-03-31": "13.25270", "2019-12-31": "12.33710", "2019-09-30": "5.17530", "2019-06-30": "15.08890", "2019-03-31": "10.65590", "2018-12-31": "12.55220", "2018-09-30": "3.69700", "2018-06-30": "14.11060", "2018-03-31": "11.54640", "2017-12-31": "11.26510", "2017-09-30": "5.77310", "2017-06-30": "15.70750", "2017-03-31": "12.12920", "2016-12-31": "9.90280", "2016-09-30": "5.60830", "2016-06-30": "17.08010", "2016-03-31": "7.14610", "2015-12-31": "12.88200", "2015-09-30": "8.74700", "2015-06-30": "17.48680", "2015-03-31": "14.73360", "2014-12-31": "13.69020", "2014-09-30": "10.16020", "2014-06-30": "19.45730", "2014-03-31": "13.28630", "2013-12-31": "10.09760", "2013-09-30": "8.47210", "2013-06-30": "", "2013-03-31": "", "2012-06-30": "", "2011-06-30": ""}, "EBITDA Margin": {"2020-12-31": "", "2020-09-30": "", "2020-06-30": "", "2020-03-31": "", "2019-12-31": "", "2019-09-30": "", "2019-06-30": "", "2019-03-31": "", "2018-12-31": "", "2018-09-30": "", "2018-06-30": "", "2018-03-31": "", "2017-12-31": "", "2017-09-30": "", "2017-06-30": "", "2017-03-31": "", "2016-12-31": "", "2016-09-30": "", "2016-06-30": "", "2016-03-31": "", "2015-12-31": "", "2015-09-30": "", "2015-06-30": "", "2015-03-31": "", "2014-12-31": "", "2014-09-30": "", "2014-06-30": "", "2014-03-31": "", "2013-12-31": "", "2013-09-30": "", "2013-06-30": "", "2013-03-31": "", "2012-06-30": "", "2011-06-30": ""}, "Pre-Tax Profit Margin": {"2020-12-31": "11.96750", "2020-09-30": "7.96970", "2020-06-30": "18.88980", "2020-03-31": "3.90480", "2019-12-31": "8.10920", "2019-09-30": "-1.02300", "2019-06-30": "10.99630", "2019-03-31": "6.89880", "2018-12-31": "8.23430", "2018-09-30": "-2.42840", "2018-06-30": "13.04540", "2018-03-31": "5.20780", "2017-12-31": "4.61820", "2017-09-30": "0.34930", "2017-06-30": "11.21740", "2017-03-31": "6.51520", "2016-12-31": "5.56130", "2016-09-30": "1.08550", "2016-06-30": "14.58100", "2016-03-31": "3.15070", "2015-12-31": "8.74920", "2015-09-30": "3.23880", "2015-06-30": "12.29170", "2015-03-31": "9.40440", "2014-12-31": "9.23650", "2014-09-30": "-8.19990", "2014-06-30": "10.23870", "2014-03-31": "3.22220", "2013-12-31": "0.99840", "2013-09-30": "-1.15860", "2013-06-30": "", "2013-03-31": "", "2012-06-30": "", "2011-06-30": ""}, "Net Profit Margin": {"2020-12-31": "8.41020", "2020-09-30": "8.13530", "2020-06-30": "14.23600", "2020-03-31": "1.55140", "2019-12-31": "4.75460", "2019-09-30": "-1.20360", "2019-06-30": "9.05330", "2019-03-31": "5.13360", "2018-12-31": "7.86520", "2018-09-30": "-2.60960", "2018-06-30": "12.06770", "2018-03-31": "3.02600", "2017-12-31": "-3.61210", "2017-09-30": "0.69870", "2017-06-30": "10.01780", "2017-03-31": "4.88170", "2016-12-31": "3.59730", "2016-09-30": "1.04030", "2016-06-30": "10.93570", "2016-03-31": "2.44290", "2015-12-31": "6.74870", "2015-09-30": "2.81320", "2015-06-30": "30.13130", "2015-03-31": "7.05330", "2014-12-31": "10.20180", "2014-09-30": "-4.66170", "2014-06-30": "5.23480", "2014-03-31": "1.47870", "2013-12-31": "-4.35670", "2013-09-30": "0.36210", "2013-06-30": "", "2013-03-31": "", "2012-06-30": "", "2011-06-30": ""}, "Asset Turnover": {"2020-12-31": "0.11110", "2020-09-30": "0.10590", "2020-06-30": "0.12190", "2020-03-31": "0.10740", "2019-12-31": "0.11640", "2019-09-30": "0.10860", "2019-06-30": "0.11740", "2019-03-31": "0.13740", "2018-12-31": "0.14030", "2018-09-30": "0.12260", "2018-06-30": "0.15120", "2018-03-31": "0.13790", "2017-12-31": "0.13820", "2017-09-30": "0.14370", "2017-06-30": "0.17860", "2017-03-31": "0.16210", "2016-12-31": "0.15330", "2016-09-30": "0.14140", "2016-06-30": "0.17220", "2016-03-31": "0.14320", "2015-12-31": "0.14990", "2015-09-30": "0.13840", "2015-06-30": "0.16250", "2015-03-31": "0.15020", "2014-12-31": "0.15000", "2014-09-30": "0.14170", "2014-06-30": "0.16810", "2014-03-31": "0.14660", "2013-12-31": "0.14420", "2013-09-30": "", "2013-06-30": "", "2013-03-31": "", "2012-06-30": "", "2011-06-30": ""}, "Inventory Turnover Ratio": {"2020-12-31": "1.32800", "2020-09-30": "1.55300", "2020-06-30": "1.89310", "2020-03-31": "1.75570", "2019-12-31": "1.95990", "2019-09-30": "1.94260", "2019-06-30": "1.82430", "2019-03-31": "1.69550", "2018-12-31": "1.79250", "2018-09-30": "1.71030", "2018-06-30": "2.16120", "2018-03-31": "1.95080", "2017-12-31": "1.96940", "2017-09-30": "2.08140", "2017-06-30": "2.17250", "2017-03-31": "1.88340", "2016-12-31": "1.97760", "2016-09-30": "1.79210", "2016-06-30": "2.22480", "2016-03-31": "1.85930", "2015-12-31": "1.90080", "2015-09-30": "1.99800", "2015-06-30": "2.47100", "2015-03-31": "2.07030", "2014-12-31": "2.07690", "2014-09-30": "2.05760", "2014-06-30": "2.44290", "2014-03-31": "1.94450", "2013-12-31": "2.42830", "2013-09-30": "", "2013-06-30": "", "2013-03-31": "", "2012-06-30": "", "2011-06-30": ""}, "Receiveable Turnover": {"2020-12-31": "1.18060", "2020-09-30": "1.20660", "2020-06-30": "1.13070", "2020-03-31": "1.08860", "2019-12-31": "1.05930", "2019-09-30": "1.02590", "2019-06-30": "1.04700", "2019-03-31": "1.05830", "2018-12-31": "1.13010", "2018-09-30": "1.09640", "2018-06-30": "1.23300", "2018-03-31": "1.23900", "2017-12-31": "1.41690", "2017-09-30": "1.32500", "2017-06-30": "1.26210", "2017-03-31": "1.32290", "2016-12-31": "1.32050", "2016-09-30": "1.17510", "2016-06-30": "1.28300", "2016-03-31": "1.27440", "2015-12-31": "1.37020", "2015-09-30": "1.37250", "2015-06-30": "1.36980", "2015-03-31": "1.34680", "2014-12-31": "1.35490", "2014-09-30": "1.25920", "2014-06-30": "1.28710", "2014-03-31": "1.31640", "2013-12-31": "1.23100", "2013-09-30": "", "2013-06-30": "", "2013-03-31": "", "2012-06-30": "", "2011-06-30": ""}, "Days Sales In Receivables": {"2020-12-31": "76.23520", "2020-09-30": "74.59030", "2020-06-30": "79.60000", "2020-03-31": "82.67550", "2019-12-31": "84.95980", "2019-09-30": "87.72530", "2019-06-30": "85.95700", "2019-03-31": "85.04450", "2018-12-31": "79.64210", "2018-09-30": "82.08950", "2018-06-30": "72.99290", "2018-03-31": "72.64210", "2017-12-31": "63.51810", "2017-09-30": "67.92610", "2017-06-30": "71.31140", "2017-03-31": "68.03230", "2016-12-31": "68.15590", "2016-09-30": "76.58750", "2016-06-30": "70.14660", "2016-03-31": "70.62330", "2015-12-31": "65.68480", "2015-09-30": "65.57450", "2015-06-30": "65.70480", "2015-03-31": "66.82490", "2014-12-31": "66.42390", "2014-09-30": "71.47500", "2014-06-30": "69.92500", "2014-03-31": "68.36900", "2013-12-31": "73.11100", "2013-09-30": "", "2013-06-30": "", "2013-03-31": "", "2012-06-30": "", "2011-06-30": ""}, "ROE - Return On Equity": {"2020-12-31": "2.55820", "2020-09-30": "2.68220", "2020-06-30": "5.31940", "2020-03-31": "0.95530", "2019-12-31": "2.65140", "2019-09-30": "0.00610", "2019-06-30": "4.22810", "2019-03-31": "1.95590", "2018-12-31": "3.13500", "2018-09-30": "-0.94150", "2018-06-30": "7.61020", "2018-03-31": "1.77840", "2017-12-31": "-2.17800", "2017-09-30": "0.36580", "2017-06-30": "8.54180", "2017-03-31": "4.04540", "2016-12-31": "2.95920", "2016-09-30": "0.74860", "2016-06-30": "9.15240", "2016-03-31": "1.77480", "2015-12-31": "5.03790", "2015-09-30": "1.95910", "2015-06-30": "24.21140", "2015-03-31": "6.57840", "2014-12-31": "9.38260", "2014-09-30": "-4.03580", "2014-06-30": "-7.26200", "2014-03-31": "-1.99800", "2013-12-31": "4.60640", "2013-09-30": "", "2013-06-30": "", "2013-03-31": "", "2012-06-30": "", "2011-06-30": ""}, "Return On Tangible Equity": {"2020-12-31": "17.76170", "2020-09-30": "25.91190", "2020-06-30": "105.54420", "2020-03-31": "-3.71690", "2019-12-31": "-5.90140", "2019-09-30": "-0.01190", "2019-06-30": "-8.23390", "2019-03-31": "-9.24200", "2018-12-31": "-11.15160", "2018-09-30": "2.78260", "2018-06-30": "-9.66800", "2018-03-31": "-2.01610", "2017-12-31": "2.22380", "2017-09-30": "-1.26670", "2017-06-30": "-10.40930", "2017-03-31": "-3.87770", "2016-12-31": "-2.47020", "2016-09-30": "-0.62420", "2016-06-30": "-8.89090", "2016-03-31": "-1.45840", "2015-12-31": "-4.06640", "2015-09-30": "-1.48290", "2015-06-30": "-19.27910", "2015-03-31": "-3.25820", "2014-12-31": "-4.70130", "2014-09-30": "2.21660", "2014-06-30": "-1.47820", "2014-03-31": "-0.43200", "2013-12-31": "1.04660", "2013-09-30": "", "2013-06-30": "", "2013-03-31": "", "2012-06-30": "", "2011-06-30": ""}, "ROA - Return On Assets": {"2020-12-31": "1.07830", "2020-09-30": "1.03200", "2020-06-30": "1.98290", "2020-03-31": "0.29520", "2019-12-31": "0.73440", "2019-09-30": "0.00160", "2019-06-30": "1.14970", "2019-03-31": "0.70550", "2018-12-31": "1.10320", "2018-09-30": "-0.32000", "2018-06-30": "1.82520", "2018-03-31": "0.41720", "2017-12-31": "-0.49920", "2017-09-30": "0.10040", "2017-06-30": "1.78910", "2017-03-31": "0.79140", "2016-12-31": "0.55160", "2016-09-30": "0.14710", "2016-06-30": "1.88280", "2016-03-31": "0.34990", "2015-12-31": "1.00820", "2015-09-30": "0.38280", "2015-06-30": "4.89120", "2015-03-31": "1.03560", "2014-12-31": "1.52070", "2014-09-30": "-0.68780", "2014-06-30": "0.87370", "2014-03-31": "0.25880", "2013-12-31": "-0.61830", "2013-09-30": "", "2013-06-30": "", "2013-03-31": "", "2012-06-30": "", "2011-06-30": ""}, "ROI - Return On Investment": {"2020-12-31": "1.30030", "2020-09-30": "1.23650", "2020-06-30": "2.39050", "2020-03-31": "0.36530", "2019-12-31": "0.88400", "2019-09-30": "0.00200", "2019-06-30": "1.37500", "2019-03-31": "0.84830", "2018-12-31": "1.32680", "2018-09-30": "-0.38550", "2018-06-30": "2.21350", "2018-03-31": "0.50330", "2017-12-31": "-0.59540", "2017-09-30": "0.12170", "2017-06-30": "2.22410", "2017-03-31": "0.97450", "2016-12-31": "0.67200", "2016-09-30": "0.18760", "2016-06-30": "2.35750", "2016-03-31": "0.43710", "2015-12-31": "1.24610", "2015-09-30": "0.47620", "2015-06-30": "6.16220", "2015-03-31": "1.32460", "2014-12-31": "1.92680", "2014-09-30": "-0.88910", "2014-06-30": "1.16700", "2014-03-31": "0.35190", "2013-12-31": "-0.84140", "2013-09-30": "", "2013-06-30": "", "2013-03-31": "", "2012-06-30": "", "2011-06-30": ""}, "Book Value Per Share": {"2020-12-31": "22.42500", "2020-09-30": "22.34930", "2020-06-30": "21.53190", "2020-03-31": "18.03940", "2019-12-31": "15.86540", "2019-09-30": "15.43020", "2019-06-30": "15.70490", "2019-03-31": "11.12300", "2018-12-31": "10.73320", "2018-09-30": "10.53150", "2018-06-30": "8.14620", "2018-03-31": "8.01090", "2017-12-31": "7.54210", "2017-09-30": "7.81990", "2017-06-30": "5.78570", "2017-03-31": "5.14460", "2016-12-31": "4.71260", "2016-09-30": "4.92590", "2016-06-30": "5.09890", "2016-03-31": "4.83650", "2015-12-31": "4.87780", "2015-09-30": "4.79590", "2015-06-30": "5.09970", "2015-03-31": "3.76990", "2014-12-31": "3.97690", "2014-09-30": "4.06490", "2014-06-30": "-4.96920", "2014-03-31": "-5.35290", "2013-12-31": "-5.48560", "2013-09-30": "", "2013-06-30": "", "2013-03-31": "", "2012-06-30": "", "2011-06-30": ""}, "Operating Cash Flow Per Share": {"2020-12-31": 0.4226, "2020-09-30": "0.89890", "2020-06-30": 0.9136, "2020-03-31": 0.7605, "2019-12-31": 0.8149, "2019-09-30": "0.17300", "2019-06-30": 0.6077, "2019-03-31": 0.5127, "2018-12-31": 0.2864, "2018-09-30": "0.28980", "2018-06-30": 0.8042, "2018-03-31": 0.6838, "2017-12-31": 0.6685, "2017-09-30": "0.65500", "2017-06-30": 0.7913, "2017-03-31": 0.8124, "2016-12-31": 0.3769, "2016-09-30": "0.38250", "2016-06-30": 0.2686, "2016-03-31": 0.397, "2015-12-31": 0.2124, "2015-09-30": "0.35580", "2015-06-30": 0.6658, "2015-03-31": 0.7468, "2014-12-31": 0.3803, "2014-09-30": "-0.37710", "2014-06-30": 1.1163, "2014-03-31": 0.6875, "2013-12-31": 0.207, "2013-09-30": "0.33140", "2013-06-30": 0, "2013-03-31": 0, "2012-06-30": 0, "2011-06-30": 0}, "Free Cash Flow Per Share": {"2020-12-31": -0.6794, "2020-09-30": "0.00060", "2020-06-30": 0.0804, "2020-03-31": -0.1919, "2019-12-31": 0.2889, "2019-09-30": "-0.33160", "2019-06-30": -0.0016, "2019-03-31": 0.186, "2018-12-31": 0.0014, "2018-09-30": "0.02040", "2018-06-30": 0.3506, "2018-03-31": 0.4358, "2017-12-31": 0.3927, "2017-09-30": "0.32090", "2017-06-30": 0.3807, "2017-03-31": 0.5432, "2016-12-31": 0.1785, "2016-09-30": "0.16320", "2016-06-30": 0.0317, "2016-03-31": 0.1955, "2015-12-31": -0.1801, "2015-09-30": "0.09270", "2015-06-30": 0.3647, "2015-03-31": 0.452, "2014-12-31": 0.1099, "2014-09-30": "-0.67280", "2014-06-30": 0.3244, "2014-03-31": 0.4031, "2013-12-31": -0.0733, "2013-09-30": "0.09200", "2013-06-30": 0, "2013-03-31": 0, "2012-06-30": 0, "2011-06-30": 0}}, "revenue": {"Catalent Annual Revenue (Millions of US $)": {"2020": "$3,094", "2019": "$2,518", "2018": "$2,463", "2017": "$2,075", "2016": "$1,848", "2015": "$1,831", "2014": "$1,828", "2013": "$1,800", "2012": "$1,695", "2011": "$1,532"}, "Catalent Quarterly Revenue (Millions of US $)": {"2020-12-31": "$911", "2020-09-30": "$846", "2020-06-30": "$948", "2020-03-31": "$761", "2019-12-31": "$721", "2019-09-30": "$665", "2019-06-30": "$726", "2019-03-31": "$618", "2018-12-31": "$623", "2018-09-30": "$552", "2018-06-30": "$685", "2018-03-31": "$628", "2017-12-31": "$606", "2017-09-30": "$544", "2017-06-30": "$617", "2017-03-31": "$533", "2016-12-31": "$484", "2016-09-30": "$442", "2016-06-30": "$532", "2016-03-31": "$438", "2015-12-31": "$455", "2015-09-30": "$423", "2015-06-30": "$510", "2015-03-31": "$447", "2014-12-31": "$456", "2014-09-30": "$418", "2014-06-30": "$520", "2014-03-31": "$453", "2013-12-31": "$441", "2013-09-30": "$414", "2013-06-30": "", "2013-03-31": "", "2012-06-30": "", "2011-06-30": ""}}, "gross-profit": {"Catalent Annual Gross Profit (Millions of US $)": {"2020": "$983", "2019": "$805", "2018": "$753", "2017": "$655", "2016": "$588", "2015": "$615", "2014": "$599", "2013": "$569", "2012": "$559", "2011": "$502"}, "Catalent Quarterly Gross Profit (Millions of US $)": {"2020-12-31": "$298", "2020-09-30": "$249", "2020-06-30": "$335", "2020-03-31": "$239", "2019-12-31": "$232", "2019-09-30": "$178", "2019-06-30": "$257", "2019-03-31": "$199", "2018-12-31": "$201", "2018-09-30": "$149", "2018-06-30": "$233", "2018-03-31": "$192", "2017-12-31": "$187", "2017-09-30": "$140", "2017-06-30": "$215", "2017-03-31": "$167", "2016-12-31": "$148", "2016-09-30": "$124", "2016-06-30": "$188", "2016-03-31": "$126", "2015-12-31": "$152", "2015-09-30": "$122", "2015-06-30": "$182", "2015-03-31": "$152", "2014-12-31": "$156", "2014-09-30": "$125", "2014-06-30": "$190", "2014-03-31": "$152", "2013-12-31": "$137", "2013-09-30": "$119", "2013-06-30": "", "2013-03-31": "", "2012-06-30": "", "2011-06-30": ""}}, "operating-income": {"Catalent Annual Operating Income (Millions of US $)": {"2020": "$394", "2019": "$274", "2018": "$269", "2017": "$234", "2016": "$218", "2015": "$260", "2014": "$241", "2013": "$204", "2012": "$198", "2011": "$186"}, "Catalent Quarterly Operating Income (Millions of US $)": {"2020-12-31": "$127", "2020-09-30": "$82", "2020-06-30": "$170", "2020-03-31": "$101", "2019-12-31": "$89", "2019-09-30": "$34", "2019-06-30": "$110", "2019-03-31": "$66", "2018-12-31": "$78", "2018-09-30": "$20", "2018-06-30": "$97", "2018-03-31": "$73", "2017-12-31": "$68", "2017-09-30": "$31", "2017-06-30": "$97", "2017-03-31": "$65", "2016-12-31": "$48", "2016-09-30": "$25", "2016-06-30": "$91", "2016-03-31": "$31", "2015-12-31": "$59", "2015-09-30": "$37", "2015-06-30": "$89", "2015-03-31": "$66", "2014-12-31": "$62", "2014-09-30": "$43", "2014-06-30": "$101", "2014-03-31": "$60", "2013-12-31": "$45", "2013-09-30": "$35", "2013-06-30": "", "2013-03-31": "", "2012-06-30": "", "2011-06-30": ""}}, "ebitda": {"Catalent Annual EBITDA (Millions of US $)": {"2020": "$661", "2019": "$517", "2018": "$464", "2017": "$388", "2016": "$363", "2015": "$417", "2014": "$398", "2013": "$376", "2012": "$342", "2011": "$312"}, "Catalent Quarterly EBITDA (Millions of US $)": {"2020-12-31": "$199", "2020-09-30": "$152", "2020-06-30": "$238", "2020-03-31": "$173", "2019-12-31": "$153", "2019-09-30": "$97", "2019-06-30": "$171", "2019-03-31": "$133", "2018-12-31": "$134", "2018-09-30": "$79", "2018-06-30": "$150", "2018-03-31": "$125", "2017-12-31": "$116", "2017-09-30": "$72", "2017-06-30": "$137", "2017-03-31": "$102", "2016-12-31": "$87", "2016-09-30": "$62", "2016-06-30": "$127", "2016-03-31": "$67", "2015-12-31": "$95", "2015-09-30": "$74", "2015-06-30": "$127", "2015-03-31": "$101", "2014-12-31": "$99", "2014-09-30": "$90", "2014-06-30": "$141", "2014-03-31": "$98", "2013-12-31": "$85", "2013-09-30": "$75", "2013-06-30": "", "2013-03-31": "", "2012-06-30": "", "2011-06-30": ""}}, "net-income": {"Catalent Annual Net Income (Millions of US $)": {"2020": "$173", "2019": "$132", "2018": "$84", "2017": "$110", "2016": "$112", "2015": "$212", "2014": "$16", "2013": "$-50", "2012": "$-24", "2011": "$-54"}, "Catalent Quarterly Net Income (Millions of US $)": {"2020-12-31": "$77", "2020-09-30": "$69", "2020-06-30": "$135", "2020-03-31": "$12", "2019-12-31": "$34", "2019-09-30": "$-8", "2019-06-30": "$66", "2019-03-31": "$32", "2018-12-31": "$49", "2018-09-30": "$-14", "2018-06-30": "$83", "2018-03-31": "$19", "2017-12-31": "$-22", "2017-09-30": "$4", "2017-06-30": "$62", "2017-03-31": "$26", "2016-12-31": "$17", "2016-09-30": "$5", "2016-06-30": "$58", "2016-03-31": "$11", "2015-12-31": "$31", "2015-09-30": "$12", "2015-06-30": "$154", "2015-03-31": "$32", "2014-12-31": "$47", "2014-09-30": "$-20", "2014-06-30": "$27", "2014-03-31": "$7", "2013-12-31": "$-19", "2013-09-30": "$2", "2013-06-30": "", "2013-03-31": "", "2012-06-30": "", "2011-06-30": ""}}, "eps-earnings-per-share-diluted": {"Catalent Annual EPS": {"2020": "$1.14", "2019": "$0.90", "2018": "$0.63", "2017": "$0.87", "2016": "$0.89", "2015": "$1.75", "2014": "$0.21", "2013": "$-0.66", "2012": "$-0.32", "2011": "$-0.72"}, "Catalent Quarterly EPS": {"2020-12-31": "$0.45", "2020-09-30": "$0.41", "2020-06-30": "$0.88", "2020-03-31": "$0.08", "2019-12-31": "$0.23", "2019-09-30": "$-0.05", "2019-06-30": "$0.45", "2019-03-31": "$0.22", "2018-12-31": "$0.33", "2018-09-30": "$-0.10", "2018-06-30": "$0.62", "2018-03-31": "$0.14", "2017-12-31": "$-0.16", "2017-09-30": "$0.03", "2017-06-30": "$0.48", "2017-03-31": "$0.21", "2016-12-31": "$0.14", "2016-09-30": "$0.04", "2016-06-30": "$0.47", "2016-03-31": "$0.09", "2015-12-31": "$0.24", "2015-09-30": "$0.09", "2015-06-30": "$1.31", "2015-03-31": "$0.25", "2014-12-31": "$0.37", "2014-09-30": "$-0.18", "2014-06-30": "$0.36", "2014-03-31": "$0.09", "2013-12-31": "$-0.26", "2013-09-30": "$0.02", "2013-06-30": "$0.00", "2013-03-31": "$0.00", "2012-06-30": "$0.00", "2011-06-30": "$0.00"}}, "shares-outstanding": {"Catalent Annual Shares Outstanding (Millions of Shares)": {"2020": "165", "2019": "146", "2018": "133", "2017": "127", "2016": "126", "2015": "121", "2014": "76", "2013": "75", "2012": "75", "2011": "75"}, "Catalent Quarterly Shares Outstanding (Millions of Shares)": {"2020-12-31": "169", "2020-09-30": "167", "2020-06-30": "165", "2020-03-31": "153", "2019-12-31": "148", "2019-09-30": "146", "2019-06-30": "146", "2019-03-31": "147", "2018-12-31": "147", "2018-09-30": "142", "2018-06-30": "133", "2018-03-31": "135", "2017-12-31": "133", "2017-09-30": "128", "2017-06-30": "127", "2017-03-31": "127", "2016-12-31": "126", "2016-09-30": "126", "2016-06-30": "126", "2016-03-31": "126", "2015-12-31": "126", "2015-09-30": "126", "2015-06-30": "121", "2015-03-31": "126", "2014-12-31": "126", "2014-09-30": "106", "2014-06-30": "76", "2014-03-31": "76", "2013-12-31": "75", "2013-09-30": "76", "2013-06-30": "", "2013-03-31": "", "2012-06-30": "", "2011-06-30": ""}}, "total-assets": {"Catalent Annual Total Assets (Millions of US $)": {"2020": "$7,777", "2019": "$6,184", "2018": "$4,531", "2017": "$3,454", "2016": "$3,091", "2015": "$3,138", "2014": "$3,090", "2013": "$2,950", "2012": "$3,139", "2011": "$0"}, "Catalent Quarterly Total Assets (Millions of US $)": {"2020-12-31": "$8,198", "2020-09-30": "$7,984", "2020-06-30": "$7,777", "2020-03-31": "$7,080", "2019-12-31": "$6,195", "2019-09-30": "$6,120", "2019-06-30": "$6,184", "2019-03-31": "$4,493", "2018-12-31": "$4,442", "2018-09-30": "$4,500", "2018-06-30": "$4,531", "2018-03-31": "$4,554", "2017-12-31": "$4,387", "2017-09-30": "$3,785", "2017-06-30": "$3,454", "2017-03-31": "$3,285", "2016-12-31": "$3,154", "2016-09-30": "$3,128", "2016-06-30": "$3,091", "2016-03-31": "$3,058", "2015-12-31": "$3,035", "2015-09-30": "$3,056", "2015-06-30": "$3,138", "2015-03-31": "$2,974", "2014-12-31": "$3,038", "2014-09-30": "$2,951", "2014-06-30": "$3,090", "2014-03-31": "$3,091", "2013-12-31": "$3,057", "2013-09-30": "$0", "2013-06-30": "$2,950", "2013-03-31": "$0", "2012-06-30": "$3,139", "2011-06-30": "$0"}}, "cash-on-hand": {"Catalent Annual Cash on Hand (Millions of US $)": {"2020": "$953", "2019": "$345", "2018": "$410", "2017": "$288", "2016": "$132", "2015": "$151", "2014": "$74", "2013": "$106", "2012": "$139", "2011": "$"}, "Catalent Quarterly Cash on Hand (Millions of US $)": {"2020-12-31": "$833", "2020-09-30": "$1,007", "2020-06-30": "$953", "2020-03-31": "$608", "2019-12-31": "$189", "2019-09-30": "$243", "2019-06-30": "$345", "2019-03-31": "$228", "2018-12-31": "$208", "2018-09-30": "$266", "2018-06-30": "$410", "2018-03-31": "$392", "2017-12-31": "$330", "2017-09-30": "$601", "2017-06-30": "$288", "2017-03-31": "$241", "2016-12-31": "$256", "2016-09-30": "$132", "2016-06-30": "$132", "2016-03-31": "$134", "2015-12-31": "$116", "2015-09-30": "$151", "2015-06-30": "$151", "2015-03-31": "$116", "2014-12-31": "$84", "2014-09-30": "$63", "2014-06-30": "$74", "2014-03-31": "$56", "2013-12-31": "$106", "2013-09-30": "", "2013-06-30": "$106", "2013-03-31": "", "2012-06-30": "$139", "2011-06-30": ""}}, "long-term-debt": {"Catalent Annual Long Term Debt (Millions of US $)": {"2020": "$2,945", "2019": "$2,883", "2018": "$2,649", "2017": "$2,055", "2016": "$1,833", "2015": "$1,857", "2014": "$2,685", "2013": "$2,657", "2012": "$2,640", "2011": "$"}, "Catalent Quarterly Long Term Debt (Millions of US $)": {"2020-12-31": "$2,984", "2020-09-30": "$2,985", "2020-06-30": "$2,945", "2020-03-31": "$2,927", "2019-12-31": "$2,825", "2019-09-30": "$2,859", "2019-06-30": "$2,883", "2019-03-31": "$2,116", "2018-12-31": "$2,130", "2018-09-30": "$2,206", "2018-06-30": "$2,649", "2018-03-31": "$2,707", "2017-12-31": "$2,673", "2017-09-30": "$2,083", "2017-06-30": "$2,055", "2017-03-31": "$2,025", "2016-12-31": "$2,001", "2016-09-30": "$1,838", "2016-06-30": "$1,833", "2016-03-31": "$1,845", "2015-12-31": "$1,848", "2015-09-30": "$1,860", "2015-06-30": "$1,857", "2015-03-31": "$1,857", "2014-12-31": "$1,905", "2014-09-30": "$1,780", "2014-06-30": "$2,685", "2014-03-31": "$2,674", "2013-12-31": "$2,657", "2013-09-30": "", "2013-06-30": "$2,657", "2013-03-31": "", "2012-06-30": "$2,640", "2011-06-30": ""}}, "total-liabilities": {"Catalent Annual Total Liabilities (Millions of US $)": {"2020": "$4,271", "2019": "$3,896", "2018": "$3,444", "2017": "$2,731", "2016": "$2,455", "2015": "$2,504", "2014": "$3,462", "2013": "$3,360", "2012": "$3,490", "2011": "$0"}, "Catalent Quarterly Total Liabilities (Millions of US $)": {"2020-12-31": "$4,384", "2020-09-30": "$4,306", "2020-06-30": "$4,271", "2020-03-31": "$4,285", "2019-12-31": "$3,873", "2019-09-30": "$3,864", "2019-06-30": "$3,896", "2019-03-31": "$2,872", "2018-12-31": "$2,879", "2018-09-30": "$2,970", "2018-06-30": "$3,444", "2018-03-31": "$3,486", "2017-12-31": "$3,382", "2017-09-30": "$2,746", "2017-06-30": "$2,731", "2017-03-31": "$2,643", "2016-12-31": "$2,566", "2016-09-30": "$2,514", "2016-06-30": "$2,455", "2016-03-31": "$2,455", "2015-12-31": "$2,428", "2015-09-30": "$2,459", "2015-06-30": "$2,504", "2015-03-31": "$2,506", "2014-12-31": "$2,546", "2014-09-30": "$2,448", "2014-06-30": "$3,462", "2014-03-31": "$3,491", "2013-12-31": "$3,467", "2013-09-30": "$0", "2013-06-30": "$3,360", "2013-03-31": "$0", "2012-06-30": "$3,490", "2011-06-30": "$0"}}, "total-share-holder-equity": {"Catalent Annual Share Holder Equity (Millions of US $)": {"2020": "$3,505", "2019": "$2,288", "2018": "$1,087", "2017": "$724", "2016": "$636", "2015": "$634", "2014": "$-372", "2013": "$-410", "2012": "$-351", "2011": "$0"}, "Catalent Quarterly Share Holder Equity (Millions of US $)": {"2020-12-31": "$3,815", "2020-09-30": "$3,679", "2020-06-30": "$3,505", "2020-03-31": "$2,794", "2019-12-31": "$2,323", "2019-09-30": "$2,256", "2019-06-30": "$2,288", "2019-03-31": "$1,621", "2018-12-31": "$1,563", "2018-09-30": "$1,529", "2018-06-30": "$1,087", "2018-03-31": "$1,068", "2017-12-31": "$1,006", "2017-09-30": "$1,039", "2017-06-30": "$724", "2017-03-31": "$643", "2016-12-31": "$588", "2016-09-30": "$615", "2016-06-30": "$636", "2016-03-31": "$603", "2015-12-31": "$607", "2015-09-30": "$597", "2015-06-30": "$634", "2015-03-31": "$468", "2014-12-31": "$492", "2014-09-30": "$503", "2014-06-30": "$-372", "2014-03-31": "$-400", "2013-12-31": "$-410", "2013-09-30": "$0", "2013-06-30": "$-410", "2013-03-31": "$0", "2012-06-30": "$-351", "2011-06-30": "$0"}}, "profit-margins": {"current": "9.98%"}, "gross margin": {"2020-12-31": "32.34%", "2020-09-30": "32.20%", "2020-06-30": "31.79%", "2020-03-31": "31.50%", "2019-12-31": "31.68%", "2019-09-30": "31.69%", "2019-06-30": "31.96%", "2019-03-31": "31.56%", "2018-12-31": "31.15%", "2018-09-30": "30.80%", "2018-06-30": "30.53%", "2018-03-31": "30.65%", "2017-12-31": "30.83%", "2017-09-30": "30.76%", "2017-06-30": "31.50%", "2017-03-31": "31.49%", "2016-12-31": "30.91%", "2016-09-30": "31.60%", "2016-06-30": "31.82%", "2016-03-31": "31.87%", "2015-12-31": "33.13%", "2015-09-30": "33.33%", "2015-06-30": "33.59%", "2015-03-31": "33.84%", "2014-12-31": "33.73%", "2014-09-30": "32.97%", "2014-06-30": "32.71%"}, "operating margin": {"2020-12-31": "13.85%", "2020-09-30": "13.49%", "2020-06-30": "12.73%", "2020-03-31": "11.59%", "2019-12-31": "10.92%", "2019-09-30": "10.90%", "2019-06-30": "10.84%", "2019-03-31": "10.53%", "2018-12-31": "10.77%", "2018-09-30": "10.44%", "2018-06-30": "10.92%", "2018-03-31": "11.23%", "2017-12-31": "11.35%", "2017-09-30": "11.07%", "2017-06-30": "11.32%", "2017-03-31": "11.50%", "2016-12-31": "10.28%", "2016-09-30": "11.03%", "2016-06-30": "11.80%", "2016-03-31": "11.83%", "2015-12-31": "13.68%", "2015-09-30": "13.83%", "2015-06-30": "14.20%", "2015-03-31": "14.77%", "2014-12-31": "14.40%", "2014-09-30": "13.59%", "2014-06-30": "13.18%"}, "ebitda margin": {"2020-12-31": "21.98%", "2020-09-30": "21.86%", "2020-06-30": "21.36%", "2020-03-31": "20.68%", "2019-12-31": "20.29%", "2019-09-30": "20.33%", "2019-06-30": "20.52%", "2019-03-31": "20.02%", "2018-12-31": "19.61%", "2018-09-30": "19.02%", "2018-06-30": "18.80%", "2018-03-31": "18.79%", "2017-12-31": "18.57%", "2017-09-30": "18.27%", "2017-06-30": "18.69%", "2017-03-31": "18.99%", "2016-12-31": "18.09%", "2016-09-30": "18.80%", "2016-06-30": "19.64%", "2016-03-31": "19.88%", "2015-12-31": "21.63%", "2015-09-30": "21.84%", "2015-06-30": "22.77%", "2015-03-31": "23.41%", "2014-12-31": "23.17%", "2014-09-30": "22.60%", "2014-06-30": "21.83%"}, "pre tax profit margin": {"2020-12-31": "11.11%", "2020-09-30": "10.23%", "2020-06-30": "8.43%", "2020-03-31": "5.64%", "2019-12-31": "6.41%", "2019-09-30": "6.34%", "2019-06-30": "6.39%", "2019-03-31": "6.86%", "2018-12-31": "6.43%", "2018-09-30": "5.54%", "2018-06-30": "6.17%", "2018-03-31": "5.51%", "2017-12-31": "5.83%", "2017-09-30": "6.11%", "2017-06-30": "6.55%", "2017-03-31": "7.28%", "2016-12-31": "6.54%", "2016-09-30": "7.34%", "2016-06-30": "7.90%", "2016-03-31": "7.17%", "2015-12-31": "8.66%", "2015-09-30": "8.77%", "2015-06-30": "6.17%", "2015-03-31": "5.59%", "2014-12-31": "4.11%", "2014-09-30": "2.07%", "2014-06-30": "3.67%"}, "net profit margin": {"2020-12-31": "8.45%", "2020-09-30": "7.63%", "2020-06-30": "5.59%", "2020-03-31": "3.62%", "2019-12-31": "4.54%", "2019-09-30": "5.28%", "2019-06-30": "5.28%", "2019-03-31": "6.05%", "2018-12-31": "5.51%", "2018-09-30": "2.67%", "2018-06-30": "3.41%", "2018-03-31": "2.63%", "2017-12-31": "3.04%", "2017-09-30": "5.00%", "2017-06-30": "5.30%", "2017-03-31": "5.32%", "2016-12-31": "4.80%", "2016-09-30": "5.62%", "2016-06-30": "6.06%", "2016-03-31": "11.39%", "2015-12-31": "12.48%", "2015-09-30": "13.34%", "2015-06-30": "11.63%", "2015-03-31": "4.67%", "2014-12-31": "3.30%", "2014-09-30": "-0.27%", "2014-06-30": "0.93%"}, "pe ratio": {"current": "51.43", "2021-02-11": "91.79", "2020-12-31": "77.66", "2020-09-30": "54.56", "2020-06-30": "66.04", "2020-03-31": "74.21", "2019-12-31": "67.02", "2019-09-30": "50.70", "2019-06-30": "60.91", "2019-03-31": "38.29", "2018-12-31": "31.82", "2018-09-30": "92.96", "2018-06-30": "67.56", "2018-03-31": "82.12", "2017-12-31": "72.07", "2017-09-30": "45.89", "2017-06-30": "39.89", "2017-03-31": "33.32", "2016-12-31": "37.44", "2016-09-30": "31.51", "2016-06-30": "27.05", "2016-03-31": "16.57", "2015-12-31": "14.06", "2015-09-30": "12.72", "2015-06-30": "17.67"}, "price sales": {"2021-02-11": "5.81", "2020-12-31": "4.92", "2020-09-30": "4.15", "2020-06-30": "3.64", "2020-03-31": "2.68", "2019-12-31": "3.02", "2019-09-30": "2.65", "2019-06-30": "3.13", "2019-03-31": "2.32", "2018-12-31": "1.74", "2018-09-30": "2.50", "2018-06-30": "2.25", "2018-03-31": "2.24", "2017-12-31": "2.30", "2017-09-30": "2.33", "2017-06-30": "2.14", "2017-03-31": "1.80", "2016-12-31": "1.79", "2016-09-30": "1.74", "2016-06-30": "1.57", "2016-03-31": "1.82", "2015-12-31": "1.70", "2015-09-30": "1.65", "2015-06-30": "1.91"}, "price book": {"current": "5.62", "2021-02-11": "5.48", "2020-12-31": "4.64", "2020-09-30": "3.83", "2020-06-30": "3.40", "2020-03-31": "2.88", "2019-12-31": "3.55", "2019-09-30": "3.09", "2019-06-30": "3.45", "2019-03-31": "3.65", "2018-12-31": "2.91", "2018-09-30": "4.33", "2018-06-30": "5.14", "2018-03-31": "5.13", "2017-12-31": "5.45", "2017-09-30": "5.10", "2017-06-30": "6.07", "2017-03-31": "5.50", "2016-12-31": "5.72", "2016-09-30": "5.25", "2016-06-30": "4.51", "2016-03-31": "5.51", "2015-12-31": "5.13", "2015-09-30": "5.07", "2015-06-30": "5.75", "2015-03-31": "8.26", "2014-12-31": "7.01", "2014-09-30": "6.16"}, "price fcf": {"2021-02-11": "", "2020-12-31": "$-0.79", "2020-09-30": "$0.18", "2020-06-30": "$-0.15", "2020-03-31": "$-0.24", "2019-12-31": "$0.14", "2019-09-30": "$-0.15", "2019-06-30": "$0.21", "2019-03-31": "$0.56", "2018-12-31": "$0.81", "2018-09-30": "$1.20", "2018-06-30": "$1.50", "2018-03-31": "$1.53", "2017-12-31": "$1.64", "2017-09-30": "$1.42", "2017-06-30": "$1.27", "2017-03-31": "$0.92", "2016-12-31": "$0.57", "2016-09-30": "$0.21", "2016-06-30": "$0.14", "2016-03-31": "$0.47", "2015-12-31": "$0.73", "2015-09-30": "$1.02", "2015-06-30": "$0.25"}, "net worth": {"value": "$19.43B"}, "current ratio": {"current": "2.46", "2020-12-31": "2.46", "2020-09-30": "2.56", "2020-06-30": "2.57", "2020-03-31": "1.90", "2019-12-31": "1.98", "2019-09-30": "2.06", "2019-06-30": "2.08", "2019-03-31": "2.18", "2018-12-31": "2.08", "2018-09-30": "2.05", "2018-06-30": "2.15", "2018-03-31": "2.18", "2017-12-31": "2.22", "2017-09-30": "2.91", "2017-06-30": "2.26", "2017-03-31": "2.38", "2016-12-31": "2.64", "2016-09-30": "1.71", "2016-06-30": "2.02", "2016-03-31": "1.96", "2015-12-31": "2.00", "2015-09-30": "1.96", "2015-06-30": "1.85", "2015-03-31": "1.79", "2014-12-31": "1.84", "2014-09-30": "1.64", "2014-06-30": "1.52", "2014-03-31": "1.52", "2013-12-31": "1.65", "2013-09-30": "0.00", "2013-06-30": "1.66", "2013-03-31": "0.00", "2012-06-30": "1.60", "2011-06-30": "0.00"}, "quick ratio": {"2020-12-31": "2.01", "2020-09-30": "2.14", "2020-06-30": "2.21", "2020-03-31": "1.58", "2019-12-31": "1.60", "2019-09-30": "1.65", "2019-06-30": "1.70", "2019-03-31": "1.71", "2018-12-31": "1.63", "2018-09-30": "1.61", "2018-06-30": "1.79", "2018-03-31": "1.78", "2017-12-31": "1.78", "2017-09-30": "2.49", "2017-06-30": "1.87", "2017-03-31": "1.88", "2016-12-31": "2.13", "2016-09-30": "1.32", "2016-06-30": "1.62", "2016-03-31": "1.51", "2015-12-31": "1.53", "2015-09-30": "1.53", "2015-06-30": "1.52", "2015-03-31": "1.40", "2014-12-31": "1.42", "2014-09-30": "1.26", "2014-06-30": "1.22", "2014-03-31": "1.14", "2013-12-31": "1.35", "2013-09-30": "0.00", "2013-06-30": "1.35", "2013-03-31": "0.00", "2012-06-30": "1.33", "2011-06-30": "0.00"}, "debt equity ratio": {"current": "0.86", "2020-12-31": "1.15", "2020-09-30": "1.17", "2020-06-30": "1.22", "2020-03-31": "1.53", "2019-12-31": "1.67", "2019-09-30": "1.71", "2019-06-30": "1.70", "2019-03-31": "1.77", "2018-12-31": "1.84", "2018-09-30": "1.94", "2018-06-30": "3.17", "2018-03-31": "3.26", "2017-12-31": "3.36", "2017-09-30": "2.64", "2017-06-30": "3.77", "2017-03-31": "4.11", "2016-12-31": "4.36", "2016-09-30": "4.09", "2016-06-30": "3.86", "2016-03-31": "4.07", "2015-12-31": "4.00", "2015-09-30": "4.12", "2015-06-30": "3.95", "2015-03-31": "5.35", "2014-12-31": "5.17", "2014-09-30": "4.87", "2014-06-30": "-9.31", "2014-03-31": "-8.72", "2013-12-31": "-8.45", "2013-09-30": "0.00", "2013-06-30": "-8.19", "2013-03-31": "0.00", "2012-06-30": "-9.95", "2011-06-30": "0.00"}, "return on equity": {"2020-12-31": "8.50%", "2020-09-30": "8.13%", "2020-06-30": "6.36%", "2020-03-31": "4.31%", "2019-12-31": "5.84%", "2019-09-30": "7.19%", "2019-06-30": "7.60%", "2019-03-31": "10.34%", "2018-12-31": "10.44%", "2018-09-30": "5.63%", "2018-06-30": "8.00%", "2018-03-31": "6.57%", "2017-12-31": "8.21%", "2017-09-30": "14.56%", "2017-06-30": "17.12%", "2017-03-31": "17.08%", "2016-12-31": "14.91%", "2016-09-30": "17.07%", "2016-06-30": "18.34%", "2016-03-31": "34.08%", "2015-12-31": "39.72%", "2015-09-30": "44.73%", "2015-06-30": "40.63%", "2015-03-31": "31.53%", "2014-12-31": "109.42%", "2014-09-30": "2.95%", "2014-06-30": "-5.75%"}, "return on assets": {"2020-12-31": "3.78%", "2020-09-30": "3.44%", "2020-06-30": "2.55%", "2020-03-31": "1.63%", "2019-12-31": "2.16%", "2019-09-30": "2.62%", "2019-06-30": "2.71%", "2019-03-31": "3.34%", "2018-12-31": "3.04%", "2018-09-30": "1.47%", "2018-06-30": "1.95%", "2018-03-31": "1.56%", "2017-12-31": "1.88%", "2017-09-30": "3.19%", "2017-06-30": "3.38%", "2017-03-31": "3.35%", "2016-12-31": "2.93%", "2016-09-30": "3.41%", "2016-06-30": "3.66%", "2016-03-31": "6.77%", "2015-12-31": "7.51%", "2015-09-30": "8.03%", "2015-06-30": "7.04%", "2015-03-31": "2.85%", "2014-12-31": "2.00%", "2014-09-30": "-0.16%", "2014-06-30": "0.74%"}, "return on investments": {"2020-12-31": "7.49%", "2020-09-30": "7.37%", "2020-06-30": "7.03%", "2020-03-31": "6.30%", "2019-12-31": "6.22%", "2019-09-30": "6.48%", "2019-06-30": "6.68%", "2019-03-31": "7.01%", "2018-12-31": "7.18%", "2018-09-30": "6.92%", "2018-06-30": "7.52%", "2018-03-31": "8.06%", "2017-12-31": "8.52%", "2017-09-30": "8.64%", "2017-06-30": "8.96%", "2017-03-31": "9.00%", "2016-12-31": "7.83%", "2016-09-30": "8.39%", "2016-06-30": "8.87%", "2016-03-31": "8.77%", "2015-12-31": "10.32%", "2015-09-30": "10.51%", "2015-06-30": "10.95%", "2015-03-31": "11.67%", "2014-12-31": "11.48%", "2014-09-30": "10.92%", "2014-06-30": "14.11%"}, "return on tangible equity": {"2020-12-31": "293.00%", "2020-09-30": "-115.07%", "2020-06-30": "-34.09%", "2020-03-31": "-13.68%", "2019-12-31": "-17.58%", "2019-09-30": "-22.34%", "2019-06-30": "-24.58%", "2019-03-31": "-27.84%", "2018-12-31": "-19.90%", "2018-09-30": "-8.00%", "2018-06-30": "-10.90%", "2018-03-31": "-8.93%", "2017-12-31": "-10.98%", "2017-09-30": "-19.22%", "2017-06-30": "-16.26%", "2017-03-31": "-15.32%", "2016-12-31": "-12.86%", "2016-09-30": "-14.59%", "2016-06-30": "-15.28%", "2016-03-31": "-27.08%", "2015-12-31": "-27.90%", "2015-09-30": "-27.90%", "2015-06-30": "-23.41%", "2015-03-31": "-7.36%", "2014-12-31": "-4.37%", "2014-09-30": "0.31%", "2014-06-30": "-1.24%"}, "dividend yield history": {"last payout": "$0.00", "last yield": "0.00%"}}