{"ticker": "CTSH", "price": {"title": "Cognizant Technology Solutions Historical Annual Stock Price Data", "value": 76.97, "historical": {"2021": {"Average Stock Price": "78.9261", "Year Open": "79.4200", "Year High": "81.9500", "Year Low": "74.5000", "Year Close": "76.9700", "Annual % Change": "-6.08%"}, "2020": {"Average Stock Price": "63.6949", "Year Open": "61.9200", "Year High": "81.9500", "Year Low": "41.6100", "Year Close": "81.9500", "Annual % Change": "32.13%"}, "2019": {"Average Stock Price": "65.0948", "Year Open": "63.0900", "Year High": "74.6000", "Year Low": "56.8800", "Year Close": "62.0200", "Annual % Change": "-2.30%"}, "2018": {"Average Stock Price": "76.3535", "Year Open": "70.9500", "Year High": "84.8300", "Year Low": "60.0200", "Year Close": "63.4800", "Annual % Change": "-10.62%"}, "2017": {"Average Stock Price": "66.1184", "Year Open": "56.5200", "Year High": "75.6700", "Year Low": "51.6800", "Year Close": "71.0200", "Annual % Change": "26.75%"}, "2016": {"Average Stock Price": "57.2476", "Year Open": "58.1300", "Year High": "63.3100", "Year Low": "47.7100", "Year Close": "56.0300", "Annual % Change": "-6.65%"}, "2015": {"Average Stock Price": "62.2781", "Year Open": "52.6700", "Year High": "69.7550", "Year Low": "50.9800", "Year Close": "60.0200", "Annual % Change": "13.98%"}, "2014": {"Average Stock Price": "48.9190", "Year Open": "49.4200", "Year High": "54.4900", "Year Low": "43.3100", "Year Close": "52.6600", "Annual % Change": "4.30%"}, "2013": {"Average Stock Price": "38.6386", "Year Open": "38.0700", "Year High": "50.4900", "Year Low": "30.6750", "Year Close": "50.4900", "Annual % Change": "36.68%"}, "2012": {"Average Stock Price": "33.5858", "Year Open": "32.8600", "Year High": "38.8350", "Year Low": "27.6750", "Year Close": "36.9412", "Annual % Change": "14.88%"}, "2011": {"Average Stock Price": "35.7369", "Year Open": "37.6800", "Year High": "41.4500", "Year Low": "27.2275", "Year Close": "32.1550", "Annual % Change": "-12.25%"}, "2010": {"Average Stock Price": "28.2169", "Year Open": "23.4000", "Year High": "37.0800", "Year Low": "21.5600", "Year Close": "36.6450", "Annual % Change": "61.68%"}, "2009": {"Average Stock Price": "15.1469", "Year Open": "9.5600", "Year High": "23.1250", "Year Low": "8.6900", "Year Close": "22.6650", "Annual % Change": "151.00%"}, "2008": {"Average Stock Price": "13.4947", "Year Open": "16.1150", "Year High": "18.3900", "Year Low": "7.3400", "Year Close": "9.0300", "Annual % Change": "-46.79%"}, "2007": {"Average Stock Price": "19.9126", "Year Open": "19.4400", "Year High": "23.7200", "Year Low": "14.8800", "Year Close": "16.9700", "Annual % Change": "-12.03%"}, "2006": {"Average Stock Price": "16.4825", "Year Open": "12.6675", "Year High": "20.5525", "Year Low": "12.3000", "Year Close": "19.2900", "Annual % Change": "53.49%"}, "2005": {"Average Stock Price": "11.3780", "Year Open": "10.4575", "Year High": "13.0625", "Year Low": "8.9650", "Year Close": "12.5675", "Annual % Change": "18.76%"}, "2004": {"Average Stock Price": "6.9173", "Year Open": "5.8825", "Year High": "10.6925", "Year Low": "5.0925", "Year Close": "10.5825", "Annual % Change": "85.50%"}, "2003": {"Average Stock Price": "3.7477", "Year Open": "3.0104", "Year High": "6.0500", "Year Low": "2.1863", "Year Close": "5.7050", "Annual % Change": "89.56%"}, "2002": {"Average Stock Price": "2.1793", "Year Open": "1.5983", "Year High": "3.1525", "Year Low": "1.3754", "Year Close": "3.0096", "Annual % Change": "76.26%"}, "2001": {"Average Stock Price": "1.5884", "Year Open": "1.3804", "Year High": "2.0938", "Year Low": "0.8333", "Year Close": "1.7075", "Annual % Change": "12.86%"}, "2000": {"Average Stock Price": "1.9140", "Year Open": "2.0000", "Year High": "2.9117", "Year Low": "1.2867", "Year Close": "1.5129", "Annual % Change": "-33.56%"}, "1999": {"Average Stock Price": "0.7497", "Year Open": "0.6250", "Year High": "2.4375", "Year Low": "0.4219", "Year Close": "2.2771", "Annual % Change": "259.79%"}}}, "market cap": {"value": "$41.3B"}, "income statement": {"Revenue": {"2020-12-31": "16652.00000", "2019-12-31": "16783.00000", "2018-12-31": "16125.00000", "2017-12-31": "14810.00000", "2016-12-31": "13487.00000", "2015-12-31": "12416.00000", "2014-12-31": "10263.00000", "2013-12-31": "8843.20000", "2012-12-31": "7346.47200", "2011-12-31": "6121.15600", "2010-12-31": "4592.38900", "2009-12-31": "3278.66300", "2008-12-31": "2816.30400", "2007-12-31": "2135.57700", "2006-12-31": "1424.26700", "2005-12-31": "885.83000"}, "Cost Of Goods Sold": {"2020-12-31": "10671.00000", "2019-12-31": "10634.00000", "2018-12-31": "9838.00000", "2017-12-31": "9152.00000", "2016-12-31": "8108.00000", "2015-12-31": "7440.00000", "2014-12-31": "6141.00000", "2013-12-31": "5265.50000", "2012-12-31": "4278.24100", "2011-12-31": "3538.62200", "2010-12-31": "2654.56900", "2009-12-31": "1849.44300", "2008-12-31": "1572.81600", "2007-12-31": "1206.03500", "2006-12-31": "787.92300", "2005-12-31": "479.91500"}, "Gross Profit": {"2020-12-31": "5981.00000", "2019-12-31": "6149.00000", "2018-12-31": "6287.00000", "2017-12-31": "5658.00000", "2016-12-31": "5379.00000", "2015-12-31": "4976.00000", "2014-12-31": "4122.00000", "2013-12-31": "3577.70000", "2012-12-31": "3068.23100", "2011-12-31": "2582.53400", "2010-12-31": "1937.82000", "2009-12-31": "1429.22000", "2008-12-31": "1243.48800", "2007-12-31": "929.54190", "2006-12-31": "636.34400", "2005-12-31": "405.91500"}, "Research And Development Expenses": {"2020-12-31": "", "2019-12-31": "", "2018-12-31": "", "2017-12-31": "", "2016-12-31": "", "2015-12-31": "", "2014-12-31": "", "2013-12-31": "", "2012-12-31": "", "2011-12-31": "", "2010-12-31": "", "2009-12-31": "", "2008-12-31": "", "2007-12-31": "", "2006-12-31": "", "2005-12-31": ""}, "SG&A Expenses": {"2020-12-31": "3100.00000", "2019-12-31": "2972.00000", "2018-12-31": "3007.00000", "2017-12-31": "2697.00000", "2016-12-31": "2731.00000", "2015-12-31": "2509.00000", "2014-12-31": "2037.00000", "2013-12-31": "1727.60000", "2012-12-31": "1557.64600", "2011-12-31": "1328.66500", "2010-12-31": "972.09300", "2009-12-31": "721.35900", "2008-12-31": "652.02100", "2007-12-31": "494.10200", "2006-12-31": "343.23800", "2005-12-31": "206.89900"}, "Other Operating Income Or Expenses": {"2020-12-31": "", "2019-12-31": "", "2018-12-31": "", "2017-12-31": "", "2016-12-31": "", "2015-12-31": "", "2014-12-31": "", "2013-12-31": "", "2012-12-31": "", "2011-12-31": "", "2010-12-31": "", "2009-12-31": "", "2008-12-31": "", "2007-12-31": "", "2006-12-31": "", "2005-12-31": ""}, "Operating Expenses": {"2020-12-31": "14538.00000", "2019-12-31": "14330.00000", "2018-12-31": "13324.00000", "2017-12-31": "12329.00000", "2016-12-31": "11198.00000", "2015-12-31": "10274.00000", "2014-12-31": "8378.00000", "2013-12-31": "7165.30000", "2012-12-31": "5984.97600", "2011-12-31": "4984.68800", "2010-12-31": "3730.53700", "2009-12-31": "2660.17300", "2008-12-31": "2299.63400", "2007-12-31": "1754.05500", "2006-12-31": "1165.32400", "2005-12-31": "708.21400"}, "Operating Income": {"2020-12-31": "2114.00000", "2019-12-31": "2453.00000", "2018-12-31": "2801.00000", "2017-12-31": "2481.00000", "2016-12-31": "2289.00000", "2015-12-31": "2142.00000", "2014-12-31": "1885.00000", "2013-12-31": "1677.90000", "2012-12-31": "1361.49600", "2011-12-31": "1136.46800", "2010-12-31": "861.85210", "2009-12-31": "618.49020", "2008-12-31": "516.66990", "2007-12-31": "381.52200", "2006-12-31": "258.94300", "2005-12-31": "177.61600"}, "Total Non-Operating Income/Expense": {"2020-12-31": "-18.00000", "2019-12-31": "90.00000", "2018-12-31": "-4.00000", "2017-12-31": "174.00000", "2016-12-31": "68.00000", "2015-12-31": "22.00000", "2014-12-31": "39.00000", "2013-12-31": "10.00000", "2012-12-31": "26.10000", "2011-12-31": "32.68100", "2010-12-31": "16.72800", "2009-12-31": "18.46100", "2008-12-31": "-1.46000", "2007-12-31": "32.83400", "2006-12-31": "18.86800", "2005-12-31": "7.65600"}, "Pre-Tax Income": {"2020-12-31": "2096.00000", "2019-12-31": "2543.00000", "2018-12-31": "2797.00000", "2017-12-31": "2655.00000", "2016-12-31": "2357.00000", "2015-12-31": "2164.00000", "2014-12-31": "1924.00000", "2013-12-31": "1687.90000", "2012-12-31": "1387.59600", "2011-12-31": "1169.14900", "2010-12-31": "878.58000", "2009-12-31": "636.95100", "2008-12-31": "515.21000", "2007-12-31": "414.35600", "2006-12-31": "277.81100", "2005-12-31": "185.27200"}, "Income Taxes": {"2020-12-31": "704.00000", "2019-12-31": "643.00000", "2018-12-31": "698.00000", "2017-12-31": "1153.00000", "2016-12-31": "805.00000", "2015-12-31": "540.00000", "2014-12-31": "485.00000", "2013-12-31": "459.30000", "2012-12-31": "336.33300", "2011-12-31": "285.53100", "2010-12-31": "145.04000", "2009-12-31": "101.98800", "2008-12-31": "84.36500", "2007-12-31": "64.22300", "2006-12-31": "45.01600", "2005-12-31": "19.00600"}, "Income After Taxes": {"2020-12-31": "1392.00000", "2019-12-31": "1900.00000", "2018-12-31": "2099.00000", "2017-12-31": "1502.00000", "2016-12-31": "1552.00000", "2015-12-31": "1624.00000", "2014-12-31": "1439.00000", "2013-12-31": "1228.60000", "2012-12-31": "1051.26300", "2011-12-31": "883.61800", "2010-12-31": "733.54000", "2009-12-31": "534.96300", "2008-12-31": "430.84500", "2007-12-31": "350.13300", "2006-12-31": "232.79500", "2005-12-31": "166.26600"}, "Other Income": {"2020-12-31": "", "2019-12-31": "", "2018-12-31": "", "2017-12-31": "", "2016-12-31": "", "2015-12-31": "", "2014-12-31": "", "2013-12-31": "", "2012-12-31": "", "2011-12-31": "", "2010-12-31": "", "2009-12-31": "", "2008-12-31": "", "2007-12-31": "", "2006-12-31": "", "2005-12-31": ""}, "Income From Continuous Operations": {"2020-12-31": "1392.00000", "2019-12-31": "1842.00000", "2018-12-31": "2101.00000", "2017-12-31": "1504.00000", "2016-12-31": "1553.00000", "2015-12-31": "1624.00000", "2014-12-31": "1439.00000", "2013-12-31": "1228.60000", "2012-12-31": "1051.26300", "2011-12-31": "883.61800", "2010-12-31": "733.54000", "2009-12-31": "534.96300", "2008-12-31": "430.84500", "2007-12-31": "350.13300", "2006-12-31": "232.79500", "2005-12-31": "166.26600"}, "Income From Discontinued Operations": {"2020-12-31": "", "2019-12-31": "", "2018-12-31": "", "2017-12-31": "", "2016-12-31": "", "2015-12-31": "", "2014-12-31": "", "2013-12-31": "", "2012-12-31": "", "2011-12-31": "", "2010-12-31": "", "2009-12-31": "", "2008-12-31": "", "2007-12-31": "", "2006-12-31": "", "2005-12-31": ""}, "Net Income": {"2020-12-31": "1392.00000", "2019-12-31": "1842.00000", "2018-12-31": "2101.00000", "2017-12-31": "1504.00000", "2016-12-31": "1553.00000", "2015-12-31": "1624.00000", "2014-12-31": "1439.00000", "2013-12-31": "1228.60000", "2012-12-31": "1051.26300", "2011-12-31": "883.61800", "2010-12-31": "733.54000", "2009-12-31": "534.96300", "2008-12-31": "430.84500", "2007-12-31": "350.13300", "2006-12-31": "232.79500", "2005-12-31": "166.26600"}, "EBITDA": {"2020-12-31": "2114.00000", "2019-12-31": "2979.00000", "2018-12-31": "3299.00000", "2017-12-31": "2924.00000", "2016-12-31": "2668.00000", "2015-12-31": "2472.00000", "2014-12-31": "2093.00000", "2013-12-31": "1857.80000", "2012-12-31": "1518.08400", "2011-12-31": "1260.64300", "2010-12-31": "972.02400", "2009-12-31": "707.86120", "2008-12-31": "591.46690", "2007-12-31": "435.44000", "2006-12-31": "293.10600", "2005-12-31": "199.01600"}, "EBIT": {"2020-12-31": "2114.00000", "2019-12-31": "2453.00000", "2018-12-31": "2801.00000", "2017-12-31": "2481.00000", "2016-12-31": "2289.00000", "2015-12-31": "2142.00000", "2014-12-31": "1885.00000", "2013-12-31": "1677.90000", "2012-12-31": "1361.49600", "2011-12-31": "1136.46800", "2010-12-31": "861.85210", "2009-12-31": "618.49020", "2008-12-31": "516.66990", "2007-12-31": "381.52200", "2006-12-31": "258.94300", "2005-12-31": "177.61600"}, "Basic Shares Outstanding": {"2020-12-31": "540.00000", "2019-12-31": "559.00000", "2018-12-31": "582.00000", "2017-12-31": "593.00000", "2016-12-31": "607.00000", "2015-12-31": "609.00000", "2014-12-31": "608.00000", "2013-12-31": "604.00000", "2012-12-31": "602.58200", "2011-12-31": "606.55400", "2010-12-31": "601.56200", "2009-12-31": "586.60800", "2008-12-31": "580.24200", "2007-12-31": "576.31000", "2006-12-31": "563.43000", "2005-12-31": "545.97600"}, "Shares Outstanding": {"2020-12-31": "541.00000", "2019-12-31": "560.00000", "2018-12-31": "584.00000", "2017-12-31": "595.00000", "2016-12-31": "610.00000", "2015-12-31": "613.00000", "2014-12-31": "613.00000", "2013-12-31": "609.70000", "2012-12-31": "611.72200", "2011-12-31": "620.70200", "2010-12-31": "618.27400", "2009-12-31": "602.23000", "2008-12-31": "597.88000", "2007-12-31": "607.18600", "2006-12-31": "602.24800", "2005-12-31": "587.58000"}, "Basic EPS": {"2020-12-31": "2.58000", "2019-12-31": "3.30000", "2018-12-31": "3.61000", "2017-12-31": "2.54000", "2016-12-31": "2.56000", "2015-12-31": "2.67000", "2014-12-31": "2.37000", "2013-12-31": "2.03000", "2012-12-31": "1.74000", "2011-12-31": "1.45500", "2010-12-31": "1.22000", "2009-12-31": "0.91000", "2008-12-31": "0.74500", "2007-12-31": "0.61000", "2006-12-31": "0.41500", "2005-12-31": "0.30500"}, "EPS - Earnings Per Share": {"2020-12-31": "2.57000", "2019-12-31": "3.29000", "2018-12-31": "3.60000", "2017-12-31": "2.53000", "2016-12-31": "2.55000", "2015-12-31": "2.65000", "2014-12-31": "2.35000", "2013-12-31": "2.02000", "2012-12-31": "1.72000", "2011-12-31": "1.42500", "2010-12-31": "1.18500", "2009-12-31": "0.89000", "2008-12-31": "0.72000", "2007-12-31": "0.57500", "2006-12-31": "0.38500", "2005-12-31": "0.28500"}}, "income statement, quarterly": {"Revenue": {"2020-12-31": "4184.00000", "2020-09-30": "4243.00000", "2020-06-30": "4000.00000", "2020-03-31": "4225.00000", "2019-12-31": "4284.00000", "2019-09-30": "4248.00000", "2019-06-30": "4141.00000", "2019-03-31": "4110.00000", "2018-12-31": "4129.00000", "2018-09-30": "4078.00000", "2018-06-30": "4006.00000", "2018-03-31": "3912.00000", "2017-12-31": "3828.00000", "2017-09-30": "3766.00000", "2017-06-30": "3670.00000", "2017-03-31": "3546.00000", "2016-12-31": "3462.00000", "2016-09-30": "3453.00000", "2016-06-30": "3370.00000", "2016-03-31": "3202.00000", "2015-12-31": "3232.50000", "2015-09-30": "3187.00000", "2015-06-30": "3085.10000", "2015-03-31": "2911.40000", "2014-12-31": "2742.60000", "2014-09-30": "2581.00000", "2014-06-30": "2517.10000", "2014-03-31": "2422.30000", "2013-12-31": "2355.49900", "2013-09-30": "2305.72300", "2013-06-30": "2161.24000", "2013-03-31": "2020.73800", "2012-12-31": "1948.21500", "2012-09-30": "1891.68800", "2012-06-30": "1795.22000", "2012-03-31": "1711.34900", "2011-12-31": "1663.70700", "2011-09-30": "1600.95400", "2011-06-30": "1485.24200", "2011-03-31": "1371.25300", "2010-12-31": "1310.60200", "2010-09-30": "1216.91300", "2010-06-30": "1105.15400", "2010-03-31": "959.72000", "2009-12-31": "902.72100", "2009-09-30": "853.48800", "2009-06-30": "776.59200", "2009-03-31": "745.86200", "2008-12-31": "753.04490", "2008-09-30": "734.72600", "2008-06-30": "685.42700", "2008-03-31": "643.10600", "2007-12-31": "599.95610", "2007-09-30": "558.83700", "2007-06-30": "516.51400", "2007-03-31": "460.27000", "2006-12-31": "424.43000", "2006-09-30": "377.52200", "2006-06-30": "336.83600", "2006-03-31": "285.47900", "2005-12-31": "256.90200", "2005-09-30": "235.53600", "2005-06-30": "211.71100", "2005-03-31": "181.68100"}, "Cost Of Goods Sold": {"2020-12-31": "2662.00000", "2020-09-30": "2647.00000", "2020-06-30": "2615.00000", "2020-03-31": "2747.00000", "2019-12-31": "2749.00000", "2019-09-30": "2681.00000", "2019-06-30": "2629.00000", "2019-03-31": "2575.00000", "2018-12-31": "2540.00000", "2018-09-30": "2480.00000", "2018-06-30": "2417.00000", "2018-03-31": "2401.00000", "2017-12-31": "2360.00000", "2017-09-30": "2337.00000", "2017-06-30": "2261.00000", "2017-03-31": "2194.00000", "2016-12-31": "2078.00000", "2016-09-30": "2077.00000", "2016-06-30": "2038.00000", "2016-03-31": "1915.00000", "2015-12-31": "1933.40000", "2015-09-30": "1934.60000", "2015-06-30": "1844.80000", "2015-03-31": "1727.20000", "2014-12-31": "1639.30000", "2014-09-30": "1569.80000", "2014-06-30": "1499.50000", "2014-03-31": "1432.40000", "2013-12-31": "1411.18600", "2013-09-30": "1382.33600", "2013-06-30": "1272.01300", "2013-03-31": "1199.96500", "2012-12-31": "1150.93400", "2012-09-30": "1111.89800", "2012-06-30": "1030.88900", "2012-03-31": "984.52000", "2011-12-31": "970.68910", "2011-09-30": "924.88600", "2011-06-30": "860.87100", "2011-03-31": "782.17600", "2010-12-31": "758.02300", "2010-09-30": "699.62300", "2010-06-30": "641.01900", "2010-03-31": "555.90400", "2009-12-31": "520.79600", "2009-09-30": "475.59900", "2009-06-30": "433.34000", "2009-03-31": "419.70800", "2008-12-31": "419.74800", "2008-09-30": "405.93600", "2008-06-30": "380.86700", "2008-03-31": "366.26500", "2007-12-31": "341.51400", "2007-09-30": "317.28600", "2007-06-30": "292.32600", "2007-03-31": "254.90900", "2006-12-31": "232.58800", "2006-09-30": "208.42700", "2006-06-30": "188.32000", "2006-03-31": "158.58800", "2005-12-31": "135.97800", "2005-09-30": "128.17500", "2005-06-30": "117.76800", "2005-03-31": "97.99400"}, "Gross Profit": {"2020-12-31": "1522.00000", "2020-09-30": "1596.00000", "2020-06-30": "1385.00000", "2020-03-31": "1478.00000", "2019-12-31": "1535.00000", "2019-09-30": "1567.00000", "2019-06-30": "1512.00000", "2019-03-31": "1535.00000", "2018-12-31": "1589.00000", "2018-09-30": "1598.00000", "2018-06-30": "1589.00000", "2018-03-31": "1511.00000", "2017-12-31": "1468.00000", "2017-09-30": "1429.00000", "2017-06-30": "1409.00000", "2017-03-31": "1352.00000", "2016-12-31": "1384.00000", "2016-09-30": "1376.00000", "2016-06-30": "1332.00000", "2016-03-31": "1287.00000", "2015-12-31": "1299.10000", "2015-09-30": "1252.40000", "2015-06-30": "1240.30000", "2015-03-31": "1184.20000", "2014-12-31": "1103.30000", "2014-09-30": "1011.20000", "2014-06-30": "1017.60000", "2014-03-31": "989.90000", "2013-12-31": "944.31310", "2013-09-30": "923.38680", "2013-06-30": "889.22710", "2013-03-31": "820.77310", "2012-12-31": "797.28110", "2012-09-30": "779.79000", "2012-06-30": "764.33090", "2012-03-31": "726.82900", "2011-12-31": "693.01760", "2011-09-30": "676.06800", "2011-06-30": "624.37100", "2011-03-31": "589.07700", "2010-12-31": "552.57900", "2010-09-30": "517.29000", "2010-06-30": "464.13510", "2010-03-31": "403.81600", "2009-12-31": "381.92500", "2009-09-30": "377.88900", "2009-06-30": "343.25200", "2009-03-31": "326.15400", "2008-12-31": "333.29690", "2008-09-30": "328.79000", "2008-06-30": "304.56000", "2008-03-31": "276.84100", "2007-12-31": "258.44200", "2007-09-30": "241.55100", "2007-06-30": "224.18800", "2007-03-31": "205.36100", "2006-12-31": "191.84200", "2006-09-30": "169.09500", "2006-06-30": "148.51600", "2006-03-31": "126.89100", "2005-12-31": "120.92400", "2005-09-30": "107.36100", "2005-06-30": "93.94300", "2005-03-31": "83.68700"}, "Research And Development Expenses": {"2020-12-31": "", "2020-09-30": "", "2020-06-30": "", "2020-03-31": "", "2019-12-31": "", "2019-09-30": "", "2019-06-30": "", "2019-03-31": "", "2018-12-31": "", "2018-09-30": "", "2018-06-30": "", "2018-03-31": "", "2017-12-31": "", "2017-09-30": "", "2017-06-30": "", "2017-03-31": "", "2016-12-31": "", "2016-09-30": "", "2016-06-30": "", "2016-03-31": "", "2015-12-31": "", "2015-09-30": "", "2015-06-30": "", "2015-03-31": "", "2014-12-31": "", "2014-09-30": "", "2014-06-30": "", "2014-03-31": "", "2013-12-31": "", "2013-09-30": "", "2013-06-30": "", "2013-03-31": "", "2012-12-31": "", "2012-09-30": "", "2012-06-30": "", "2012-03-31": "", "2011-12-31": "", "2011-09-30": "", "2011-06-30": "", "2011-03-31": "", "2010-12-31": "", "2010-09-30": "", "2010-06-30": "", "2010-03-31": "", "2009-12-31": "", "2009-09-30": "", "2009-06-30": "", "2009-03-31": "", "2008-12-31": "", "2008-09-30": "", "2008-06-30": "", "2008-03-31": "", "2007-12-31": "", "2007-09-30": "", "2007-06-30": "", "2007-03-31": "", "2006-12-31": "", "2006-09-30": "", "2006-06-30": "", "2006-03-31": "", "2005-12-31": "", "2005-09-30": "", "2005-06-30": "", "2005-03-31": ""}, "SG&A Expenses": {"2020-12-31": "874.00000", "2020-09-30": "804.00000", "2020-06-30": "711.00000", "2020-03-31": "711.00000", "2019-12-31": "676.00000", "2019-09-30": "706.00000", "2019-06-30": "719.00000", "2019-03-31": "871.00000", "2018-12-31": "757.00000", "2018-09-30": "734.00000", "2018-06-30": "805.00000", "2018-03-31": "711.00000", "2017-12-31": "628.00000", "2017-09-30": "674.00000", "2017-06-30": "709.00000", "2017-03-31": "686.00000", "2016-12-31": "730.00000", "2016-09-30": "701.00000", "2016-06-30": "654.00000", "2016-03-31": "646.00000", "2015-12-31": "659.10000", "2015-09-30": "627.10000", "2015-06-30": "612.00000", "2015-03-31": "610.80000", "2014-12-31": "562.70000", "2014-09-30": "506.00000", "2014-06-30": "482.90000", "2014-03-31": "485.40000", "2013-12-31": "450.49400", "2013-09-30": "443.37600", "2013-06-30": "420.52600", "2013-03-31": "413.20400", "2012-12-31": "401.74610", "2012-09-30": "384.95100", "2012-06-30": "396.77100", "2012-03-31": "374.17800", "2011-12-31": "352.45600", "2011-09-30": "353.16100", "2011-06-30": "326.71800", "2011-03-31": "296.33000", "2010-12-31": "279.92110", "2010-09-30": "262.63200", "2010-06-30": "234.54700", "2010-03-31": "194.99300", "2009-12-31": "190.67800", "2009-09-30": "193.80600", "2009-06-30": "170.00300", "2009-03-31": "166.87200", "2008-12-31": "169.37800", "2008-09-30": "166.68500", "2008-06-30": "167.10500", "2008-03-31": "148.85300", "2007-12-31": "137.58800", "2007-09-30": "126.55100", "2007-06-30": "120.46400", "2007-03-31": "109.49900", "2006-12-31": "105.01900", "2006-09-30": "91.47000", "2006-06-30": "80.04400", "2006-03-31": "66.70500", "2005-12-31": "64.60400", "2005-09-30": "54.75900", "2005-06-30": "46.12600", "2005-03-31": "41.41000"}, "Other Operating Income Or Expenses": {"2020-12-31": "", "2020-09-30": "", "2020-06-30": "", "2020-03-31": "", "2019-12-31": "", "2019-09-30": "", "2019-06-30": "", "2019-03-31": "", "2018-12-31": "", "2018-09-30": "", "2018-06-30": "", "2018-03-31": "", "2017-12-31": "", "2017-09-30": "", "2017-06-30": "", "2017-03-31": "", "2016-12-31": "", "2016-09-30": "", "2016-06-30": "", "2016-03-31": "", "2015-12-31": "", "2015-09-30": "", "2015-06-30": "", "2015-03-31": "", "2014-12-31": "", "2014-09-30": "", "2014-06-30": "", "2014-03-31": "", "2013-12-31": "", "2013-09-30": "", "2013-06-30": "", "2013-03-31": "", "2012-12-31": "", "2012-09-30": "", "2012-06-30": "", "2012-03-31": "", "2011-12-31": "", "2011-09-30": "", "2011-06-30": "", "2011-03-31": "", "2010-12-31": "", "2010-09-30": "", "2010-06-30": "", "2010-03-31": "", "2009-12-31": "", "2009-09-30": "", "2009-06-30": "", "2009-03-31": "", "2008-12-31": "", "2008-09-30": "", "2008-06-30": "", "2008-03-31": "", "2007-12-31": "", "2007-09-30": "", "2007-06-30": "", "2007-03-31": "", "2006-12-31": "", "2006-09-30": "", "2006-06-30": "", "2006-03-31": "", "2005-12-31": "", "2005-09-30": "", "2005-06-30": "", "2005-03-31": ""}, "Operating Expenses": {"2020-12-31": "3719.00000", "2020-09-30": "3640.00000", "2020-06-30": "3533.00000", "2020-03-31": "3646.00000", "2019-12-31": "3658.00000", "2019-09-30": "3579.00000", "2019-06-30": "3522.00000", "2019-03-31": "3571.00000", "2018-12-31": "3436.00000", "2018-09-30": "3333.00000", "2018-06-30": "3336.00000", "2018-03-31": "3219.00000", "2017-12-31": "3171.00000", "2017-09-30": "3118.00000", "2017-06-30": "3064.00000", "2017-03-31": "2976.00000", "2016-12-31": "2901.00000", "2016-09-30": "2870.00000", "2016-06-30": "2779.00000", "2016-03-31": "2648.00000", "2015-12-31": "2679.10000", "2015-09-30": "2644.20000", "2015-06-30": "2539.60000", "2015-03-31": "2411.10000", "2014-12-31": "2263.10000", "2014-09-30": "2123.50000", "2014-06-30": "2029.10000", "2014-03-31": "1962.30000", "2013-12-31": "1907.66900", "2013-09-30": "1868.36400", "2013-06-30": "1734.43700", "2013-03-31": "1654.83100", "2012-12-31": "1591.96200", "2012-09-30": "1536.30200", "2012-06-30": "1463.26200", "2012-03-31": "1393.45000", "2011-12-31": "1355.56400", "2011-09-30": "1307.95200", "2011-06-30": "1215.28400", "2011-03-31": "1105.88800", "2010-12-31": "1065.98100", "2010-09-30": "988.61400", "2010-06-30": "899.23900", "2010-03-31": "776.70290", "2009-12-31": "735.81280", "2009-09-30": "691.70600", "2009-06-30": "624.92200", "2009-03-31": "607.73200", "2008-12-31": "610.37900", "2008-09-30": "592.09500", "2008-06-30": "565.74900", "2008-03-31": "531.41100", "2007-12-31": "493.83690", "2007-09-30": "457.70700", "2007-06-30": "425.84300", "2007-03-31": "376.66800", "2006-12-31": "348.07800", "2006-09-30": "308.75800", "2006-06-30": "276.16500", "2006-03-31": "232.32300", "2005-12-31": "205.86200", "2005-09-30": "188.51500", "2005-06-30": "169.34300", "2005-03-31": "144.49400"}, "Operating Income": {"2020-12-31": "465.00000", "2020-09-30": "603.00000", "2020-06-30": "467.00000", "2020-03-31": "579.00000", "2019-12-31": "626.00000", "2019-09-30": "669.00000", "2019-06-30": "619.00000", "2019-03-31": "539.00000", "2018-12-31": "693.00000", "2018-09-30": "745.00000", "2018-06-30": "670.00000", "2018-03-31": "693.00000", "2017-12-31": "657.00000", "2017-09-30": "648.00000", "2017-06-30": "606.00000", "2017-03-31": "570.00000", "2016-12-31": "561.00000", "2016-09-30": "583.00000", "2016-06-30": "591.00000", "2016-03-31": "554.00000", "2015-12-31": "553.40010", "2015-09-30": "542.80000", "2015-06-30": "545.50000", "2015-03-31": "500.30000", "2014-12-31": "479.50000", "2014-09-30": "457.50000", "2014-06-30": "488.00010", "2014-03-31": "460.00000", "2013-12-31": "447.83070", "2013-09-30": "437.35890", "2013-06-30": "426.80310", "2013-03-31": "365.90710", "2012-12-31": "356.25370", "2012-09-30": "355.38600", "2012-06-30": "331.95790", "2012-03-31": "317.89890", "2011-12-31": "308.14280", "2011-09-30": "293.00200", "2011-06-30": "269.95800", "2011-03-31": "265.36500", "2010-12-31": "244.62080", "2010-09-30": "228.29900", "2010-06-30": "205.91510", "2010-03-31": "183.01700", "2009-12-31": "166.90820", "2009-09-30": "161.78200", "2009-06-30": "151.67000", "2009-03-31": "138.13000", "2008-12-31": "142.66580", "2008-09-30": "142.63100", "2008-06-30": "119.67800", "2008-03-31": "111.69500", "2007-12-31": "106.11920", "2007-09-30": "101.13000", "2007-06-30": "90.67100", "2007-03-31": "83.60200", "2006-12-31": "76.35200", "2006-09-30": "68.76400", "2006-06-30": "60.67100", "2006-03-31": "53.15600", "2005-12-31": "51.04000", "2005-09-30": "47.02100", "2005-06-30": "42.36800", "2005-03-31": "37.18700"}, "Total Non-Operating Income/Expense": {"2020-12-31": "2.00000", "2020-09-30": "21.00000", "2020-06-30": "28.00000", "2020-03-31": "-69.00000", "2019-12-31": "", "2019-09-30": "-11.00000", "2019-06-30": "57.00000", "2019-03-31": "44.00000", "2018-12-31": "122.00000", "2018-09-30": "-83.00000", "2018-06-30": "-47.00000", "2018-03-31": "4.00000", "2017-12-31": "56.00000", "2017-09-30": "10.00000", "2017-06-30": "29.00000", "2017-03-31": "79.00000", "2016-12-31": "-1.00000", "2016-09-30": "30.00000", "2016-06-30": "4.00000", "2016-03-31": "35.00000", "2015-12-31": "8.20000", "2015-09-30": "0.20000", "2015-06-30": "3.30000", "2015-03-31": "10.30000", "2014-12-31": "5.80000", "2014-09-30": "6.20000", "2014-06-30": "13.80000", "2014-03-31": "13.20000", "2013-12-31": "3.29100", "2013-09-30": "1.83900", "2013-06-30": "-6.40600", "2013-03-31": "11.27600", "2012-12-31": "9.59100", "2012-09-30": "8.99700", "2012-06-30": "3.13400", "2012-03-31": "4.37800", "2011-12-31": "14.93700", "2011-09-30": "-5.03800", "2011-06-30": "7.64700", "2011-03-31": "15.13500", "2010-12-31": "3.92300", "2010-09-30": "14.97700", "2010-06-30": "2.09300", "2010-03-31": "-4.26500", "2009-12-31": "1.68900", "2009-09-30": "1.91700", "2009-06-30": "17.49600", "2009-03-31": "-2.64100", "2008-12-31": "-6.58000", "2008-09-30": "-9.43300", "2008-06-30": "4.37900", "2008-03-31": "10.17400", "2007-12-31": "8.64000", "2007-09-30": "10.56100", "2007-06-30": "6.97900", "2007-03-31": "6.65400", "2006-12-31": "5.93500", "2006-09-30": "4.17600", "2006-06-30": "5.36100", "2006-03-31": "3.39600", "2005-12-31": "2.12300", "2005-09-30": "2.35100", "2005-06-30": "1.46600", "2005-03-31": "1.71600"}, "Pre-Tax Income": {"2020-12-31": "467.00000", "2020-09-30": "624.00000", "2020-06-30": "495.00000", "2020-03-31": "510.00000", "2019-12-31": "626.00000", "2019-09-30": "658.00000", "2019-06-30": "676.00000", "2019-03-31": "583.00000", "2018-12-31": "815.00000", "2018-09-30": "662.00000", "2018-06-30": "623.00000", "2018-03-31": "697.00000", "2017-12-31": "713.00000", "2017-09-30": "658.00000", "2017-06-30": "635.00000", "2017-03-31": "649.00000", "2016-12-31": "560.00000", "2016-09-30": "613.00000", "2016-06-30": "595.00000", "2016-03-31": "589.00000", "2015-12-31": "561.60000", "2015-09-30": "543.00000", "2015-06-30": "548.80000", "2015-03-31": "510.60000", "2014-12-31": "485.30000", "2014-09-30": "463.70000", "2014-06-30": "501.80000", "2014-03-31": "473.20000", "2013-12-31": "451.12200", "2013-09-30": "439.19800", "2013-06-30": "420.39700", "2013-03-31": "377.18300", "2012-12-31": "365.84400", "2012-09-30": "364.38300", "2012-06-30": "335.09200", "2012-03-31": "322.27700", "2011-12-31": "323.08010", "2011-09-30": "287.96400", "2011-06-30": "277.60500", "2011-03-31": "280.50000", "2010-12-31": "248.54400", "2010-09-30": "243.27600", "2010-06-30": "208.00800", "2010-03-31": "178.75200", "2009-12-31": "168.59700", "2009-09-30": "163.69900", "2009-06-30": "169.16600", "2009-03-31": "135.48900", "2008-12-31": "136.08600", "2008-09-30": "133.19800", "2008-06-30": "124.05700", "2008-03-31": "121.86900", "2007-12-31": "114.75900", "2007-09-30": "111.69100", "2007-06-30": "97.65000", "2007-03-31": "90.25600", "2006-12-31": "82.28700", "2006-09-30": "72.94000", "2006-06-30": "66.03200", "2006-03-31": "56.55200", "2005-12-31": "53.16300", "2005-09-30": "49.37200", "2005-06-30": "43.83400", "2005-03-31": "38.90300"}, "Income Taxes": {"2020-12-31": "152.00000", "2020-09-30": "276.00000", "2020-06-30": "134.00000", "2020-03-31": "142.00000", "2019-12-31": "174.00000", "2019-09-30": "160.00000", "2019-06-30": "167.00000", "2019-03-31": "142.00000", "2018-12-31": "168.00000", "2018-09-30": "185.00000", "2018-06-30": "168.00000", "2018-03-31": "177.00000", "2017-12-31": "732.00000", "2017-09-30": "164.00000", "2017-06-30": "165.00000", "2017-03-31": "92.00000", "2016-12-31": "144.00000", "2016-09-30": "170.00000", "2016-06-30": "343.00000", "2016-03-31": "148.00000", "2015-12-31": "137.80000", "2015-09-30": "145.80000", "2015-06-30": "128.70000", "2015-03-31": "127.70000", "2014-12-31": "122.70000", "2014-09-30": "108.10000", "2014-06-30": "129.90000", "2014-03-31": "124.30000", "2013-12-31": "126.76800", "2013-09-30": "119.57100", "2013-06-30": "119.98700", "2013-03-31": "92.97400", "2012-12-31": "87.06500", "2012-09-30": "87.48200", "2012-06-30": "83.16000", "2012-03-31": "78.62600", "2011-12-31": "82.95300", "2011-09-30": "60.84500", "2011-06-30": "69.56000", "2011-03-31": "72.17300", "2010-12-31": "42.37800", "2010-09-30": "39.57700", "2010-06-30": "35.83300", "2010-03-31": "27.25200", "2009-12-31": "24.59300", "2009-09-30": "27.12700", "2009-06-30": "27.91100", "2009-03-31": "22.35700", "2008-12-31": "23.79800", "2008-09-30": "20.37000", "2008-06-30": "20.20100", "2008-03-31": "19.99600", "2007-12-31": "18.50300", "2007-09-30": "15.53700", "2007-06-30": "15.37300", "2007-03-31": "14.81000", "2006-12-31": "12.75400", "2006-09-30": "11.91300", "2006-06-30": "10.96100", "2006-03-31": "9.38800", "2005-12-31": "-4.51000", "2005-09-30": "8.78900", "2005-06-30": "7.80200", "2005-03-31": "6.92500"}, "Income After Taxes": {"2020-12-31": "315.00000", "2020-09-30": "348.00000", "2020-06-30": "361.00000", "2020-03-31": "368.00000", "2019-12-31": "452.00000", "2019-09-30": "498.00000", "2019-06-30": "509.00000", "2019-03-31": "441.00000", "2018-12-31": "647.00000", "2018-09-30": "477.00000", "2018-06-30": "455.00000", "2018-03-31": "520.00000", "2017-12-31": "-19.00000", "2017-09-30": "494.00000", "2017-06-30": "470.00000", "2017-03-31": "557.00000", "2016-12-31": "416.00000", "2016-09-30": "443.00000", "2016-06-30": "252.00000", "2016-03-31": "441.00000", "2015-12-31": "423.80000", "2015-09-30": "397.20000", "2015-06-30": "420.10000", "2015-03-31": "382.90000", "2014-12-31": "362.60000", "2014-09-30": "355.60000", "2014-06-30": "371.90000", "2014-03-31": "348.90000", "2013-12-31": "324.35410", "2013-09-30": "319.62700", "2013-06-30": "300.41000", "2013-03-31": "284.20900", "2012-12-31": "278.77890", "2012-09-30": "276.90100", "2012-06-30": "251.93200", "2012-03-31": "243.65100", "2011-12-31": "240.12700", "2011-09-30": "227.11900", "2011-06-30": "208.04500", "2011-03-31": "208.32700", "2010-12-31": "206.16610", "2010-09-30": "203.69900", "2010-06-30": "172.17500", "2010-03-31": "151.50000", "2009-12-31": "144.00400", "2009-09-30": "136.57200", "2009-06-30": "141.25500", "2009-03-31": "113.13200", "2008-12-31": "112.28800", "2008-09-30": "112.82800", "2008-06-30": "103.85600", "2008-03-31": "101.87300", "2007-12-31": "96.25600", "2007-09-30": "96.15400", "2007-06-30": "82.27700", "2007-03-31": "75.44600", "2006-12-31": "69.53300", "2006-09-30": "61.02700", "2006-06-30": "55.07100", "2006-03-31": "47.16400", "2005-12-31": "57.67300", "2005-09-30": "40.58300", "2005-06-30": "36.03200", "2005-03-31": "31.97800"}, "Other Income": {"2020-12-31": "", "2020-09-30": "", "2020-06-30": "", "2020-03-31": "", "2019-12-31": "", "2019-09-30": "", "2019-06-30": "", "2019-03-31": "", "2018-12-31": "", "2018-09-30": "", "2018-06-30": "", "2018-03-31": "", "2017-12-31": "", "2017-09-30": "", "2017-06-30": "", "2017-03-31": "", "2016-12-31": "", "2016-09-30": "", "2016-06-30": "", "2016-03-31": "", "2015-12-31": "", "2015-09-30": "", "2015-06-30": "", "2015-03-31": "", "2014-12-31": "", "2014-09-30": "", "2014-06-30": "", "2014-03-31": "", "2013-12-31": "", "2013-09-30": "", "2013-06-30": "", "2013-03-31": "", "2012-12-31": "", "2012-09-30": "", "2012-06-30": "", "2012-03-31": "", "2011-12-31": "", "2011-09-30": "", "2011-06-30": "", "2011-03-31": "", "2010-12-31": "", "2010-09-30": "", "2010-06-30": "", "2010-03-31": "", "2009-12-31": "", "2009-09-30": "", "2009-06-30": "", "2009-03-31": "", "2008-12-31": "", "2008-09-30": "", "2008-06-30": "", "2008-03-31": "", "2007-12-31": "", "2007-09-30": "", "2007-06-30": "", "2007-03-31": "", "2006-12-31": "", "2006-09-30": "", "2006-06-30": "", "2006-03-31": "", "2005-12-31": "", "2005-09-30": "", "2005-06-30": "", "2005-03-31": ""}, "Income From Continuous Operations": {"2020-12-31": "316.00000", "2020-09-30": "348.00000", "2020-06-30": "361.00000", "2020-03-31": "367.00000", "2019-12-31": "395.00000", "2019-09-30": "497.00000", "2019-06-30": "509.00000", "2019-03-31": "441.00000", "2018-12-31": "648.00000", "2018-09-30": "477.00000", "2018-06-30": "456.00000", "2018-03-31": "520.00000", "2017-12-31": "-18.00000", "2017-09-30": "495.00000", "2017-06-30": "470.00000", "2017-03-31": "557.00000", "2016-12-31": "416.00000", "2016-09-30": "444.00000", "2016-06-30": "252.00000", "2016-03-31": "441.00000", "2015-12-31": "423.80000", "2015-09-30": "397.20000", "2015-06-30": "420.10000", "2015-03-31": "382.90000", "2014-12-31": "362.60000", "2014-09-30": "355.60000", "2014-06-30": "371.90000", "2014-03-31": "348.90000", "2013-12-31": "324.35410", "2013-09-30": "319.62700", "2013-06-30": "300.41000", "2013-03-31": "284.20900", "2012-12-31": "278.77890", "2012-09-30": "276.90100", "2012-06-30": "251.93200", "2012-03-31": "243.65100", "2011-12-31": "240.12700", "2011-09-30": "227.11900", "2011-06-30": "208.04500", "2011-03-31": "208.32700", "2010-12-31": "206.16610", "2010-09-30": "203.69900", "2010-06-30": "172.17500", "2010-03-31": "151.50000", "2009-12-31": "144.00400", "2009-09-30": "136.57200", "2009-06-30": "141.25500", "2009-03-31": "113.13200", "2008-12-31": "112.28800", "2008-09-30": "112.82800", "2008-06-30": "103.85600", "2008-03-31": "101.87300", "2007-12-31": "96.25600", "2007-09-30": "96.15400", "2007-06-30": "82.27700", "2007-03-31": "75.44600", "2006-12-31": "69.53300", "2006-09-30": "61.02700", "2006-06-30": "55.07100", "2006-03-31": "47.16400", "2005-12-31": "57.67300", "2005-09-30": "40.58300", "2005-06-30": "36.03200", "2005-03-31": "31.97800"}, "Income From Discontinued Operations": {"2020-12-31": "", "2020-09-30": "", "2020-06-30": "", "2020-03-31": "", "2019-12-31": "", "2019-09-30": "", "2019-06-30": "", "2019-03-31": "", "2018-12-31": "", "2018-09-30": "", "2018-06-30": "", "2018-03-31": "", "2017-12-31": "", "2017-09-30": "", "2017-06-30": "", "2017-03-31": "", "2016-12-31": "", "2016-09-30": "", "2016-06-30": "", "2016-03-31": "", "2015-12-31": "", "2015-09-30": "", "2015-06-30": "", "2015-03-31": "", "2014-12-31": "", "2014-09-30": "", "2014-06-30": "", "2014-03-31": "", "2013-12-31": "", "2013-09-30": "", "2013-06-30": "", "2013-03-31": "", "2012-12-31": "", "2012-09-30": "", "2012-06-30": "", "2012-03-31": "", "2011-12-31": "", "2011-09-30": "", "2011-06-30": "", "2011-03-31": "", "2010-12-31": "", "2010-09-30": "", "2010-06-30": "", "2010-03-31": "", "2009-12-31": "", "2009-09-30": "", "2009-06-30": "", "2009-03-31": "", "2008-12-31": "", "2008-09-30": "", "2008-06-30": "", "2008-03-31": "", "2007-12-31": "", "2007-09-30": "", "2007-06-30": "", "2007-03-31": "", "2006-12-31": "", "2006-09-30": "", "2006-06-30": "", "2006-03-31": "", "2005-12-31": "", "2005-09-30": "", "2005-06-30": "", "2005-03-31": ""}, "Net Income": {"2020-12-31": "316.00000", "2020-09-30": "348.00000", "2020-06-30": "361.00000", "2020-03-31": "367.00000", "2019-12-31": "395.00000", "2019-09-30": "497.00000", "2019-06-30": "509.00000", "2019-03-31": "441.00000", "2018-12-31": "648.00000", "2018-09-30": "477.00000", "2018-06-30": "456.00000", "2018-03-31": "520.00000", "2017-12-31": "-18.00000", "2017-09-30": "495.00000", "2017-06-30": "470.00000", "2017-03-31": "557.00000", "2016-12-31": "416.00000", "2016-09-30": "444.00000", "2016-06-30": "252.00000", "2016-03-31": "441.00000", "2015-12-31": "423.80010", "2015-09-30": "397.20000", "2015-06-30": "420.10000", "2015-03-31": "382.90000", "2014-12-31": "362.60000", "2014-09-30": "355.60000", "2014-06-30": "371.90000", "2014-03-31": "348.90000", "2013-12-31": "324.35400", "2013-09-30": "319.62700", "2013-06-30": "300.41000", "2013-03-31": "284.20900", "2012-12-31": "278.77890", "2012-09-30": "276.90100", "2012-06-30": "251.93200", "2012-03-31": "243.65100", "2011-12-31": "240.12700", "2011-09-30": "227.11900", "2011-06-30": "208.04500", "2011-03-31": "208.32700", "2010-12-31": "206.16600", "2010-09-30": "203.69900", "2010-06-30": "172.17500", "2010-03-31": "151.50000", "2009-12-31": "144.00400", "2009-09-30": "136.57200", "2009-06-30": "141.25500", "2009-03-31": "113.13200", "2008-12-31": "112.28800", "2008-09-30": "112.82800", "2008-06-30": "103.85600", "2008-03-31": "101.87300", "2007-12-31": "96.25600", "2007-09-30": "96.15400", "2007-06-30": "82.27700", "2007-03-31": "75.44600", "2006-12-31": "69.53300", "2006-09-30": "61.02700", "2006-06-30": "55.07100", "2006-03-31": "47.16400", "2005-12-31": "57.67300", "2005-09-30": "40.58300", "2005-06-30": "36.03200", "2005-03-31": "31.97800"}, "EBITDA": {"2020-12-31": "", "2020-09-30": "741.00000", "2020-06-30": "604.00000", "2020-03-31": "715.00000", "2019-12-31": "759.00000", "2019-09-30": "796.00000", "2019-06-30": "752.00000", "2019-03-31": "672.00000", "2018-12-31": "824.00000", "2018-09-30": "872.00000", "2018-06-30": "793.00000", "2018-03-31": "810.00000", "2017-12-31": "779.00000", "2017-09-30": "762.00000", "2017-06-30": "709.00000", "2017-03-31": "674.00000", "2016-12-31": "662.00000", "2016-09-30": "680.00000", "2016-06-30": "684.00000", "2016-03-31": "642.00000", "2015-12-31": "641.40010", "2015-09-30": "625.20010", "2015-06-30": "629.50000", "2015-03-31": "575.90000", "2014-12-31": "542.30000", "2014-09-30": "507.20000", "2014-06-30": "536.80010", "2014-03-31": "506.70000", "2013-12-31": "495.71770", "2013-09-30": "481.93690", "2013-06-30": "470.63710", "2013-03-31": "409.50810", "2012-12-31": "397.41770", "2012-09-30": "396.75200", "2012-06-30": "369.39090", "2012-03-31": "354.52390", "2011-12-31": "342.44180", "2011-09-30": "324.64100", "2011-06-30": "299.23100", "2011-03-31": "294.32900", "2010-12-31": "274.23490", "2010-09-30": "256.22790", "2010-06-30": "231.16310", "2010-03-31": "210.39800", "2009-12-31": "191.24720", "2009-09-30": "184.08300", "2009-06-30": "173.24900", "2009-03-31": "159.28200", "2008-12-31": "163.91880", "2008-09-30": "162.10500", "2008-06-30": "137.45500", "2008-03-31": "127.98800", "2007-12-31": "120.85420", "2007-09-30": "115.00000", "2007-06-30": "103.72400", "2007-03-31": "95.86200", "2006-12-31": "86.82300", "2006-09-30": "77.62500", "2006-06-30": "68.47200", "2006-03-31": "60.18600", "2005-12-31": "56.32000", "2005-09-30": "52.60200", "2005-06-30": "47.81700", "2005-03-31": "42.27700"}, "EBIT": {"2020-12-31": "465.00000", "2020-09-30": "603.00000", "2020-06-30": "467.00000", "2020-03-31": "579.00000", "2019-12-31": "626.00000", "2019-09-30": "669.00000", "2019-06-30": "619.00000", "2019-03-31": "539.00000", "2018-12-31": "693.00000", "2018-09-30": "745.00000", "2018-06-30": "670.00000", "2018-03-31": "693.00000", "2017-12-31": "657.00000", "2017-09-30": "648.00000", "2017-06-30": "606.00000", "2017-03-31": "570.00000", "2016-12-31": "561.00000", "2016-09-30": "583.00000", "2016-06-30": "591.00000", "2016-03-31": "554.00000", "2015-12-31": "553.39990", "2015-09-30": "542.80000", "2015-06-30": "545.50000", "2015-03-31": "500.30000", "2014-12-31": "479.49990", "2014-09-30": "457.50000", "2014-06-30": "488.00010", "2014-03-31": "460.00000", "2013-12-31": "447.83080", "2013-09-30": "437.35890", "2013-06-30": "426.80310", "2013-03-31": "365.90710", "2012-12-31": "356.25330", "2012-09-30": "355.38600", "2012-06-30": "331.95790", "2012-03-31": "317.89890", "2011-12-31": "308.14280", "2011-09-30": "293.00200", "2011-06-30": "269.95800", "2011-03-31": "265.36500", "2010-12-31": "244.62100", "2010-09-30": "228.29900", "2010-06-30": "205.91510", "2010-03-31": "183.01700", "2009-12-31": "166.90830", "2009-09-30": "161.78200", "2009-06-30": "151.67000", "2009-03-31": "138.13000", "2008-12-31": "142.66590", "2008-09-30": "142.63100", "2008-06-30": "119.67800", "2008-03-31": "111.69500", "2007-12-31": "106.11900", "2007-09-30": "101.13000", "2007-06-30": "90.67100", "2007-03-31": "83.60200", "2006-12-31": "76.35200", "2006-09-30": "68.76400", "2006-06-30": "60.67100", "2006-03-31": "53.15600", "2005-12-31": "51.04000", "2005-09-30": "47.02100", "2005-06-30": "42.36800", "2005-03-31": "37.18700"}, "Basic Shares Outstanding": {"2020-12-31": "533.00000", "2020-09-30": "542.00000", "2020-06-30": "541.00000", "2020-03-31": "546.00000", "2019-12-31": "559.00000", "2019-09-30": "551.00000", "2019-06-30": "564.00000", "2019-03-31": "573.00000", "2018-12-31": "582.00000", "2018-09-30": "579.00000", "2018-06-30": "585.00000", "2018-03-31": "587.00000", "2017-12-31": "593.00000", "2017-09-30": "590.00000", "2017-06-30": "589.00000", "2017-03-31": "605.00000", "2016-12-31": "607.00000", "2016-09-30": "606.00000", "2016-06-30": "606.00000", "2016-03-31": "608.00000", "2015-12-31": "609.00000", "2015-09-30": "608.80000", "2015-06-30": "609.90000", "2015-03-31": "609.60000", "2014-12-31": "608.00000", "2014-09-30": "608.10000", "2014-06-30": "607.90000", "2014-03-31": "607.70000", "2013-12-31": "604.00000", "2013-09-30": "603.26500", "2013-06-30": "603.34000", "2013-03-31": "603.70800", "2012-12-31": "602.58200", "2012-09-30": "598.11600", "2012-06-30": "604.45000", "2012-03-31": "606.85600", "2011-12-31": "606.55400", "2011-09-30": "605.44600", "2011-06-30": "607.97800", "2011-03-31": "608.08200", "2010-12-31": "601.56200", "2010-09-30": "603.43400", "2010-06-30": "599.77800", "2010-03-31": "595.77000", "2009-12-31": "586.60800", "2009-09-30": "587.32800", "2009-06-30": "584.67400", "2009-03-31": "583.22600", "2008-12-31": "580.24200", "2008-09-30": "582.68200", "2008-06-30": "579.41800", "2008-03-31": "576.34200", "2007-12-31": "576.31000", "2007-09-30": "579.11800", "2007-06-30": "576.21000", "2007-03-31": "571.60800", "2006-12-31": "563.43000", "2006-09-30": "564.81000", "2006-06-30": "562.16800", "2006-03-31": "558.66000", "2005-12-31": "545.97600", "2005-09-30": "548.74400", "2005-06-30": "542.74800", "2005-03-31": "537.94000"}, "Shares Outstanding": {"2020-12-31": "534.00000", "2020-09-30": "543.00000", "2020-06-30": "541.00000", "2020-03-31": "546.00000", "2019-12-31": "560.00000", "2019-09-30": "551.00000", "2019-06-30": "564.00000", "2019-03-31": "575.00000", "2018-12-31": "584.00000", "2018-09-30": "580.00000", "2018-06-30": "586.00000", "2018-03-31": "589.00000", "2017-12-31": "595.00000", "2017-09-30": "592.00000", "2017-06-30": "591.00000", "2017-03-31": "607.00000", "2016-12-31": "610.00000", "2016-09-30": "609.00000", "2016-06-30": "609.00000", "2016-03-31": "612.00000", "2015-12-31": "613.00000", "2015-09-30": "612.70000", "2015-06-30": "613.90000", "2015-03-31": "613.90000", "2014-12-31": "613.00000", "2014-09-30": "612.10000", "2014-06-30": "612.20000", "2014-03-31": "612.90000", "2013-12-31": "609.70000", "2013-09-30": "608.54900", "2013-06-30": "608.89200", "2013-03-31": "610.35300", "2012-12-31": "611.72200", "2012-09-30": "606.26400", "2012-06-30": "614.65200", "2012-03-31": "618.41600", "2011-12-31": "620.70200", "2011-09-30": "618.59400", "2011-06-30": "622.95400", "2011-03-31": "623.60600", "2010-12-31": "618.27400", "2010-09-30": "619.23800", "2010-06-30": "616.97400", "2010-03-31": "613.32800", "2009-12-31": "602.23000", "2009-09-30": "605.16400", "2009-06-30": "598.54400", "2009-03-31": "595.98600", "2008-12-31": "597.88000", "2008-09-30": "599.61000", "2008-06-30": "598.66400", "2008-03-31": "598.10400", "2007-12-31": "607.18600", "2007-09-30": "609.12800", "2007-06-30": "608.19400", "2007-03-31": "607.03200", "2006-12-31": "602.24800", "2006-09-30": "603.34200", "2006-06-30": "601.97200", "2006-03-31": "597.41600", "2005-12-31": "587.58000", "2005-09-30": "589.12400", "2005-06-30": "586.21600", "2005-03-31": "583.28400"}, "Basic EPS": {"2020-12-31": "0.59000", "2020-09-30": "0.64000", "2020-06-30": "0.67000", "2020-03-31": "0.67000", "2019-12-31": "0.73000", "2019-09-30": "0.90000", "2019-06-30": "0.90000", "2019-03-31": "0.77000", "2018-12-31": "1.12000", "2018-09-30": "0.82000", "2018-06-30": "0.78000", "2018-03-31": "0.89000", "2017-12-31": "-0.02000", "2017-09-30": "0.84000", "2017-06-30": "0.80000", "2017-03-31": "0.92000", "2016-12-31": "0.68000", "2016-09-30": "0.73000", "2016-06-30": "0.42000", "2016-03-31": "0.73000", "2015-12-31": "0.70000", "2015-09-30": "0.65000", "2015-06-30": "0.69000", "2015-03-31": "0.63000", "2014-12-31": "0.61000", "2014-09-30": "0.58000", "2014-06-30": "0.61000", "2014-03-31": "0.57000", "2013-12-31": "0.53000", "2013-09-30": "0.53000", "2013-06-30": "0.50000", "2013-03-31": "0.47000", "2012-12-31": "0.46000", "2012-09-30": "0.46500", "2012-06-30": "0.41500", "2012-03-31": "0.40000", "2011-12-31": "0.39500", "2011-09-30": "0.37500", "2011-06-30": "0.34000", "2011-03-31": "0.34500", "2010-12-31": "0.34000", "2010-09-30": "0.34000", "2010-06-30": "0.28500", "2010-03-31": "0.25500", "2009-12-31": "0.24000", "2009-09-30": "0.23500", "2009-06-30": "0.24000", "2009-03-31": "0.19500", "2008-12-31": "0.19500", "2008-09-30": "0.19500", "2008-06-30": "0.18000", "2008-03-31": "0.17500", "2007-12-31": "0.17000", "2007-09-30": "0.16500", "2007-06-30": "0.14500", "2007-03-31": "0.13000", "2006-12-31": "0.12250", "2006-09-30": "0.11000", "2006-06-30": "0.09750", "2006-03-31": "0.08500", "2005-12-31": "0.10250", "2005-09-30": "0.07500", "2005-06-30": "0.06750", "2005-03-31": "0.06000"}, "EPS - Earnings Per Share": {"2020-12-31": "0.59000", "2020-09-30": "0.64000", "2020-06-30": "0.67000", "2020-03-31": "0.67000", "2019-12-31": "0.72000", "2019-09-30": "0.90000", "2019-06-30": "0.90000", "2019-03-31": "0.77000", "2018-12-31": "1.12000", "2018-09-30": "0.82000", "2018-06-30": "0.78000", "2018-03-31": "0.88000", "2017-12-31": "-0.03000", "2017-09-30": "0.84000", "2017-06-30": "0.80000", "2017-03-31": "0.92000", "2016-12-31": "0.69000", "2016-09-30": "0.73000", "2016-06-30": "0.41000", "2016-03-31": "0.72000", "2015-12-31": "0.70000", "2015-09-30": "0.65000", "2015-06-30": "0.68000", "2015-03-31": "0.62000", "2014-12-31": "0.59000", "2014-09-30": "0.58000", "2014-06-30": "0.61000", "2014-03-31": "0.57000", "2013-12-31": "0.53000", "2013-09-30": "0.53000", "2013-06-30": "0.49000", "2013-03-31": "0.47000", "2012-12-31": "0.46000", "2012-09-30": "0.45500", "2012-06-30": "0.41000", "2012-03-31": "0.39500", "2011-12-31": "0.39000", "2011-09-30": "0.36500", "2011-06-30": "0.33500", "2011-03-31": "0.33500", "2010-12-31": "0.33000", "2010-09-30": "0.33000", "2010-06-30": "0.28000", "2010-03-31": "0.24500", "2009-12-31": "0.24000", "2009-09-30": "0.22500", "2009-06-30": "0.23500", "2009-03-31": "0.19000", "2008-12-31": "0.18500", "2008-09-30": "0.19000", "2008-06-30": "0.17500", "2008-03-31": "0.17000", "2007-12-31": "0.15500", "2007-09-30": "0.16000", "2007-06-30": "0.13500", "2007-03-31": "0.12500", "2006-12-31": "0.11250", "2006-09-30": "0.10000", "2006-06-30": "0.09250", "2006-03-31": "0.08000", "2005-12-31": "0.09750", "2005-09-30": "0.07000", "2005-06-30": "0.06250", "2005-03-31": "0.05500"}}, "balance sheet": {"Cash On Hand": {"2020-12-31": "2724.00000", "2019-12-31": "3424.00000", "2018-12-31": "4511.00000", "2017-12-31": "5056.00000", "2016-12-31": "5169.00000", "2015-12-31": "4949.00000", "2014-12-31": "3774.70000", "2013-12-31": "3747.47300", "2012-12-31": "2863.75800", "2011-12-31": "2432.26400", "2010-12-31": "2226.38800", "2009-12-31": "1399.33200", "2008-12-31": "762.57900", "2007-12-31": "670.42500", "2006-12-31": "648.15900", "2005-12-31": "424.00100"}, "Receivables": {"2020-12-31": "3087.00000", "2019-12-31": "3256.00000", "2018-12-31": "3190.00000", "2017-12-31": "3222.00000", "2016-12-31": "2905.00000", "2015-12-31": "2622.00000", "2014-12-31": "2293.30000", "2013-12-31": "1875.27200", "2012-12-31": "1528.74600", "2011-12-31": "1318.67000", "2010-12-31": "1014.26800", "2009-12-31": "709.24010", "2008-12-31": "579.63900", "2007-12-31": "436.45600", "2006-12-31": "298.47500", "2005-12-31": "176.69600"}, "Inventory": {"2020-12-31": "", "2019-12-31": "", "2018-12-31": "", "2017-12-31": "", "2016-12-31": "", "2015-12-31": "", "2014-12-31": "", "2013-12-31": "", "2012-12-31": "", "2011-12-31": "", "2010-12-31": "", "2009-12-31": "", "2008-12-31": "", "2007-12-31": "", "2006-12-31": "", "2005-12-31": ""}, "Pre-Paid Expenses": {"2020-12-31": "", "2019-12-31": "", "2018-12-31": "", "2017-12-31": "", "2016-12-31": "", "2015-12-31": "", "2014-12-31": "", "2013-12-31": "", "2012-12-31": "", "2011-12-31": "", "2010-12-31": "", "2009-12-31": "", "2008-12-31": "", "2007-12-31": "", "2006-12-31": "", "2005-12-31": ""}, "Other Current Assets": {"2020-12-31": "1040.00000", "2019-12-31": "931.00000", "2018-12-31": "909.00000", "2017-12-31": "833.00000", "2016-12-31": "526.00000", "2015-12-31": "338.00000", "2014-12-31": "352.60000", "2013-12-31": "268.90700", "2012-12-31": "219.89600", "2011-12-31": "225.53000", "2010-12-31": "181.41400", "2009-12-31": "125.20500", "2008-12-31": "77.58600", "2007-12-31": "59.82800", "2006-12-31": "32.50000", "2005-12-31": "19.97400"}, "Total Current Assets": {"2020-12-31": "6851.00000", "2019-12-31": "7611.00000", "2018-12-31": "8610.00000", "2017-12-31": "9111.00000", "2016-12-31": "8600.00000", "2015-12-31": "7909.00000", "2014-12-31": "6420.60000", "2013-12-31": "6147.88200", "2012-12-31": "4814.29400", "2011-12-31": "4085.50600", "2010-12-31": "3518.23400", "2009-12-31": "2307.56800", "2008-12-31": "1468.11900", "2007-12-31": "1242.17900", "2006-12-31": "1040.39100", "2005-12-31": "663.42300"}, "Property, Plant, And Equipment": {"2020-12-31": "1251.00000", "2019-12-31": "1309.00000", "2018-12-31": "1394.00000", "2017-12-31": "1324.00000", "2016-12-31": "1311.00000", "2015-12-31": "1271.00000", "2014-12-31": "1247.20000", "2013-12-31": "1081.16400", "2012-12-31": "971.48600", "2011-12-31": "758.03400", "2010-12-31": "570.44800", "2009-12-31": "481.51600", "2008-12-31": "455.25400", "2007-12-31": "356.04700", "2006-12-31": "220.15400", "2005-12-31": "146.98200"}, "Long-Term Investments": {"2020-12-31": "440.00000", "2019-12-31": "17.00000", "2018-12-31": "80.00000", "2017-12-31": "235.00000", "2016-12-31": "62.00000", "2015-12-31": "", "2014-12-31": "", "2013-12-31": "", "2012-12-31": "", "2011-12-31": "", "2010-12-31": "", "2009-12-31": "151.13100", "2008-12-31": "161.69300", "2007-12-31": "", "2006-12-31": "", "2005-12-31": ""}, "Goodwill And Intangible Assets": {"2020-12-31": "6077.00000", "2019-12-31": "5020.00000", "2018-12-31": "4631.00000", "2017-12-31": "3685.00000", "2016-12-31": "3505.00000", "2015-12-31": "3269.00000", "2014-12-31": "3367.30000", "2013-12-31": "575.51000", "2012-12-31": "396.66000", "2011-12-31": "386.38800", "2010-12-31": "309.09900", "2009-12-31": "268.12900", "2008-12-31": "201.82500", "2007-12-31": "194.35400", "2006-12-31": "47.65300", "2005-12-31": "34.50000"}, "Other Long-Term Assets": {"2020-12-31": "846.00000", "2019-12-31": "736.00000", "2018-12-31": "689.00000", "2017-12-31": "448.00000", "2016-12-31": "359.00000", "2015-12-31": "264.00000", "2014-12-31": "209.70000", "2013-12-31": "183.01300", "2012-12-31": "160.30700", "2011-12-31": "113.81300", "2010-12-31": "75.48500", "2009-12-31": "49.27800", "2008-12-31": "34.85300", "2007-12-31": "33.77700", "2006-12-31": "16.75900", "2005-12-31": "7.74100"}, "Total Long-Term Assets": {"2020-12-31": "10072.00000", "2019-12-31": "8593.00000", "2018-12-31": "7236.00000", "2017-12-31": "6110.00000", "2016-12-31": "5662.00000", "2015-12-31": "5152.00000", "2014-12-31": "5058.40000", "2013-12-31": "1986.83600", "2012-12-31": "1707.27700", "2011-12-31": "1422.42700", "2010-12-31": "1064.84000", "2009-12-31": "1030.67200", "2008-12-31": "906.44100", "2007-12-31": "596.12700", "2006-12-31": "285.59000", "2005-12-31": "206.47000"}, "Total Assets": {"2020-12-31": "16923.00000", "2019-12-31": "16204.00000", "2018-12-31": "15846.00000", "2017-12-31": "15221.00000", "2016-12-31": "14262.00000", "2015-12-31": "13061.00000", "2014-12-31": "11479.00000", "2013-12-31": "8134.71800", "2012-12-31": "6521.57100", "2011-12-31": "5507.93300", "2010-12-31": "4583.07400", "2009-12-31": "3338.24000", "2008-12-31": "2374.56000", "2007-12-31": "1838.30600", "2006-12-31": "1325.98100", "2005-12-31": "869.89300"}, "Total Current Liabilities": {"2020-12-31": "3540.00000", "2019-12-31": "2983.00000", "2018-12-31": "2710.00000", "2017-12-31": "2839.00000", "2016-12-31": "2418.00000", "2015-12-31": "2714.00000", "2014-12-31": "2592.10000", "2013-12-31": "1774.50800", "2012-12-31": "1377.33000", "2011-12-31": "1209.70500", "2010-12-31": "930.72600", "2009-12-31": "646.60800", "2008-12-31": "387.57700", "2007-12-31": "340.68400", "2006-12-31": "249.50300", "2005-12-31": "153.79500"}, "Long Term Debt": {"2020-12-31": "663.00000", "2019-12-31": "700.00000", "2018-12-31": "736.00000", "2017-12-31": "698.00000", "2016-12-31": "797.00000", "2015-12-31": "877.00000", "2014-12-31": "937.50000", "2013-12-31": "", "2012-12-31": "", "2011-12-31": "", "2010-12-31": "", "2009-12-31": "", "2008-12-31": "", "2007-12-31": "", "2006-12-31": "", "2005-12-31": ""}, "Other Non-Current Liabilities": {"2020-12-31": "796.00000", "2019-12-31": "696.00000", "2018-12-31": "731.00000", "2017-12-31": "765.00000", "2016-12-31": "162.00000", "2015-12-31": "140.00000", "2014-12-31": "116.40000", "2013-12-31": "203.24900", "2012-12-31": "287.08100", "2011-12-31": "342.00300", "2010-12-31": "62.97100", "2009-12-31": "38.45500", "2008-12-31": "14.11100", "2007-12-31": "14.26700", "2006-12-31": "2.97900", "2005-12-31": "1.95300"}, "Total Long Term Liabilities": {"2020-12-31": "2547.00000", "2019-12-31": "2199.00000", "2018-12-31": "1712.00000", "2017-12-31": "1713.00000", "2016-12-31": "1116.00000", "2015-12-31": "1069.00000", "2014-12-31": "1146.70000", "2013-12-31": "224.41900", "2012-12-31": "289.85800", "2011-12-31": "345.34200", "2010-12-31": "67.91700", "2009-12-31": "38.45500", "2008-12-31": "21.40500", "2007-12-31": "29.41200", "2006-12-31": "2.97900", "2005-12-31": "1.95300"}, "Total Liabilities": {"2020-12-31": "6087.00000", "2019-12-31": "5182.00000", "2018-12-31": "4422.00000", "2017-12-31": "4552.00000", "2016-12-31": "3534.00000", "2015-12-31": "3783.00000", "2014-12-31": "3738.80000", "2013-12-31": "1998.92700", "2012-12-31": "1667.18800", "2011-12-31": "1555.04700", "2010-12-31": "998.64300", "2009-12-31": "685.06300", "2008-12-31": "408.98200", "2007-12-31": "370.09600", "2006-12-31": "252.48200", "2005-12-31": "155.74800"}, "Common Stock Net": {"2020-12-31": "5.00000", "2019-12-31": "5.00000", "2018-12-31": "6.00000", "2017-12-31": "6.00000", "2016-12-31": "6.00000", "2015-12-31": "6.00000", "2014-12-31": "6.10000", "2013-12-31": "6.07700", "2012-12-31": "3.01700", "2011-12-31": "3.03100", "2010-12-31": "3.03900", "2009-12-31": "2.97200", "2008-12-31": "2.91700", "2007-12-31": "2.88000", "2006-12-31": "2.85000", "2005-12-31": "1.39300"}, "Retained Earnings (Accumulated Deficit)": {"2020-12-31": "10689.00000", "2019-12-31": "11022.00000", "2018-12-31": "11485.00000", "2017-12-31": "10544.00000", "2016-12-31": "10478.00000", "2015-12-31": "8925.00000", "2014-12-31": "7301.60000", "2013-12-31": "5862.36700", "2012-12-31": "4633.78900", "2011-12-31": "3582.52600", "2010-12-31": "2698.90800", "2009-12-31": "1965.36800", "2008-12-31": "1430.40500", "2007-12-31": "999.56000", "2006-12-31": "650.27700", "2005-12-31": "417.48200"}, "Comprehensive Income": {"2020-12-31": "110.00000", "2019-12-31": "-38.00000", "2018-12-31": "-114.00000", "2017-12-31": "70.00000", "2016-12-31": "-114.00000", "2015-12-31": "-106.00000", "2014-12-31": "-123.10000", "2013-12-31": "-276.25900", "2012-12-31": "-239.68300", "2011-12-31": "-325.39400", "2010-12-31": "35.59800", "2009-12-31": "20.27700", "2008-12-31": "-9.47900", "2007-12-31": "15.20300", "2006-12-31": "11.77800", "2005-12-31": "2.12100"}, "Other Share Holders Equity": {"2020-12-31": "", "2019-12-31": "", "2018-12-31": "", "2017-12-31": "", "2016-12-31": "", "2015-12-31": "", "2014-12-31": "", "2013-12-31": "", "2012-12-31": "", "2011-12-31": "", "2010-12-31": "", "2009-12-31": "", "2008-12-31": "", "2007-12-31": "", "2006-12-31": "", "2005-12-31": ""}, "Share Holder Equity": {"2020-12-31": "10836.00000", "2019-12-31": "11022.00000", "2018-12-31": "11424.00000", "2017-12-31": "10669.00000", "2016-12-31": "10728.00000", "2015-12-31": "9278.00000", "2014-12-31": "7740.20000", "2013-12-31": "6135.79100", "2012-12-31": "4854.38300", "2011-12-31": "3952.88600", "2010-12-31": "3584.43100", "2009-12-31": "2653.17700", "2008-12-31": "1965.57800", "2007-12-31": "1468.21000", "2006-12-31": "1073.49900", "2005-12-31": "714.14500"}, "Total Liabilities And Share Holders Equity": {"2020-12-31": "16923.00000", "2019-12-31": "16204.00000", "2018-12-31": "15846.00000", "2017-12-31": "15221.00000", "2016-12-31": "14262.00000", "2015-12-31": "13061.00000", "2014-12-31": "11479.00000", "2013-12-31": "8134.71800", "2012-12-31": "6521.57100", "2011-12-31": "5507.93300", "2010-12-31": "4583.07400", "2009-12-31": "3338.24000", "2008-12-31": "2374.56000", "2007-12-31": "1838.30600", "2006-12-31": "1325.98100", "2005-12-31": "869.89300"}}, "balance sheet, quarterly": {"Cash On Hand": {"2020-12-31": "2724.00000", "2020-09-30": "4575.00000", "2020-06-30": "4582.00000", "2020-03-31": "4282.00000", "2019-12-31": "3424.00000", "2019-09-30": "3077.00000", "2019-06-30": "3003.00000", "2019-03-31": "3668.00000", "2018-12-31": "4511.00000", "2018-09-30": "4763.00000", "2018-06-30": "4247.00000", "2018-03-31": "4989.00000", "2017-12-31": "5056.00000", "2017-09-30": "4713.00000", "2017-06-30": "4378.00000", "2017-03-31": "4274.00000", "2016-12-31": "5169.00000", "2016-09-30": "4858.60000", "2016-06-30": "4481.20000", "2016-03-31": "4451.70000", "2015-12-31": "4949.00000", "2015-09-30": "4050.70000", "2015-06-30": "3566.50000", "2015-03-31": "3349.80000", "2014-12-31": "3774.70000", "2014-09-30": "4618.47900", "2014-06-30": "4129.22100", "2014-03-31": "3864.98400", "2013-12-31": "3747.47300", "2013-09-30": "3360.59900", "2013-06-30": "2900.56900", "2013-03-31": "2744.44600", "2012-12-31": "2863.75800", "2012-09-30": "2631.74800", "2012-06-30": "2346.14200", "2012-03-31": "2491.19500", "2011-12-31": "2432.26400", "2011-09-30": "2291.27600", "2011-06-30": "2269.41100", "2011-03-31": "2168.11500", "2010-12-31": "2226.38800", "2010-09-30": "1928.81600", "2010-06-30": "1651.99900", "2010-03-31": "1433.88100", "2009-12-31": "1399.33200", "2009-09-30": "1182.70100", "2009-06-30": "983.17200", "2009-03-31": "808.64000", "2008-12-31": "762.57900", "2008-09-30": "595.39600", "2008-06-30": "551.17200", "2008-03-31": "474.94700", "2007-12-31": "670.42500", "2007-09-30": "809.25600", "2007-06-30": "710.23600", "2007-03-31": "673.10100", "2006-12-31": "648.15900", "2006-09-30": "535.59800", "2006-06-30": "468.20000", "2006-03-31": "422.54800", "2005-12-31": "424.00100", "2005-09-30": "368.49600", "2005-06-30": "326.80200", "2005-03-31": "314.39400"}, "Receivables": {"2020-12-31": "3087.00000", "2020-09-30": "3118.00000", "2020-06-30": "3208.00000", "2020-03-31": "3220.00000", "2019-12-31": "3256.00000", "2019-09-30": "3438.00000", "2019-06-30": "3386.00000", "2019-03-31": "3377.00000", "2018-12-31": "3190.00000", "2018-09-30": "3187.00000", "2018-06-30": "3204.00000", "2018-03-31": "3145.00000", "2017-12-31": "3222.00000", "2017-09-30": "3292.00000", "2017-06-30": "3089.00000", "2017-03-31": "3039.00000", "2016-12-31": "2905.00000", "2016-09-30": "2915.70000", "2016-06-30": "2878.50000", "2016-03-31": "2751.30000", "2015-12-31": "2622.00000", "2015-09-30": "2556.60000", "2015-06-30": "2548.70000", "2015-03-31": "2448.10000", "2014-12-31": "2293.30000", "2014-09-30": "2147.13100", "2014-06-30": "2120.58000", "2014-03-31": "1970.95400", "2013-12-31": "1875.27200", "2013-09-30": "1891.18600", "2013-06-30": "1785.22700", "2013-03-31": "1702.33400", "2012-12-31": "1528.74600", "2012-09-30": "1577.19500", "2012-06-30": "1503.88700", "2012-03-31": "1421.25800", "2011-12-31": "1318.67000", "2011-09-30": "1268.07600", "2011-06-30": "1227.59200", "2011-03-31": "1123.15000", "2010-12-31": "1014.26800", "2010-09-30": "1065.13600", "2010-06-30": "933.69100", "2010-03-31": "812.32500", "2009-12-31": "709.24010", "2009-09-30": "684.77000", "2009-06-30": "635.91600", "2009-03-31": "600.70700", "2008-12-31": "579.63900", "2008-09-30": "599.95000", "2008-06-30": "583.13200", "2008-03-31": "519.39600", "2007-12-31": "436.45600", "2007-09-30": "428.50100", "2007-06-30": "403.59900", "2007-03-31": "347.76300", "2006-12-31": "298.47500", "2006-09-30": "296.72200", "2006-06-30": "266.25900", "2006-03-31": "217.68300", "2005-12-31": "176.69600", "2005-09-30": "171.58800", "2005-06-30": "165.67800", "2005-03-31": "131.19400"}, "Inventory": {"2020-12-31": "", "2020-09-30": "", "2020-06-30": "", "2020-03-31": "", "2019-12-31": "", "2019-09-30": "", "2019-06-30": "", "2019-03-31": "", "2018-12-31": "", "2018-09-30": "", "2018-06-30": "", "2018-03-31": "", "2017-12-31": "", "2017-09-30": "", "2017-06-30": "", "2017-03-31": "", "2016-12-31": "", "2016-09-30": "", "2016-06-30": "", "2016-03-31": "", "2015-12-31": "", "2015-09-30": "", "2015-06-30": "", "2015-03-31": "", "2014-12-31": "", "2014-09-30": "", "2014-06-30": "", "2014-03-31": "", "2013-12-31": "", "2013-09-30": "", "2013-06-30": "", "2013-03-31": "", "2012-12-31": "", "2012-09-30": "", "2012-06-30": "", "2012-03-31": "", "2011-12-31": "", "2011-09-30": "", "2011-06-30": "", "2011-03-31": "", "2010-12-31": "", "2010-09-30": "", "2010-06-30": "", "2010-03-31": "", "2009-12-31": "", "2009-09-30": "", "2009-06-30": "", "2009-03-31": "", "2008-12-31": "", "2008-09-30": "", "2008-06-30": "", "2008-03-31": "", "2007-12-31": "", "2007-09-30": "", "2007-06-30": "", "2007-03-31": "", "2006-12-31": "", "2006-09-30": "", "2006-06-30": "", "2006-03-31": "", "2005-12-31": "", "2005-09-30": "", "2005-06-30": "", "2005-03-31": ""}, "Pre-Paid Expenses": {"2020-12-31": "", "2020-09-30": "", "2020-06-30": "", "2020-03-31": "", "2019-12-31": "", "2019-09-30": "", "2019-06-30": "", "2019-03-31": "", "2018-12-31": "", "2018-09-30": "", "2018-06-30": "", "2018-03-31": "", "2017-12-31": "", "2017-09-30": "", "2017-06-30": "", "2017-03-31": "", "2016-12-31": "", "2016-09-30": "", "2016-06-30": "", "2016-03-31": "", "2015-12-31": "", "2015-09-30": "", "2015-06-30": "", "2015-03-31": "", "2014-12-31": "", "2014-09-30": "", "2014-06-30": "", "2014-03-31": "", "2013-12-31": "", "2013-09-30": "", "2013-06-30": "", "2013-03-31": "", "2012-12-31": "", "2012-09-30": "", "2012-06-30": "", "2012-03-31": "", "2011-12-31": "", "2011-09-30": "", "2011-06-30": "", "2011-03-31": "", "2010-12-31": "", "2010-09-30": "", "2010-06-30": "", "2010-03-31": "", "2009-12-31": "", "2009-09-30": "", "2009-06-30": "", "2009-03-31": "", "2008-12-31": "", "2008-09-30": "", "2008-06-30": "", "2008-03-31": "", "2007-12-31": "", "2007-09-30": "", "2007-06-30": "", "2007-03-31": "", "2006-12-31": "", "2006-09-30": "", "2006-06-30": "", "2006-03-31": "", "2005-12-31": "", "2005-09-30": "", "2005-06-30": "", "2005-03-31": ""}, "Other Current Assets": {"2020-12-31": "1040.00000", "2020-09-30": "926.00000", "2020-06-30": "741.00000", "2020-03-31": "823.00000", "2019-12-31": "931.00000", "2019-09-30": "876.00000", "2019-06-30": "817.00000", "2019-03-31": "838.00000", "2018-12-31": "909.00000", "2018-09-30": "777.00000", "2018-06-30": "852.00000", "2018-03-31": "856.00000", "2017-12-31": "833.00000", "2017-09-30": "552.00000", "2017-06-30": "632.00000", "2017-03-31": "529.00000", "2016-12-31": "526.00000", "2016-09-30": "425.50000", "2016-06-30": "399.20000", "2016-03-31": "367.90000", "2015-12-31": "338.00000", "2015-09-30": "264.70000", "2015-06-30": "322.70000", "2015-03-31": "336.90000", "2014-12-31": "352.60000", "2014-09-30": "234.94200", "2014-06-30": "257.04800", "2014-03-31": "254.37200", "2013-12-31": "268.90700", "2013-09-30": "218.78500", "2013-06-30": "220.03400", "2013-03-31": "206.36400", "2012-12-31": "219.89600", "2012-09-30": "166.42400", "2012-06-30": "198.17200", "2012-03-31": "189.64800", "2011-12-31": "225.53000", "2011-09-30": "144.77000", "2011-06-30": "180.13800", "2011-03-31": "176.41500", "2010-12-31": "181.41400", "2010-09-30": "171.56900", "2010-06-30": "160.07200", "2010-03-31": "162.22000", "2009-12-31": "125.20500", "2009-09-30": "97.41900", "2009-06-30": "99.22400", "2009-03-31": "71.83100", "2008-12-31": "77.58600", "2008-09-30": "74.87300", "2008-06-30": "68.95300", "2008-03-31": "54.63500", "2007-12-31": "59.82800", "2007-09-30": "46.66200", "2007-06-30": "37.00700", "2007-03-31": "43.60500", "2006-12-31": "32.50000", "2006-09-30": "30.35500", "2006-06-30": "26.29800", "2006-03-31": "25.05500", "2005-12-31": "19.97400", "2005-09-30": "21.73300", "2005-06-30": "15.82600", "2005-03-31": "15.26300"}, "Total Current Assets": {"2020-12-31": "6851.00000", "2020-09-30": "8619.00000", "2020-06-30": "8531.00000", "2020-03-31": "8325.00000", "2019-12-31": "7611.00000", "2019-09-30": "7391.00000", "2019-06-30": "7206.00000", "2019-03-31": "7883.00000", "2018-12-31": "8610.00000", "2018-09-30": "8727.00000", "2018-06-30": "8303.00000", "2018-03-31": "8990.00000", "2017-12-31": "9111.00000", "2017-09-30": "8557.00000", "2017-06-30": "8099.00000", "2017-03-31": "7842.00000", "2016-12-31": "8600.00000", "2016-09-30": "8199.80000", "2016-06-30": "7758.90000", "2016-03-31": "7570.90000", "2015-12-31": "7909.00000", "2015-09-30": "7237.90000", "2015-06-30": "6771.40000", "2015-03-31": "6406.50000", "2014-12-31": "6420.60000", "2014-09-30": "7260.02600", "2014-06-30": "6740.69000", "2014-03-31": "6290.74000", "2013-12-31": "6147.88200", "2013-09-30": "5739.20500", "2013-06-30": "5133.96100", "2013-03-31": "4836.64000", "2012-12-31": "4814.29400", "2012-09-30": "4541.53100", "2012-06-30": "4152.35200", "2012-03-31": "4196.74200", "2011-12-31": "4085.50600", "2011-09-30": "3812.19700", "2011-06-30": "3757.89700", "2011-03-31": "3535.80000", "2010-12-31": "3518.23400", "2010-09-30": "3234.68000", "2010-06-30": "2804.92400", "2010-03-31": "2469.23300", "2009-12-31": "2307.56800", "2009-09-30": "2016.82600", "2009-06-30": "1763.67400", "2009-03-31": "1525.65600", "2008-12-31": "1468.11900", "2008-09-30": "1321.20800", "2008-06-30": "1268.62000", "2008-03-31": "1116.42100", "2007-12-31": "1242.17900", "2007-09-30": "1353.59400", "2007-06-30": "1229.57000", "2007-03-31": "1137.59300", "2006-12-31": "1040.39100", "2006-09-30": "921.21700", "2006-06-30": "811.59000", "2006-03-31": "709.13300", "2005-12-31": "663.42300", "2005-09-30": "591.86000", "2005-06-30": "531.85800", "2005-03-31": "482.37900"}, "Property, Plant, And Equipment": {"2020-12-31": "1251.00000", "2020-09-30": "1313.00000", "2020-06-30": "1345.00000", "2020-03-31": "1322.00000", "2019-12-31": "1309.00000", "2019-09-30": "1318.00000", "2019-06-30": "1337.00000", "2019-03-31": "1314.00000", "2018-12-31": "1394.00000", "2018-09-30": "1362.00000", "2018-06-30": "1345.00000", "2018-03-31": "1333.00000", "2017-12-31": "1324.00000", "2017-09-30": "1304.00000", "2017-06-30": "1284.00000", "2017-03-31": "1306.00000", "2016-12-31": "1311.00000", "2016-09-30": "1323.30000", "2016-06-30": "1287.40000", "2016-03-31": "1270.00000", "2015-12-31": "1271.00000", "2015-09-30": "1278.90000", "2015-06-30": "1277.30000", "2015-03-31": "1268.00000", "2014-12-31": "1247.20000", "2014-09-30": "1101.46800", "2014-06-30": "1086.11600", "2014-03-31": "1090.88500", "2013-12-31": "1081.16400", "2013-09-30": "1011.80300", "2013-06-30": "1017.70500", "2013-03-31": "1008.19800", "2012-12-31": "971.48600", "2012-09-30": "878.56100", "2012-06-30": "837.68300", "2012-03-31": "784.97500", "2011-12-31": "758.03400", "2011-09-30": "664.60900", "2011-06-30": "614.49400", "2011-03-31": "601.69900", "2010-12-31": "570.44800", "2010-09-30": "521.49700", "2010-06-30": "504.76900", "2010-03-31": "478.36300", "2009-12-31": "481.51600", "2009-09-30": "460.23700", "2009-06-30": "446.92600", "2009-03-31": "456.30100", "2008-12-31": "455.25400", "2008-09-30": "453.35000", "2008-06-30": "409.81000", "2008-03-31": "393.25100", "2007-12-31": "356.04700", "2007-09-30": "291.62900", "2007-06-30": "265.74900", "2007-03-31": "235.93700", "2006-12-31": "220.15400", "2006-09-30": "198.10800", "2006-06-30": "179.27700", "2006-03-31": "161.57700", "2005-12-31": "146.98200", "2005-09-30": "126.51500", "2005-06-30": "108.52200", "2005-03-31": "94.63800"}, "Long-Term Investments": {"2020-12-31": "440.00000", "2020-09-30": "441.00000", "2020-06-30": "429.00000", "2020-03-31": "433.00000", "2019-12-31": "17.00000", "2019-09-30": "79.00000", "2019-06-30": "80.00000", "2019-03-31": "79.00000", "2018-12-31": "80.00000", "2018-09-30": "93.00000", "2018-06-30": "80.00000", "2018-03-31": "83.00000", "2017-12-31": "235.00000", "2017-09-30": "262.00000", "2017-06-30": "198.00000", "2017-03-31": "110.00000", "2016-12-31": "62.00000", "2016-09-30": "60.60000", "2016-06-30": "59.60000", "2016-03-31": "", "2015-12-31": "", "2015-09-30": "", "2015-06-30": "", "2015-03-31": "", "2014-12-31": "", "2014-09-30": "", "2014-06-30": "", "2014-03-31": "", "2013-12-31": "", "2013-09-30": "", "2013-06-30": "", "2013-03-31": "", "2012-12-31": "", "2012-09-30": "", "2012-06-30": "", "2012-03-31": "", "2011-12-31": "", "2011-09-30": "", "2011-06-30": "", "2011-03-31": "", "2010-12-31": "", "2010-09-30": "", "2010-06-30": "", "2010-03-31": "137.44700", "2009-12-31": "151.13100", "2009-09-30": "157.03200", "2009-06-30": "160.78200", "2009-03-31": "160.48200", "2008-12-31": "161.69300", "2008-09-30": "162.13400", "2008-06-30": "162.11700", "2008-03-31": "170.42100", "2007-12-31": "", "2007-09-30": "", "2007-06-30": "", "2007-03-31": "", "2006-12-31": "", "2006-09-30": "", "2006-06-30": "", "2006-03-31": "", "2005-12-31": "", "2005-09-30": "", "2005-06-30": "", "2005-03-31": ""}, "Goodwill And Intangible Assets": {"2020-12-31": "6077.00000", "2020-09-30": "6018.00000", "2020-06-30": "5417.00000", "2020-03-31": "5019.00000", "2019-12-31": "5020.00000", "2019-09-30": "4886.00000", "2019-06-30": "4812.00000", "2019-03-31": "4823.00000", "2018-12-31": "4631.00000", "2018-09-30": "4058.00000", "2018-06-30": "4096.00000", "2018-03-31": "3668.00000", "2017-12-31": "3685.00000", "2017-09-30": "3565.00000", "2017-06-30": "3470.00000", "2017-03-31": "3486.00000", "2016-12-31": "3505.00000", "2016-09-30": "3418.90000", "2016-06-30": "3419.30000", "2016-03-31": "3324.10000", "2015-12-31": "3269.00000", "2015-09-30": "3285.00000", "2015-06-30": "3311.40000", "2015-03-31": "3332.00000", "2014-12-31": "3367.30000", "2014-09-30": "547.46800", "2014-06-30": "570.49300", "2014-03-31": "569.91700", "2013-12-31": "575.51000", "2013-09-30": "536.10000", "2013-06-30": "534.63800", "2013-03-31": "529.85000", "2012-12-31": "396.66000", "2012-09-30": "388.98600", "2012-06-30": "375.74100", "2012-03-31": "383.32500", "2011-12-31": "386.38800", "2011-09-30": "391.62300", "2011-06-30": "311.98600", "2011-03-31": "305.79900", "2010-12-31": "309.09900", "2010-09-30": "312.36100", "2010-06-30": "307.78600", "2010-03-31": "270.64300", "2009-12-31": "268.12900", "2009-09-30": "226.35500", "2009-06-30": "200.05400", "2009-03-31": "202.04300", "2008-12-31": "201.82500", "2008-09-30": "201.15300", "2008-06-30": "204.90200", "2008-03-31": "195.96000", "2007-12-31": "194.35400", "2007-09-30": "57.75200", "2007-06-30": "58.10600", "2007-03-31": "46.62900", "2006-12-31": "47.65300", "2006-09-30": "48.24200", "2006-06-30": "33.84400", "2006-03-31": "34.07300", "2005-12-31": "34.50000", "2005-09-30": "35.16600", "2005-06-30": "35.11200", "2005-03-31": "21.20400"}, "Other Long-Term Assets": {"2020-12-31": "846.00000", "2020-09-30": "829.00000", "2020-06-30": "823.00000", "2020-03-31": "809.00000", "2019-12-31": "736.00000", "2019-09-30": "773.00000", "2019-06-30": "767.00000", "2019-03-31": "724.00000", "2018-12-31": "689.00000", "2018-09-30": "643.00000", "2018-06-30": "615.00000", "2018-03-31": "577.00000", "2017-12-31": "448.00000", "2017-09-30": "428.00000", "2017-06-30": "430.00000", "2017-03-31": "427.00000", "2016-12-31": "359.00000", "2016-09-30": "328.80000", "2016-06-30": "286.20000", "2016-03-31": "275.90000", "2015-12-31": "264.00000", "2015-09-30": "262.10000", "2015-06-30": "277.70000", "2015-03-31": "223.60000", "2014-12-31": "209.70000", "2014-09-30": "175.34800", "2014-06-30": "166.70000", "2014-03-31": "187.18900", "2013-12-31": "183.01300", "2013-09-30": "169.29500", "2013-06-30": "160.07400", "2013-03-31": "169.64700", "2012-12-31": "160.30700", "2012-09-30": "143.03400", "2012-06-30": "120.98100", "2012-03-31": "139.00900", "2011-12-31": "113.81300", "2011-09-30": "100.11600", "2011-06-30": "119.47900", "2011-03-31": "82.26900", "2010-12-31": "75.48500", "2010-09-30": "72.41900", "2010-06-30": "59.38900", "2010-03-31": "67.47700", "2009-12-31": "49.27800", "2009-09-30": "43.99600", "2009-06-30": "42.93200", "2009-03-31": "35.43000", "2008-12-31": "34.85300", "2008-09-30": "36.14100", "2008-06-30": "36.21400", "2008-03-31": "35.10400", "2007-12-31": "33.77700", "2007-09-30": "27.40600", "2007-06-30": "24.65400", "2007-03-31": "18.57700", "2006-12-31": "16.75900", "2006-09-30": "13.49400", "2006-06-30": "10.57600", "2006-03-31": "9.90300", "2005-12-31": "7.74100", "2005-09-30": "7.38900", "2005-06-30": "7.12500", "2005-03-31": ""}, "Total Long-Term Assets": {"2020-12-31": "10072.00000", "2020-09-30": "10168.00000", "2020-06-30": "9685.00000", "2020-03-31": "9104.00000", "2019-12-31": "8593.00000", "2019-09-30": "8453.00000", "2019-06-30": "8311.00000", "2019-03-31": "8213.00000", "2018-12-31": "7236.00000", "2018-09-30": "6547.00000", "2018-06-30": "6503.00000", "2018-03-31": "6055.00000", "2017-12-31": "6110.00000", "2017-09-30": "6023.00000", "2017-06-30": "5839.00000", "2017-03-31": "5787.00000", "2016-12-31": "5662.00000", "2016-09-30": "5516.89900", "2016-06-30": "5381.20000", "2016-03-31": "5165.00000", "2015-12-31": "5152.00000", "2015-09-30": "5029.70000", "2015-06-30": "5026.20000", "2015-03-31": "4976.90000", "2014-12-31": "5058.40000", "2014-09-30": "1967.01700", "2014-06-30": "1946.60400", "2014-03-31": "1988.55900", "2013-12-31": "1986.83600", "2013-09-30": "1877.94400", "2013-06-30": "1878.35900", "2013-03-31": "1872.66200", "2012-12-31": "1707.27700", "2012-09-30": "1565.50800", "2012-06-30": "1501.86700", "2012-03-31": "1471.38300", "2011-12-31": "1422.42700", "2011-09-30": "1291.91800", "2011-06-30": "1158.80500", "2011-03-31": "1102.07300", "2010-12-31": "1064.84000", "2010-09-30": "1011.59900", "2010-06-30": "959.23000", "2010-03-31": "1040.51400", "2009-12-31": "1030.67200", "2009-09-30": "959.65590", "2009-06-30": "909.61300", "2009-03-31": "903.38890", "2008-12-31": "906.44100", "2008-09-30": "891.02000", "2008-06-30": "841.16090", "2008-03-31": "825.23600", "2007-12-31": "596.12700", "2007-09-30": "385.41900", "2007-06-30": "354.78400", "2007-03-31": "307.09700", "2006-12-31": "285.59000", "2006-09-30": "261.29500", "2006-06-30": "234.47600", "2006-03-31": "225.19400", "2005-12-31": "206.47000", "2005-09-30": "179.87600", "2005-06-30": "151.35000", "2005-03-31": "122.46800"}, "Total Assets": {"2020-12-31": "16923.00000", "2020-09-30": "18787.00000", "2020-06-30": "18216.00000", "2020-03-31": "17429.00000", "2019-12-31": "16204.00000", "2019-09-30": "15844.00000", "2019-06-30": "15517.00000", "2019-03-31": "16096.00000", "2018-12-31": "15846.00000", "2018-09-30": "15274.00000", "2018-06-30": "14806.00000", "2018-03-31": "15045.00000", "2017-12-31": "15221.00000", "2017-09-30": "14580.00000", "2017-06-30": "13938.00000", "2017-03-31": "13629.00000", "2016-12-31": "14262.00000", "2016-09-30": "13716.70000", "2016-06-30": "13140.10000", "2016-03-31": "12735.90000", "2015-12-31": "13061.00000", "2015-09-30": "12267.60000", "2015-06-30": "11797.60000", "2015-03-31": "11383.40000", "2014-12-31": "11479.00000", "2014-09-30": "9227.04300", "2014-06-30": "8687.29400", "2014-03-31": "8279.29900", "2013-12-31": "8134.71800", "2013-09-30": "7617.14900", "2013-06-30": "7012.32000", "2013-03-31": "6709.30200", "2012-12-31": "6521.57100", "2012-09-30": "6107.03900", "2012-06-30": "5654.21900", "2012-03-31": "5668.12500", "2011-12-31": "5507.93300", "2011-09-30": "5104.11500", "2011-06-30": "4916.70200", "2011-03-31": "4637.87300", "2010-12-31": "4583.07400", "2010-09-30": "4246.27900", "2010-06-30": "3764.15400", "2010-03-31": "3509.74700", "2009-12-31": "3338.24000", "2009-09-30": "2976.48200", "2009-06-30": "2673.28700", "2009-03-31": "2429.04500", "2008-12-31": "2374.56000", "2008-09-30": "2212.22800", "2008-06-30": "2109.78100", "2008-03-31": "1941.65700", "2007-12-31": "1838.30600", "2007-09-30": "1739.01300", "2007-06-30": "1584.35400", "2007-03-31": "1444.69000", "2006-12-31": "1325.98100", "2006-09-30": "1182.51200", "2006-06-30": "1046.06600", "2006-03-31": "934.32700", "2005-12-31": "869.89300", "2005-09-30": "771.73600", "2005-06-30": "683.20800", "2005-03-31": "604.84700"}, "Total Current Liabilities": {"2020-12-31": "3540.00000", "2020-09-30": "3296.00000", "2020-06-30": "3212.00000", "2020-03-31": "2872.00000", "2019-12-31": "2983.00000", "2019-09-30": "2919.00000", "2019-06-30": "2824.00000", "2019-03-31": "2720.00000", "2018-12-31": "2710.00000", "2018-09-30": "2693.00000", "2018-06-30": "2537.00000", "2018-03-31": "2469.00000", "2017-12-31": "2839.00000", "2017-09-30": "2600.00000", "2017-06-30": "2415.00000", "2017-03-31": "2585.00000", "2016-12-31": "2418.00000", "2016-09-30": "2300.70000", "2016-06-30": "2120.00000", "2016-03-31": "2050.40000", "2015-12-31": "2714.00000", "2015-09-30": "2128.40000", "2015-06-30": "1956.50000", "2015-03-31": "1884.10000", "2014-12-31": "2592.10000", "2014-09-30": "1741.46400", "2014-06-30": "1567.66200", "2014-03-31": "1502.86600", "2013-12-31": "1774.50800", "2013-09-30": "1602.03800", "2013-06-30": "1357.29700", "2013-03-31": "1225.84300", "2012-12-31": "1377.33000", "2012-09-30": "1275.58800", "2012-06-30": "1151.09500", "2012-03-31": "1021.24500", "2011-12-31": "1209.70500", "2011-09-30": "1040.73000", "2011-06-30": "887.35100", "2011-03-31": "801.71300", "2010-12-31": "930.72600", "2010-09-30": "804.16900", "2010-06-30": "645.59800", "2010-03-31": "578.14700", "2009-12-31": "646.60800", "2009-09-30": "508.37400", "2009-06-30": "389.85800", "2009-03-31": "340.52000", "2008-12-31": "387.57700", "2008-09-30": "345.89800", "2008-06-30": "328.44700", "2008-03-31": "312.66000", "2007-12-31": "340.68400", "2007-09-30": "286.35400", "2007-06-30": "259.11900", "2007-03-31": "239.33400", "2006-12-31": "249.50300", "2006-09-30": "213.28100", "2006-06-30": "169.32000", "2006-03-31": "138.87400", "2005-12-31": "153.79500", "2005-09-30": "130.08900", "2005-06-30": "118.02000", "2005-03-31": "96.53400"}, "Long Term Debt": {"2020-12-31": "663.00000", "2020-09-30": "2412.00000", "2020-06-30": "2421.00000", "2020-03-31": "2430.00000", "2019-12-31": "700.00000", "2019-09-30": "709.00000", "2019-06-30": "718.00000", "2019-03-31": "727.00000", "2018-12-31": "736.00000", "2018-09-30": "624.00000", "2018-06-30": "649.00000", "2018-03-31": "673.00000", "2017-12-31": "698.00000", "2017-09-30": "723.00000", "2017-06-30": "747.00000", "2017-03-31": "772.00000", "2016-12-31": "797.00000", "2016-09-30": "821.60000", "2016-06-30": "840.00000", "2016-03-31": "858.40000", "2015-12-31": "877.00000", "2015-09-30": "900.00000", "2015-06-30": "912.50000", "2015-03-31": "925.00000", "2014-12-31": "937.50000", "2014-09-30": "", "2014-06-30": "", "2014-03-31": "", "2013-12-31": "", "2013-09-30": "", "2013-06-30": "", "2013-03-31": "", "2012-12-31": "", "2012-09-30": "", "2012-06-30": "", "2012-03-31": "", "2011-12-31": "", "2011-09-30": "", "2011-06-30": "", "2011-03-31": "", "2010-12-31": "", "2010-09-30": "", "2010-06-30": "", "2010-03-31": "", "2009-12-31": "", "2009-09-30": "", "2009-06-30": "", "2009-03-31": "", "2008-12-31": "", "2008-09-30": "", "2008-06-30": "", "2008-03-31": "", "2007-12-31": "", "2007-09-30": "", "2007-06-30": "", "2007-03-31": "", "2006-12-31": "", "2006-09-30": "", "2006-06-30": "", "2006-03-31": "", "2005-12-31": "", "2005-09-30": "", "2005-06-30": "", "2005-03-31": ""}, "Other Non-Current Liabilities": {"2020-12-31": "796.00000", "2020-09-30": "777.00000", "2020-06-30": "735.00000", "2020-03-31": "707.00000", "2019-12-31": "696.00000", "2019-09-30": "652.00000", "2019-06-30": "632.00000", "2019-03-31": "621.00000", "2018-12-31": "731.00000", "2018-09-30": "750.00000", "2018-06-30": "750.00000", "2018-03-31": "732.00000", "2017-12-31": "765.00000", "2017-09-30": "159.00000", "2017-06-30": "155.00000", "2017-03-31": "155.00000", "2016-12-31": "162.00000", "2016-09-30": "140.10000", "2016-06-30": "138.60000", "2016-03-31": "138.10000", "2015-12-31": "140.00000", "2015-09-30": "129.20000", "2015-06-30": "103.90000", "2015-03-31": "111.20000", "2014-12-31": "116.40000", "2014-09-30": "85.82800", "2014-06-30": "108.94100", "2014-03-31": "133.20100", "2013-12-31": "203.24900", "2013-09-30": "352.04100", "2013-06-30": "316.72700", "2013-03-31": "252.68400", "2012-12-31": "287.08100", "2012-09-30": "254.48800", "2012-06-30": "407.71800", "2012-03-31": "276.65300", "2011-12-31": "342.00300", "2011-09-30": "120.25800", "2011-06-30": "73.94400", "2011-03-31": "68.10100", "2010-12-31": "62.97100", "2010-09-30": "68.85000", "2010-06-30": "71.59800", "2010-03-31": "45.23100", "2009-12-31": "38.45500", "2009-09-30": "31.89000", "2009-06-30": "15.10800", "2009-03-31": "13.97700", "2008-12-31": "14.11100", "2008-09-30": "15.26800", "2008-06-30": "16.50700", "2008-03-31": "15.46900", "2007-12-31": "14.26700", "2007-09-30": "9.15200", "2007-06-30": "7.99200", "2007-03-31": "8.02700", "2006-12-31": "2.97900", "2006-09-30": "2.67300", "2006-06-30": "2.55300", "2006-03-31": "2.30200", "2005-12-31": "1.95300", "2005-09-30": "", "2005-06-30": "", "2005-03-31": ""}, "Total Long Term Liabilities": {"2020-12-31": "2547.00000", "2020-09-30": "4351.00000", "2020-06-30": "4032.00000", "2020-03-31": "3944.00000", "2019-12-31": "2199.00000", "2019-09-30": "2223.00000", "2019-06-30": "2136.00000", "2019-03-31": "2240.00000", "2018-12-31": "1712.00000", "2018-09-30": "1603.00000", "2018-06-30": "1621.00000", "2018-03-31": "1588.00000", "2017-12-31": "1713.00000", "2017-09-30": "1001.00000", "2017-06-30": "1040.00000", "2017-03-31": "1061.00000", "2016-12-31": "1116.00000", "2016-09-30": "1123.70000", "2016-06-30": "1157.20000", "2016-03-31": "1073.20000", "2015-12-31": "1069.00000", "2015-09-30": "1312.20000", "2015-06-30": "1300.30000", "2015-03-31": "1320.80000", "2014-12-31": "1146.70000", "2014-09-30": "103.86900", "2014-06-30": "128.80300", "2014-03-31": "153.47600", "2013-12-31": "224.41900", "2013-09-30": "366.83500", "2013-06-30": "331.27500", "2013-03-31": "267.52500", "2012-12-31": "289.85800", "2012-09-30": "259.08100", "2012-06-30": "410.79100", "2012-03-31": "279.63100", "2011-12-31": "345.34200", "2011-09-30": "123.86300", "2011-06-30": "77.50200", "2011-03-31": "71.97100", "2010-12-31": "67.91700", "2010-09-30": "74.92600", "2010-06-30": "77.66900", "2010-03-31": "45.23100", "2009-12-31": "38.45500", "2009-09-30": "31.89000", "2009-06-30": "15.73200", "2009-03-31": "15.81400", "2008-12-31": "21.40500", "2008-09-30": "23.30100", "2008-06-30": "26.96000", "2008-03-31": "27.97100", "2007-12-31": "29.41200", "2007-09-30": "9.15200", "2007-06-30": "7.99200", "2007-03-31": "8.02700", "2006-12-31": "2.97900", "2006-09-30": "2.67300", "2006-06-30": "2.55300", "2006-03-31": "2.30200", "2005-12-31": "1.95300", "2005-09-30": "", "2005-06-30": "", "2005-03-31": "1.22700"}, "Total Liabilities": {"2020-12-31": "6087.00000", "2020-09-30": "7647.00000", "2020-06-30": "7244.00000", "2020-03-31": "6816.00000", "2019-12-31": "5182.00000", "2019-09-30": "5142.00000", "2019-06-30": "4960.00000", "2019-03-31": "4960.00000", "2018-12-31": "4422.00000", "2018-09-30": "4296.00000", "2018-06-30": "4158.00000", "2018-03-31": "4057.00000", "2017-12-31": "4552.00000", "2017-09-30": "3601.00000", "2017-06-30": "3455.00000", "2017-03-31": "3646.00000", "2016-12-31": "3534.00000", "2016-09-30": "3424.40000", "2016-06-30": "3277.20000", "2016-03-31": "3123.60000", "2015-12-31": "3783.00000", "2015-09-30": "3440.60000", "2015-06-30": "3256.80000", "2015-03-31": "3204.90000", "2014-12-31": "3738.80000", "2014-09-30": "1845.33300", "2014-06-30": "1696.46500", "2014-03-31": "1656.34200", "2013-12-31": "1998.92700", "2013-09-30": "1968.87300", "2013-06-30": "1688.57200", "2013-03-31": "1493.36800", "2012-12-31": "1667.18800", "2012-09-30": "1534.66900", "2012-06-30": "1561.88600", "2012-03-31": "1300.87600", "2011-12-31": "1555.04700", "2011-09-30": "1164.59300", "2011-06-30": "964.85300", "2011-03-31": "873.68400", "2010-12-31": "998.64300", "2010-09-30": "879.09500", "2010-06-30": "723.26700", "2010-03-31": "623.37800", "2009-12-31": "685.06300", "2009-09-30": "540.26400", "2009-06-30": "405.59000", "2009-03-31": "356.33400", "2008-12-31": "408.98200", "2008-09-30": "369.19900", "2008-06-30": "355.40700", "2008-03-31": "340.63100", "2007-12-31": "370.09600", "2007-09-30": "295.50600", "2007-06-30": "267.11100", "2007-03-31": "247.36100", "2006-12-31": "252.48200", "2006-09-30": "215.95400", "2006-06-30": "171.87300", "2006-03-31": "141.17600", "2005-12-31": "155.74800", "2005-09-30": "130.08900", "2005-06-30": "118.02000", "2005-03-31": "97.76100"}, "Common Stock Net": {"2020-12-31": "5.00000", "2020-09-30": "5.00000", "2020-06-30": "5.00000", "2020-03-31": "5.00000", "2019-12-31": "5.00000", "2019-09-30": "6.00000", "2019-06-30": "6.00000", "2019-03-31": "6.00000", "2018-12-31": "6.00000", "2018-09-30": "6.00000", "2018-06-30": "6.00000", "2018-03-31": "6.00000", "2017-12-31": "6.00000", "2017-09-30": "6.00000", "2017-06-30": "6.00000", "2017-03-31": "6.00000", "2016-12-31": "6.00000", "2016-09-30": "6.10000", "2016-06-30": "6.10000", "2016-03-31": "6.10000", "2015-12-31": "6.00000", "2015-09-30": "6.10000", "2015-06-30": "6.10000", "2015-03-31": "6.10000", "2014-12-31": "6.10000", "2014-09-30": "6.08900", "2014-06-30": "6.07900", "2014-03-31": "6.08400", "2013-12-31": "6.07700", "2013-09-30": "3.02400", "2013-06-30": "3.01300", "2013-03-31": "3.02500", "2012-12-31": "3.01700", "2012-09-30": "2.99900", "2012-06-30": "2.99300", "2012-03-31": "3.04400", "2011-12-31": "3.03100", "2011-09-30": "3.02100", "2011-06-30": "3.03600", "2011-03-31": "3.04200", "2010-12-31": "3.03900", "2010-09-30": "3.03400", "2010-06-30": "3.00800", "2010-03-31": "2.99400", "2009-12-31": "2.97200", "2009-09-30": "2.94600", "2009-06-30": "2.93100", "2009-03-31": "2.92000", "2008-12-31": "2.91700", "2008-09-30": "2.91200", "2008-06-30": "2.91600", "2008-03-31": "2.88800", "2007-12-31": "2.88000", "2007-09-30": "2.90300", "2007-06-30": "1.44600", "2007-03-31": "1.43700", "2006-12-31": "2.85000", "2006-09-30": "1.41800", "2006-06-30": "1.40900", "2006-03-31": "1.40300", "2005-12-31": "1.39300", "2005-09-30": "1.38200", "2005-06-30": "1.36500", "2005-03-31": "1.35100"}, "Retained Earnings (Accumulated Deficit)": {"2020-12-31": "10689.00000", "2020-09-30": "11142.00000", "2020-06-30": "11072.00000", "2020-03-31": "10831.00000", "2019-12-31": "11022.00000", "2019-09-30": "10820.00000", "2019-06-30": "10583.00000", "2019-03-31": "11140.00000", "2018-12-31": "11485.00000", "2018-09-30": "11041.00000", "2018-06-30": "10681.00000", "2018-03-31": "10856.00000", "2017-12-31": "10544.00000", "2017-09-30": "10721.00000", "2017-06-30": "10316.00000", "2017-03-31": "9935.00000", "2016-12-31": "10478.00000", "2016-09-30": "10063.20000", "2016-06-30": "9618.80000", "2016-03-31": "9366.40000", "2015-12-31": "8925.00000", "2015-09-30": "8501.80000", "2015-06-30": "8104.60000", "2015-03-31": "7684.50000", "2014-12-31": "7301.60000", "2014-09-30": "6938.77700", "2014-06-30": "6583.15300", "2014-03-31": "6211.24500", "2013-12-31": "5862.36700", "2013-09-30": "5538.03500", "2013-06-30": "5218.40800", "2013-03-31": "4917.99800", "2012-12-31": "4633.78900", "2012-09-30": "4355.01000", "2012-06-30": "4078.10900", "2012-03-31": "3826.17700", "2011-12-31": "3582.52600", "2011-09-30": "3342.39900", "2011-06-30": "3115.28000", "2011-03-31": "2907.23500", "2010-12-31": "2698.90800", "2010-09-30": "2492.74200", "2010-06-30": "2289.04300", "2010-03-31": "2116.86800", "2009-12-31": "1965.36800", "2009-09-30": "1821.36400", "2009-06-30": "1684.79200", "2009-03-31": "1543.53300", "2008-12-31": "1430.40500", "2008-09-30": "1318.11700", "2008-06-30": "1205.28900", "2008-03-31": "1101.43300", "2007-12-31": "999.56000", "2007-09-30": "903.30400", "2007-06-30": "807.15000", "2007-03-31": "724.87300", "2006-12-31": "650.27700", "2006-09-30": "580.74400", "2006-06-30": "519.71700", "2006-03-31": "464.64600", "2005-12-31": "417.48200", "2005-09-30": "359.80900", "2005-06-30": "319.22600", "2005-03-31": "283.19400"}, "Comprehensive Income": {"2020-12-31": "110.00000", "2020-09-30": "-40.00000", "2020-06-30": "-188.00000", "2020-03-31": "-264.00000", "2019-12-31": "-38.00000", "2019-09-30": "-159.00000", "2019-06-30": "-70.00000", "2019-03-31": "-74.00000", "2018-12-31": "-114.00000", "2018-09-30": "-188.00000", "2018-06-30": "-94.00000", "2018-03-31": "63.00000", "2017-12-31": "70.00000", "2017-09-30": "44.00000", "2017-06-30": "33.00000", "2017-03-31": "-17.00000", "2016-12-31": "-114.00000", "2016-09-30": "-56.20000", "2016-06-30": "-95.70000", "2016-03-31": "-61.60000", "2015-12-31": "-106.00000", "2015-09-30": "-113.30000", "2015-06-30": "-90.50000", "2015-03-31": "-119.30000", "2014-12-31": "-123.10000", "2014-09-30": "-123.65800", "2014-06-30": "-111.46000", "2014-03-31": "-167.28500", "2013-12-31": "-276.25900", "2013-09-30": "-375.08900", "2013-06-30": "-324.60200", "2013-03-31": "-208.43100", "2012-12-31": "-239.68300", "2012-09-30": "-190.04300", "2012-06-30": "-396.74100", "2012-03-31": "-193.33100", "2011-12-31": "-325.39400", "2011-09-30": "-50.68100", "2011-06-30": "76.63700", "2011-03-31": "39.95000", "2010-12-31": "35.59800", "2010-09-30": "25.70900", "2010-06-30": "-21.08000", "2010-03-31": "44.04300", "2009-12-31": "20.27700", "2009-09-30": "6.36400", "2009-06-30": "7.89400", "2009-03-31": "-24.99600", "2008-12-31": "-9.47900", "2008-09-30": "-1.52900", "2008-06-30": "13.93200", "2008-03-31": "16.05700", "2007-12-31": "15.20300", "2007-09-30": "16.75400", "2007-06-30": "14.07600", "2007-03-31": "12.38600", "2006-12-31": "11.77800", "2006-09-30": "7.86200", "2006-06-30": "7.06100", "2006-03-31": "2.84300", "2005-12-31": "2.12100", "2005-09-30": "3.65500", "2005-06-30": "4.54000", "2005-03-31": "8.06800"}, "Other Share Holders Equity": {"2020-12-31": "", "2020-09-30": "", "2020-06-30": "", "2020-03-31": "", "2019-12-31": "", "2019-09-30": "", "2019-06-30": "", "2019-03-31": "", "2018-12-31": "", "2018-09-30": "", "2018-06-30": "", "2018-03-31": "", "2017-12-31": "", "2017-09-30": "", "2017-06-30": "", "2017-03-31": "", "2016-12-31": "", "2016-09-30": "", "2016-06-30": "", "2016-03-31": "", "2015-12-31": "", "2015-09-30": "", "2015-06-30": "", "2015-03-31": "", "2014-12-31": "", "2014-09-30": "", "2014-06-30": "", "2014-03-31": "", "2013-12-31": "", "2013-09-30": "", "2013-06-30": "", "2013-03-31": "", "2012-12-31": "", "2012-09-30": "", "2012-06-30": "", "2012-03-31": "", "2011-12-31": "", "2011-09-30": "", "2011-06-30": "", "2011-03-31": "", "2010-12-31": "", "2010-09-30": "", "2010-06-30": "", "2010-03-31": "", "2009-12-31": "", "2009-09-30": "", "2009-06-30": "", "2009-03-31": "", "2008-12-31": "", "2008-09-30": "", "2008-06-30": "", "2008-03-31": "", "2007-12-31": "", "2007-09-30": "", "2007-06-30": "", "2007-03-31": "", "2006-12-31": "", "2006-09-30": "", "2006-06-30": "", "2006-03-31": "", "2005-12-31": "", "2005-09-30": "", "2005-06-30": "", "2005-03-31": ""}, "Share Holder Equity": {"2020-12-31": "10836.00000", "2020-09-30": "11140.00000", "2020-06-30": "10972.00000", "2020-03-31": "10613.00000", "2019-12-31": "11022.00000", "2019-09-30": "10702.00000", "2019-06-30": "10557.00000", "2019-03-31": "11136.00000", "2018-12-31": "11424.00000", "2018-09-30": "10978.00000", "2018-06-30": "10648.00000", "2018-03-31": "10988.00000", "2017-12-31": "10669.00000", "2017-09-30": "10979.00000", "2017-06-30": "10483.00000", "2017-03-31": "9983.00000", "2016-12-31": "10728.00000", "2016-09-30": "10292.30000", "2016-06-30": "9862.90000", "2016-03-31": "9612.30000", "2015-12-31": "9278.00000", "2015-09-30": "8827.00000", "2015-06-30": "8540.80000", "2015-03-31": "8178.50000", "2014-12-31": "7740.20000", "2014-09-30": "7381.71000", "2014-06-30": "6990.82900", "2014-03-31": "6622.95700", "2013-12-31": "6135.79100", "2013-09-30": "5648.27600", "2013-06-30": "5323.74800", "2013-03-31": "5215.93400", "2012-12-31": "4854.38300", "2012-09-30": "4572.37000", "2012-06-30": "4092.33300", "2012-03-31": "4367.24900", "2011-12-31": "3952.88600", "2011-09-30": "3939.52200", "2011-06-30": "3951.84900", "2011-03-31": "3764.18900", "2010-12-31": "3584.43100", "2010-09-30": "3367.18400", "2010-06-30": "3040.88700", "2010-03-31": "2886.36900", "2009-12-31": "2653.17700", "2009-09-30": "2436.21800", "2009-06-30": "2267.69700", "2009-03-31": "2072.71100", "2008-12-31": "1965.57800", "2008-09-30": "1843.02900", "2008-06-30": "1754.37400", "2008-03-31": "1601.02600", "2007-12-31": "1468.21000", "2007-09-30": "1443.50700", "2007-06-30": "1317.24300", "2007-03-31": "1197.32900", "2006-12-31": "1073.49900", "2006-09-30": "966.55800", "2006-06-30": "874.19300", "2006-03-31": "793.15100", "2005-12-31": "714.14500", "2005-09-30": "641.64700", "2005-06-30": "565.18800", "2005-03-31": "507.08600"}, "Total Liabilities And Share Holders Equity": {"2020-12-31": "16923.00000", "2020-09-30": "18787.00000", "2020-06-30": "18216.00000", "2020-03-31": "17429.00000", "2019-12-31": "16204.00000", "2019-09-30": "15844.00000", "2019-06-30": "15517.00000", "2019-03-31": "16096.00000", "2018-12-31": "15846.00000", "2018-09-30": "15274.00000", "2018-06-30": "14806.00000", "2018-03-31": "15045.00000", "2017-12-31": "15221.00000", "2017-09-30": "14580.00000", "2017-06-30": "13938.00000", "2017-03-31": "13629.00000", "2016-12-31": "14262.00000", "2016-09-30": "13716.70000", "2016-06-30": "13140.10000", "2016-03-31": "12735.90000", "2015-12-31": "13061.00000", "2015-09-30": "12267.60000", "2015-06-30": "11797.60000", "2015-03-31": "11383.40000", "2014-12-31": "11479.00000", "2014-09-30": "9227.04300", "2014-06-30": "8687.29400", "2014-03-31": "8279.29900", "2013-12-31": "8134.71800", "2013-09-30": "7617.14900", "2013-06-30": "7012.32000", "2013-03-31": "6709.30200", "2012-12-31": "6521.57100", "2012-09-30": "6107.03900", "2012-06-30": "5654.21900", "2012-03-31": "5668.12500", "2011-12-31": "5507.93300", "2011-09-30": "5104.11500", "2011-06-30": "4916.70200", "2011-03-31": "4637.87300", "2010-12-31": "4583.07400", "2010-09-30": "4246.27900", "2010-06-30": "3764.15400", "2010-03-31": "3509.74700", "2009-12-31": "3338.24000", "2009-09-30": "2976.48200", "2009-06-30": "2673.28700", "2009-03-31": "2429.04500", "2008-12-31": "2374.56000", "2008-09-30": "2212.22800", "2008-06-30": "2109.78100", "2008-03-31": "1941.65700", "2007-12-31": "1838.30600", "2007-09-30": "1739.01300", "2007-06-30": "1584.35400", "2007-03-31": "1444.69000", "2006-12-31": "1325.98100", "2006-09-30": "1182.51200", "2006-06-30": "1046.06600", "2006-03-31": "934.32700", "2005-12-31": "869.89300", "2005-09-30": "771.73600", "2005-06-30": "683.20800", "2005-03-31": "604.84700"}}, "cash flow statement": {"Net Income/Loss": {"2020-12-31": "1392.00000", "2019-12-31": "1842.00000", "2018-12-31": "2101.00000", "2017-12-31": "1504.00000", "2016-12-31": "1553.00000", "2015-12-31": "1624.00000", "2014-12-31": "1439.00000", "2013-12-31": "1228.60000", "2012-12-31": "1051.26300", "2011-12-31": "883.61800", "2010-12-31": "733.54000", "2009-12-31": "534.96300", "2008-12-31": "430.84500", "2007-12-31": "350.13300", "2006-12-31": "232.79500", "2005-12-31": "166.26600"}, "Total Depreciation And Amortization - Cash Flow": {"2020-12-31": "", "2019-12-31": "526.00000", "2018-12-31": "498.00000", "2017-12-31": "443.00000", "2016-12-31": "379.00000", "2015-12-31": "330.00000", "2014-12-31": "208.00000", "2013-12-31": "179.90000", "2012-12-31": "156.58800", "2011-12-31": "124.17500", "2010-12-31": "110.17200", "2009-12-31": "89.37100", "2008-12-31": "74.79700", "2007-12-31": "53.91800", "2006-12-31": "34.16300", "2005-12-31": "21.40000"}, "Other Non-Cash Items": {"2020-12-31": "1094.00000", "2019-12-31": "-89.00000", "2018-12-31": "275.00000", "2017-12-31": "345.00000", "2016-12-31": "138.00000", "2015-12-31": "76.00000", "2014-12-31": "16.00000", "2013-12-31": "3.60000", "2012-12-31": "-53.85000", "2011-12-31": "47.07400", "2010-12-31": "-60.89400", "2009-12-31": "-9.98200", "2008-12-31": "30.35200", "2007-12-31": "22.27200", "2006-12-31": "31.47800", "2005-12-31": "3.99100"}, "Total Non-Cash Items": {"2020-12-31": "1094.00000", "2019-12-31": "437.00000", "2018-12-31": "773.00000", "2017-12-31": "788.00000", "2016-12-31": "517.00000", "2015-12-31": "406.00000", "2014-12-31": "224.00000", "2013-12-31": "183.50000", "2012-12-31": "102.73800", "2011-12-31": "171.24900", "2010-12-31": "49.27800", "2009-12-31": "79.38900", "2008-12-31": "105.14900", "2007-12-31": "76.19000", "2006-12-31": "65.64100", "2005-12-31": "25.39100"}, "Change In Accounts Receivable": {"2020-12-31": "", "2019-12-31": "37.00000", "2018-12-31": "-365.00000", "2017-12-31": "-249.00000", "2016-12-31": "-330.00000", "2015-12-31": "-322.00000", "2014-12-31": "-259.00000", "2013-12-31": "-258.50000", "2012-12-31": "-158.60300", "2011-12-31": "-284.16700", "2010-12-31": "-278.41800", "2009-12-31": "-98.45100", "2008-12-31": "-168.39500", "2007-12-31": "-119.88200", "2006-12-31": "-102.33400", "2005-12-31": "-55.82700"}, "Change In Inventories": {"2020-12-31": "", "2019-12-31": "", "2018-12-31": "", "2017-12-31": "", "2016-12-31": "", "2015-12-31": "", "2014-12-31": "", "2013-12-31": "", "2012-12-31": "", "2011-12-31": "", "2010-12-31": "", "2009-12-31": "", "2008-12-31": "", "2007-12-31": "", "2006-12-31": "", "2005-12-31": ""}, "Change In Accounts Payable": {"2020-12-31": "", "2019-12-31": "8.00000", "2018-12-31": "-4.00000", "2017-12-31": "16.00000", "2016-12-31": "6.00000", "2015-12-31": "19.00000", "2014-12-31": "26.00000", "2013-12-31": "-12.10000", "2012-12-31": "32.77300", "2011-12-31": "-8.59300", "2010-12-31": "18.59700", "2009-12-31": "6.67500", "2008-12-31": "19.28300", "2007-12-31": "10.55400", "2006-12-31": "10.81700", "2005-12-31": "2.20800"}, "Change In Assets/Liabilities": {"2020-12-31": "813.00000", "2019-12-31": "56.00000", "2018-12-31": "-38.00000", "2017-12-31": "419.00000", "2016-12-31": "-147.00000", "2015-12-31": "411.00000", "2014-12-31": "12.00000", "2013-12-31": "229.70000", "2012-12-31": "141.91300", "2011-12-31": "67.00900", "2010-12-31": "-99.64300", "2009-12-31": "155.85000", "2008-12-31": "40.23600", "2007-12-31": "27.32500", "2006-12-31": "45.95700", "2005-12-31": "21.72200"}, "Total Change In Assets/Liabilities": {"2020-12-31": "813.00000", "2019-12-31": "101.00000", "2018-12-31": "-407.00000", "2017-12-31": "186.00000", "2016-12-31": "-471.00000", "2015-12-31": "108.00000", "2014-12-31": "-221.00000", "2013-12-31": "-40.90000", "2012-12-31": "16.08300", "2011-12-31": "-225.75100", "2010-12-31": "-10.56600", "2009-12-31": "64.07400", "2008-12-31": "-108.87600", "2007-12-31": "-82.00300", "2006-12-31": "-45.56000", "2005-12-31": "-31.89700"}, "Cash Flow From Operating Activities": {"2020-12-31": "3299.00000", "2019-12-31": "2499.00000", "2018-12-31": "2592.00000", "2017-12-31": "2407.00000", "2016-12-31": "1645.00000", "2015-12-31": "2187.00000", "2014-12-31": "1473.00000", "2013-12-31": "1423.80000", "2012-12-31": "1172.58300", "2011-12-31": "875.15200", "2010-12-31": "764.65400", "2009-12-31": "672.32500", "2008-12-31": "429.70500", "2007-12-31": "344.32000", "2006-12-31": "252.87600", "2005-12-31": "159.76000"}, "Net Change In Property, Plant, And Equipment": {"2020-12-31": "-398.00000", "2019-12-31": "-392.00000", "2018-12-31": "-377.00000", "2017-12-31": "-284.00000", "2016-12-31": "-300.00000", "2015-12-31": "-273.00000", "2014-12-31": "-212.00000", "2013-12-31": "-261.60000", "2012-12-31": "-334.46500", "2011-12-31": "-288.22100", "2010-12-31": "-185.51200", "2009-12-31": "-76.63900", "2008-12-31": "-169.41000", "2007-12-31": "-182.46700", "2006-12-31": "-104.73400", "2005-12-31": "-71.77000"}, "Net Change In Intangible Assets": {"2020-12-31": "", "2019-12-31": "", "2018-12-31": "", "2017-12-31": "", "2016-12-31": "", "2015-12-31": "", "2014-12-31": "", "2013-12-31": "", "2012-12-31": "", "2011-12-31": "", "2010-12-31": "", "2009-12-31": "", "2008-12-31": "", "2007-12-31": "", "2006-12-31": "", "2005-12-31": ""}, "Net Acquisitions/Divestitures": {"2020-12-31": "-1123.00000", "2019-12-31": "-617.00000", "2018-12-31": "-1111.00000", "2017-12-31": "-216.00000", "2016-12-31": "-334.00000", "2015-12-31": "-2.00000", "2014-12-31": "-2691.00000", "2013-12-31": "-193.80000", "2012-12-31": "-59.89400", "2011-12-31": "-82.80000", "2010-12-31": "-33.86300", "2009-12-31": "-68.61300", "2008-12-31": "-20.95600", "2007-12-31": "-146.82000", "2006-12-31": "-14.77300", "2005-12-31": "-19.81100"}, "Net Change In Short-term Investments": {"2020-12-31": "", "2019-12-31": "823.00000", "2018-12-31": "-347.00000", "2017-12-31": "-366.00000", "2016-12-31": "-80.00000", "2015-12-31": "-336.00000", "2014-12-31": "-258.00000", "2013-12-31": "-275.40010", "2012-12-31": "-175.68710", "2011-12-31": "-479.25990", "2010-12-31": "-227.51500", "2009-12-31": "-249.51200", "2008-12-31": "135.36000", "2007-12-31": "51.94800", "2006-12-31": "-152.83100", "2005-12-31": "-112.96500"}, "Net Change In Long-Term Investments": {"2020-12-31": "283.00000", "2019-12-31": "1774.00000", "2018-12-31": "208.00000", "2017-12-31": "284.00000", "2016-12-31": "-249.00000", "2015-12-31": "-760.00000", "2014-12-31": "", "2013-12-31": "", "2012-12-31": "", "2011-12-31": "", "2010-12-31": "", "2009-12-31": "", "2008-12-31": "", "2007-12-31": "", "2006-12-31": "", "2005-12-31": ""}, "Net Change In Investments - Total": {"2020-12-31": "283.00000", "2019-12-31": "2597.00000", "2018-12-31": "-139.00000", "2017-12-31": "-82.00000", "2016-12-31": "-329.00000", "2015-12-31": "-1096.00000", "2014-12-31": "-258.00000", "2013-12-31": "-275.40010", "2012-12-31": "-175.68710", "2011-12-31": "-479.25990", "2010-12-31": "-227.51500", "2009-12-31": "-249.51200", "2008-12-31": "135.36000", "2007-12-31": "51.94800", "2006-12-31": "-152.83100", "2005-12-31": "-112.96500"}, "Investing Activities - Other": {"2020-12-31": "", "2019-12-31": "", "2018-12-31": "", "2017-12-31": "", "2016-12-31": "", "2015-12-31": "", "2014-12-31": "", "2013-12-31": "", "2012-12-31": "", "2011-12-31": "", "2010-12-31": "", "2009-12-31": "", "2008-12-31": "", "2007-12-31": "", "2006-12-31": "", "2005-12-31": ""}, "Cash Flow From Investing Activities": {"2020-12-31": "-1238.00000", "2019-12-31": "1588.00000", "2018-12-31": "-1627.00000", "2017-12-31": "-582.00000", "2016-12-31": "-963.00000", "2015-12-31": "-1371.00000", "2014-12-31": "-3161.00000", "2013-12-31": "-730.80000", "2012-12-31": "-570.04600", "2011-12-31": "-850.28100", "2010-12-31": "-446.89000", "2009-12-31": "-394.76400", "2008-12-31": "-55.00600", "2007-12-31": "-277.33900", "2006-12-31": "-272.33800", "2005-12-31": "-204.54600"}, "Net Long-Term Debt": {"2020-12-31": "-50.00000", "2019-12-31": "-28.00000", "2018-12-31": "-66.00000", "2017-12-31": "-95.00000", "2016-12-31": "-57.00000", "2015-12-31": "-53.00000", "2014-12-31": "985.00000", "2013-12-31": "", "2012-12-31": "", "2011-12-31": "", "2010-12-31": "", "2009-12-31": "", "2008-12-31": "", "2007-12-31": "", "2006-12-31": "", "2005-12-31": ""}, "Net Current Debt": {"2020-12-31": "", "2019-12-31": "", "2018-12-31": "-75.00000", "2017-12-31": "75.00000", "2016-12-31": "-350.00000", "2015-12-31": "-300.00000", "2014-12-31": "650.00000", "2013-12-31": "", "2012-12-31": "", "2011-12-31": "", "2010-12-31": "", "2009-12-31": "", "2008-12-31": "", "2007-12-31": "", "2006-12-31": "-1.75400", "2005-12-31": ""}, "Debt Issuance/Retirement Net - Total": {"2020-12-31": "-50.00000", "2019-12-31": "-28.00000", "2018-12-31": "-141.00000", "2017-12-31": "-20.00000", "2016-12-31": "-407.00000", "2015-12-31": "-353.00000", "2014-12-31": "1635.00000", "2013-12-31": "", "2012-12-31": "", "2011-12-31": "", "2010-12-31": "", "2009-12-31": "", "2008-12-31": "", "2007-12-31": "", "2006-12-31": "-1.75400", "2005-12-31": ""}, "Net Common Equity Issued/Repurchased": {"2020-12-31": "-1479.00000", "2019-12-31": "-2088.00000", "2018-12-31": "-1080.00000", "2017-12-31": "-1700.00000", "2016-12-31": "-336.00000", "2015-12-31": "-329.00000", "2014-12-31": "-147.00000", "2013-12-31": "-61.50000", "2012-12-31": "-391.36100", "2011-12-31": "-294.59600", "2010-12-31": "48.08400", "2009-12-31": "45.39200", "2008-12-31": "27.04100", "2007-12-31": "-38.25700", "2006-12-31": "51.40000", "2005-12-31": "47.45100"}, "Net Total Equity Issued/Repurchased": {"2020-12-31": "-1479.00000", "2019-12-31": "-2088.00000", "2018-12-31": "-1080.00000", "2017-12-31": "-1700.00000", "2016-12-31": "-336.00000", "2015-12-31": "-329.00000", "2014-12-31": "-147.00000", "2013-12-31": "-61.50000", "2012-12-31": "-391.36100", "2011-12-31": "-294.59600", "2010-12-31": "48.08400", "2009-12-31": "45.39200", "2008-12-31": "27.04100", "2007-12-31": "-38.25700", "2006-12-31": "51.40000", "2005-12-31": "47.45100"}, "Total Common And Preferred Stock Dividends Paid": {"2020-12-31": "-480.00000", "2019-12-31": "-453.00000", "2018-12-31": "-468.00000", "2017-12-31": "-265.00000", "2016-12-31": "", "2015-12-31": "", "2014-12-31": "", "2013-12-31": "", "2012-12-31": "", "2011-12-31": "", "2010-12-31": "", "2009-12-31": "", "2008-12-31": "", "2007-12-31": "", "2006-12-31": "", "2005-12-31": ""}, "Financial Activities - Other": {"2020-12-31": "", "2019-12-31": "", "2018-12-31": "-4.00000", "2017-12-31": "", "2016-12-31": "", "2015-12-31": "", "2014-12-31": "15.00000", "2013-12-31": "30.60000", "2012-12-31": "48.37300", "2011-12-31": "39.14100", "2010-12-31": "71.91900", "2009-12-31": "31.55600", "2008-12-31": "16.99300", "2007-12-31": "42.26500", "2006-12-31": "33.24900", "2005-12-31": ""}, "Cash Flow From Financial Activities": {"2020-12-31": "-2009.00000", "2019-12-31": "-2569.00000", "2018-12-31": "-1693.00000", "2017-12-31": "-1985.00000", "2016-12-31": "-743.00000", "2015-12-31": "-682.00000", "2014-12-31": "1503.00000", "2013-12-31": "-30.90000", "2012-12-31": "-342.98800", "2011-12-31": "-255.45500", "2010-12-31": "120.00300", "2009-12-31": "76.94800", "2008-12-31": "44.03400", "2007-12-31": "4.00800", "2006-12-31": "82.89500", "2005-12-31": "47.45100"}, "Net Cash Flow": {"2020-12-31": "35.00000", "2019-12-31": "1484.00000", "2018-12-31": "-764.00000", "2017-12-31": "-109.00000", "2016-12-31": "-91.00000", "2015-12-31": "115.00000", "2014-12-31": "-203.00000", "2013-12-31": "642.90000", "2012-12-31": "259.17100", "2011-12-31": "-230.06300", "2010-12-31": "440.03900", "2009-12-31": "365.86400", "2008-12-31": "395.22100", "2007-12-31": "73.90800", "2006-12-31": "68.99900", "2005-12-31": "-2.35800"}, "Stock-Based Compensation": {"2020-12-31": "", "2019-12-31": "217.00000", "2018-12-31": "267.00000", "2017-12-31": "221.00000", "2016-12-31": "217.00000", "2015-12-31": "192.00000", "2014-12-31": "135.00000", "2013-12-31": "118.80000", "2012-12-31": "107.35500", "2011-12-31": "90.23200", "2010-12-31": "56.98400", "2009-12-31": "44.81600", "2008-12-31": "43.90000", "2007-12-31": "35.91600", "2006-12-31": "29.93400", "2005-12-31": ""}, "Common Stock Dividends Paid": {"2020-12-31": "-480.00000", "2019-12-31": "-453.00000", "2018-12-31": "-468.00000", "2017-12-31": "-265.00000", "2016-12-31": "0.00000", "2015-12-31": "0.00000", "2014-12-31": "", "2013-12-31": "", "2012-12-31": "", "2011-12-31": "", "2010-12-31": "", "2009-12-31": "", "2008-12-31": "", "2007-12-31": "", "2006-12-31": "", "2005-12-31": ""}}, "cash flow statement, quarterly": {"Net Income/Loss": {"2020-12-31": 316, "2020-09-30": 348, "2020-06-30": 361, "2020-03-31": "367.00000", "2019-12-31": 395, "2019-09-30": 497, "2019-06-30": 509, "2019-03-31": "441.00000", "2018-12-31": 648, "2018-09-30": 477, "2018-06-30": 456, "2018-03-31": "520.00000", "2017-12-31": -18, "2017-09-30": 495, "2017-06-30": 470, "2017-03-31": "557.00000", "2016-12-31": 416, "2016-09-30": 444, "2016-06-30": 252, "2016-03-31": "441.00000", "2015-12-31": 423.8, "2015-09-30": 397.2, "2015-06-30": 420.1, "2015-03-31": "382.90000", "2014-12-31": 362.6, "2014-09-30": 355.6, "2014-06-30": 371.9, "2014-03-31": "348.90000", "2013-12-31": 324.354, "2013-09-30": 319.627, "2013-06-30": 300.41, "2013-03-31": "284.20900", "2012-12-31": 278.779, "2012-09-30": 276.901, "2012-06-30": 251.932, "2012-03-31": "243.65100", "2011-12-31": 240.127, "2011-09-30": 227.119, "2011-06-30": 208.045, "2011-03-31": "208.32700", "2010-12-31": 206.166, "2010-09-30": 203.699, "2010-06-30": 172.175, "2010-03-31": "151.50000", "2009-12-31": 144.004, "2009-09-30": 136.572, "2009-06-30": 141.255, "2009-03-31": "113.13200", "2008-12-31": 112.288, "2008-09-30": 112.828, "2008-06-30": 103.856, "2008-03-31": "101.87300", "2007-12-31": 96.256, "2007-09-30": 96.154, "2007-06-30": 82.277, "2007-03-31": "75.44600", "2006-12-31": 69.533, "2006-09-30": 61.027, "2006-06-30": 55.071, "2006-03-31": "47.16400", "2005-12-31": 57.673, "2005-09-30": 40.583, "2005-06-30": 36.032, "2005-03-31": "31.97800"}, "Total Depreciation And Amortization - Cash Flow": {"2020-12-31": -411, "2020-09-30": 138, "2020-06-30": 137, "2020-03-31": "136.00000", "2019-12-31": 133, "2019-09-30": 127, "2019-06-30": 133, "2019-03-31": "133.00000", "2018-12-31": 131, "2018-09-30": 127, "2018-06-30": 123, "2018-03-31": "117.00000", "2017-12-31": 122, "2017-09-30": 114, "2017-06-30": 103, "2017-03-31": "104.00000", "2016-12-31": 101, "2016-09-30": 97, "2016-06-30": 93, "2016-03-31": "88.00000", "2015-12-31": 88, "2015-09-30": 82.4, "2015-06-30": 84, "2015-03-31": "75.60000", "2014-12-31": 62.8, "2014-09-30": 49.7, "2014-06-30": 48.8, "2014-03-31": "46.70000", "2013-12-31": 47.887, "2013-09-30": 44.578, "2013-06-30": 43.834, "2013-03-31": "43.60100", "2012-12-31": 41.164, "2012-09-30": 41.366, "2012-06-30": 37.433, "2012-03-31": "36.62500", "2011-12-31": 34.299, "2011-09-30": 31.639, "2011-06-30": 29.273, "2011-03-31": "28.96400", "2010-12-31": 29.614, "2010-09-30": 27.929, "2010-06-30": 25.248, "2010-03-31": "27.38100", "2009-12-31": 24.339, "2009-09-30": 22.301, "2009-06-30": 21.579, "2009-03-31": "21.15200", "2008-12-31": 21.253, "2008-09-30": 19.474, "2008-06-30": 17.777, "2008-03-31": "16.29300", "2007-12-31": 14.735, "2007-09-30": 13.87, "2007-06-30": 13.053, "2007-03-31": "12.26000", "2006-12-31": 10.471, "2006-09-30": 8.861, "2006-06-30": 7.801, "2006-03-31": "7.03000", "2005-12-31": 5.28, "2005-09-30": 5.581, "2005-06-30": 5.449, "2005-03-31": "5.09000"}, "Other Non-Cash Items": {"2020-12-31": 626, "2020-09-30": 441, "2020-06-30": -9, "2020-03-31": "36.00000", "2019-12-31": -58, "2019-09-30": 29, "2019-06-30": -84, "2019-03-31": "24.00000", "2018-12-31": 25, "2018-09-30": 65, "2018-06-30": 122, "2018-03-31": "63.00000", "2017-12-31": 218, "2017-09-30": -7, "2017-06-30": 62, "2017-03-31": "72.00000", "2016-12-31": 8, "2016-09-30": -16, "2016-06-30": 18, "2016-03-31": "128.00000", "2015-12-31": 52.3, "2015-09-30": -17.9, "2015-06-30": -20.8, "2015-03-31": "62.40000", "2014-12-31": -29.6, "2014-09-30": -20.4, "2014-06-30": -1.9, "2014-03-31": "67.90000", "2013-12-31": -49.444, "2013-09-30": 0.683, "2013-06-30": 5.999, "2013-03-31": "46.36200", "2012-12-31": -51.259, "2012-09-30": -64.19, "2012-06-30": 50.024, "2012-03-31": "11.57500", "2011-12-31": 36.467, "2011-09-30": -7.794, "2011-06-30": -0.954, "2011-03-31": "19.35500", "2010-12-31": -91.212, "2010-09-30": -13.581, "2010-06-30": 19.723, "2010-03-31": "24.17600", "2009-12-31": -14.605, "2009-09-30": -6.241, "2009-06-30": -3.029, "2009-03-31": "13.89300", "2008-12-31": -4.024, "2008-09-30": 14.915, "2008-06-30": 15.548, "2008-03-31": "3.91300", "2007-12-31": 7.002, "2007-09-30": 18.203, "2007-06-30": 5.362, "2007-03-31": "-8.29500", "2006-12-31": 6.897, "2006-09-30": 9.909, "2006-06-30": 9.475, "2006-03-31": "5.19700", "2005-12-31": -13.86, "2005-09-30": 7.594, "2005-06-30": 5.495, "2005-03-31": "4.76200"}, "Total Non-Cash Items": {"2020-12-31": 215, "2020-09-30": 579, "2020-06-30": 128, "2020-03-31": "172.00000", "2019-12-31": 75, "2019-09-30": 156, "2019-06-30": 49, "2019-03-31": "157.00000", "2018-12-31": 156, "2018-09-30": 192, "2018-06-30": 245, "2018-03-31": "180.00000", "2017-12-31": 340, "2017-09-30": 107, "2017-06-30": 165, "2017-03-31": "176.00000", "2016-12-31": 109, "2016-09-30": 81, "2016-06-30": 111, "2016-03-31": "216.00000", "2015-12-31": 140.3, "2015-09-30": 64.5, "2015-06-30": 63.2, "2015-03-31": "138.00000", "2014-12-31": 33.2, "2014-09-30": 29.3, "2014-06-30": 46.9, "2014-03-31": "114.60000", "2013-12-31": -1.557, "2013-09-30": 45.261, "2013-06-30": 49.833, "2013-03-31": "89.96300", "2012-12-31": -10.095, "2012-09-30": -22.824, "2012-06-30": 87.457, "2012-03-31": "48.20000", "2011-12-31": 70.766, "2011-09-30": 23.845, "2011-06-30": 28.319, "2011-03-31": "48.31900", "2010-12-31": -61.598, "2010-09-30": 14.348, "2010-06-30": 44.971, "2010-03-31": "51.55700", "2009-12-31": 9.734, "2009-09-30": 16.06, "2009-06-30": 18.55, "2009-03-31": "35.04500", "2008-12-31": 17.229, "2008-09-30": 34.389, "2008-06-30": 33.325, "2008-03-31": "20.20600", "2007-12-31": 21.737, "2007-09-30": 32.073, "2007-06-30": 18.415, "2007-03-31": "3.96500", "2006-12-31": 17.368, "2006-09-30": 18.77, "2006-06-30": 17.276, "2006-03-31": "12.22700", "2005-12-31": -8.58, "2005-09-30": 13.175, "2005-06-30": 10.944, "2005-03-31": "9.85200"}, "Change In Accounts Receivable": {"2020-12-31": -212, "2020-09-30": 134, "2020-06-30": 65, "2020-03-31": "13.00000", "2019-12-31": 213, "2019-09-30": -47, "2019-06-30": 2, "2019-03-31": "-131.00000", "2018-12-31": -52, "2018-09-30": 17, "2018-06-30": -57, "2018-03-31": "-273.00000", "2017-12-31": 35, "2017-09-30": -181, "2017-06-30": -17, "2017-03-31": "-86.00000", "2016-12-31": -69, "2016-09-30": -74, "2016-06-30": -132, "2016-03-31": "-55.00000", "2015-12-31": -131.4, "2015-09-30": -4.9, "2015-06-30": -75, "2015-03-31": "-110.70000", "2014-12-31": -91.3, "2014-09-30": -6.5, "2014-06-30": -108.5, "2014-03-31": "-52.70000", "2013-12-31": 15.002, "2013-09-30": -56.208, "2013-06-30": -67.873, "2013-03-31": "-149.42100", "2012-12-31": 25.934, "2012-09-30": -64.588, "2012-06-30": -70.085, "2012-03-31": "-49.86400", "2011-12-31": -76.925, "2011-09-30": -36.823, "2011-06-30": -81.39, "2011-03-31": "-89.02900", "2010-12-31": 13.399, "2010-09-30": -99.508, "2010-06-30": -100.089, "2010-03-31": "-92.22000", "2009-12-31": -36.489, "2009-09-30": -36.306, "2009-06-30": -12.314, "2009-03-31": "-13.34200", "2008-12-31": -12.329, "2008-09-30": -15.315, "2008-06-30": -73.977, "2008-03-31": "-66.77400", "2007-12-31": -4.542, "2007-09-30": -23.736, "2007-06-30": -48.681, "2007-03-31": "-42.92300", "2006-12-31": -4.037, "2006-09-30": -24.088, "2006-06-30": -42.504, "2006-03-31": "-31.70500", "2005-12-31": -8.623, "2005-09-30": -4.063, "2005-06-30": -26.335, "2005-03-31": "-16.80600"}, "Change In Inventories": {"2020-12-31": 0, "2020-09-30": 0, "2020-06-30": 0, "2020-03-31": "", "2019-12-31": 0, "2019-09-30": 0, "2019-06-30": 0, "2019-03-31": "", "2018-12-31": 0, "2018-09-30": 0, "2018-06-30": 0, "2018-03-31": "", "2017-12-31": 0, "2017-09-30": 0, "2017-06-30": 0, "2017-03-31": "", "2016-12-31": 0, "2016-09-30": 0, "2016-06-30": 0, "2016-03-31": "", "2015-12-31": 0, "2015-09-30": 0, "2015-06-30": 0, "2015-03-31": "", "2014-12-31": 0, "2014-09-30": 0, "2014-06-30": 0, "2014-03-31": "", "2013-12-31": 0, "2013-09-30": 0, "2013-06-30": 0, "2013-03-31": "", "2012-12-31": 0, "2012-09-30": 0, "2012-06-30": 0, "2012-03-31": "", "2011-12-31": 0, "2011-09-30": 0, "2011-06-30": 0, "2011-03-31": "", "2010-12-31": 0, "2010-09-30": 0, "2010-06-30": 0, "2010-03-31": "", "2009-12-31": 0, "2009-09-30": 0, "2009-06-30": 0, "2009-03-31": "", "2008-12-31": 0, "2008-09-30": 0, "2008-06-30": 0, "2008-03-31": "", "2007-12-31": 0, "2007-09-30": 0, "2007-06-30": 0, "2007-03-31": "", "2006-12-31": 0, "2006-09-30": 0, "2006-06-30": 0, "2006-03-31": "", "2005-12-31": 0, "2005-09-30": 0, "2005-06-30": 0, "2005-03-31": ""}, "Change In Accounts Payable": {"2020-12-31": -83, "2020-09-30": -20, "2020-06-30": 59, "2020-03-31": "44.00000", "2019-12-31": -13, "2019-09-30": 19, "2019-06-30": -47, "2019-03-31": "49.00000", "2018-12-31": 1, "2018-09-30": -2, "2018-06-30": -89, "2018-03-31": "86.00000", "2017-12-31": 21, "2017-09-30": -7, "2017-06-30": -11, "2017-03-31": "13.00000", "2016-12-31": -6, "2016-09-30": 6, "2016-06-30": -42, "2016-03-31": "48.00000", "2015-12-31": 2.2, "2015-09-30": -2.6, "2015-06-30": -8.9, "2015-03-31": "28.30000", "2014-12-31": -18.6, "2014-09-30": 36.5, "2014-06-30": -57.5, "2014-03-31": "65.60000", "2013-12-31": -15.351, "2013-09-30": 15.518, "2013-06-30": -28.536, "2013-03-31": "16.26900", "2012-12-31": -6.613, "2012-09-30": 12.201, "2012-06-30": -11.396, "2012-03-31": "38.58100", "2011-12-31": -5.939, "2011-09-30": -10.298, "2011-06-30": -33.435, "2011-03-31": "41.07900", "2010-12-31": -17.97, "2010-09-30": 15.949, "2010-06-30": -15.47, "2010-03-31": "36.08800", "2009-12-31": -3.047, "2009-09-30": 9.836, "2009-06-30": -16.975, "2009-03-31": "16.86100", "2008-12-31": 5.16, "2008-09-30": 0.402, "2008-06-30": 2.589, "2008-03-31": "11.13200", "2007-12-31": 7.217, "2007-09-30": 5.213, "2007-06-30": -21.293, "2007-03-31": "19.41700", "2006-12-31": 1.512, "2006-09-30": 2.332, "2006-06-30": 2.353, "2006-03-31": "4.62000", "2005-12-31": -1.41, "2005-09-30": 2.923, "2005-06-30": -1.301, "2005-03-31": "1.99600"}, "Change In Assets/Liabilities": {"2020-12-31": 769, "2020-09-30": -36, "2020-06-30": 323, "2020-03-31": "-243.00000", "2019-12-31": 188, "2019-09-30": 27, "2019-06-30": 81, "2019-03-31": "-240.00000", "2018-12-31": 20, "2018-09-30": 82, "2018-06-30": 8, "2018-03-31": "-148.00000", "2017-12-31": 480, "2017-09-30": 345, "2017-06-30": -78, "2017-03-31": "-328.00000", "2016-12-31": 118, "2016-09-30": 146, "2016-06-30": 165, "2016-03-31": "-576.00000", "2015-12-31": 267.7, "2015-09-30": 344.5, "2015-06-30": 42.9, "2015-03-31": "-244.10000", "2014-12-31": 20.1, "2014-09-30": 152.2, "2014-06-30": 149, "2014-03-31": "-309.30000", "2013-12-31": 183.02, "2013-09-30": 133.817, "2013-06-30": 82.071, "2013-03-31": "-169.20800", "2012-12-31": 66.974, "2012-09-30": 185.788, "2012-06-30": 54.556, "2012-03-31": "-165.40500", "2011-12-31": 35.02, "2011-09-30": 101.646, "2011-06-30": 93.65, "2011-03-31": "-163.30700", "2010-12-31": -98.489, "2010-09-30": 108.937, "2010-06-30": 24.344, "2010-03-31": "-134.43500", "2009-12-31": 128.541, "2009-09-30": 83.851, "2009-06-30": 20.739, "2009-03-31": "-77.28100", "2008-12-31": 67.978, "2008-09-30": 7.462, "2008-06-30": 8.972, "2008-03-31": "-44.17600", "2007-12-31": 29.228, "2007-09-30": 20.199, "2007-06-30": 21.32, "2007-03-31": "-43.42200", "2006-12-31": 34.082, "2006-09-30": 28.705, "2006-06-30": 0.763, "2006-03-31": "-17.59300", "2005-12-31": 40.598, "2005-09-30": -7.537, "2005-06-30": -2.811, "2005-03-31": "-8.52800"}, "Total Change In Assets/Liabilities": {"2020-12-31": 474, "2020-09-30": 78, "2020-06-30": 447, "2020-03-31": "-186.00000", "2019-12-31": 388, "2019-09-30": -1, "2019-06-30": 36, "2019-03-31": "-322.00000", "2018-12-31": -31, "2018-09-30": 97, "2018-06-30": -138, "2018-03-31": "-335.00000", "2017-12-31": 536, "2017-09-30": 157, "2017-06-30": -106, "2017-03-31": "-401.00000", "2016-12-31": 43, "2016-09-30": 78, "2016-06-30": -9, "2016-03-31": "-583.00000", "2015-12-31": 138.5, "2015-09-30": 337, "2015-06-30": -41, "2015-03-31": "-326.50000", "2014-12-31": -89.8, "2014-09-30": 182.2, "2014-06-30": -17, "2014-03-31": "-296.40000", "2013-12-31": 182.671, "2013-09-30": 93.127, "2013-06-30": -14.338, "2013-03-31": "-302.36000", "2012-12-31": 86.295, "2012-09-30": 133.401, "2012-06-30": -26.925, "2012-03-31": "-176.68800", "2011-12-31": -47.844, "2011-09-30": 54.525, "2011-06-30": -21.175, "2011-03-31": "-211.25700", "2010-12-31": 245.838, "2010-09-30": 25.378, "2010-06-30": -91.215, "2010-03-31": "-190.56700", "2009-12-31": 89.005, "2009-09-30": 57.381, "2009-06-30": -8.55, "2009-03-31": "-73.76200", "2008-12-31": 60.809, "2008-09-30": -7.451, "2008-06-30": -62.416, "2008-03-31": "-99.81800", "2007-12-31": 31.903, "2007-09-30": 1.676, "2007-06-30": -48.654, "2007-03-31": "-66.92800", "2006-12-31": 31.557, "2006-09-30": 6.949, "2006-06-30": -20.748, "2006-03-31": "-63.31800", "2005-12-31": 17.107, "2005-09-30": 9.141, "2005-06-30": -15.921, "2005-03-31": "-42.22400"}, "Cash Flow From Operating Activities": {"2020-12-31": 898, "2020-09-30": 925, "2020-06-30": 979, "2020-03-31": "497.00000", "2019-12-31": 938, "2019-09-30": 717, "2019-06-30": 575, "2019-03-31": "269.00000", "2018-12-31": 702, "2018-09-30": 862, "2018-06-30": 640, "2018-03-31": "388.00000", "2017-12-31": 836, "2017-09-30": 773, "2017-06-30": 521, "2017-03-31": "277.00000", "2016-12-31": 604, "2016-09-30": 603, "2016-06-30": 366, "2016-03-31": "72.00000", "2015-12-31": 723.7, "2015-09-30": 817.9, "2015-06-30": 456.1, "2015-03-31": "189.30000", "2014-12-31": 324.2, "2014-09-30": 583.2, "2014-06-30": 408.3, "2014-03-31": "157.30000", "2013-12-31": 505.897, "2013-09-30": 478.878, "2013-06-30": 365.557, "2013-03-31": "73.46800", "2012-12-31": 361.86, "2012-09-30": 384.86, "2012-06-30": 324.1, "2012-03-31": "101.76300", "2011-12-31": 285.066, "2011-09-30": 329.344, "2011-06-30": 215.113, "2011-03-31": "45.62900", "2010-12-31": 392.294, "2010-09-30": 234.738, "2010-06-30": 135.294, "2010-03-31": "2.32800", "2009-12-31": 237.522, "2009-09-30": 208.455, "2009-06-30": 151.258, "2009-03-31": "75.09000", "2008-12-31": 192.913, "2008-09-30": 139.766, "2008-06-30": 74.765, "2008-03-31": "22.26100", "2007-12-31": 149.896, "2007-09-30": 129.903, "2007-06-30": 52.038, "2007-03-31": "12.48300", "2006-12-31": 118.458, "2006-09-30": 86.746, "2006-06-30": 51.599, "2006-03-31": "-3.92700", "2005-12-31": 66.2, "2005-09-30": 62.899, "2005-06-30": 31.055, "2005-03-31": "-0.39400"}, "Net Change In Property, Plant, And Equipment": {"2020-12-31": -89, "2020-09-30": -104, "2020-06-30": -93, "2020-03-31": "-112.00000", "2019-12-31": -93, "2019-09-30": -97, "2019-06-30": -96, "2019-03-31": "-106.00000", "2018-12-31": -96, "2018-09-30": -94, "2018-06-30": -91, "2018-03-31": "-96.00000", "2017-12-31": -80, "2017-09-30": -78, "2017-06-30": -60, "2017-03-31": "-66.00000", "2016-12-31": -87, "2016-09-30": -74, "2016-06-30": -75, "2016-03-31": "-64.00000", "2015-12-31": -74.3, "2015-09-30": -65.1, "2015-06-30": -75.6, "2015-03-31": "-58.00000", "2014-12-31": -74.5, "2014-09-30": -55.5, "2014-06-30": -38.7, "2014-03-31": "-43.30000", "2013-12-31": -107.254, "2013-09-30": -31.836, "2013-06-30": -50.325, "2013-03-31": "-72.18500", "2012-12-31": -125.749, "2012-09-30": -69.944, "2012-06-30": -78.321, "2012-03-31": "-60.45100", "2011-12-31": -124.561, "2011-09-30": -74.11, "2011-06-30": -33.735, "2011-03-31": "-55.81500", "2010-12-31": -74.551, "2010-09-30": -44.796, "2010-06-30": -41.946, "2010-03-31": "-24.21900", "2009-12-31": -14.626, "2009-09-30": -31.988, "2009-06-30": -9.553, "2009-03-31": "-20.47200", "2008-12-31": -23.085, "2008-09-30": -61.115, "2008-06-30": -31.787, "2008-03-31": "-53.42300", "2007-12-31": -72.034, "2007-09-30": -39.562, "2007-06-30": -42.196, "2007-03-31": "-28.67500", "2006-12-31": -33.522, "2006-09-30": -26.223, "2006-06-30": -24.402, "2006-03-31": "-20.58700", "2005-12-31": -22.197, "2005-09-30": -27.221, "2005-06-30": -13.712, "2005-03-31": "-8.64000"}, "Net Change In Intangible Assets": {"2020-12-31": 0, "2020-09-30": 0, "2020-06-30": 0, "2020-03-31": "", "2019-12-31": 0, "2019-09-30": 0, "2019-06-30": 0, "2019-03-31": "", "2018-12-31": 0, "2018-09-30": 0, "2018-06-30": 0, "2018-03-31": "", "2017-12-31": 0, "2017-09-30": 0, "2017-06-30": 0, "2017-03-31": "", "2016-12-31": 0, "2016-09-30": 0, "2016-06-30": 0, "2016-03-31": "", "2015-12-31": 0, "2015-09-30": 0, "2015-06-30": 0, "2015-03-31": "", "2014-12-31": 0, "2014-09-30": 0, "2014-06-30": 0, "2014-03-31": "", "2013-12-31": 0, "2013-09-30": 0, "2013-06-30": 0, "2013-03-31": "", "2012-12-31": 0, "2012-09-30": 0, "2012-06-30": 0, "2012-03-31": "", "2011-12-31": 0, "2011-09-30": 0, "2011-06-30": 0, "2011-03-31": "", "2010-12-31": 0, "2010-09-30": 0, "2010-06-30": 0, "2010-03-31": "", "2009-12-31": 0, "2009-09-30": 0, "2009-06-30": 0, "2009-03-31": "", "2008-12-31": 0, "2008-09-30": 0, "2008-06-30": 0, "2008-03-31": "", "2007-12-31": 0, "2007-09-30": 0, "2007-06-30": 0, "2007-03-31": "", "2006-12-31": 0, "2006-09-30": 0, "2006-06-30": 0, "2006-03-31": "", "2005-12-31": 0, "2005-09-30": 0, "2005-06-30": 0, "2005-03-31": ""}, "Net Acquisitions/Divestitures": {"2020-12-31": -54, "2020-09-30": -580, "2020-06-30": -403, "2020-03-31": "-86.00000", "2019-12-31": -239, "2019-09-30": -146, "2019-06-30": -35, "2019-03-31": "-197.00000", "2018-12-31": -632, "2018-09-30": -1, "2018-06-30": -477, "2018-03-31": "-1.00000", "2017-12-31": -144, "2017-09-30": -66, "2017-06-30": 0, "2017-03-31": "-6.00000", "2016-12-31": -149, "2016-09-30": -34, "2016-06-30": -81, "2016-03-31": "-70.00000", "2015-12-31": -2, "2015-09-30": 0, "2015-06-30": 0, "2015-03-31": "", "2014-12-31": -2679.5, "2014-09-30": 0, "2014-06-30": -9.9, "2014-03-31": "-1.60000", "2013-12-31": -41.324, "2013-09-30": -1.339, "2013-06-30": -11.861, "2013-03-31": "-139.27600", "2012-12-31": -15.998, "2012-09-30": -19.019, "2012-06-30": -17.003, "2012-03-31": "-7.87400", "2011-12-31": -7.76, "2011-09-30": -55.719, "2011-06-30": -11.426, "2011-03-31": "-7.89500", "2010-12-31": -2.158, "2010-09-30": -2.67, "2010-06-30": -29.035, "2010-03-31": "", "2009-12-31": -62.837, "2009-09-30": -4.472, "2009-06-30": 0, "2009-03-31": "-1.30400", "2008-12-31": 0, "2008-09-30": 0, "2008-06-30": -11.707, "2008-03-31": "-9.24900", "2007-12-31": -134.865, "2007-09-30": -11.955, "2007-06-30": 0, "2007-03-31": "", "2006-12-31": 0, "2006-09-30": -14.773, "2006-06-30": 0, "2006-03-31": "", "2005-12-31": 0, "2005-09-30": -4.521, "2005-06-30": -14.107, "2005-03-31": "-1.18300"}, "Net Change In Short-term Investments": {"2020-12-31": -635, "2020-09-30": 472, "2020-06-30": 237, "2020-03-31": "-74.00000", "2019-12-31": -503, "2019-09-30": 1043, "2019-06-30": 31, "2019-03-31": "252.00000", "2018-12-31": 130, "2018-09-30": -231, "2018-06-30": -223, "2018-03-31": "-23.00000", "2017-12-31": -31, "2017-09-30": 145, "2017-06-30": -390, "2017-03-31": "-90.00000", "2016-12-31": 24, "2016-09-30": -140, "2016-06-30": 130, "2016-03-31": "-94.00000", "2015-12-31": 495.6999, "2015-09-30": -111.7999, "2015-06-30": -413.9, "2015-03-31": "-306.00000", "2014-12-31": 219.6, "2014-09-30": 120.1, "2014-06-30": -208.9, "2014-03-31": "-388.80000", "2013-12-31": -203.8461, "2013-09-30": -119.427, "2013-06-30": 22.286, "2013-03-31": "25.58700", "2012-12-31": 1.0349, "2012-09-30": 2.432, "2012-06-30": -151.992, "2012-03-31": "-27.16200", "2011-12-31": -40.9109, "2011-09-30": -50.817, "2011-06-30": -198.585, "2011-03-31": "-188.94700", "2010-12-31": -77.596, "2010-09-30": 12.866, "2010-06-30": -129.863, "2010-03-31": "-32.92200", "2009-12-31": -97.622, "2009-09-30": -62.785, "2009-06-30": -67.336, "2009-03-31": "-21.76900", "2008-12-31": 1.532, "2008-09-30": 1.972, "2008-06-30": 3.028, "2008-03-31": "128.82800", "2007-12-31": 180.766, "2007-09-30": -70.795, "2007-06-30": -161.938, "2007-03-31": "103.91500", "2006-12-31": -42.58, "2006-09-30": -72.219, "2006-06-30": -7.91, "2006-03-31": "-30.12200", "2005-12-31": -73.476, "2005-09-30": -6.822, "2005-06-30": -7.964, "2005-03-31": "-24.70300"}, "Net Change In Long-Term Investments": {"2020-12-31": 729, "2020-09-30": -446, "2020-06-30": 0, "2020-03-31": "", "2019-12-31": 460, "2019-09-30": -460, "2019-06-30": 1367, "2019-03-31": "407.00000", "2018-12-31": 48, "2018-09-30": 60, "2018-06-30": 207, "2018-03-31": "-107.00000", "2017-12-31": 95, "2017-09-30": -125, "2017-06-30": 61, "2017-03-31": "253.00000", "2016-12-31": 122, "2016-09-30": -365, "2016-06-30": -6, "2016-03-31": "", "2015-12-31": -760, "2015-09-30": 0, "2015-06-30": 0, "2015-03-31": "", "2014-12-31": 0, "2014-09-30": 0, "2014-06-30": 0, "2014-03-31": "", "2013-12-31": 0, "2013-09-30": 0, "2013-06-30": 0, "2013-03-31": "", "2012-12-31": 0, "2012-09-30": 0, "2012-06-30": 0, "2012-03-31": "", "2011-12-31": 0, "2011-09-30": 0, "2011-06-30": 0, "2011-03-31": "", "2010-12-31": 0, "2010-09-30": 0, "2010-06-30": 0, "2010-03-31": "", "2009-12-31": 0, "2009-09-30": 0, "2009-06-30": 0, "2009-03-31": "", "2008-12-31": 0, "2008-09-30": 0, "2008-06-30": 0, "2008-03-31": "", "2007-12-31": 0, "2007-09-30": 0, "2007-06-30": 121.585, "2007-03-31": "-121.58500", "2006-12-31": 0, "2006-09-30": 0, "2006-06-30": 0, "2006-03-31": "", "2005-12-31": 0, "2005-09-30": 0, "2005-06-30": 0, "2005-03-31": ""}, "Net Change In Investments - Total": {"2020-12-31": 94, "2020-09-30": 26, "2020-06-30": 237, "2020-03-31": "-74.00000", "2019-12-31": -43, "2019-09-30": 583, "2019-06-30": 1398, "2019-03-31": "659.00000", "2018-12-31": 178, "2018-09-30": -171, "2018-06-30": -16, "2018-03-31": "-130.00000", "2017-12-31": 64, "2017-09-30": 20, "2017-06-30": -329, "2017-03-31": "163.00000", "2016-12-31": 146, "2016-09-30": -505, "2016-06-30": 124, "2016-03-31": "-94.00000", "2015-12-31": -264.3001, "2015-09-30": -111.7999, "2015-06-30": -413.9, "2015-03-31": "-306.00000", "2014-12-31": 219.6, "2014-09-30": 120.1, "2014-06-30": -208.9, "2014-03-31": "-388.80000", "2013-12-31": -203.8461, "2013-09-30": -119.427, "2013-06-30": 22.286, "2013-03-31": "25.58700", "2012-12-31": 1.0349, "2012-09-30": 2.432, "2012-06-30": -151.992, "2012-03-31": "-27.16200", "2011-12-31": -40.9109, "2011-09-30": -50.817, "2011-06-30": -198.585, "2011-03-31": "-188.94700", "2010-12-31": -77.596, "2010-09-30": 12.866, "2010-06-30": -129.863, "2010-03-31": "-32.92200", "2009-12-31": -97.622, "2009-09-30": -62.785, "2009-06-30": -67.336, "2009-03-31": "-21.76900", "2008-12-31": 1.532, "2008-09-30": 1.972, "2008-06-30": 3.028, "2008-03-31": "128.82800", "2007-12-31": 180.766, "2007-09-30": -70.795, "2007-06-30": -40.353, "2007-03-31": "-17.67000", "2006-12-31": -42.58, "2006-09-30": -72.219, "2006-06-30": -7.91, "2006-03-31": "-30.12200", "2005-12-31": -73.476, "2005-09-30": -6.822, "2005-06-30": -7.964, "2005-03-31": "-24.70300"}, "Investing Activities - Other": {"2020-12-31": 0, "2020-09-30": 0, "2020-06-30": 0, "2020-03-31": "", "2019-12-31": 0, "2019-09-30": 0, "2019-06-30": 0, "2019-03-31": "", "2018-12-31": 0, "2018-09-30": 0, "2018-06-30": 0, "2018-03-31": "", "2017-12-31": 0, "2017-09-30": 0, "2017-06-30": 0, "2017-03-31": "", "2016-12-31": 0, "2016-09-30": 0, "2016-06-30": 0, "2016-03-31": "", "2015-12-31": 0, "2015-09-30": 0, "2015-06-30": 0, "2015-03-31": "", "2014-12-31": 0, "2014-09-30": 0, "2014-06-30": 0, "2014-03-31": "", "2013-12-31": 0, "2013-09-30": 0, "2013-06-30": 0, "2013-03-31": "", "2012-12-31": 0, "2012-09-30": 0, "2012-06-30": 0, "2012-03-31": "", "2011-12-31": 0, "2011-09-30": 0, "2011-06-30": 0, "2011-03-31": "", "2010-12-31": 0, "2010-09-30": 0, "2010-06-30": 0, "2010-03-31": "", "2009-12-31": 0, "2009-09-30": 0, "2009-06-30": 0, "2009-03-31": "", "2008-12-31": 0, "2008-09-30": 0, "2008-06-30": 0, "2008-03-31": "", "2007-12-31": 0, "2007-09-30": 0, "2007-06-30": 0, "2007-03-31": "", "2006-12-31": 0, "2006-09-30": 0, "2006-06-30": 0, "2006-03-31": "", "2005-12-31": 0, "2005-09-30": 0, "2005-06-30": 0, "2005-03-31": ""}, "Cash Flow From Investing Activities": {"2020-12-31": -49, "2020-09-30": -658, "2020-06-30": -259, "2020-03-31": "-272.00000", "2019-12-31": -375, "2019-09-30": 340, "2019-06-30": 1267, "2019-03-31": "356.00000", "2018-12-31": -550, "2018-09-30": -266, "2018-06-30": -584, "2018-03-31": "-227.00000", "2017-12-31": -160, "2017-09-30": -124, "2017-06-30": -389, "2017-03-31": "91.00000", "2016-12-31": -90, "2016-09-30": -613, "2016-06-30": -32, "2016-03-31": "-228.00000", "2015-12-31": -340.6, "2015-09-30": -176.9, "2015-06-30": -489.5, "2015-03-31": "-364.00000", "2014-12-31": -2534.4, "2014-09-30": 64.6, "2014-06-30": -257.5, "2014-03-31": "-433.70000", "2013-12-31": -352.424, "2013-09-30": -152.602, "2013-06-30": -39.9, "2013-03-31": "-185.87400", "2012-12-31": -140.712, "2012-09-30": -86.531, "2012-06-30": -247.316, "2012-03-31": "-95.48700", "2011-12-31": -173.232, "2011-09-30": -180.646, "2011-06-30": -243.746, "2011-03-31": "-252.65700", "2010-12-31": -154.305, "2010-09-30": -34.6, "2010-06-30": -200.844, "2010-03-31": "-57.14100", "2009-12-31": -175.085, "2009-09-30": -99.245, "2009-06-30": -76.889, "2009-03-31": "-43.54500", "2008-12-31": -21.553, "2008-09-30": -59.143, "2008-06-30": -40.466, "2008-03-31": "66.15600", "2007-12-31": -26.133, "2007-09-30": -122.312, "2007-06-30": -82.549, "2007-03-31": "-46.34500", "2006-12-31": -76.102, "2006-09-30": -113.215, "2006-06-30": -32.312, "2006-03-31": "-50.70900", "2005-12-31": -95.673, "2005-09-30": -38.564, "2005-06-30": -35.783, "2005-03-31": "-34.52600"}, "Net Long-Term Debt": {"2020-12-31": -1753, "2020-09-30": 1728, "2020-06-30": -12, "2020-03-31": "-13.00000", "2019-12-31": -12, "2019-09-30": -7, "2019-06-30": -7, "2019-03-31": "-2.00000", "2018-12-31": 23, "2018-09-30": -25, "2018-06-30": -25, "2018-03-31": "-39.00000", "2017-12-31": -33, "2017-09-30": -20, "2017-06-30": -21, "2017-03-31": "-21.00000", "2016-12-31": -16, "2016-09-30": -14, "2016-06-30": -14, "2016-03-31": "-13.00000", "2015-12-31": -13.4, "2015-09-30": -13.4, "2015-06-30": -13.1, "2015-03-31": "-13.10000", "2014-12-31": 985, "2014-09-30": 0, "2014-06-30": 0, "2014-03-31": "", "2013-12-31": 0, "2013-09-30": 0, "2013-06-30": 0, "2013-03-31": "", "2012-12-31": 0, "2012-09-30": 0, "2012-06-30": 0, "2012-03-31": "", "2011-12-31": 0, "2011-09-30": 0, "2011-06-30": 0, "2011-03-31": "", "2010-12-31": 0, "2010-09-30": 0, "2010-06-30": 0, "2010-03-31": "", "2009-12-31": 0, "2009-09-30": 0, "2009-06-30": 0, "2009-03-31": "", "2008-12-31": 0, "2008-09-30": 0, "2008-06-30": 0, "2008-03-31": "", "2007-12-31": 0, "2007-09-30": 0, "2007-06-30": 0, "2007-03-31": "", "2006-12-31": 0, "2006-09-30": 0, "2006-06-30": 0, "2006-03-31": "", "2005-12-31": 0, "2005-09-30": 0, "2005-06-30": 0, "2005-03-31": ""}, "Net Current Debt": {"2020-12-31": 0, "2020-09-30": -1740, "2020-06-30": 0, "2020-03-31": "1740.00000", "2019-12-31": 0, "2019-09-30": 0, "2019-06-30": 0, "2019-03-31": "", "2018-12-31": 0, "2018-09-30": 0, "2018-06-30": 0, "2018-03-31": "-75.00000", "2017-12-31": 75, "2017-09-30": -150, "2017-06-30": -200, "2017-03-31": "350.00000", "2016-12-31": 0, "2016-09-30": 0, "2016-06-30": -100, "2016-03-31": "-250.00000", "2015-12-31": 350, "2015-09-30": -100, "2015-06-30": 0, "2015-03-31": "-550.00000", "2014-12-31": 650, "2014-09-30": 0, "2014-06-30": 0, "2014-03-31": "", "2013-12-31": 0, "2013-09-30": 0, "2013-06-30": 0, "2013-03-31": "", "2012-12-31": 0, "2012-09-30": 0, "2012-06-30": 0, "2012-03-31": "", "2011-12-31": 0, "2011-09-30": 0, "2011-06-30": 0, "2011-03-31": "", "2010-12-31": 0, "2010-09-30": 0, "2010-06-30": 0, "2010-03-31": "", "2009-12-31": 0, "2009-09-30": 0, "2009-06-30": 0, "2009-03-31": "", "2008-12-31": 0, "2008-09-30": 0, "2008-06-30": 0, "2008-03-31": "", "2007-12-31": 0, "2007-09-30": 0, "2007-06-30": 0, "2007-03-31": "", "2006-12-31": -0.029, "2006-09-30": -1.725, "2006-06-30": 0, "2006-03-31": "", "2005-12-31": 0, "2005-09-30": 0, "2005-06-30": 0, "2005-03-31": ""}, "Debt Issuance/Retirement Net - Total": {"2020-12-31": -1753, "2020-09-30": -12, "2020-06-30": -12, "2020-03-31": "1727.00000", "2019-12-31": -12, "2019-09-30": -7, "2019-06-30": -7, "2019-03-31": "-2.00000", "2018-12-31": 23, "2018-09-30": -25, "2018-06-30": -25, "2018-03-31": "-114.00000", "2017-12-31": 42, "2017-09-30": -170, "2017-06-30": -221, "2017-03-31": "329.00000", "2016-12-31": -16, "2016-09-30": -14, "2016-06-30": -114, "2016-03-31": "-263.00000", "2015-12-31": 336.6, "2015-09-30": -113.4, "2015-06-30": -13.1, "2015-03-31": "-563.10000", "2014-12-31": 1635, "2014-09-30": 0, "2014-06-30": 0, "2014-03-31": "", "2013-12-31": 0, "2013-09-30": 0, "2013-06-30": 0, "2013-03-31": "", "2012-12-31": 0, "2012-09-30": 0, "2012-06-30": 0, "2012-03-31": "", "2011-12-31": 0, "2011-09-30": 0, "2011-06-30": 0, "2011-03-31": "", "2010-12-31": 0, "2010-09-30": 0, "2010-06-30": 0, "2010-03-31": "", "2009-12-31": 0, "2009-09-30": 0, "2009-06-30": 0, "2009-03-31": "", "2008-12-31": 0, "2008-09-30": 0, "2008-06-30": 0, "2008-03-31": "", "2007-12-31": 0, "2007-09-30": 0, "2007-06-30": 0, "2007-03-31": "", "2006-12-31": -0.029, "2006-09-30": -1.725, "2006-06-30": 0, "2006-03-31": "", "2005-12-31": 0, "2005-09-30": 0, "2005-06-30": 0, "2005-03-31": ""}, "Net Common Equity Issued/Repurchased": {"2020-12-31": -755, "2020-09-30": -215, "2020-06-30": -38, "2020-03-31": "-471.00000", "2019-12-31": -131, "2019-09-30": -222, "2019-06-30": -1014, "2019-03-31": "-721.00000", "2018-12-31": -228, "2018-09-30": -5, "2018-06-30": -591, "2018-03-31": "-256.00000", "2017-12-31": -289, "2017-09-30": 29, "2017-06-30": 13, "2017-03-31": "-1453.00000", "2016-12-31": 21, "2016-09-30": -113, "2016-06-30": -36, "2016-03-31": "-208.00000", "2015-12-31": -44.7, "2015-09-30": -138.8, "2015-06-30": -143.8, "2015-03-31": "-1.70000", "2014-12-31": -25.6, "2014-09-30": -9.4, "2014-06-30": -99.6, "2014-03-31": "-12.40000", "2013-12-31": 15.999, "2013-09-30": 21.364, "2013-06-30": -108.305, "2013-03-31": "9.44200", "2012-12-31": 0.651, "2012-09-30": -34.756, "2012-06-30": -351.627, "2012-03-31": "-5.62900", "2011-12-31": 13.101, "2011-09-30": -155.849, "2011-06-30": -87.012, "2011-03-31": "-64.83600", "2010-12-31": -26.89, "2010-09-30": 29.94, "2010-06-30": 17.246, "2010-03-31": "27.78800", "2009-12-31": 26.196, "2009-09-30": 14.214, "2009-06-30": 9.1, "2009-03-31": "-4.11800", "2008-12-31": 6.063, "2008-09-30": -19.314, "2008-06-30": 27.458, "2008-03-31": "12.83400", "2007-12-31": -86.079, "2007-09-30": 11.834, "2007-06-30": 15.882, "2007-03-31": "20.10600", "2006-12-31": 13.964, "2006-09-30": 14.564, "2006-06-30": 9.285, "2006-03-31": "13.58700", "2005-12-31": 12.964, "2005-09-30": 11.476, "2005-06-30": 11.829, "2005-03-31": "11.18200"}, "Net Total Equity Issued/Repurchased": {"2020-12-31": -755, "2020-09-30": -215, "2020-06-30": -38, "2020-03-31": "-471.00000", "2019-12-31": -131, "2019-09-30": -222, "2019-06-30": -1014, "2019-03-31": "-721.00000", "2018-12-31": -228, "2018-09-30": -5, "2018-06-30": -591, "2018-03-31": "-256.00000", "2017-12-31": -289, "2017-09-30": 29, "2017-06-30": 13, "2017-03-31": "-1453.00000", "2016-12-31": 21, "2016-09-30": -113, "2016-06-30": -36, "2016-03-31": "-208.00000", "2015-12-31": -44.7, "2015-09-30": -138.8, "2015-06-30": -143.8, "2015-03-31": "-1.70000", "2014-12-31": -25.6, "2014-09-30": -9.4, "2014-06-30": -99.6, "2014-03-31": "-12.40000", "2013-12-31": 15.999, "2013-09-30": 21.364, "2013-06-30": -108.305, "2013-03-31": "9.44200", "2012-12-31": 0.651, "2012-09-30": -34.756, "2012-06-30": -351.627, "2012-03-31": "-5.62900", "2011-12-31": 13.101, "2011-09-30": -155.849, "2011-06-30": -87.012, "2011-03-31": "-64.83600", "2010-12-31": -26.89, "2010-09-30": 29.94, "2010-06-30": 17.246, "2010-03-31": "27.78800", "2009-12-31": 26.196, "2009-09-30": 14.214, "2009-06-30": 9.1, "2009-03-31": "-4.11800", "2008-12-31": 6.063, "2008-09-30": -19.314, "2008-06-30": 27.458, "2008-03-31": "12.83400", "2007-12-31": -86.079, "2007-09-30": 11.834, "2007-06-30": 15.882, "2007-03-31": "20.10600", "2006-12-31": 13.964, "2006-09-30": 14.564, "2006-06-30": 9.285, "2006-03-31": "13.58700", "2005-12-31": 12.964, "2005-09-30": 11.476, "2005-06-30": 11.829, "2005-03-31": "11.18200"}, "Total Common And Preferred Stock Dividends Paid": {"2020-12-31": -118, "2020-09-30": -120, "2020-06-30": -121, "2020-03-31": "-121.00000", "2019-12-31": -110, "2019-09-30": -111, "2019-06-30": -116, "2019-03-31": "-116.00000", "2018-12-31": -116, "2018-09-30": -116, "2018-06-30": -118, "2018-03-31": "-118.00000", "2017-12-31": -86, "2017-09-30": -90, "2017-06-30": -89, "2017-03-31": "", "2016-12-31": 0, "2016-09-30": 0, "2016-06-30": 0, "2016-03-31": "", "2015-12-31": 0, "2015-09-30": 0, "2015-06-30": 0, "2015-03-31": "", "2014-12-31": 0, "2014-09-30": 0, "2014-06-30": 0, "2014-03-31": "", "2013-12-31": 0, "2013-09-30": 0, "2013-06-30": 0, "2013-03-31": "", "2012-12-31": 0, "2012-09-30": 0, "2012-06-30": 0, "2012-03-31": "", "2011-12-31": 0, "2011-09-30": 0, "2011-06-30": 0, "2011-03-31": "", "2010-12-31": 0, "2010-09-30": 0, "2010-06-30": 0, "2010-03-31": "", "2009-12-31": 0, "2009-09-30": 0, "2009-06-30": 0, "2009-03-31": "", "2008-12-31": 0, "2008-09-30": 0, "2008-06-30": 0, "2008-03-31": "", "2007-12-31": 0, "2007-09-30": 0, "2007-06-30": 0, "2007-03-31": "", "2006-12-31": 0, "2006-09-30": 0, "2006-06-30": 0, "2006-03-31": "", "2005-12-31": 0, "2005-09-30": 0, "2005-06-30": 0, "2005-03-31": ""}, "Financial Activities - Other": {"2020-12-31": 0, "2020-09-30": 0, "2020-06-30": 0, "2020-03-31": "", "2019-12-31": 0, "2019-09-30": 0, "2019-06-30": 0, "2019-03-31": "", "2018-12-31": -4, "2018-09-30": 0, "2018-06-30": 0, "2018-03-31": "", "2017-12-31": 0, "2017-09-30": 0, "2017-06-30": 0, "2017-03-31": "", "2016-12-31": 0, "2016-09-30": 0, "2016-06-30": 0, "2016-03-31": "", "2015-12-31": -19, "2015-09-30": 3.7, "2015-06-30": 7.8, "2015-03-31": "7.50000", "2014-12-31": 2, "2014-09-30": 1, "2014-06-30": 6.1, "2014-03-31": "5.90000", "2013-12-31": 14.15, "2013-09-30": 6.968, "2013-06-30": 1.992, "2013-03-31": "7.49000", "2012-12-31": 23.413, "2012-09-30": 9.107, "2012-06-30": 3.107, "2012-03-31": "12.74600", "2011-12-31": 8.175, "2011-09-30": 8.925, "2011-06-30": 6.249, "2011-03-31": "15.79200", "2010-12-31": 12.422, "2010-09-30": 31.086, "2010-06-30": 12.658, "2010-03-31": "15.75300", "2009-12-31": 19.155, "2009-09-30": 7.25, "2009-06-30": 3.332, "2009-03-31": "1.81900", "2008-12-31": 0.734, "2008-09-30": 1.102, "2008-06-30": 11.115, "2008-03-31": "4.04200", "2007-12-31": 5.762, "2007-09-30": 6.102, "2007-06-30": 9.907, "2007-03-31": "20.49400", "2006-12-31": 10.565, "2006-09-30": 8.121, "2006-06-30": 5.483, "2006-03-31": "9.08000", "2005-12-31": 0, "2005-09-30": 0, "2005-06-30": 0, "2005-03-31": ""}, "Cash Flow From Financial Activities": {"2020-12-31": -2626, "2020-09-30": -347, "2020-06-30": -171, "2020-03-31": "1135.00000", "2019-12-31": -253, "2019-09-30": -340, "2019-06-30": -1137, "2019-03-31": "-839.00000", "2018-12-31": -325, "2018-09-30": -146, "2018-06-30": -734, "2018-03-31": "-488.00000", "2017-12-31": -333, "2017-09-30": -231, "2017-06-30": -297, "2017-03-31": "-1124.00000", "2016-12-31": 5, "2016-09-30": -127, "2016-06-30": -150, "2016-03-31": "-471.00000", "2015-12-31": 272.9, "2015-09-30": -248.5, "2015-06-30": -149.1, "2015-03-31": "-557.30000", "2014-12-31": 1611.4, "2014-09-30": -8.4, "2014-06-30": -93.5, "2014-03-31": "-6.50000", "2013-12-31": 30.149, "2013-09-30": 28.332, "2013-06-30": -106.313, "2013-03-31": "16.93200", "2012-12-31": 24.064, "2012-09-30": -25.649, "2012-06-30": -348.52, "2012-03-31": "7.11700", "2011-12-31": 21.276, "2011-09-30": -146.924, "2011-06-30": -80.763, "2011-03-31": "-49.04400", "2010-12-31": -14.468, "2010-09-30": 61.026, "2010-06-30": 29.904, "2010-03-31": "43.54100", "2009-12-31": 45.351, "2009-09-30": 21.464, "2009-06-30": 12.432, "2009-03-31": "-2.29900", "2008-12-31": 6.797, "2008-09-30": -18.212, "2008-06-30": 38.573, "2008-03-31": "16.87600", "2007-12-31": -80.317, "2007-09-30": 17.936, "2007-06-30": 25.789, "2007-03-31": "40.60000", "2006-12-31": 24.5, "2006-09-30": 20.96, "2006-06-30": 14.768, "2006-03-31": "22.66700", "2005-12-31": 12.964, "2005-09-30": 11.476, "2005-06-30": 11.829, "2005-03-31": "11.18200"}, "Net Cash Flow": {"2020-12-31": -1756, "2020-09-30": 14, "2020-06-30": 536, "2020-03-31": "1241.00000", "2019-12-31": 302, "2019-09-30": 683, "2019-06-30": 710, "2019-03-31": "-211.00000", "2018-12-31": -178, "2018-09-30": 438, "2018-06-30": -698, "2018-03-31": "-326.00000", "2017-12-31": 348, "2017-09-30": 420, "2017-06-30": -151, "2017-03-31": "-726.00000", "2016-12-31": 484, "2016-09-30": -134, "2016-06-30": 160, "2016-03-31": "-601.00000", "2015-12-31": 648.4, "2015-09-30": 387.4, "2015-06-30": -182.1, "2015-03-31": "-738.70000", "2014-12-31": -607.6, "2014-09-30": 625.2, "2014-06-30": 56.4, "2014-03-31": "-277.00000", "2013-12-31": 181.858, "2013-09-30": 352.914, "2013-06-30": 203.345, "2013-03-31": "-95.21700", "2012-12-31": 245.338, "2012-09-30": 274.494, "2012-06-30": -278.29, "2012-03-31": "17.62900", "2011-12-31": 129.687, "2011-09-30": -11.821, "2011-06-30": -100.459, "2011-03-31": "-247.47000", "2010-12-31": 223.892, "2010-09-30": 277.391, "2010-06-30": -41.256, "2010-03-31": "-19.98800", "2009-12-31": 108.004, "2009-09-30": 132.549, "2009-06-30": 101.809, "2009-03-31": "23.50200", "2008-12-31": 165.804, "2008-09-30": 48.069, "2008-06-30": 71.454, "2008-03-31": "109.89400", "2007-12-31": 43.357, "2007-09-30": 27.503, "2007-06-30": -4.053, "2007-03-31": "7.10100", "2006-12-31": 68.237, "2006-09-30": -5.405, "2006-06-30": 37.743, "2006-03-31": "-31.57600", "2005-12-31": -17.971, "2005-09-30": 34.786, "2005-06-30": 5.135, "2005-03-31": "-24.30800"}, "Stock-Based Compensation": {"2020-12-31": -178, "2020-09-30": 58, "2020-06-30": 65, "2020-03-31": "55.00000", "2019-12-31": 45, "2019-09-30": 52, "2019-06-30": 54, "2019-03-31": "66.00000", "2018-12-31": 68, "2018-09-30": 69, "2018-06-30": 71, "2018-03-31": "59.00000", "2017-12-31": 60, "2017-09-30": 52, "2017-06-30": 55, "2017-03-31": "54.00000", "2016-12-31": 52, "2016-09-30": 49, "2016-06-30": 62, "2016-03-31": "54.00000", "2015-12-31": 50.4, "2015-09-30": 46.4, "2015-06-30": 49.4, "2015-03-31": "45.80000", "2014-12-31": 34.4, "2014-09-30": 31.2, "2014-06-30": 33.6, "2014-03-31": "35.80000", "2013-12-31": 32.447, "2013-09-30": 27.023, "2013-06-30": 30.237, "2013-03-31": "29.09300", "2012-12-31": 27.444, "2012-09-30": 22.261, "2012-06-30": 26.271, "2012-03-31": "31.37900", "2011-12-31": 25.988, "2011-09-30": 24.5, "2011-06-30": 23.679, "2011-03-31": "16.06500", "2010-12-31": 14.94, "2010-09-30": 14.109, "2010-06-30": 13.99, "2010-03-31": "13.94500", "2009-12-31": 12.811, "2009-09-30": 11.856, "2009-06-30": 8.386, "2009-03-31": "11.76300", "2008-12-31": 10.943, "2008-09-30": 9.509, "2008-06-30": 10.464, "2008-03-31": "12.98400", "2007-12-31": 9.811, "2007-09-30": 9.155, "2007-06-30": 9.512, "2007-03-31": "7.43800", "2006-12-31": 8.093, "2006-09-30": 7.47, "2006-06-30": 6.769, "2006-03-31": "7.60200", "2005-12-31": 0, "2005-09-30": 0, "2005-06-30": 0, "2005-03-31": ""}, "Common Stock Dividends Paid": {"2020-12-31": -118, "2020-09-30": -120, "2020-06-30": -121, "2020-03-31": "-121.00000", "2019-12-31": -110, "2019-09-30": -111, "2019-06-30": -116, "2019-03-31": "-116.00000", "2018-12-31": -116, "2018-09-30": -116, "2018-06-30": -118, "2018-03-31": "-118.00000", "2017-12-31": -86, "2017-09-30": -90, "2017-06-30": -89, "2017-03-31": "0.00000", "2016-12-31": 0, "2016-09-30": 0, "2016-06-30": 0, "2016-03-31": "", "2015-12-31": 0, "2015-09-30": 0, "2015-06-30": 0, "2015-03-31": "", "2014-12-31": 0, "2014-09-30": 0, "2014-06-30": 0, "2014-03-31": "", "2013-12-31": 0, "2013-09-30": 0, "2013-06-30": 0, "2013-03-31": "", "2012-12-31": 0, "2012-09-30": 0, "2012-06-30": 0, "2012-03-31": "", "2011-12-31": 0, "2011-09-30": 0, "2011-06-30": 0, "2011-03-31": "", "2010-12-31": 0, "2010-09-30": 0, "2010-06-30": 0, "2010-03-31": "", "2009-12-31": 0, "2009-09-30": 0, "2009-06-30": 0, "2009-03-31": "", "2008-12-31": 0, "2008-09-30": 0, "2008-06-30": 0, "2008-03-31": "", "2007-12-31": 0, "2007-09-30": 0, "2007-06-30": 0, "2007-03-31": "", "2006-12-31": 0, "2006-09-30": 0, "2006-06-30": 0, "2006-03-31": "", "2005-12-31": 0, "2005-09-30": 0, "2005-06-30": 0, "2005-03-31": ""}}, "financial ratios": {"Current Ratio": {"2019-12-31": "2.55150", "2018-12-31": "3.17710", "2017-12-31": "3.20920", "2016-12-31": "3.55670", "2015-12-31": "2.91410", "2014-12-31": "2.47700", "2013-12-31": "3.46460", "2012-12-31": "3.49540", "2011-12-31": "3.37730", "2010-12-31": "3.78010", "2009-12-31": "3.56870", "2008-12-31": "3.78790", "2007-12-31": "3.64610", "2006-12-31": "4.16990", "2005-12-31": "4.31370"}, "Long-term Debt / Capital": {"2019-12-31": "0.05970", "2018-12-31": "0.06050", "2017-12-31": "0.06140", "2016-12-31": "0.06920", "2015-12-31": "0.08640", "2014-12-31": "0.10800", "2013-12-31": "", "2012-12-31": "", "2011-12-31": "", "2010-12-31": "", "2009-12-31": "", "2008-12-31": "", "2007-12-31": "", "2006-12-31": "", "2005-12-31": ""}, "Debt/Equity Ratio": {"2019-12-31": "0.06700", "2018-12-31": "0.06520", "2017-12-31": "0.08180", "2016-12-31": "0.08180", "2015-12-31": "0.13830", "2014-12-31": "0.21160", "2013-12-31": "", "2012-12-31": "", "2011-12-31": "", "2010-12-31": "", "2009-12-31": "", "2008-12-31": "", "2007-12-31": "", "2006-12-31": "", "2005-12-31": ""}, "Gross Margin": {"2019-12-31": "36.63830", "2018-12-31": "38.98920", "2017-12-31": "38.20390", "2016-12-31": "39.88290", "2015-12-31": "40.07730", "2014-12-31": "40.16370", "2013-12-31": "40.45710", "2012-12-31": "41.76470", "2011-12-31": "42.19030", "2010-12-31": "42.19630", "2009-12-31": "43.59160", "2008-12-31": "44.15320", "2007-12-31": "43.52650", "2006-12-31": "44.67870", "2005-12-31": "45.82310"}, "Operating Margin": {"2019-12-31": "14.61600", "2018-12-31": "17.37050", "2017-12-31": "16.75220", "2016-12-31": "16.97190", "2015-12-31": "17.25190", "2014-12-31": "18.36700", "2013-12-31": "18.97390", "2012-12-31": "18.53270", "2011-12-31": "18.56620", "2010-12-31": "18.76700", "2009-12-31": "18.86410", "2008-12-31": "18.34570", "2007-12-31": "17.86510", "2006-12-31": "18.18080", "2005-12-31": "20.05080"}, "EBIT Margin": {"2019-12-31": "14.61600", "2018-12-31": "17.37050", "2017-12-31": "16.75220", "2016-12-31": "16.97190", "2015-12-31": "17.25190", "2014-12-31": "18.36700", "2013-12-31": "18.97390", "2012-12-31": "18.53270", "2011-12-31": "18.56620", "2010-12-31": "18.76700", "2009-12-31": "18.86410", "2008-12-31": "18.34570", "2007-12-31": "17.86510", "2006-12-31": "18.18080", "2005-12-31": "20.05080"}, "EBITDA Margin": {"2019-12-31": "17.75010", "2018-12-31": "20.45890", "2017-12-31": "19.74340", "2016-12-31": "19.78200", "2015-12-31": "19.90980", "2014-12-31": "20.39370", "2013-12-31": "21.00820", "2012-12-31": "20.66410", "2011-12-31": "20.59490", "2010-12-31": "21.16600", "2009-12-31": "21.58990", "2008-12-31": "21.00150", "2007-12-31": "20.38980", "2006-12-31": "20.57940", "2005-12-31": "22.46660"}, "Pre-Tax Profit Margin": {"2019-12-31": "15.15220", "2018-12-31": "17.34570", "2017-12-31": "17.92710", "2016-12-31": "17.47610", "2015-12-31": "17.42910", "2014-12-31": "18.74700", "2013-12-31": "19.08700", "2012-12-31": "18.88790", "2011-12-31": "19.10010", "2010-12-31": "19.13120", "2009-12-31": "19.42720", "2008-12-31": "18.29380", "2007-12-31": "19.40250", "2006-12-31": "19.50550", "2005-12-31": "20.91510"}, "Net Profit Margin": {"2019-12-31": "10.97540", "2018-12-31": "13.02950", "2017-12-31": "10.15530", "2016-12-31": "11.51480", "2015-12-31": "13.07990", "2014-12-31": "14.02120", "2013-12-31": "13.89320", "2012-12-31": "14.30980", "2011-12-31": "14.43550", "2010-12-31": "15.97300", "2009-12-31": "16.31650", "2008-12-31": "15.29820", "2007-12-31": "16.39520", "2006-12-31": "16.34490", "2005-12-31": "18.76950"}, "Asset Turnover": {"2019-12-31": "1.03570", "2018-12-31": "1.01760", "2017-12-31": "0.97300", "2016-12-31": "0.94570", "2015-12-31": "0.95060", "2014-12-31": "0.89410", "2013-12-31": "1.08710", "2012-12-31": "1.12650", "2011-12-31": "1.11130", "2010-12-31": "1.00200", "2009-12-31": "0.98220", "2008-12-31": "1.18600", "2007-12-31": "1.16170", "2006-12-31": "1.07410", "2005-12-31": "1.01830"}, "Inventory Turnover Ratio": {"2019-12-31": "", "2018-12-31": "", "2017-12-31": "", "2016-12-31": "", "2015-12-31": "", "2014-12-31": "", "2013-12-31": "", "2012-12-31": "", "2011-12-31": "", "2010-12-31": "", "2009-12-31": "", "2008-12-31": "", "2007-12-31": "", "2006-12-31": "", "2005-12-31": ""}, "Receiveable Turnover": {"2019-12-31": "5.15450", "2018-12-31": "5.05490", "2017-12-31": "4.59650", "2016-12-31": "4.64270", "2015-12-31": "4.73530", "2014-12-31": "4.47520", "2013-12-31": "4.71570", "2012-12-31": "4.80560", "2011-12-31": "4.64190", "2010-12-31": "4.52780", "2009-12-31": "4.62280", "2008-12-31": "4.85870", "2007-12-31": "4.89300", "2006-12-31": "4.77180", "2005-12-31": "5.01330"}, "Days Sales In Receivables": {"2019-12-31": "70.81210", "2018-12-31": "72.20780", "2017-12-31": "79.40780", "2016-12-31": "78.61830", "2015-12-31": "77.08040", "2014-12-31": "81.56040", "2013-12-31": "77.40120", "2012-12-31": "75.95380", "2011-12-31": "78.63130", "2010-12-31": "80.61330", "2009-12-31": "78.95680", "2008-12-31": "75.12270", "2007-12-31": "74.59640", "2006-12-31": "76.49080", "2005-12-31": "72.80630"}, "ROE - Return On Equity": {"2019-12-31": "16.71200", "2018-12-31": "18.39110", "2017-12-31": "14.09690", "2016-12-31": "14.47610", "2015-12-31": "17.50380", "2014-12-31": "18.59130", "2013-12-31": "20.02350", "2012-12-31": "21.65600", "2011-12-31": "22.35380", "2010-12-31": "20.46460", "2009-12-31": "20.16310", "2008-12-31": "21.91950", "2007-12-31": "23.84760", "2006-12-31": "21.68560", "2005-12-31": "23.28180"}, "Return On Tangible Equity": {"2019-12-31": "30.68980", "2018-12-31": "30.92890", "2017-12-31": "21.53490", "2016-12-31": "21.50080", "2015-12-31": "27.02610", "2014-12-31": "32.90720", "2013-12-31": "22.09600", "2012-12-31": "23.58300", "2011-12-31": "24.77550", "2010-12-31": "22.39590", "2009-12-31": "22.42990", "2008-12-31": "24.42770", "2007-12-31": "27.48610", "2006-12-31": "22.69300", "2005-12-31": "24.46370"}, "ROA - Return On Assets": {"2019-12-31": "11.36760", "2018-12-31": "13.25890", "2017-12-31": "9.88110", "2016-12-31": "10.88910", "2015-12-31": "12.43400", "2014-12-31": "12.53590", "2013-12-31": "15.10320", "2012-12-31": "16.11980", "2011-12-31": "16.04260", "2010-12-31": "16.00540", "2009-12-31": "16.02530", "2008-12-31": "18.14420", "2007-12-31": "19.04650", "2006-12-31": "17.55640", "2005-12-31": "19.11340"}, "ROI - Return On Investment": {"2019-12-31": "15.71400", "2018-12-31": "17.27800", "2017-12-31": "13.23130", "2016-12-31": "13.47510", "2015-12-31": "15.99210", "2014-12-31": "16.58270", "2013-12-31": "20.02350", "2012-12-31": "21.65600", "2011-12-31": "22.35370", "2010-12-31": "20.46460", "2009-12-31": "20.16310", "2008-12-31": "21.91950", "2007-12-31": "23.84760", "2006-12-31": "21.68560", "2005-12-31": "23.28180"}, "Book Value Per Share": {"2019-12-31": "20.11310", "2018-12-31": "19.79900", "2017-12-31": "18.14460", "2016-12-31": "17.64470", "2015-12-31": "15.23480", "2014-12-31": "12.70140", "2013-12-31": "10.09630", "2012-12-31": "8.04560", "2011-12-31": "6.52060", "2010-12-31": "5.89660", "2009-12-31": "4.46320", "2008-12-31": "3.36950", "2007-12-31": "2.54890", "2006-12-31": "1.88320", "2005-12-31": "1.28120"}, "Operating Cash Flow Per Share": {"2019-12-31": 0.0241, "2018-12-31": 0.393, "2017-12-31": 1.3487, "2016-12-31": -0.871, "2015-12-31": 1.1648, "2014-12-31": 0.0677, "2013-12-31": 0.4183, "2012-12-31": 0.507, "2011-12-31": 0.1731, "2010-12-31": 0.1204, "2009-12-31": 0.3977, "2008-12-31": 0.1516, "2007-12-31": 0.1472, "2006-12-31": 0.148, "2005-12-31": 0.2719}, "Free Cash Flow Per Share": {"2019-12-31": -0.0303, "2018-12-31": 0.2247, "2017-12-31": 1.3632, "2016-12-31": -0.9174, "2015-12-31": 1.0652, "2014-12-31": 0.1509, "2013-12-31": 0.5361, "2012-12-31": 0.4245, "2011-12-31": 0.0089, "2010-12-31": -0.0524, "2009-12-31": 0.5537, "2008-12-31": 0.1688, "2007-12-31": 0.0206, "2006-12-31": 0.0963, "2005-12-31": 0.1497}}, "financial ratios, quarterly": {"Current Ratio": {"2020-09-30": "2.61500", "2020-06-30": "2.65600", "2020-03-31": "2.89870", "2019-12-31": "2.55150", "2019-09-30": "2.53200", "2019-06-30": "2.55170", "2019-03-31": "2.89820", "2018-12-31": "3.17710", "2018-09-30": "3.24060", "2018-06-30": "3.27280", "2018-03-31": "3.64120", "2017-12-31": "3.20920", "2017-09-30": "3.29120", "2017-06-30": "3.35360", "2017-03-31": "3.03370", "2016-12-31": "3.55670", "2016-09-30": "3.56400", "2016-06-30": "3.65990", "2016-03-31": "3.69240", "2015-12-31": "2.91410", "2015-09-30": "3.40060", "2015-06-30": "3.46100", "2015-03-31": "3.40030", "2014-12-31": "2.47700", "2014-09-30": "4.16890", "2014-06-30": "4.29980", "2014-03-31": "4.18580", "2013-12-31": "3.46460", "2013-09-30": "3.58240", "2013-06-30": "3.78250", "2013-03-31": "3.94560", "2012-12-31": "3.49540", "2012-09-30": "3.56030", "2012-06-30": "3.60730", "2012-03-31": "4.10940", "2011-12-31": "3.37730", "2011-09-30": "3.66300", "2011-06-30": "4.23500", "2011-03-31": "4.41030", "2010-12-31": "3.78010", "2010-09-30": "4.02240", "2010-06-30": "4.34470", "2010-03-31": "4.27090", "2009-12-31": "3.56870", "2009-09-30": "3.96720", "2009-06-30": "4.52390", "2009-03-31": "4.48040", "2008-12-31": "3.78790", "2008-09-30": "3.81960", "2008-06-30": "3.86250", "2008-03-31": "3.57070", "2007-12-31": "3.64610", "2007-09-30": "4.72700", "2007-06-30": "4.74520", "2007-03-31": "4.75320", "2006-12-31": "4.16990", "2006-09-30": "4.31930", "2006-06-30": "4.79320", "2006-03-31": "5.10630", "2005-12-31": "4.31370", "2005-09-30": "4.54970", "2005-06-30": "4.50650", "2005-03-31": "4.99700"}, "Long-term Debt / Capital": {"2020-09-30": "0.17800", "2020-06-30": "0.18080", "2020-03-31": "0.18630", "2019-12-31": "0.05970", "2019-09-30": "0.06210", "2019-06-30": "0.06370", "2019-03-31": "0.06130", "2018-12-31": "0.06050", "2018-09-30": "0.05380", "2018-06-30": "0.05740", "2018-03-31": "0.05770", "2017-12-31": "0.06140", "2017-09-30": "0.06180", "2017-06-30": "0.06650", "2017-03-31": "0.07180", "2016-12-31": "0.06920", "2016-09-30": "0.07390", "2016-06-30": "0.07850", "2016-03-31": "0.08200", "2015-12-31": "0.08640", "2015-09-30": "0.09250", "2015-06-30": "0.09650", "2015-03-31": "0.10160", "2014-12-31": "0.10800", "2014-09-30": "", "2014-06-30": "", "2014-03-31": "", "2013-12-31": "", "2013-09-30": "", "2013-06-30": "", "2013-03-31": "", "2012-12-31": "", "2012-09-30": "", "2012-06-30": "", "2012-03-31": "", "2011-12-31": "", "2011-09-30": "", "2011-06-30": "", "2011-03-31": "", "2010-12-31": "", "2010-09-30": "", "2010-06-30": "", "2010-03-31": "", "2009-12-31": "", "2009-09-30": "", "2009-06-30": "", "2009-03-31": "", "2008-12-31": "", "2008-09-30": "", "2008-06-30": "", "2008-03-31": "", "2007-12-31": "", "2007-09-30": "", "2007-06-30": "", "2007-03-31": "", "2006-12-31": "", "2006-09-30": "", "2006-06-30": "", "2006-03-31": "", "2005-12-31": "", "2005-09-30": "", "2005-06-30": "", "2005-03-31": ""}, "Debt/Equity Ratio": {"2020-09-30": "0.21990", "2020-06-30": "0.22410", "2020-03-31": "0.23250", "2019-12-31": "0.06700", "2019-09-30": "0.06980", "2019-06-30": "0.07070", "2019-03-31": "0.06700", "2018-12-31": "0.06520", "2018-09-30": "0.06600", "2018-06-30": "0.07030", "2018-03-31": "0.07030", "2017-12-31": "0.08180", "2017-09-30": "0.07500", "2017-06-30": "0.09450", "2017-03-31": "0.12110", "2016-12-31": "0.08180", "2016-09-30": "0.08710", "2016-06-30": "0.09210", "2016-03-31": "0.10620", "2015-12-31": "0.13830", "2015-09-30": "0.10760", "2015-06-30": "0.12440", "2015-03-31": "0.13140", "2014-12-31": "0.21160", "2014-09-30": "", "2014-06-30": "", "2014-03-31": "", "2013-12-31": "", "2013-09-30": "", "2013-06-30": "", "2013-03-31": "", "2012-12-31": "", "2012-09-30": "", "2012-06-30": "", "2012-03-31": "", "2011-12-31": "", "2011-09-30": "", "2011-06-30": "", "2011-03-31": "", "2010-12-31": "", "2010-09-30": "", "2010-06-30": "", "2010-03-31": "", "2009-12-31": "", "2009-09-30": "", "2009-06-30": "", "2009-03-31": "", "2008-12-31": "", "2008-09-30": "", "2008-06-30": "", "2008-03-31": "", "2007-12-31": "", "2007-09-30": "", "2007-06-30": "", "2007-03-31": "", "2006-12-31": "", "2006-09-30": "", "2006-06-30": "", "2006-03-31": "", "2005-12-31": "", "2005-09-30": "", "2005-06-30": "", "2005-03-31": ""}, "Gross Margin": {"2020-09-30": "37.61490", "2020-06-30": "34.62500", "2020-03-31": "34.98230", "2019-12-31": "35.83100", "2019-09-30": "36.88800", "2019-06-30": "36.51290", "2019-03-31": "37.34790", "2018-12-31": "38.48390", "2018-09-30": "39.18590", "2018-06-30": "39.66550", "2018-03-31": "38.62470", "2017-12-31": "38.34900", "2017-09-30": "37.94480", "2017-06-30": "38.39240", "2017-03-31": "38.12750", "2016-12-31": "39.97690", "2016-09-30": "39.84940", "2016-06-30": "39.52520", "2016-03-31": "40.19360", "2015-12-31": "40.18870", "2015-09-30": "39.29720", "2015-06-30": "40.20290", "2015-03-31": "40.67460", "2014-12-31": "40.22830", "2014-09-30": "39.17860", "2014-06-30": "40.42750", "2014-03-31": "40.86610", "2013-12-31": "40.08970", "2013-09-30": "40.04760", "2013-06-30": "41.14430", "2013-03-31": "40.61750", "2012-12-31": "40.92370", "2012-09-30": "41.22190", "2012-06-30": "42.57590", "2012-03-31": "42.47110", "2011-12-31": "41.65500", "2011-09-30": "42.22910", "2011-06-30": "42.03830", "2011-03-31": "42.95900", "2010-12-31": "42.16220", "2010-09-30": "42.50840", "2010-06-30": "41.99730", "2010-03-31": "42.07640", "2009-12-31": "42.30820", "2009-09-30": "44.27580", "2009-06-30": "44.19980", "2009-03-31": "43.72850", "2008-12-31": "44.25990", "2008-09-30": "44.75000", "2008-06-30": "44.43360", "2008-03-31": "43.04750", "2007-12-31": "43.07680", "2007-09-30": "43.22390", "2007-06-30": "43.40410", "2007-03-31": "44.61750", "2006-12-31": "45.19990", "2006-09-30": "44.79080", "2006-06-30": "44.09150", "2006-03-31": "44.44850", "2005-12-31": "47.07010", "2005-09-30": "45.58160", "2005-06-30": "44.37320", "2005-03-31": "46.06260"}, "Operating Margin": {"2020-09-30": "14.21160", "2020-06-30": "11.67500", "2020-03-31": "13.70410", "2019-12-31": "14.61250", "2019-09-30": "15.74860", "2019-06-30": "14.94810", "2019-03-31": "13.11440", "2018-12-31": "16.78370", "2018-09-30": "18.26880", "2018-06-30": "16.72490", "2018-03-31": "17.71470", "2017-12-31": "17.16300", "2017-09-30": "17.20660", "2017-06-30": "16.51230", "2017-03-31": "16.07450", "2016-12-31": "16.20450", "2016-09-30": "16.88390", "2016-06-30": "17.53710", "2016-03-31": "17.30170", "2015-12-31": "17.11990", "2015-09-30": "17.03170", "2015-06-30": "17.68180", "2015-03-31": "17.18420", "2014-12-31": "17.48340", "2014-09-30": "17.72570", "2014-06-30": "19.38740", "2014-03-31": "18.99020", "2013-12-31": "19.01210", "2013-09-30": "18.96840", "2013-06-30": "19.74810", "2013-03-31": "18.10760", "2012-12-31": "18.28620", "2012-09-30": "18.78670", "2012-06-30": "18.49120", "2012-03-31": "18.57590", "2011-12-31": "18.52150", "2011-09-30": "18.30170", "2011-06-30": "18.17600", "2011-03-31": "19.35200", "2010-12-31": "18.66480", "2010-09-30": "18.76050", "2010-06-30": "18.63230", "2010-03-31": "19.06980", "2009-12-31": "18.48950", "2009-09-30": "18.95540", "2009-06-30": "19.53020", "2009-03-31": "18.51950", "2008-12-31": "18.94520", "2008-09-30": "19.41280", "2008-06-30": "17.46040", "2008-03-31": "17.36810", "2007-12-31": "17.68780", "2007-09-30": "18.09650", "2007-06-30": "17.55440", "2007-03-31": "18.16370", "2006-12-31": "17.98930", "2006-09-30": "18.21460", "2006-06-30": "18.01200", "2006-03-31": "18.61990", "2005-12-31": "19.86750", "2005-09-30": "19.96340", "2005-06-30": "20.01220", "2005-03-31": "20.46830"}, "EBIT Margin": {"2020-09-30": "14.21160", "2020-06-30": "11.67500", "2020-03-31": "13.70410", "2019-12-31": "14.61250", "2019-09-30": "15.74860", "2019-06-30": "14.94810", "2019-03-31": "13.11440", "2018-12-31": "16.78370", "2018-09-30": "18.26880", "2018-06-30": "16.72490", "2018-03-31": "17.71470", "2017-12-31": "17.16300", "2017-09-30": "17.20660", "2017-06-30": "16.51230", "2017-03-31": "16.07450", "2016-12-31": "16.20450", "2016-09-30": "16.88390", "2016-06-30": "17.53710", "2016-03-31": "17.30170", "2015-12-31": "17.11990", "2015-09-30": "17.03170", "2015-06-30": "17.68180", "2015-03-31": "17.18420", "2014-12-31": "17.48340", "2014-09-30": "17.72570", "2014-06-30": "19.38740", "2014-03-31": "18.99020", "2013-12-31": "19.01210", "2013-09-30": "18.96840", "2013-06-30": "19.74810", "2013-03-31": "18.10760", "2012-12-31": "18.28610", "2012-09-30": "18.78670", "2012-06-30": "18.49120", "2012-03-31": "18.57590", "2011-12-31": "18.52150", "2011-09-30": "18.30170", "2011-06-30": "18.17600", "2011-03-31": "19.35200", "2010-12-31": "18.66480", "2010-09-30": "18.76050", "2010-06-30": "18.63230", "2010-03-31": "19.06980", "2009-12-31": "18.48950", "2009-09-30": "18.95540", "2009-06-30": "19.53020", "2009-03-31": "18.51950", "2008-12-31": "18.94520", "2008-09-30": "19.41280", "2008-06-30": "17.46040", "2008-03-31": "17.36810", "2007-12-31": "17.68780", "2007-09-30": "18.09650", "2007-06-30": "17.55440", "2007-03-31": "18.16370", "2006-12-31": "17.98930", "2006-09-30": "18.21460", "2006-06-30": "18.01200", "2006-03-31": "18.61990", "2005-12-31": "19.86750", "2005-09-30": "19.96340", "2005-06-30": "20.01220", "2005-03-31": "20.46830"}, "EBITDA Margin": {"2020-09-30": "", "2020-06-30": "", "2020-03-31": "", "2019-12-31": "", "2019-09-30": "", "2019-06-30": "", "2019-03-31": "", "2018-12-31": "", "2018-09-30": "", "2018-06-30": "", "2018-03-31": "", "2017-12-31": "", "2017-09-30": "", "2017-06-30": "", "2017-03-31": "", "2016-12-31": "", "2016-09-30": "", "2016-06-30": "", "2016-03-31": "", "2015-12-31": "", "2015-09-30": "", "2015-06-30": "", "2015-03-31": "", "2014-12-31": "", "2014-09-30": "", "2014-06-30": "", "2014-03-31": "", "2013-12-31": "", "2013-09-30": "", "2013-06-30": "", "2013-03-31": "", "2012-12-31": "", "2012-09-30": "", "2012-06-30": "", "2012-03-31": "", "2011-12-31": "", "2011-09-30": "", "2011-06-30": "", "2011-03-31": "", "2010-12-31": "", "2010-09-30": "", "2010-06-30": "", "2010-03-31": "", "2009-12-31": "", "2009-09-30": "", "2009-06-30": "", "2009-03-31": "", "2008-12-31": "", "2008-09-30": "", "2008-06-30": "", "2008-03-31": "", "2007-12-31": "", "2007-09-30": "", "2007-06-30": "", "2007-03-31": "", "2006-12-31": "", "2006-09-30": "", "2006-06-30": "", "2006-03-31": "", "2005-12-31": "", "2005-09-30": "", "2005-06-30": "", "2005-03-31": ""}, "Pre-Tax Profit Margin": {"2020-09-30": "14.70660", "2020-06-30": "12.37500", "2020-03-31": "12.07100", "2019-12-31": "14.61250", "2019-09-30": "15.48960", "2019-06-30": "16.32460", "2019-03-31": "14.18490", "2018-12-31": "19.73840", "2018-09-30": "16.23350", "2018-06-30": "15.55170", "2018-03-31": "17.81700", "2017-12-31": "18.62590", "2017-09-30": "17.47210", "2017-06-30": "17.30250", "2017-03-31": "18.30230", "2016-12-31": "16.17560", "2016-09-30": "17.75270", "2016-06-30": "17.65580", "2016-03-31": "18.39480", "2015-12-31": "17.37360", "2015-09-30": "17.03800", "2015-06-30": "17.78870", "2015-03-31": "17.53800", "2014-12-31": "17.69490", "2014-09-30": "17.96590", "2014-06-30": "19.93560", "2014-03-31": "19.53520", "2013-12-31": "19.15190", "2013-09-30": "19.04820", "2013-06-30": "19.45170", "2013-03-31": "18.66560", "2012-12-31": "18.77840", "2012-09-30": "19.26230", "2012-06-30": "18.66580", "2012-03-31": "18.83180", "2011-12-31": "19.41930", "2011-09-30": "17.98700", "2011-06-30": "18.69090", "2011-03-31": "20.45570", "2010-12-31": "18.96410", "2010-09-30": "19.99120", "2010-06-30": "18.82160", "2010-03-31": "18.62540", "2009-12-31": "18.67650", "2009-09-30": "19.18000", "2009-06-30": "21.78310", "2009-03-31": "18.16540", "2008-12-31": "18.07140", "2008-09-30": "18.12890", "2008-06-30": "18.09920", "2008-03-31": "18.95010", "2007-12-31": "19.12790", "2007-09-30": "19.98630", "2007-06-30": "18.90560", "2007-03-31": "19.60940", "2006-12-31": "19.38770", "2006-09-30": "19.32070", "2006-06-30": "19.60360", "2006-03-31": "19.80950", "2005-12-31": "20.69390", "2005-09-30": "20.96160", "2005-06-30": "20.70460", "2005-03-31": "21.41280"}, "Net Profit Margin": {"2020-09-30": "8.20170", "2020-06-30": "9.02500", "2020-03-31": "8.68640", "2019-12-31": "9.22040", "2019-09-30": "11.69960", "2019-06-30": "12.29170", "2019-03-31": "10.72990", "2018-12-31": "15.69390", "2018-09-30": "11.69690", "2018-06-30": "11.38290", "2018-03-31": "13.29240", "2017-12-31": "-0.47020", "2017-09-30": "13.14390", "2017-06-30": "12.80650", "2017-03-31": "15.70780", "2016-12-31": "12.01620", "2016-09-30": "12.85840", "2016-06-30": "7.47770", "2016-03-31": "13.77260", "2015-12-31": "13.11060", "2015-09-30": "12.46310", "2015-06-30": "13.61710", "2015-03-31": "13.15180", "2014-12-31": "13.22100", "2014-09-30": "13.77760", "2014-06-30": "14.77490", "2014-03-31": "14.40370", "2013-12-31": "13.77010", "2013-09-30": "13.86230", "2013-06-30": "13.89990", "2013-03-31": "14.06460", "2012-12-31": "14.30950", "2012-09-30": "14.63780", "2012-06-30": "14.03350", "2012-03-31": "14.23740", "2011-12-31": "14.43330", "2011-09-30": "14.18650", "2011-06-30": "14.00750", "2011-03-31": "15.19250", "2010-12-31": "15.73060", "2010-09-30": "16.73900", "2010-06-30": "15.57930", "2010-03-31": "15.78590", "2009-12-31": "15.95220", "2009-09-30": "16.00160", "2009-06-30": "18.18910", "2009-03-31": "15.16800", "2008-12-31": "14.91120", "2008-09-30": "15.35650", "2008-06-30": "15.15200", "2008-03-31": "15.84080", "2007-12-31": "16.04380", "2007-09-30": "17.20610", "2007-06-30": "15.92930", "2007-03-31": "16.39170", "2006-12-31": "16.38270", "2006-09-30": "16.16520", "2006-06-30": "16.34950", "2006-03-31": "16.52100", "2005-12-31": "22.44940", "2005-09-30": "17.23010", "2005-06-30": "17.01940", "2005-03-31": "17.60120"}, "Asset Turnover": {"2020-09-30": "0.22580", "2020-06-30": "0.21960", "2020-03-31": "0.24240", "2019-12-31": "0.26440", "2019-09-30": "0.26810", "2019-06-30": "0.26690", "2019-03-31": "0.25530", "2018-12-31": "0.26060", "2018-09-30": "0.26700", "2018-06-30": "0.27060", "2018-03-31": "0.26000", "2017-12-31": "0.25150", "2017-09-30": "0.25830", "2017-06-30": "0.26330", "2017-03-31": "0.26020", "2016-12-31": "0.24270", "2016-09-30": "0.25170", "2016-06-30": "0.25650", "2016-03-31": "0.25140", "2015-12-31": "0.24750", "2015-09-30": "0.25980", "2015-06-30": "0.26150", "2015-03-31": "0.25580", "2014-12-31": "0.23890", "2014-09-30": "0.27970", "2014-06-30": "0.28970", "2014-03-31": "0.29260", "2013-12-31": "0.28960", "2013-09-30": "0.30270", "2013-06-30": "0.30820", "2013-03-31": "0.30120", "2012-12-31": "0.29870", "2012-09-30": "0.30980", "2012-06-30": "0.31750", "2012-03-31": "0.30190", "2011-12-31": "0.30210", "2011-09-30": "0.31370", "2011-06-30": "0.30210", "2011-03-31": "0.29570", "2010-12-31": "0.28600", "2010-09-30": "0.28660", "2010-06-30": "0.29360", "2010-03-31": "0.27340", "2009-12-31": "0.27040", "2009-09-30": "0.28670", "2009-06-30": "0.29050", "2009-03-31": "0.30710", "2008-12-31": "0.31710", "2008-09-30": "0.33210", "2008-06-30": "0.32490", "2008-03-31": "0.33120", "2007-12-31": "0.32640", "2007-09-30": "0.32140", "2007-06-30": "0.32600", "2007-03-31": "0.31860", "2006-12-31": "0.32010", "2006-09-30": "0.31930", "2006-06-30": "0.32200", "2006-03-31": "0.30550", "2005-12-31": "0.29530", "2005-09-30": "0.30520", "2005-06-30": "0.30990", "2005-03-31": "0.30040"}, "Inventory Turnover Ratio": {"2020-09-30": "", "2020-06-30": "", "2020-03-31": "", "2019-12-31": "", "2019-09-30": "", "2019-06-30": "", "2019-03-31": "", "2018-12-31": "", "2018-09-30": "", "2018-06-30": "", "2018-03-31": "", "2017-12-31": "", "2017-09-30": "", "2017-06-30": "", "2017-03-31": "", "2016-12-31": "", "2016-09-30": "", "2016-06-30": "", "2016-03-31": "", "2015-12-31": "", "2015-09-30": "", "2015-06-30": "", "2015-03-31": "", "2014-12-31": "", "2014-09-30": "", "2014-06-30": "", "2014-03-31": "", "2013-12-31": "", "2013-09-30": "", "2013-06-30": "", "2013-03-31": "", "2012-12-31": "", "2012-09-30": "", "2012-06-30": "", "2012-03-31": "", "2011-12-31": "", "2011-09-30": "", "2011-06-30": "", "2011-03-31": "", "2010-12-31": "", "2010-09-30": "", "2010-06-30": "", "2010-03-31": "", "2009-12-31": "", "2009-09-30": "", "2009-06-30": "", "2009-03-31": "", "2008-12-31": "", "2008-09-30": "", "2008-06-30": "", "2008-03-31": "", "2007-12-31": "", "2007-09-30": "", "2007-06-30": "", "2007-03-31": "", "2006-12-31": "", "2006-09-30": "", "2006-06-30": "", "2006-03-31": "", "2005-12-31": "", "2005-09-30": "", "2005-06-30": "", "2005-03-31": ""}, "Receiveable Turnover": {"2020-09-30": "1.36080", "2020-06-30": "1.24690", "2020-03-31": "1.31210", "2019-12-31": "1.31570", "2019-09-30": "1.23560", "2019-06-30": "1.22300", "2019-03-31": "1.21710", "2018-12-31": "1.29440", "2018-09-30": "1.27960", "2018-06-30": "1.25030", "2018-03-31": "1.24390", "2017-12-31": "1.18810", "2017-09-30": "1.14400", "2017-06-30": "1.18810", "2017-03-31": "1.16680", "2016-12-31": "1.19170", "2016-09-30": "1.18430", "2016-06-30": "1.17070", "2016-03-31": "1.16380", "2015-12-31": "1.23280", "2015-09-30": "1.24660", "2015-06-30": "1.21050", "2015-03-31": "1.18920", "2014-12-31": "1.19590", "2014-09-30": "1.20210", "2014-06-30": "1.18700", "2014-03-31": "1.22900", "2013-12-31": "1.25610", "2013-09-30": "1.21920", "2013-06-30": "1.21060", "2013-03-31": "1.18700", "2012-12-31": "1.27440", "2012-09-30": "1.19940", "2012-06-30": "1.19370", "2012-03-31": "1.20410", "2011-12-31": "1.26170", "2011-09-30": "1.26250", "2011-06-30": "1.20990", "2011-03-31": "1.22090", "2010-12-31": "1.29220", "2010-09-30": "1.14250", "2010-06-30": "1.18360", "2010-03-31": "1.18140", "2009-12-31": "1.27280", "2009-09-30": "1.24640", "2009-06-30": "1.22120", "2009-03-31": "1.24160", "2008-12-31": "1.29920", "2008-09-30": "1.22460", "2008-06-30": "1.17540", "2008-03-31": "1.23820", "2007-12-31": "1.37460", "2007-09-30": "1.30420", "2007-06-30": "1.27980", "2007-03-31": "1.32350", "2006-12-31": "1.42200", "2006-09-30": "1.27230", "2006-06-30": "1.26510", "2006-03-31": "1.31140", "2005-12-31": "1.45390", "2005-09-30": "1.37270", "2005-06-30": "1.27780", "2005-03-31": "1.38480"}, "Days Sales In Receivables": {"2020-09-30": "66.13720", "2020-06-30": "72.18000", "2020-03-31": "68.59170", "2019-12-31": "68.40340", "2019-09-30": "72.83900", "2019-06-30": "73.59090", "2019-03-31": "73.94890", "2018-12-31": "69.53260", "2018-09-30": "70.33600", "2018-06-30": "71.98200", "2018-03-31": "72.35430", "2017-12-31": "75.75240", "2017-09-30": "78.67230", "2017-06-30": "75.75200", "2017-03-31": "77.13200", "2016-12-31": "75.51990", "2016-09-30": "75.99570", "2016-06-30": "76.87390", "2016-03-31": "77.33200", "2015-12-31": "73.00230", "2015-09-30": "72.19770", "2015-06-30": "74.35190", "2015-03-31": "75.67800", "2014-12-31": "75.25600", "2014-09-30": "74.87090", "2014-06-30": "75.82230", "2014-03-31": "73.23030", "2013-12-31": "71.65130", "2013-09-30": "73.81930", "2013-06-30": "74.34180", "2013-03-31": "75.81890", "2012-12-31": "70.62220", "2012-09-30": "75.03750", "2012-06-30": "75.39460", "2012-03-31": "74.74410", "2011-12-31": "71.33490", "2011-09-30": "71.28680", "2011-06-30": "74.38740", "2011-03-31": "73.71620", "2010-12-31": "69.65050", "2010-09-30": "78.77490", "2010-06-30": "76.03660", "2010-03-31": "76.17770", "2009-12-31": "70.71020", "2009-09-30": "72.20880", "2009-06-30": "73.69690", "2009-03-31": "72.48480", "2008-12-31": "69.27540", "2008-09-30": "73.49070", "2008-06-30": "76.56820", "2008-03-31": "72.68730", "2007-12-31": "65.47320", "2007-09-30": "69.00960", "2007-06-30": "70.32510", "2007-03-31": "68.00070", "2006-12-31": "63.29140", "2006-09-30": "70.73750", "2006-06-30": "71.14240", "2006-03-31": "68.62670", "2005-12-31": "61.90160", "2005-09-30": "65.56500", "2005-06-30": "70.43100", "2005-03-31": "64.99010"}, "ROE - Return On Equity": {"2020-09-30": "3.12390", "2020-06-30": "3.29020", "2020-03-31": "3.45800", "2019-12-31": "3.58370", "2019-09-30": "4.64400", "2019-06-30": "4.82140", "2019-03-31": "3.96010", "2018-12-31": "5.67230", "2018-09-30": "4.34510", "2018-06-30": "4.28250", "2018-03-31": "4.73240", "2017-12-31": "-0.16870", "2017-09-30": "4.50860", "2017-06-30": "4.48340", "2017-03-31": "5.57950", "2016-12-31": "3.87770", "2016-09-30": "4.31390", "2016-06-30": "2.55500", "2016-03-31": "4.58790", "2015-12-31": "4.56780", "2015-09-30": "4.49980", "2015-06-30": "4.91870", "2015-03-31": "4.68180", "2014-12-31": "4.68460", "2014-09-30": "4.81730", "2014-06-30": "5.31980", "2014-03-31": "5.26800", "2013-12-31": "5.28630", "2013-09-30": "5.65880", "2013-06-30": "5.64280", "2013-03-31": "5.44890", "2012-12-31": "5.74280", "2012-09-30": "6.05600", "2012-06-30": "6.15620", "2012-03-31": "5.57910", "2011-12-31": "6.07470", "2011-09-30": "5.76510", "2011-06-30": "5.26450", "2011-03-31": "5.53440", "2010-12-31": "5.75170", "2010-09-30": "6.04950", "2010-06-30": "5.66200", "2010-03-31": "5.24880", "2009-12-31": "5.42760", "2009-09-30": "5.60590", "2009-06-30": "6.22900", "2009-03-31": "5.45820", "2008-12-31": "5.71270", "2008-09-30": "6.12190", "2008-06-30": "5.91980", "2008-03-31": "6.36300", "2007-12-31": "6.55600", "2007-09-30": "6.66110", "2007-06-30": "6.24620", "2007-03-31": "6.30120", "2006-12-31": "6.47720", "2006-09-30": "6.31380", "2006-06-30": "6.29960", "2006-03-31": "5.94640", "2005-12-31": "8.07580", "2005-09-30": "6.32480", "2005-06-30": "6.37520", "2005-03-31": "6.30620"}, "Return On Tangible Equity": {"2020-09-30": "6.79420", "2020-06-30": "6.49870", "2020-03-31": "6.56060", "2019-12-31": "6.58110", "2019-09-30": "8.54540", "2019-06-30": "8.85990", "2019-03-31": "6.98560", "2018-12-31": "9.53920", "2018-09-30": "6.89310", "2018-06-30": "6.95970", "2018-03-31": "7.10380", "2017-12-31": "-0.25770", "2017-09-30": "6.67660", "2017-06-30": "6.70180", "2017-03-31": "8.57320", "2016-12-31": "5.75940", "2016-09-30": "6.45970", "2016-06-30": "3.91090", "2016-03-31": "7.01310", "2015-12-31": "7.05280", "2015-09-30": "7.16710", "2015-06-30": "8.03340", "2015-03-31": "7.90050", "2014-12-31": "8.29200", "2014-09-30": "5.20320", "2014-06-30": "5.79250", "2014-03-31": "5.76400", "2013-12-31": "5.83340", "2013-09-30": "6.25230", "2013-06-30": "6.27280", "2013-03-31": "6.06500", "2012-12-31": "6.25380", "2012-09-30": "6.61910", "2012-06-30": "6.77860", "2012-03-31": "6.11590", "2011-12-31": "6.73290", "2011-09-30": "6.40150", "2011-06-30": "5.71570", "2011-03-31": "6.02380", "2010-12-31": "6.29450", "2010-09-30": "6.66810", "2010-06-30": "6.29960", "2010-03-31": "5.79190", "2009-12-31": "6.03780", "2009-09-30": "6.18010", "2009-06-30": "6.83170", "2009-03-31": "6.04770", "2008-12-31": "6.36640", "2008-09-30": "6.87190", "2008-06-30": "6.70270", "2008-03-31": "7.25040", "2007-12-31": "7.55630", "2007-09-30": "6.93870", "2007-06-30": "6.53440", "2007-03-31": "6.55650", "2006-12-31": "6.77810", "2006-09-30": "6.64550", "2006-06-30": "6.55330", "2006-03-31": "6.21330", "2005-12-31": "8.48580", "2005-09-30": "6.69160", "2005-06-30": "6.79750", "2005-03-31": "6.58140"}, "ROA - Return On Assets": {"2020-09-30": "1.85230", "2020-06-30": "1.98180", "2020-03-31": "2.10570", "2019-12-31": "2.43770", "2019-09-30": "3.13680", "2019-06-30": "3.28030", "2019-03-31": "2.73980", "2018-12-31": "4.08940", "2018-09-30": "3.12300", "2018-06-30": "3.07980", "2018-03-31": "3.45630", "2017-12-31": "-0.11830", "2017-09-30": "3.39510", "2017-06-30": "3.37210", "2017-03-31": "4.08690", "2016-12-31": "2.91680", "2016-09-30": "3.23690", "2016-06-30": "1.91780", "2016-03-31": "3.46270", "2015-12-31": "3.24480", "2015-09-30": "3.23780", "2015-06-30": "3.56090", "2015-03-31": "3.36370", "2014-12-31": "3.15880", "2014-09-30": "3.85390", "2014-06-30": "4.28100", "2014-03-31": "4.21410", "2013-12-31": "3.98730", "2013-09-30": "4.19620", "2013-06-30": "4.28400", "2013-03-31": "4.23600", "2012-12-31": "4.27470", "2012-09-30": "4.53410", "2012-06-30": "4.45560", "2012-03-31": "4.29860", "2011-12-31": "4.35970", "2011-09-30": "4.44970", "2011-06-30": "4.23140", "2011-03-31": "4.49190", "2010-12-31": "4.49840", "2010-09-30": "4.79710", "2010-06-30": "4.57410", "2010-03-31": "4.31660", "2009-12-31": "4.31380", "2009-09-30": "4.58840", "2009-06-30": "5.28390", "2009-03-31": "4.65750", "2008-12-31": "4.72880", "2008-09-30": "5.10020", "2008-06-30": "4.92260", "2008-03-31": "5.24670", "2007-12-31": "5.23610", "2007-09-30": "5.52920", "2007-06-30": "5.19310", "2007-03-31": "5.22230", "2006-12-31": "5.24390", "2006-09-30": "5.16080", "2006-06-30": "5.26460", "2006-03-31": "5.04790", "2005-12-31": "6.62990", "2005-09-30": "5.25870", "2005-06-30": "5.27390", "2005-03-31": "5.28700"}, "ROI - Return On Investment": {"2020-09-30": "2.56790", "2020-06-30": "2.69540", "2020-03-31": "2.81380", "2019-12-31": "3.36970", "2019-09-30": "4.35540", "2019-06-30": "4.51440", "2019-03-31": "3.71740", "2018-12-31": "5.32890", "2018-09-30": "4.11140", "2018-06-30": "4.03650", "2018-03-31": "4.45930", "2017-12-31": "-0.15840", "2017-09-30": "4.23000", "2017-06-30": "4.18520", "2017-03-31": "5.17900", "2016-12-31": "3.60950", "2016-09-30": "3.99500", "2016-06-30": "2.35450", "2016-03-31": "4.21180", "2015-12-31": "4.17330", "2015-09-30": "4.08350", "2015-06-30": "4.44400", "2015-03-31": "4.20610", "2014-12-31": "4.17850", "2014-09-30": "4.81730", "2014-06-30": "5.31980", "2014-03-31": "5.26800", "2013-12-31": "5.28630", "2013-09-30": "5.65880", "2013-06-30": "5.64280", "2013-03-31": "5.44890", "2012-12-31": "5.74280", "2012-09-30": "6.05600", "2012-06-30": "6.15620", "2012-03-31": "5.57910", "2011-12-31": "6.07470", "2011-09-30": "5.76510", "2011-06-30": "5.26450", "2011-03-31": "5.53440", "2010-12-31": "5.75170", "2010-09-30": "6.04950", "2010-06-30": "5.66200", "2010-03-31": "5.24880", "2009-12-31": "5.42760", "2009-09-30": "5.60590", "2009-06-30": "6.22900", "2009-03-31": "5.45820", "2008-12-31": "5.71270", "2008-09-30": "6.12190", "2008-06-30": "5.91980", "2008-03-31": "6.36300", "2007-12-31": "6.55600", "2007-09-30": "6.66110", "2007-06-30": "6.24620", "2007-03-31": "6.30120", "2006-12-31": "6.47720", "2006-09-30": "6.31380", "2006-06-30": "6.29960", "2006-03-31": "5.94640", "2005-12-31": "8.07580", "2005-09-30": "6.32480", "2005-06-30": "6.37520", "2005-03-31": "6.30620"}, "Book Value Per Share": {"2020-09-30": "20.66790", "2020-06-30": "20.24350", "2020-03-31": "19.61740", "2019-12-31": "20.11310", "2019-09-30": "19.45820", "2019-06-30": "19.12500", "2019-03-31": "19.57120", "2018-12-31": "19.79900", "2018-09-30": "18.92760", "2018-06-30": "18.35860", "2018-03-31": "18.75090", "2017-12-31": "18.14460", "2017-09-30": "18.60850", "2017-06-30": "17.76780", "2017-03-31": "16.94910", "2016-12-31": "17.64470", "2016-09-30": "16.96720", "2016-06-30": "16.24060", "2016-03-31": "15.85670", "2015-12-31": "15.23480", "2015-09-30": "14.51810", "2015-06-30": "14.01280", "2015-03-31": "13.39640", "2014-12-31": "12.70140", "2014-09-30": "12.12280", "2014-06-30": "11.50090", "2014-03-31": "10.88510", "2013-12-31": "10.09630", "2013-09-30": "9.34000", "2013-06-30": "8.83400", "2013-03-31": "8.62180", "2012-12-31": "8.04560", "2012-09-30": "7.62210", "2012-06-30": "6.83760", "2012-03-31": "7.17300", "2011-12-31": "6.52060", "2011-09-30": "6.52060", "2011-06-30": "6.50810", "2011-03-31": "6.18680", "2010-12-31": "5.89660", "2010-09-30": "5.54990", "2010-06-30": "5.05460", "2010-03-31": "4.82060", "2009-12-31": "4.46320", "2009-09-30": "4.13410", "2009-06-30": "3.86760", "2009-03-31": "3.54920", "2008-12-31": "3.36950", "2008-09-30": "3.16470", "2008-06-30": "3.00830", "2008-03-31": "2.77170", "2007-12-31": "2.54890", "2007-09-30": "2.48640", "2007-06-30": "2.27730", "2007-03-31": "2.08230", "2006-12-31": "1.88320", "2006-09-30": "1.70430", "2006-06-30": "1.55120", "2006-03-31": "1.41250", "2005-12-31": "1.28120", "2005-09-30": "1.16080", "2005-06-30": "1.03480", "2005-03-31": "0.93850"}, "Operating Cash Flow Per Share": {"2020-09-30": 1.6934, "2020-06-30": 1.818, "2020-03-31": "0.91030", "2019-12-31": 1.6295, "2019-09-30": 1.3365, "2019-06-30": 1.0287, "2019-03-31": "0.46780", "2018-12-31": 1.1798, "2018-09-30": 1.5043, "2018-06-30": 1.0956, "2018-03-31": "0.65870", "2017-12-31": 1.3917, "2017-09-30": 1.3034, "2017-06-30": 0.894, "2017-03-31": "0.45630", "2016-12-31": 0.9873, "2016-09-30": 0.9902, "2016-06-30": 0.6016, "2016-03-31": "0.11760", "2015-12-31": 1.1794, "2015-09-30": 1.337, "2015-06-30": 0.7429, "2015-03-31": "0.30840", "2014-12-31": 0.5261, "2014-09-30": 0.9529, "2014-06-30": 0.6673, "2014-03-31": "0.25660", "2013-12-31": 0.8269, "2013-09-30": 0.7873, "2013-06-30": 0.6006, "2013-03-31": "0.12040", "2012-12-31": 0.5797, "2012-09-30": 0.6443, "2012-06-30": 0.5283, "2012-03-31": "0.16460", "2011-12-31": 0.456, "2011-09-30": 0.5353, "2011-06-30": 0.3454, "2011-03-31": "0.07320", "2010-12-31": 0.6355, "2010-09-30": 0.3782, "2010-06-30": 0.2193, "2010-03-31": "0.00380", "2009-12-31": 0.3979, "2009-09-30": 0.3403, "2009-06-30": 0.2522, "2009-03-31": "0.12600", "2008-12-31": 0.3238, "2008-09-30": 0.2328, "2008-06-30": 0.1249, "2008-03-31": "0.03720", "2007-12-31": 0.2479, "2007-09-30": 0.2131, "2007-06-30": 0.0855, "2007-03-31": "0.02060", "2006-12-31": 0.1971, "2006-09-30": 0.1436, "2006-06-30": 0.0858, "2006-03-31": "-0.00660", "2005-12-31": 0.1131, "2005-09-30": 0.1065, "2005-06-30": 0.053, "2005-03-31": "-0.00070"}, "Free Cash Flow Per Share": {"2020-09-30": 1.5033, "2020-06-30": 1.6443, "2020-03-31": "0.70510", "2019-12-31": 1.4721, "2019-09-30": 1.1521, "2019-06-30": 0.8548, "2019-03-31": "0.28350", "2018-12-31": 1.0187, "2018-09-30": 1.3389, "2018-06-30": 0.9394, "2018-03-31": "0.49580", "2017-12-31": 1.259, "2017-09-30": 1.172, "2017-06-30": 0.7895, "2017-03-31": "0.34760", "2016-12-31": 0.8453, "2016-09-30": 0.8686, "2016-06-30": 0.4779, "2016-03-31": "0.01310", "2015-12-31": 1.0583, "2015-09-30": 1.2303, "2015-06-30": 0.6198, "2015-03-31": "0.21390", "2014-12-31": 0.4049, "2014-09-30": 0.8623, "2014-06-30": 0.6039, "2014-03-31": "0.18600", "2013-12-31": 0.6515, "2013-09-30": 0.7349, "2013-06-30": 0.5177, "2013-03-31": "0.00210", "2012-12-31": 0.3771, "2012-09-30": 0.5259, "2012-06-30": 0.4003, "2012-03-31": "0.06680", "2011-12-31": 0.2563, "2011-09-30": 0.4145, "2011-06-30": 0.2911, "2011-03-31": "-0.01630", "2010-12-31": 0.5146, "2010-09-30": 0.3063, "2010-06-30": 0.1515, "2010-03-31": "-0.03570", "2009-12-31": 0.3731, "2009-09-30": 0.288, "2009-06-30": 0.2364, "2009-03-31": "0.09160", "2008-12-31": 0.2845, "2008-09-30": 0.1312, "2008-06-30": 0.0718, "2008-03-31": "-0.05210", "2007-12-31": 0.1287, "2007-09-30": 0.1483, "2007-06-30": 0.0163, "2007-03-31": "-0.02670", "2006-12-31": 0.1412, "2006-09-30": 0.1003, "2006-06-30": 0.0455, "2006-03-31": "-0.04100", "2005-12-31": 0.075, "2005-09-30": 0.0605, "2005-06-30": 0.0297, "2005-03-31": "-0.01550"}}, "revenue": {"Cognizant Technology Solutions Annual Revenue (Millions of US $)": {"2020": "$16,652", "2019": "$16,783", "2018": "$16,125", "2017": "$14,810", "2016": "$13,487", "2015": "$12,416", "2014": "$10,263", "2013": "$8,843", "2012": "$7,346", "2011": "$6,121", "2010": "$4,592", "2009": "$3,279", "2008": "$2,816", "2007": "$2,136", "2006": "$1,424", "2005": "$886"}, "Cognizant Technology Solutions Quarterly Revenue (Millions of US $)": {"2020-12-31": "$4,184", "2020-09-30": "$4,243", "2020-06-30": "$4,000", "2020-03-31": "$4,225", "2019-12-31": "$4,284", "2019-09-30": "$4,248", "2019-06-30": "$4,141", "2019-03-31": "$4,110", "2018-12-31": "$4,129", "2018-09-30": "$4,078", "2018-06-30": "$4,006", "2018-03-31": "$3,912", "2017-12-31": "$3,828", "2017-09-30": "$3,766", "2017-06-30": "$3,670", "2017-03-31": "$3,546", "2016-12-31": "$3,462", "2016-09-30": "$3,453", "2016-06-30": "$3,370", "2016-03-31": "$3,202", "2015-12-31": "$3,233", "2015-09-30": "$3,187", "2015-06-30": "$3,085", "2015-03-31": "$2,911", "2014-12-31": "$2,743", "2014-09-30": "$2,581", "2014-06-30": "$2,517", "2014-03-31": "$2,422", "2013-12-31": "$2,355", "2013-09-30": "$2,306", "2013-06-30": "$2,161", "2013-03-31": "$2,021", "2012-12-31": "$1,948", "2012-09-30": "$1,892", "2012-06-30": "$1,795", "2012-03-31": "$1,711", "2011-12-31": "$1,664", "2011-09-30": "$1,601", "2011-06-30": "$1,485", "2011-03-31": "$1,371", "2010-12-31": "$1,311", "2010-09-30": "$1,217", "2010-06-30": "$1,105", "2010-03-31": "$960", "2009-12-31": "$903", "2009-09-30": "$853", "2009-06-30": "$777", "2009-03-31": "$746", "2008-12-31": "$753", "2008-09-30": "$735", "2008-06-30": "$685", "2008-03-31": "$643", "2007-12-31": "$600", "2007-09-30": "$559", "2007-06-30": "$517", "2007-03-31": "$460", "2006-12-31": "$424", "2006-09-30": "$378", "2006-06-30": "$337", "2006-03-31": "$285", "2005-12-31": "$257", "2005-09-30": "$236", "2005-06-30": "$212", "2005-03-31": "$182"}}, "gross-profit": {"Cognizant Technology Solutions Annual Gross Profit (Millions of US $)": {"2020": "$5,981", "2019": "$6,149", "2018": "$6,287", "2017": "$5,658", "2016": "$5,379", "2015": "$4,976", "2014": "$4,122", "2013": "$3,578", "2012": "$3,068", "2011": "$2,583", "2010": "$1,938", "2009": "$1,429", "2008": "$1,243", "2007": "$930", "2006": "$636", "2005": "$406"}, "Cognizant Technology Solutions Quarterly Gross Profit (Millions of US $)": {"2020-12-31": "$1,522", "2020-09-30": "$1,596", "2020-06-30": "$1,385", "2020-03-31": "$1,478", "2019-12-31": "$1,535", "2019-09-30": "$1,567", "2019-06-30": "$1,512", "2019-03-31": "$1,535", "2018-12-31": "$1,589", "2018-09-30": "$1,598", "2018-06-30": "$1,589", "2018-03-31": "$1,511", "2017-12-31": "$1,468", "2017-09-30": "$1,429", "2017-06-30": "$1,409", "2017-03-31": "$1,352", "2016-12-31": "$1,384", "2016-09-30": "$1,376", "2016-06-30": "$1,332", "2016-03-31": "$1,287", "2015-12-31": "$1,299", "2015-09-30": "$1,252", "2015-06-30": "$1,240", "2015-03-31": "$1,184", "2014-12-31": "$1,103", "2014-09-30": "$1,011", "2014-06-30": "$1,018", "2014-03-31": "$990", "2013-12-31": "$944", "2013-09-30": "$923", "2013-06-30": "$889", "2013-03-31": "$821", "2012-12-31": "$797", "2012-09-30": "$780", "2012-06-30": "$764", "2012-03-31": "$727", "2011-12-31": "$693", "2011-09-30": "$676", "2011-06-30": "$624", "2011-03-31": "$589", "2010-12-31": "$553", "2010-09-30": "$517", "2010-06-30": "$464", "2010-03-31": "$404", "2009-12-31": "$382", "2009-09-30": "$378", "2009-06-30": "$343", "2009-03-31": "$326", "2008-12-31": "$333", "2008-09-30": "$329", "2008-06-30": "$305", "2008-03-31": "$277", "2007-12-31": "$258", "2007-09-30": "$242", "2007-06-30": "$224", "2007-03-31": "$205", "2006-12-31": "$192", "2006-09-30": "$169", "2006-06-30": "$149", "2006-03-31": "$127", "2005-12-31": "$121", "2005-09-30": "$107", "2005-06-30": "$94", "2005-03-31": "$84"}}, "operating-income": {"Cognizant Technology Solutions Annual Operating Income (Millions of US $)": {"2020": "$2,114", "2019": "$2,453", "2018": "$2,801", "2017": "$2,481", "2016": "$2,289", "2015": "$2,142", "2014": "$1,885", "2013": "$1,678", "2012": "$1,361", "2011": "$1,136", "2010": "$862", "2009": "$618", "2008": "$517", "2007": "$382", "2006": "$259", "2005": "$178"}, "Cognizant Technology Solutions Quarterly Operating Income (Millions of US $)": {"2020-12-31": "$465", "2020-09-30": "$603", "2020-06-30": "$467", "2020-03-31": "$579", "2019-12-31": "$626", "2019-09-30": "$669", "2019-06-30": "$619", "2019-03-31": "$539", "2018-12-31": "$693", "2018-09-30": "$745", "2018-06-30": "$670", "2018-03-31": "$693", "2017-12-31": "$657", "2017-09-30": "$648", "2017-06-30": "$606", "2017-03-31": "$570", "2016-12-31": "$561", "2016-09-30": "$583", "2016-06-30": "$591", "2016-03-31": "$554", "2015-12-31": "$553", "2015-09-30": "$543", "2015-06-30": "$546", "2015-03-31": "$500", "2014-12-31": "$480", "2014-09-30": "$458", "2014-06-30": "$488", "2014-03-31": "$460", "2013-12-31": "$448", "2013-09-30": "$437", "2013-06-30": "$427", "2013-03-31": "$366", "2012-12-31": "$356", "2012-09-30": "$355", "2012-06-30": "$332", "2012-03-31": "$318", "2011-12-31": "$308", "2011-09-30": "$293", "2011-06-30": "$270", "2011-03-31": "$265", "2010-12-31": "$245", "2010-09-30": "$228", "2010-06-30": "$206", "2010-03-31": "$183", "2009-12-31": "$167", "2009-09-30": "$162", "2009-06-30": "$152", "2009-03-31": "$138", "2008-12-31": "$143", "2008-09-30": "$143", "2008-06-30": "$120", "2008-03-31": "$112", "2007-12-31": "$106", "2007-09-30": "$101", "2007-06-30": "$91", "2007-03-31": "$84", "2006-12-31": "$76", "2006-09-30": "$69", "2006-06-30": "$61", "2006-03-31": "$53", "2005-12-31": "$51", "2005-09-30": "$47", "2005-06-30": "$42", "2005-03-31": "$37"}}, "ebitda": {"Cognizant Technology Solutions Annual EBITDA (Millions of US $)": {"2019": "$2,979", "2018": "$3,299", "2017": "$2,924", "2016": "$2,668", "2015": "$2,472", "2014": "$2,093", "2013": "$1,858", "2012": "$1,518", "2011": "$1,261", "2010": "$972", "2009": "$708", "2008": "$591", "2007": "$435", "2006": "$293", "2005": "$199"}, "Cognizant Technology Solutions Quarterly EBITDA (Millions of US $)": {"2020-09-30": "$741", "2020-06-30": "$604", "2020-03-31": "$715", "2019-12-31": "$759", "2019-09-30": "$796", "2019-06-30": "$752", "2019-03-31": "$672", "2018-12-31": "$824", "2018-09-30": "$872", "2018-06-30": "$793", "2018-03-31": "$810", "2017-12-31": "$779", "2017-09-30": "$762", "2017-06-30": "$709", "2017-03-31": "$674", "2016-12-31": "$662", "2016-09-30": "$680", "2016-06-30": "$684", "2016-03-31": "$642", "2015-12-31": "$641", "2015-09-30": "$625", "2015-06-30": "$630", "2015-03-31": "$576", "2014-12-31": "$542", "2014-09-30": "$507", "2014-06-30": "$537", "2014-03-31": "$507", "2013-12-31": "$496", "2013-09-30": "$482", "2013-06-30": "$471", "2013-03-31": "$410", "2012-12-31": "$397", "2012-09-30": "$397", "2012-06-30": "$369", "2012-03-31": "$355", "2011-12-31": "$342", "2011-09-30": "$325", "2011-06-30": "$299", "2011-03-31": "$294", "2010-12-31": "$274", "2010-09-30": "$256", "2010-06-30": "$231", "2010-03-31": "$210", "2009-12-31": "$191", "2009-09-30": "$184", "2009-06-30": "$173", "2009-03-31": "$159", "2008-12-31": "$164", "2008-09-30": "$162", "2008-06-30": "$137", "2008-03-31": "$128", "2007-12-31": "$121", "2007-09-30": "$115", "2007-06-30": "$104", "2007-03-31": "$96", "2006-12-31": "$87", "2006-09-30": "$78", "2006-06-30": "$68", "2006-03-31": "$60", "2005-12-31": "$56", "2005-09-30": "$53", "2005-06-30": "$48", "2005-03-31": "$42"}}, "net-income": {"Cognizant Technology Solutions Annual Net Income (Millions of US $)": {"2020": "$1,392", "2019": "$1,842", "2018": "$2,101", "2017": "$1,504", "2016": "$1,553", "2015": "$1,624", "2014": "$1,439", "2013": "$1,229", "2012": "$1,051", "2011": "$884", "2010": "$734", "2009": "$535", "2008": "$431", "2007": "$350", "2006": "$233", "2005": "$166"}, "Cognizant Technology Solutions Quarterly Net Income (Millions of US $)": {"2020-12-31": "$316", "2020-09-30": "$348", "2020-06-30": "$361", "2020-03-31": "$367", "2019-12-31": "$395", "2019-09-30": "$497", "2019-06-30": "$509", "2019-03-31": "$441", "2018-12-31": "$648", "2018-09-30": "$477", "2018-06-30": "$456", "2018-03-31": "$520", "2017-12-31": "$-18", "2017-09-30": "$495", "2017-06-30": "$470", "2017-03-31": "$557", "2016-12-31": "$416", "2016-09-30": "$444", "2016-06-30": "$252", "2016-03-31": "$441", "2015-12-31": "$424", "2015-09-30": "$397", "2015-06-30": "$420", "2015-03-31": "$383", "2014-12-31": "$363", "2014-09-30": "$356", "2014-06-30": "$372", "2014-03-31": "$349", "2013-12-31": "$324", "2013-09-30": "$320", "2013-06-30": "$300", "2013-03-31": "$284", "2012-12-31": "$279", "2012-09-30": "$277", "2012-06-30": "$252", "2012-03-31": "$244", "2011-12-31": "$240", "2011-09-30": "$227", "2011-06-30": "$208", "2011-03-31": "$208", "2010-12-31": "$206", "2010-09-30": "$204", "2010-06-30": "$172", "2010-03-31": "$152", "2009-12-31": "$144", "2009-09-30": "$137", "2009-06-30": "$141", "2009-03-31": "$113", "2008-12-31": "$112", "2008-09-30": "$113", "2008-06-30": "$104", "2008-03-31": "$102", "2007-12-31": "$96", "2007-09-30": "$96", "2007-06-30": "$82", "2007-03-31": "$75", "2006-12-31": "$70", "2006-09-30": "$61", "2006-06-30": "$55", "2006-03-31": "$47", "2005-12-31": "$58", "2005-09-30": "$41", "2005-06-30": "$36", "2005-03-31": "$32"}}, "eps-earnings-per-share-diluted": {"Cognizant Technology Solutions Annual EPS": {"2020": "$2.57", "2019": "$3.29", "2018": "$3.60", "2017": "$2.53", "2016": "$2.55", "2015": "$2.65", "2014": "$2.35", "2013": "$2.02", "2012": "$1.72", "2011": "$1.43", "2010": "$1.19", "2009": "$0.89", "2008": "$0.72", "2007": "$0.58", "2006": "$0.39", "2005": "$0.29"}, "Cognizant Technology Solutions Quarterly EPS": {"2020-12-31": "$0.59", "2020-09-30": "$0.64", "2020-06-30": "$0.67", "2020-03-31": "$0.67", "2019-12-31": "$0.72", "2019-09-30": "$0.90", "2019-06-30": "$0.90", "2019-03-31": "$0.77", "2018-12-31": "$1.12", "2018-09-30": "$0.82", "2018-06-30": "$0.78", "2018-03-31": "$0.88", "2017-12-31": "$-0.03", "2017-09-30": "$0.84", "2017-06-30": "$0.80", "2017-03-31": "$0.92", "2016-12-31": "$0.69", "2016-09-30": "$0.73", "2016-06-30": "$0.41", "2016-03-31": "$0.72", "2015-12-31": "$0.70", "2015-09-30": "$0.65", "2015-06-30": "$0.68", "2015-03-31": "$0.62", "2014-12-31": "$0.59", "2014-09-30": "$0.58", "2014-06-30": "$0.61", "2014-03-31": "$0.57", "2013-12-31": "$0.53", "2013-09-30": "$0.53", "2013-06-30": "$0.49", "2013-03-31": "$0.47", "2012-12-31": "$0.46", "2012-09-30": "$0.46", "2012-06-30": "$0.41", "2012-03-31": "$0.40", "2011-12-31": "$0.39", "2011-09-30": "$0.37", "2011-06-30": "$0.34", "2011-03-31": "$0.34", "2010-12-31": "$0.33", "2010-09-30": "$0.33", "2010-06-30": "$0.28", "2010-03-31": "$0.25", "2009-12-31": "$0.24", "2009-09-30": "$0.23", "2009-06-30": "$0.24", "2009-03-31": "$0.19", "2008-12-31": "$0.19", "2008-09-30": "$0.19", "2008-06-30": "$0.18", "2008-03-31": "$0.17", "2007-12-31": "$0.16", "2007-09-30": "$0.16", "2007-06-30": "$0.14", "2007-03-31": "$0.13", "2006-12-31": "$0.11", "2006-09-30": "$0.10", "2006-06-30": "$0.09", "2006-03-31": "$0.08", "2005-12-31": "$0.10", "2005-09-30": "$0.07", "2005-06-30": "$0.06", "2005-03-31": "$0.06"}}, "shares-outstanding": {"Cognizant Technology Solutions Annual Shares Outstanding (Millions of Shares)": {"2020": "541", "2019": "560", "2018": "584", "2017": "595", "2016": "610", "2015": "613", "2014": "613", "2013": "610", "2012": "612", "2011": "621", "2010": "618", "2009": "602", "2008": "598", "2007": "607", "2006": "602", "2005": "588"}, "Cognizant Technology Solutions Quarterly Shares Outstanding (Millions of Shares)": {"2020-12-31": "534", "2020-09-30": "543", "2020-06-30": "541", "2020-03-31": "546", "2019-12-31": "560", "2019-09-30": "551", "2019-06-30": "564", "2019-03-31": "575", "2018-12-31": "584", "2018-09-30": "580", "2018-06-30": "586", "2018-03-31": "589", "2017-12-31": "595", "2017-09-30": "592", "2017-06-30": "591", "2017-03-31": "607", "2016-12-31": "610", "2016-09-30": "609", "2016-06-30": "609", "2016-03-31": "612", "2015-12-31": "613", "2015-09-30": "613", "2015-06-30": "614", "2015-03-31": "614", "2014-12-31": "613", "2014-09-30": "612", "2014-06-30": "612", "2014-03-31": "613", "2013-12-31": "610", "2013-09-30": "609", "2013-06-30": "609", "2013-03-31": "610", "2012-12-31": "612", "2012-09-30": "606", "2012-06-30": "615", "2012-03-31": "618", "2011-12-31": "621", "2011-09-30": "619", "2011-06-30": "623", "2011-03-31": "624", "2010-12-31": "618", "2010-09-30": "619", "2010-06-30": "617", "2010-03-31": "613", "2009-12-31": "602", "2009-09-30": "605", "2009-06-30": "599", "2009-03-31": "596", "2008-12-31": "598", "2008-09-30": "600", "2008-06-30": "599", "2008-03-31": "598", "2007-12-31": "607", "2007-09-30": "609", "2007-06-30": "608", "2007-03-31": "607", "2006-12-31": "602", "2006-09-30": "603", "2006-06-30": "602", "2006-03-31": "597", "2005-12-31": "588", "2005-09-30": "589", "2005-06-30": "586", "2005-03-31": "583"}}, "total-assets": {"Cognizant Technology Solutions Annual Total Assets (Millions of US $)": {"2019": "$16,204", "2018": "$15,846", "2017": "$15,221", "2016": "$14,262", "2015": "$13,061", "2014": "$11,479", "2013": "$8,135", "2012": "$6,522", "2011": "$5,508", "2010": "$4,583", "2009": "$3,338", "2008": "$2,375", "2007": "$1,838", "2006": "$1,326", "2005": "$870"}, "Cognizant Technology Solutions Quarterly Total Assets (Millions of US $)": {"2020-09-30": "$18,787", "2020-06-30": "$18,216", "2020-03-31": "$17,429", "2019-12-31": "$16,204", "2019-09-30": "$15,844", "2019-06-30": "$15,517", "2019-03-31": "$16,096", "2018-12-31": "$15,846", "2018-09-30": "$15,274", "2018-06-30": "$14,806", "2018-03-31": "$15,045", "2017-12-31": "$15,221", "2017-09-30": "$14,580", "2017-06-30": "$13,938", "2017-03-31": "$13,629", "2016-12-31": "$14,262", "2016-09-30": "$13,717", "2016-06-30": "$13,140", "2016-03-31": "$12,736", "2015-12-31": "$13,061", "2015-09-30": "$12,268", "2015-06-30": "$11,798", "2015-03-31": "$11,383", "2014-12-31": "$11,479", "2014-09-30": "$9,227", "2014-06-30": "$8,687", "2014-03-31": "$8,279", "2013-12-31": "$8,135", "2013-09-30": "$7,617", "2013-06-30": "$7,012", "2013-03-31": "$6,709", "2012-12-31": "$6,522", "2012-09-30": "$6,107", "2012-06-30": "$5,654", "2012-03-31": "$5,668", "2011-12-31": "$5,508", "2011-09-30": "$5,104", "2011-06-30": "$4,917", "2011-03-31": "$4,638", "2010-12-31": "$4,583", "2010-09-30": "$4,246", "2010-06-30": "$3,764", "2010-03-31": "$3,510", "2009-12-31": "$3,338", "2009-09-30": "$2,976", "2009-06-30": "$2,673", "2009-03-31": "$2,429", "2008-12-31": "$2,375", "2008-09-30": "$2,212", "2008-06-30": "$2,110", "2008-03-31": "$1,942", "2007-12-31": "$1,838", "2007-09-30": "$1,739", "2007-06-30": "$1,584", "2007-03-31": "$1,445", "2006-12-31": "$1,326", "2006-09-30": "$1,183", "2006-06-30": "$1,046", "2006-03-31": "$934", "2005-12-31": "$870", "2005-09-30": "$772", "2005-06-30": "$683", "2005-03-31": "$605"}}, "cash-on-hand": {"Cognizant Technology Solutions Annual Cash on Hand (Millions of US $)": {"2019": "$3,424", "2018": "$4,511", "2017": "$5,056", "2016": "$5,169", "2015": "$4,949", "2014": "$3,775", "2013": "$3,747", "2012": "$2,864", "2011": "$2,432", "2010": "$2,226", "2009": "$1,399", "2008": "$763", "2007": "$670", "2006": "$648", "2005": "$424"}, "Cognizant Technology Solutions Quarterly Cash on Hand (Millions of US $)": {"2020-09-30": "$4,575", "2020-06-30": "$4,582", "2020-03-31": "$4,282", "2019-12-31": "$3,424", "2019-09-30": "$3,077", "2019-06-30": "$3,003", "2019-03-31": "$3,668", "2018-12-31": "$4,511", "2018-09-30": "$4,763", "2018-06-30": "$4,247", "2018-03-31": "$4,989", "2017-12-31": "$5,056", "2017-09-30": "$4,713", "2017-06-30": "$4,378", "2017-03-31": "$4,274", "2016-12-31": "$5,169", "2016-09-30": "$4,859", "2016-06-30": "$4,481", "2016-03-31": "$4,452", "2015-12-31": "$4,949", "2015-09-30": "$4,051", "2015-06-30": "$3,567", "2015-03-31": "$3,350", "2014-12-31": "$3,775", "2014-09-30": "$4,618", "2014-06-30": "$4,129", "2014-03-31": "$3,865", "2013-12-31": "$3,747", "2013-09-30": "$3,361", "2013-06-30": "$2,901", "2013-03-31": "$2,744", "2012-12-31": "$2,864", "2012-09-30": "$2,632", "2012-06-30": "$2,346", "2012-03-31": "$2,491", "2011-12-31": "$2,432", "2011-09-30": "$2,291", "2011-06-30": "$2,269", "2011-03-31": "$2,168", "2010-12-31": "$2,226", "2010-09-30": "$1,929", "2010-06-30": "$1,652", "2010-03-31": "$1,434", "2009-12-31": "$1,399", "2009-09-30": "$1,183", "2009-06-30": "$983", "2009-03-31": "$809", "2008-12-31": "$763", "2008-09-30": "$595", "2008-06-30": "$551", "2008-03-31": "$475", "2007-12-31": "$670", "2007-09-30": "$809", "2007-06-30": "$710", "2007-03-31": "$673", "2006-12-31": "$648", "2006-09-30": "$536", "2006-06-30": "$468", "2006-03-31": "$423", "2005-12-31": "$424", "2005-09-30": "$368", "2005-06-30": "$327", "2005-03-31": "$314"}}, "long-term-debt": {"Cognizant Technology Solutions Annual Long Term Debt (Millions of US $)": {"2019": "$700", "2018": "$736", "2017": "$698", "2016": "$797", "2015": "$877", "2014": "$938", "2013": "$", "2012": "$", "2011": "$", "2010": "$", "2009": "$", "2008": "$", "2007": "$", "2006": "$", "2005": "$"}, "Cognizant Technology Solutions Quarterly Long Term Debt (Millions of US $)": {"2020-09-30": "$2,412", "2020-06-30": "$2,421", "2020-03-31": "$2,430", "2019-12-31": "$700", "2019-09-30": "$709", "2019-06-30": "$718", "2019-03-31": "$727", "2018-12-31": "$736", "2018-09-30": "$624", "2018-06-30": "$649", "2018-03-31": "$673", "2017-12-31": "$698", "2017-09-30": "$723", "2017-06-30": "$747", "2017-03-31": "$772", "2016-12-31": "$797", "2016-09-30": "$822", "2016-06-30": "$840", "2016-03-31": "$858", "2015-12-31": "$877", "2015-09-30": "$900", "2015-06-30": "$913", "2015-03-31": "$925", "2014-12-31": "$938", "2014-09-30": "", "2014-06-30": "", "2014-03-31": "", "2013-12-31": "", "2013-09-30": "", "2013-06-30": "", "2013-03-31": "", "2012-12-31": "", "2012-09-30": "", "2012-06-30": "", "2012-03-31": "", "2011-12-31": "", "2011-09-30": "", "2011-06-30": "", "2011-03-31": "", "2010-12-31": "", "2010-09-30": "", "2010-06-30": "", "2010-03-31": "", "2009-12-31": "", "2009-09-30": "", "2009-06-30": "", "2009-03-31": "", "2008-12-31": "", "2008-09-30": "", "2008-06-30": "", "2008-03-31": "", "2007-12-31": "", "2007-09-30": "", "2007-06-30": "", "2007-03-31": "", "2006-12-31": "", "2006-09-30": "", "2006-06-30": "", "2006-03-31": "", "2005-12-31": "", "2005-09-30": "", "2005-06-30": "", "2005-03-31": ""}}, "total-liabilities": {"Cognizant Technology Solutions Annual Total Liabilities (Millions of US $)": {"2019": "$5,182", "2018": "$4,422", "2017": "$4,552", "2016": "$3,534", "2015": "$3,783", "2014": "$3,739", "2013": "$1,999", "2012": "$1,667", "2011": "$1,555", "2010": "$999", "2009": "$685", "2008": "$409", "2007": "$370", "2006": "$252", "2005": "$156"}, "Cognizant Technology Solutions Quarterly Total Liabilities (Millions of US $)": {"2020-09-30": "$7,647", "2020-06-30": "$7,244", "2020-03-31": "$6,816", "2019-12-31": "$5,182", "2019-09-30": "$5,142", "2019-06-30": "$4,960", "2019-03-31": "$4,960", "2018-12-31": "$4,422", "2018-09-30": "$4,296", "2018-06-30": "$4,158", "2018-03-31": "$4,057", "2017-12-31": "$4,552", "2017-09-30": "$3,601", "2017-06-30": "$3,455", "2017-03-31": "$3,646", "2016-12-31": "$3,534", "2016-09-30": "$3,424", "2016-06-30": "$3,277", "2016-03-31": "$3,124", "2015-12-31": "$3,783", "2015-09-30": "$3,441", "2015-06-30": "$3,257", "2015-03-31": "$3,205", "2014-12-31": "$3,739", "2014-09-30": "$1,845", "2014-06-30": "$1,696", "2014-03-31": "$1,656", "2013-12-31": "$1,999", "2013-09-30": "$1,969", "2013-06-30": "$1,689", "2013-03-31": "$1,493", "2012-12-31": "$1,667", "2012-09-30": "$1,535", "2012-06-30": "$1,562", "2012-03-31": "$1,301", "2011-12-31": "$1,555", "2011-09-30": "$1,165", "2011-06-30": "$965", "2011-03-31": "$874", "2010-12-31": "$999", "2010-09-30": "$879", "2010-06-30": "$723", "2010-03-31": "$623", "2009-12-31": "$685", "2009-09-30": "$540", "2009-06-30": "$406", "2009-03-31": "$356", "2008-12-31": "$409", "2008-09-30": "$369", "2008-06-30": "$355", "2008-03-31": "$341", "2007-12-31": "$370", "2007-09-30": "$296", "2007-06-30": "$267", "2007-03-31": "$247", "2006-12-31": "$252", "2006-09-30": "$216", "2006-06-30": "$172", "2006-03-31": "$141", "2005-12-31": "$156", "2005-09-30": "$130", "2005-06-30": "$118", "2005-03-31": "$98"}}, "total-share-holder-equity": {"Cognizant Technology Solutions Annual Share Holder Equity (Millions of US $)": {"2019": "$11,022", "2018": "$11,424", "2017": "$10,669", "2016": "$10,728", "2015": "$9,278", "2014": "$7,740", "2013": "$6,136", "2012": "$4,854", "2011": "$3,953", "2010": "$3,584", "2009": "$2,653", "2008": "$1,966", "2007": "$1,468", "2006": "$1,073", "2005": "$714"}, "Cognizant Technology Solutions Quarterly Share Holder Equity (Millions of US $)": {"2020-09-30": "$11,140", "2020-06-30": "$10,972", "2020-03-31": "$10,613", "2019-12-31": "$11,022", "2019-09-30": "$10,702", "2019-06-30": "$10,557", "2019-03-31": "$11,136", "2018-12-31": "$11,424", "2018-09-30": "$10,978", "2018-06-30": "$10,648", "2018-03-31": "$10,988", "2017-12-31": "$10,669", "2017-09-30": "$10,979", "2017-06-30": "$10,483", "2017-03-31": "$9,983", "2016-12-31": "$10,728", "2016-09-30": "$10,292", "2016-06-30": "$9,863", "2016-03-31": "$9,612", "2015-12-31": "$9,278", "2015-09-30": "$8,827", "2015-06-30": "$8,541", "2015-03-31": "$8,179", "2014-12-31": "$7,740", "2014-09-30": "$7,382", "2014-06-30": "$6,991", "2014-03-31": "$6,623", "2013-12-31": "$6,136", "2013-09-30": "$5,648", "2013-06-30": "$5,324", "2013-03-31": "$5,216", "2012-12-31": "$4,854", "2012-09-30": "$4,572", "2012-06-30": "$4,092", "2012-03-31": "$4,367", "2011-12-31": "$3,953", "2011-09-30": "$3,940", "2011-06-30": "$3,952", "2011-03-31": "$3,764", "2010-12-31": "$3,584", "2010-09-30": "$3,367", "2010-06-30": "$3,041", "2010-03-31": "$2,886", "2009-12-31": "$2,653", "2009-09-30": "$2,436", "2009-06-30": "$2,268", "2009-03-31": "$2,073", "2008-12-31": "$1,966", "2008-09-30": "$1,843", "2008-06-30": "$1,754", "2008-03-31": "$1,601", "2007-12-31": "$1,468", "2007-09-30": "$1,444", "2007-06-30": "$1,317", "2007-03-31": "$1,197", "2006-12-31": "$1,073", "2006-09-30": "$967", "2006-06-30": "$874", "2006-03-31": "$793", "2005-12-31": "$714", "2005-09-30": "$642", "2005-06-30": "$565", "2005-03-31": "$507"}}, "profit-margins": {"current": "8.36%"}, "gross margin": {"2020-12-31": "35.92%", "2020-09-30": "35.78%", "2020-06-30": "35.60%", "2020-03-31": "36.05%", "2019-12-31": "36.64%", "2019-09-30": "37.30%", "2019-06-30": "37.88%", "2019-03-31": "38.66%", "2018-12-31": "38.99%", "2018-09-30": "38.97%", "2018-06-30": "38.66%", "2018-03-31": "38.33%", "2017-12-31": "38.20%", "2017-09-30": "38.59%", "2017-06-30": "39.07%", "2017-03-31": "39.36%", "2016-12-31": "39.88%", "2016-09-30": "39.93%", "2016-06-30": "39.79%", "2016-03-31": "39.96%", "2015-12-31": "40.07%", "2015-09-30": "40.07%", "2015-06-30": "40.09%", "2015-03-31": "40.14%", "2014-12-31": "40.16%", "2014-09-30": "40.13%", "2014-06-30": "40.36%", "2014-03-31": "40.52%", "2013-12-31": "40.45%", "2013-09-30": "40.66%", "2013-06-30": "40.97%", "2013-03-31": "41.30%", "2012-12-31": "41.76%", "2012-09-30": "41.97%", "2012-06-30": "42.24%", "2012-03-31": "42.10%", "2011-12-31": "42.18%", "2011-09-30": "42.34%", "2011-06-30": "42.40%", "2011-03-31": "42.43%", "2010-12-31": "42.19%", "2010-09-30": "42.22%", "2010-06-30": "42.61%", "2010-03-31": "43.14%", "2009-12-31": "43.58%", "2009-09-30": "44.10%", "2009-06-30": "44.20%", "2009-03-31": "44.30%", "2008-12-31": "44.18%", "2008-09-30": "43.90%", "2008-06-30": "43.51%", "2008-03-31": "43.17%", "2007-12-31": "43.49%", "2007-09-30": "44.03%", "2007-06-30": "44.41%", "2007-03-31": "44.72%", "2006-12-31": "44.73%", "2006-09-30": "45.03%", "2006-06-30": "45.20%", "2006-03-31": "45.35%", "2005-12-31": "45.77%"}, "operating margin": {"2020-12-31": "12.70%", "2020-09-30": "13.58%", "2020-06-30": "13.97%", "2020-03-31": "14.75%", "2019-12-31": "14.62%", "2019-09-30": "15.16%", "2019-06-30": "15.77%", "2019-03-31": "16.22%", "2018-12-31": "17.37%", "2018-09-30": "17.47%", "2018-06-30": "17.20%", "2018-03-31": "17.16%", "2017-12-31": "16.75%", "2017-09-30": "16.51%", "2017-06-30": "16.42%", "2017-03-31": "16.67%", "2016-12-31": "16.97%", "2016-09-30": "17.20%", "2016-06-30": "17.25%", "2016-03-31": "17.28%", "2015-12-31": "17.25%", "2015-09-30": "17.35%", "2015-06-30": "17.53%", "2015-03-31": "17.91%", "2014-12-31": "18.38%", "2014-09-30": "18.77%", "2014-06-30": "19.09%", "2014-03-31": "19.17%", "2013-12-31": "18.98%", "2013-09-30": "18.80%", "2013-06-30": "18.75%", "2013-03-31": "18.40%", "2012-12-31": "18.53%", "2012-09-30": "18.59%", "2012-06-30": "18.48%", "2012-03-31": "18.40%", "2011-12-31": "18.56%", "2011-09-30": "18.60%", "2011-06-30": "18.72%", "2011-03-31": "18.86%", "2010-12-31": "18.77%", "2010-09-30": "18.73%", "2010-06-30": "18.79%", "2010-03-31": "19.01%", "2009-12-31": "18.88%", "2009-09-30": "19.02%", "2009-06-30": "19.13%", "2009-03-31": "18.64%", "2008-12-31": "18.39%", "2008-09-30": "18.06%", "2008-06-30": "17.65%", "2008-03-31": "17.68%", "2007-12-31": "17.88%", "2007-09-30": "17.96%", "2007-06-30": "17.99%", "2007-03-31": "18.14%", "2006-12-31": "18.19%", "2006-09-30": "18.62%", "2006-06-30": "19.01%", "2006-03-31": "19.49%", "2005-12-31": "19.95%"}, "ebitda margin": {"2020-09-30": "16.83%", "2020-06-30": "17.15%", "2020-03-31": "17.88%", "2019-12-31": "17.75%", "2019-09-30": "18.31%", "2019-06-30": "18.96%", "2019-03-31": "19.37%", "2018-12-31": "20.46%", "2018-09-30": "20.56%", "2018-06-30": "20.27%", "2018-03-31": "20.16%", "2017-12-31": "19.74%", "2017-09-30": "19.43%", "2017-06-30": "19.28%", "2017-03-31": "19.52%", "2016-12-31": "19.78%", "2016-09-30": "19.97%", "2016-06-30": "19.95%", "2016-03-31": "19.97%", "2015-12-31": "19.91%", "2015-09-30": "19.90%", "2015-06-30": "19.92%", "2015-03-31": "20.11%", "2014-12-31": "20.39%", "2014-09-30": "20.73%", "2014-06-30": "21.06%", "2014-03-31": "21.16%", "2013-12-31": "21.02%", "2013-09-30": "20.86%", "2013-06-30": "20.88%", "2013-03-31": "20.55%", "2012-12-31": "20.66%", "2012-09-30": "20.72%", "2012-06-30": "20.54%", "2012-03-31": "20.45%", "2011-12-31": "20.58%", "2011-09-30": "20.67%", "2011-06-30": "20.86%", "2011-03-31": "21.08%", "2010-12-31": "21.14%", "2010-09-30": "21.22%", "2010-06-30": "21.36%", "2010-03-31": "21.70%", "2009-12-31": "21.56%", "2009-09-30": "21.73%", "2009-06-30": "21.85%", "2009-03-31": "21.31%", "2008-12-31": "20.99%", "2008-09-30": "20.58%", "2008-06-30": "20.14%", "2008-03-31": "20.18%", "2007-12-31": "20.41%", "2007-09-30": "20.51%", "2007-06-30": "20.52%", "2007-03-31": "20.58%", "2006-12-31": "20.58%", "2006-09-30": "20.84%", "2006-06-30": "21.26%", "2006-03-31": "21.92%", "2005-12-31": "22.44%"}, "pre tax profit margin": {"2020-12-31": "12.59%", "2020-09-30": "13.46%", "2020-06-30": "13.66%", "2020-03-31": "14.62%", "2019-12-31": "15.15%", "2019-09-30": "16.43%", "2019-06-30": "16.62%", "2019-03-31": "16.44%", "2018-12-31": "17.35%", "2018-09-30": "17.03%", "2018-06-30": "17.35%", "2018-03-31": "17.81%", "2017-12-31": "17.93%", "2017-09-30": "17.32%", "2017-06-30": "17.39%", "2017-03-31": "17.48%", "2016-12-31": "17.48%", "2016-09-30": "17.79%", "2016-06-30": "17.62%", "2016-03-31": "17.65%", "2015-12-31": "17.44%", "2015-09-30": "17.51%", "2015-06-30": "17.75%", "2015-03-31": "18.25%", "2014-12-31": "18.75%", "2014-09-30": "19.14%", "2014-06-30": "19.43%", "2014-03-31": "19.29%", "2013-12-31": "19.08%", "2013-09-30": "18.99%", "2013-06-30": "19.04%", "2013-03-31": "18.83%", "2012-12-31": "18.88%", "2012-09-30": "19.03%", "2012-06-30": "18.73%", "2012-03-31": "18.74%", "2011-12-31": "19.11%", "2011-09-30": "19.00%", "2011-06-30": "19.52%", "2011-03-31": "19.60%", "2010-12-31": "19.14%", "2010-09-30": "19.09%", "2010-06-30": "18.84%", "2010-03-31": "19.50%", "2009-12-31": "19.43%", "2009-09-30": "19.30%", "2009-06-30": "19.03%", "2009-03-31": "18.09%", "2008-12-31": "18.29%", "2008-09-30": "18.55%", "2008-06-30": "19.02%", "2008-03-31": "19.28%", "2007-12-31": "19.43%", "2007-09-30": "19.49%", "2007-06-30": "19.28%", "2007-03-31": "19.45%", "2006-12-31": "19.52%", "2006-09-30": "19.81%", "2006-06-30": "20.18%", "2006-03-31": "20.51%", "2005-12-31": "20.86%"}, "net profit margin": {"2020-12-31": "8.36%", "2020-09-30": "8.78%", "2020-06-30": "9.67%", "2020-03-31": "10.46%", "2019-12-31": "10.98%", "2019-09-30": "12.60%", "2019-06-30": "12.61%", "2019-03-31": "12.39%", "2018-12-31": "13.03%", "2018-09-30": "9.07%", "2018-06-30": "9.37%", "2018-03-31": "9.67%", "2017-12-31": "10.16%", "2017-09-30": "13.42%", "2017-06-30": "13.35%", "2017-03-31": "12.07%", "2016-12-31": "11.51%", "2016-09-30": "11.77%", "2016-06-30": "11.65%", "2016-03-31": "13.24%", "2015-12-31": "13.08%", "2015-09-30": "13.11%", "2015-06-30": "13.45%", "2015-03-31": "13.71%", "2014-12-31": "14.03%", "2014-09-30": "14.19%", "2014-06-30": "14.22%", "2014-03-31": "13.99%", "2013-12-31": "13.89%", "2013-09-30": "14.02%", "2013-06-30": "14.21%", "2013-03-31": "14.26%", "2012-12-31": "14.32%", "2012-09-30": "14.34%", "2012-06-30": "14.22%", "2012-03-31": "14.22%", "2011-12-31": "14.43%", "2011-09-30": "14.72%", "2011-06-30": "15.34%", "2011-03-31": "15.79%", "2010-12-31": "15.98%", "2010-09-30": "16.06%", "2010-06-30": "15.83%", "2010-03-31": "16.43%", "2009-12-31": "16.32%", "2009-09-30": "16.08%", "2009-06-30": "15.91%", "2009-03-31": "15.14%", "2008-12-31": "15.31%", "2008-09-30": "15.58%", "2008-06-30": "16.00%", "2008-03-31": "16.21%", "2007-12-31": "16.34%", "2007-09-30": "16.48%", "2007-06-30": "16.19%", "2007-03-31": "16.32%", "2006-12-31": "16.36%", "2006-09-30": "17.58%", "2006-06-30": "18.03%", "2006-03-31": "18.38%", "2005-12-31": "18.83%"}, "pe ratio": {"current": "22.27", "2021-02-11": "38.87", "2020-12-31": "41.39", "2020-09-30": "25.64", "2020-06-30": "19.08", "2020-03-31": "14.41", "2019-12-31": "18.59", "2019-09-30": "16.06", "2019-06-30": "17.21", "2019-03-31": "20.28", "2018-12-31": "17.18", "2018-09-30": "30.59", "2018-06-30": "30.98", "2018-03-31": "31.24", "2017-12-31": "27.06", "2017-09-30": "21.54", "2017-06-30": "20.36", "2017-03-31": "20.80", "2016-12-31": "21.13", "2016-09-30": "17.92", "2016-06-30": "22.19", "2016-03-31": "21.91", "2015-12-31": "21.77", "2015-09-30": "23.59", "2015-06-30": "23.69", "2015-03-31": "24.90", "2014-12-31": "21.46", "2014-09-30": "18.72", "2014-06-30": "20.96", "2014-03-31": "22.86", "2013-12-31": "24.00", "2013-09-30": "20.22", "2013-06-30": "16.00", "2013-03-31": "20.50", "2012-12-31": "20.57", "2012-09-30": "20.28", "2012-06-30": "18.42", "2012-03-31": "24.81", "2011-12-31": "21.61", "2011-09-30": "21.99", "2011-06-30": "26.40", "2011-03-31": "30.57", "2010-12-31": "29.61", "2010-09-30": "28.32", "2010-06-30": "24.34", "2010-03-31": "25.97", "2009-12-31": "24.53", "2009-09-30": "22.04", "2009-06-30": "15.88", "2009-03-31": "13.36", "2008-12-31": "11.93", "2008-09-30": "15.73", "2008-06-30": "23.41", "2008-03-31": "22.09", "2007-12-31": "28.02", "2007-09-30": "35.71", "2007-06-30": "37.80", "2007-03-31": "48.86", "2006-12-31": "47.67"}, "price sales": {"2021-02-11": "2.50", "2020-12-31": "2.66", "2020-09-30": "2.26", "2020-06-30": "1.85", "2020-03-31": "1.51", "2019-12-31": "2.05", "2019-09-30": "2.02", "2019-06-30": "2.17", "2019-03-31": "2.52", "2018-12-31": "2.24", "2018-09-30": "2.78", "2018-06-30": "2.91", "2018-03-31": "3.03", "2017-12-31": "2.76", "2017-09-30": "2.90", "2017-06-30": "2.72", "2017-03-31": "2.51", "2016-12-31": "2.43", "2016-09-30": "2.10", "2016-06-30": "2.58", "2016-03-31": "2.90", "2015-12-31": "2.84", "2015-09-30": "3.08", "2015-06-30": "3.17", "2015-03-31": "3.41", "2014-12-31": "3.01", "2014-09-30": "2.66", "2014-06-30": "2.98", "2014-03-31": "3.20", "2013-12-31": "3.33", "2013-09-30": "2.84", "2013-06-30": "2.28", "2013-03-31": "2.93", "2012-12-31": "2.95", "2012-09-30": "2.91", "2012-06-30": "2.62", "2012-03-31": "3.54", "2011-12-31": "3.13", "2011-09-30": "3.23", "2011-06-30": "4.05", "2011-03-31": "4.83", "2010-12-31": "4.72", "2010-09-30": "4.53", "2010-06-30": "3.83", "2010-03-31": "4.23", "2009-12-31": "3.98", "2009-09-30": "3.55", "2009-06-30": "2.54", "2009-03-31": "2.04", "2008-12-31": "1.84", "2008-09-30": "2.47", "2008-06-30": "3.77", "2008-03-31": "3.60", "2007-12-31": "4.63", "2007-09-30": "5.91", "2007-06-30": "6.11", "2007-03-31": "7.98", "2006-12-31": "7.80"}, "price book": {"current": "3.81", "2021-02-11": "3.72", "2020-09-30": "3.35", "2020-06-30": "2.79", "2020-03-31": "2.34", "2019-12-31": "3.04", "2019-09-30": "3.05", "2019-06-30": "3.25", "2019-03-31": "3.62", "2018-12-31": "3.12", "2018-09-30": "3.96", "2018-06-30": "4.17", "2018-03-31": "4.15", "2017-12-31": "3.77", "2017-09-30": "3.75", "2017-06-30": "3.59", "2017-03-31": "3.36", "2016-12-31": "3.04", "2016-09-30": "2.69", "2016-06-30": "3.38", "2016-03-31": "3.79", "2015-12-31": "3.77", "2015-09-30": "4.13", "2015-06-30": "4.18", "2015-03-31": "4.46", "2014-12-31": "3.97", "2014-09-30": "3.54", "2014-06-30": "4.07", "2014-03-31": "4.45", "2013-12-31": "4.79", "2013-09-30": "4.21", "2013-06-30": "3.40", "2013-03-31": "4.26", "2012-12-31": "4.40", "2012-09-30": "4.39", "2012-06-30": "4.20", "2012-03-31": "5.14", "2011-12-31": "4.72", "2011-09-30": "4.60", "2011-06-30": "5.40", "2011-03-31": "6.30", "2010-12-31": "5.95", "2010-09-30": "5.56", "2010-06-30": "4.74", "2010-03-31": "5.06", "2009-12-31": "4.86", "2009-09-30": "4.48", "2009-06-30": "3.31", "2009-03-31": "2.80", "2008-12-31": "2.57", "2008-09-30": "3.45", "2008-06-30": "5.17", "2008-03-31": "4.98", "2007-12-31": "6.38", "2007-09-30": "7.68", "2007-06-30": "7.88", "2007-03-31": "10.15", "2006-12-31": "9.81", "2006-09-30": "10.40", "2006-06-30": "10.40", "2006-03-31": "10.08"}, "price fcf": {"2021-02-11": "", "2020-09-30": "$5.32", "2020-06-30": "$4.97", "2020-03-31": "$4.18", "2019-12-31": "$3.76", "2019-09-30": "$3.31", "2019-06-30": "$3.50", "2019-03-31": "$3.58", "2018-12-31": "$3.79", "2018-09-30": "$4.03", "2018-06-30": "$3.87", "2018-03-31": "$3.72", "2017-12-31": "$3.57", "2017-09-30": "$3.15", "2017-06-30": "$2.85", "2017-03-31": "$2.54", "2016-12-31": "$2.20", "2016-09-30": "$2.42", "2016-06-30": "$2.78", "2016-03-31": "$2.92", "2015-12-31": "$3.12", "2015-09-30": "$2.47", "2015-06-30": "$2.10", "2015-03-31": "$2.09", "2014-12-31": "$2.06", "2014-09-30": "$2.30", "2014-06-30": "$2.18", "2014-03-31": "$2.09", "2013-12-31": "$1.91", "2013-09-30": "$1.63", "2013-06-30": "$1.42", "2013-03-31": "$1.31", "2012-12-31": "$1.37", "2012-09-30": "$1.25", "2012-06-30": "$1.14", "2012-03-31": "$1.03", "2011-12-31": "$0.95", "2011-09-30": "$1.20", "2011-06-30": "$1.10", "2011-03-31": "$0.96", "2010-12-31": "$0.94", "2010-09-30": "$0.80", "2010-06-30": "$0.78", "2010-03-31": "$0.86", "2009-12-31": "$0.99", "2009-09-30": "$0.90", "2009-06-30": "$0.74", "2009-03-31": "$0.58", "2008-12-31": "$0.44", "2008-09-30": "$0.28", "2008-06-30": "$0.30", "2008-03-31": "$0.24", "2007-12-31": "$0.27", "2007-09-30": "$0.28", "2007-06-30": "$0.23", "2007-03-31": "$0.26", "2006-12-31": "$0.25"}, "net worth": {"value": "$41.3B"}, "current ratio": {"2020-12-31": "1.94", "2020-09-30": "2.62", "2020-06-30": "2.66", "2020-03-31": "2.90", "2019-12-31": "2.55", "2019-09-30": "2.53", "2019-06-30": "2.55", "2019-03-31": "2.90", "2018-12-31": "3.18", "2018-09-30": "3.24", "2018-06-30": "3.27", "2018-03-31": "3.64", "2017-12-31": "3.21", "2017-09-30": "3.29", "2017-06-30": "3.35", "2017-03-31": "3.03", "2016-12-31": "3.56", "2016-09-30": "3.56", "2016-06-30": "3.66", "2016-03-31": "3.69", "2015-12-31": "2.91", "2015-09-30": "3.40", "2015-06-30": "3.46", "2015-03-31": "3.40", "2014-12-31": "2.48", "2014-09-30": "4.17", "2014-06-30": "4.30", "2014-03-31": "4.19", "2013-12-31": "3.47", "2013-09-30": "3.58", "2013-06-30": "3.78", "2013-03-31": "3.95", "2012-12-31": "3.50", "2012-09-30": "3.56", "2012-06-30": "3.61", "2012-03-31": "4.11", "2011-12-31": "3.38", "2011-09-30": "3.66", "2011-06-30": "4.24", "2011-03-31": "4.41", "2010-12-31": "3.78", "2010-09-30": "4.02", "2010-06-30": "4.35", "2010-03-31": "4.27", "2009-12-31": "3.57", "2009-09-30": "3.97", "2009-06-30": "4.52", "2009-03-31": "4.48", "2008-12-31": "3.79", "2008-09-30": "3.82", "2008-06-30": "3.86", "2008-03-31": "3.57", "2007-12-31": "3.65", "2007-09-30": "4.73", "2007-06-30": "4.75", "2007-03-31": "4.75", "2006-12-31": "4.17", "2006-09-30": "4.32", "2006-06-30": "4.79", "2006-03-31": "5.11", "2005-12-31": "4.31", "2005-09-30": "4.55", "2005-06-30": "4.51", "2005-03-31": "5.00"}, "quick ratio": {"2020-12-31": "0.00", "2020-09-30": "0.00", "2020-06-30": "0.00", "2020-03-31": "0.00", "2019-12-31": "0.00", "2019-09-30": "0.00", "2019-06-30": "0.00", "2019-03-31": "0.00", "2018-12-31": "0.00", "2018-09-30": "0.00", "2018-06-30": "0.00", "2018-03-31": "0.00", "2017-12-31": "0.00", "2017-09-30": "0.00", "2017-06-30": "0.00", "2017-03-31": "0.00", "2016-12-31": "0.00", "2016-09-30": "0.00", "2016-06-30": "0.00", "2016-03-31": "0.00", "2015-12-31": "0.00", "2015-09-30": "0.00", "2015-06-30": "0.00", "2015-03-31": "0.00", "2014-12-31": "0.00", "2014-09-30": "0.00", "2014-06-30": "0.00", "2014-03-31": "0.00", "2013-12-31": "0.00", "2013-09-30": "0.00", "2013-06-30": "0.00", "2013-03-31": "0.00", "2012-12-31": "0.00", "2012-09-30": "0.00", "2012-06-30": "0.00", "2012-03-31": "0.00", "2011-12-31": "0.00", "2011-09-30": "0.00", "2011-06-30": "0.00", "2011-03-31": "0.00", "2010-12-31": "0.00", "2010-09-30": "0.00", "2010-06-30": "0.00", "2010-03-31": "0.00", "2009-12-31": "0.00", "2009-09-30": "0.00", "2009-06-30": "0.00", "2009-03-31": "0.00", "2008-12-31": "0.00", "2008-09-30": "0.00", "2008-06-30": "0.00", "2008-03-31": "0.00", "2007-12-31": "0.00", "2007-09-30": "0.00", "2007-06-30": "0.00", "2007-03-31": "0.00", "2006-12-31": "0.00", "2006-09-30": "0.00", "2006-06-30": "0.00", "2006-03-31": "0.00", "2005-12-31": "0.00", "2005-09-30": "0.00", "2005-06-30": "0.00", "2005-03-31": "0.00"}, "debt equity ratio": {"current": "0.06", "2020-12-31": "0.56", "2020-09-30": "0.69", "2020-06-30": "0.66", "2020-03-31": "0.64", "2019-12-31": "0.47", "2019-09-30": "0.48", "2019-06-30": "0.47", "2019-03-31": "0.45", "2018-12-31": "0.39", "2018-09-30": "0.39", "2018-06-30": "0.39", "2018-03-31": "0.37", "2017-12-31": "0.43", "2017-09-30": "0.33", "2017-06-30": "0.33", "2017-03-31": "0.37", "2016-12-31": "0.33", "2016-09-30": "0.33", "2016-06-30": "0.33", "2016-03-31": "0.33", "2015-12-31": "0.41", "2015-09-30": "0.39", "2015-06-30": "0.38", "2015-03-31": "0.39", "2014-12-31": "0.48", "2014-09-30": "0.25", "2014-06-30": "0.24", "2014-03-31": "0.25", "2013-12-31": "0.33", "2013-09-30": "0.35", "2013-06-30": "0.32", "2013-03-31": "0.29", "2012-12-31": "0.34", "2012-09-30": "0.34", "2012-06-30": "0.38", "2012-03-31": "0.30", "2011-12-31": "0.39", "2011-09-30": "0.30", "2011-06-30": "0.24", "2011-03-31": "0.23", "2010-12-31": "0.28", "2010-09-30": "0.26", "2010-06-30": "0.24", "2010-03-31": "0.22", "2009-12-31": "0.26", "2009-09-30": "0.22", "2009-06-30": "0.18", "2009-03-31": "0.17", "2008-12-31": "0.21", "2008-09-30": "0.20", "2008-06-30": "0.20", "2008-03-31": "0.21", "2007-12-31": "0.25", "2007-09-30": "0.21", "2007-06-30": "0.20", "2007-03-31": "0.21", "2006-12-31": "0.24", "2006-09-30": "0.22", "2006-06-30": "0.20", "2006-03-31": "0.18", "2005-12-31": "0.22", "2005-09-30": "0.20", "2005-06-30": "0.21", "2005-03-31": "0.19"}, "return on equity": {"2020-12-31": "12.78%", "2020-09-30": "13.45%", "2020-06-30": "14.96%", "2020-03-31": "16.49%", "2019-12-31": "16.97%", "2019-09-30": "19.12%", "2019-06-30": "18.82%", "2019-03-31": "18.30%", "2018-12-31": "19.08%", "2018-09-30": "13.26%", "2018-06-30": "13.43%", "2018-03-31": "13.61%", "2017-12-31": "14.29%", "2017-09-30": "18.38%", "2017-06-30": "18.19%", "2017-03-31": "16.34%", "2016-12-31": "15.34%", "2016-09-30": "15.99%", "2016-06-30": "16.11%", "2016-03-31": "18.56%", "2015-12-31": "18.65%", "2015-09-30": "18.78%", "2015-06-30": "19.12%", "2015-03-31": "19.46%", "2014-12-31": "20.04%", "2014-09-30": "20.65%", "2014-06-30": "21.50%", "2014-03-31": "21.79%", "2013-12-31": "22.00%", "2013-09-30": "22.49%", "2013-06-30": "22.84%", "2013-03-31": "23.32%", "2012-12-31": "23.53%", "2012-09-30": "23.86%", "2012-06-30": "23.56%", "2012-03-31": "22.67%", "2011-12-31": "22.63%", "2011-09-30": "22.28%", "2011-06-30": "22.53%", "2011-03-31": "22.97%", "2010-12-31": "22.80%", "2010-09-30": "22.50%", "2010-06-30": "21.97%", "2010-03-31": "22.42%", "2009-12-31": "22.69%", "2009-09-30": "23.01%", "2009-06-30": "23.51%", "2009-03-31": "23.15%", "2008-12-31": "24.06%", "2008-09-30": "24.90%", "2008-06-30": "25.40%", "2008-03-31": "25.80%", "2007-12-31": "25.73%", "2007-09-30": "25.68%", "2007-06-30": "25.30%", "2007-03-31": "25.40%", "2006-12-31": "25.14%", "2006-09-30": "26.40%", "2006-06-30": "26.60%", "2006-03-31": "26.82%", "2005-12-31": "27.51%"}, "return on assets": {"2020-12-31": "7.80%", "2020-09-30": "8.33%", "2020-06-30": "9.57%", "2020-03-31": "10.88%", "2019-12-31": "11.57%", "2019-09-30": "13.24%", "2019-06-30": "13.23%", "2019-03-31": "13.04%", "2018-12-31": "13.78%", "2018-09-30": "9.51%", "2018-06-30": "9.74%", "2018-03-31": "9.98%", "2017-12-31": "10.49%", "2017-09-30": "13.74%", "2017-06-30": "13.59%", "2017-03-31": "12.19%", "2016-12-31": "11.53%", "2016-09-30": "11.86%", "2016-06-30": "11.83%", "2016-03-31": "13.49%", "2015-12-31": "13.39%", "2015-09-30": "13.32%", "2015-06-30": "13.87%", "2015-03-31": "14.46%", "2014-12-31": "15.29%", "2014-09-30": "16.32%", "2014-06-30": "16.69%", "2014-03-31": "16.66%", "2013-12-31": "16.67%", "2013-09-30": "16.98%", "2013-06-30": "17.31%", "2013-03-31": "17.48%", "2012-12-31": "17.57%", "2012-09-30": "17.67%", "2012-06-30": "17.56%", "2012-03-31": "17.34%", "2011-12-31": "17.51%", "2011-09-30": "17.65%", "2011-06-30": "17.97%", "2011-03-31": "18.34%", "2010-12-31": "18.23%", "2010-09-30": "18.09%", "2010-06-30": "17.81%", "2010-03-31": "18.37%", "2009-12-31": "18.75%", "2009-09-30": "19.25%", "2009-06-30": "19.78%", "2009-03-31": "19.37%", "2008-12-31": "19.96%", "2008-09-30": "20.49%", "2008-06-30": "20.87%", "2008-03-31": "21.17%", "2007-12-31": "21.13%", "2007-09-30": "21.20%", "2007-06-30": "20.80%", "2007-03-31": "20.88%", "2006-12-31": "20.76%", "2006-09-30": "21.92%", "2006-06-30": "22.20%", "2006-03-31": "22.34%", "2005-12-31": "22.80%"}, "return on investments": {"2020-12-31": "16.42%", "2020-09-30": "17.60%", "2020-06-30": "18.89%", "2020-03-31": "21.02%", "2019-12-31": "21.21%", "2019-09-30": "21.58%", "2019-06-30": "22.14%", "2019-03-31": "22.57%", "2018-12-31": "23.98%", "2018-09-30": "24.08%", "2018-06-30": "23.19%", "2018-03-31": "22.66%", "2017-12-31": "22.03%", "2017-09-30": "21.10%", "2017-06-30": "20.80%", "2017-03-31": "20.91%", "2016-12-31": "20.90%", "2016-09-30": "21.50%", "2016-06-30": "21.83%", "2016-03-31": "22.07%", "2015-12-31": "22.29%", "2015-09-30": "22.39%", "2015-06-30": "29.14%", "2015-03-31": "43.32%", "2014-12-31": "86.93%", "2014-09-30": "inf%", "2014-06-30": "inf%", "2014-03-31": "inf%", "2013-12-31": "inf%", "2013-09-30": "inf%", "2013-06-30": "inf%", "2013-03-31": "inf%", "2012-12-31": "inf%", "2012-09-30": "inf%", "2012-06-30": "inf%", "2012-03-31": "inf%", "2011-12-31": "inf%", "2011-09-30": "inf%", "2011-06-30": "inf%", "2011-03-31": "inf%", "2010-12-31": "inf%", "2010-09-30": "inf%", "2010-06-30": "inf%", "2010-03-31": "inf%", "2009-12-31": "inf%", "2009-09-30": "inf%", "2009-06-30": "inf%", "2009-03-31": "inf%", "2008-12-31": "inf%", "2008-09-30": "inf%", "2008-06-30": "inf%", "2008-03-31": "inf%", "2007-12-31": "inf%", "2007-09-30": "inf%", "2007-06-30": "inf%", "2007-03-31": "inf%", "2006-12-31": "inf%", "2006-09-30": "inf%", "2006-06-30": "inf%", "2006-03-31": "inf%", "2005-12-31": "inf%"}, "return on tangible equity": {"2020-09-30": "26.42%", "2020-06-30": "28.21%", "2020-03-31": "30.54%", "2019-12-31": "30.86%", "2019-09-30": "33.97%", "2019-06-30": "32.21%", "2019-03-31": "30.43%", "2018-12-31": "30.47%", "2018-09-30": "20.67%", "2018-06-30": "20.56%", "2018-03-31": "20.42%", "2017-12-31": "21.56%", "2017-09-30": "27.54%", "2017-06-30": "27.34%", "2017-03-31": "24.69%", "2016-12-31": "23.15%", "2016-09-30": "24.38%", "2016-06-30": "24.94%", "2016-03-31": "29.17%", "2015-12-31": "30.04%", "2015-09-30": "31.27%", "2015-06-30": "28.60%", "2015-03-31": "26.23%", "2014-12-31": "24.32%", "2014-09-30": "22.54%", "2014-06-30": "23.59%", "2014-03-31": "24.04%", "2013-12-31": "24.38%", "2013-09-30": "24.85%", "2013-06-30": "25.17%", "2013-03-31": "25.63%", "2012-12-31": "25.75%", "2012-09-30": "26.23%", "2012-06-30": "26.00%", "2012-03-31": "24.94%", "2011-12-31": "24.85%", "2011-09-30": "24.39%", "2011-06-30": "24.61%", "2011-03-31": "25.24%", "2010-12-31": "25.14%", "2010-09-30": "24.91%", "2010-06-30": "24.34%", "2010-03-31": "24.74%", "2009-12-31": "25.08%", "2009-09-30": "25.43%", "2009-06-30": "26.09%", "2009-03-31": "25.90%", "2008-12-31": "27.11%", "2008-09-30": "28.28%", "2008-06-30": "28.36%", "2008-03-31": "28.25%", "2007-12-31": "27.53%", "2007-09-30": "26.79%", "2007-06-30": "26.46%", "2007-03-31": "26.53%", "2006-12-31": "26.31%", "2006-09-30": "27.65%", "2006-06-30": "27.87%", "2006-03-31": "28.27%", "2005-12-31": "29.02%"}, "dividend yield history": {"last payout": "$0.88", "last yield": "1.16%"}}