{"ticker": "CTVA", "price": {"title": "Corteva Historical Annual Stock Price Data", "value": 43.54, "historical": {"2020": {"Average Stock Price": "29.3817", "Year Open": "28.7400", "Year High": "39.6800", "Year Low": "20.7400", "Year Close": "38.7200", "Annual % Change": "30.99%"}, "2019": {"Average Stock Price": "27.5867", "Year Open": "24.8100", "Year High": "31.6300", "Year Low": "24.6500", "Year Close": "29.5600", "Annual % Change": "0.00%"}}}, "market cap": {"value": "$32.36B"}, "income statement": {"Revenue": {"2020-12-31": "14217.00000", "2019-12-31": "13846.00000", "2018-12-31": "14287.00000", "2017-12-31": "10684.00000"}, "Cost Of Goods Sold": {"2020-12-31": "8507.00000", "2019-12-31": "8575.00000", "2018-12-31": "9948.00000", "2017-12-31": "6324.00000"}, "Gross Profit": {"2020-12-31": "5710.00000", "2019-12-31": "5271.00000", "2018-12-31": "4339.00000", "2017-12-31": "4360.00000"}, "Research And Development Expenses": {"2020-12-31": "1142.00000", "2019-12-31": "1147.00000", "2018-12-31": "1355.00000", "2017-12-31": "1075.00000"}, "SG&A Expenses": {"2020-12-31": "3043.00000", "2019-12-31": "3065.00000", "2018-12-31": "3041.00000", "2017-12-31": "2889.00000"}, "Other Operating Income Or Expenses": {"2020-12-31": "212.00000", "2019-12-31": "-542.00000", "2018-12-31": "-5327.00000", "2017-12-31": "-146.00000"}, "Operating Expenses": {"2020-12-31": "13497.00000", "2019-12-31": "14026.00000", "2018-12-31": "20756.00000", "2017-12-31": "10813.00000"}, "Operating Income": {"2020-12-31": "720.00000", "2019-12-31": "-180.00000", "2018-12-31": "-6469.00000", "2017-12-31": "-129.00000"}, "Total Non-Operating Income/Expense": {"2020-12-31": "-45.00000", "2019-12-31": "-136.00000", "2018-12-31": "-337.00000", "2017-12-31": "-369.00000"}, "Pre-Tax Income": {"2020-12-31": "675.00000", "2019-12-31": "-316.00000", "2018-12-31": "-6806.00000", "2017-12-31": "-498.00000"}, "Income Taxes": {"2020-12-31": "-81.00000", "2019-12-31": "-46.00000", "2018-12-31": "-31.00000", "2017-12-31": "-2616.00000"}, "Income After Taxes": {"2020-12-31": "756.00000", "2019-12-31": "-270.00000", "2018-12-31": "-6775.00000", "2017-12-31": "2118.00000"}, "Other Income": {"2020-12-31": "", "2019-12-31": "", "2018-12-31": "", "2017-12-31": ""}, "Income From Continuous Operations": {"2020-12-31": "756.00000", "2019-12-31": "-270.00000", "2018-12-31": "-6775.00000", "2017-12-31": "2118.00000"}, "Income From Discontinued Operations": {"2020-12-31": "-55.00000", "2019-12-31": "-671.00000", "2018-12-31": "1748.00000", "2017-12-31": "835.00000"}, "Net Income": {"2020-12-31": "681.00000", "2019-12-31": "-959.00000", "2018-12-31": "-5065.00000", "2017-12-31": "2916.00000"}, "EBITDA": {"2020-12-31": "1897.00000", "2019-12-31": "2793.00000", "2018-12-31": "2452.00000", "2017-12-31": "3079.00000"}, "EBIT": {"2020-12-31": "720.00000", "2019-12-31": "-180.00000", "2018-12-31": "-6469.00000", "2017-12-31": "-129.00000"}, "Basic Shares Outstanding": {"2020-12-31": "748.70000", "2019-12-31": "749.50000", "2018-12-31": "749.40000", "2017-12-31": "749.40000"}, "Shares Outstanding": {"2020-12-31": "751.20000", "2019-12-31": "749.50000", "2018-12-31": "749.40000", "2017-12-31": "749.40000"}, "Basic EPS": {"2020-12-31": "0.91000", "2019-12-31": "-1.28000", "2018-12-31": "-6.76000", "2017-12-31": "3.89000"}, "EPS - Earnings Per Share": {"2020-12-31": "0.91000", "2019-12-31": "-1.28000", "2018-12-31": "-6.76000", "2017-12-31": "3.89000"}}, "income statement, quarterly": {"Revenue": {"2020-12-31": "3207.00000", "2020-09-30": "1863.00000", "2020-06-30": "5191.00000", "2020-03-31": "3956.00000", "2019-12-31": "2983.00000", "2019-09-30": "1911.00000", "2019-06-30": "5556.00000", "2019-03-31": "3396.00000", "2018-12-31": "", "2018-09-30": "1947.00000", "2018-06-30": "5731.00000", "2017-12-31": ""}, "Cost Of Goods Sold": {"2020-12-31": "2112.00000", "2020-09-30": "1297.00000", "2020-06-30": "2829.00000", "2020-03-31": "2269.00000", "2019-12-31": "1968.00000", "2019-09-30": "1349.00000", "2019-06-30": "3047.00000", "2019-03-31": "2211.00000", "2018-12-31": "", "2018-09-30": "1485.00000", "2018-06-30": "3687.00000", "2017-12-31": ""}, "Gross Profit": {"2020-12-31": "1095.00000", "2020-09-30": "566.00000", "2020-06-30": "2362.00000", "2020-03-31": "1687.00000", "2019-12-31": "1015.00000", "2019-09-30": "562.00000", "2019-06-30": "2509.00000", "2019-03-31": "1185.00000", "2018-12-31": "", "2018-09-30": "462.00000", "2018-06-30": "2044.00000", "2017-12-31": ""}, "Research And Development Expenses": {"2020-12-31": "305.00000", "2020-09-30": "284.00000", "2020-06-30": "273.00000", "2020-03-31": "280.00000", "2019-12-31": "290.00000", "2019-09-30": "289.00000", "2019-06-30": "269.00000", "2019-03-31": "299.00000", "2018-12-31": "", "2018-09-30": "325.00000", "2018-06-30": "354.00000", "2017-12-31": ""}, "SG&A Expenses": {"2020-12-31": "724.00000", "2020-09-30": "597.00000", "2020-06-30": "965.00000", "2020-03-31": "757.00000", "2019-12-31": "747.00000", "2019-09-30": "646.00000", "2019-06-30": "937.00000", "2019-03-31": "735.00000", "2018-12-31": "", "2018-09-30": "5617.00000", "2018-06-30": "1187.00000", "2017-12-31": ""}, "Other Operating Income Or Expenses": {"2020-12-31": "92.00000", "2020-09-30": "30.00000", "2020-06-30": "89.00000", "2020-03-31": "1.00000", "2019-12-31": "75.00000", "2019-09-30": "-93.00000", "2019-06-30": "-343.00000", "2019-03-31": "-181.00000", "2018-12-31": "", "2018-09-30": "", "2018-06-30": "", "2017-12-31": ""}, "Operating Expenses": {"2020-12-31": "3267.00000", "2020-09-30": "2359.00000", "2020-06-30": "4333.00000", "2020-03-31": "3538.00000", "2019-12-31": "3146.00000", "2019-09-30": "2523.00000", "2019-06-30": "4769.00000", "2019-03-31": "3588.00000", "2018-12-31": "", "2018-09-30": "7515.00000", "2018-06-30": "5335.00000", "2017-12-31": ""}, "Operating Income": {"2020-12-31": "-60.00000", "2020-09-30": "-496.00000", "2020-06-30": "858.00000", "2020-03-31": "418.00000", "2019-12-31": "-163.00000", "2019-09-30": "-612.00000", "2019-06-30": "787.00000", "2019-03-31": "-192.00000", "2018-12-31": "", "2018-09-30": "-5568.00000", "2018-06-30": "396.00000", "2017-12-31": ""}, "Total Non-Operating Income/Expense": {"2020-12-31": "-10.00000", "2020-09-30": "-11.00000", "2020-06-30": "-14.00000", "2020-03-31": "-10.00000", "2019-12-31": "-24.00000", "2019-09-30": "-19.00000", "2019-06-30": "-34.00000", "2019-03-31": "-59.00000", "2018-12-31": "", "2018-09-30": "-82.00000", "2018-06-30": "-88.00000", "2017-12-31": ""}, "Pre-Tax Income": {"2020-12-31": "-70.00000", "2020-09-30": "-507.00000", "2020-06-30": "844.00000", "2020-03-31": "408.00000", "2019-12-31": "-187.00000", "2019-09-30": "-631.00000", "2019-06-30": "753.00000", "2019-03-31": "-251.00000", "2018-12-31": "", "2018-09-30": "-5650.00000", "2018-06-30": "308.00000", "2017-12-31": ""}, "Income Taxes": {"2020-12-31": "-169.00000", "2020-09-30": "-117.00000", "2020-06-30": "78.00000", "2020-03-31": "127.00000", "2019-12-31": "-145.00000", "2019-09-30": "-104.00000", "2019-06-30": "270.00000", "2019-03-31": "-67.00000", "2018-12-31": "", "2018-09-30": "-8.00000", "2018-06-30": "-67.00000", "2017-12-31": ""}, "Income After Taxes": {"2020-12-31": "99.00000", "2020-09-30": "-390.00000", "2020-06-30": "766.00000", "2020-03-31": "281.00000", "2019-12-31": "-42.00000", "2019-09-30": "-527.00000", "2019-06-30": "483.00000", "2019-03-31": "-184.00000", "2018-12-31": "", "2018-09-30": "-5642.00000", "2018-06-30": "375.00000", "2017-12-31": ""}, "Other Income": {"2020-12-31": "", "2020-09-30": "", "2020-06-30": "", "2020-03-31": "", "2019-12-31": "", "2019-09-30": "", "2019-06-30": "", "2019-03-31": "", "2018-12-31": "", "2018-09-30": "0.00000", "2018-06-30": "0.00000", "2017-12-31": ""}, "Income From Continuous Operations": {"2020-12-31": "99.00000", "2020-09-30": "-390.00000", "2020-06-30": "766.00000", "2020-03-31": "281.00000", "2019-12-31": "-42.00000", "2019-09-30": "-527.00000", "2019-06-30": "483.00000", "2019-03-31": "-184.00000", "2018-12-31": "", "2018-09-30": "-5642.00000", "2018-06-30": "375.00000", "2017-12-31": ""}, "Income From Discontinued Operations": {"2020-12-31": "-56.00000", "2020-09-30": "", "2020-06-30": "", "2020-03-31": "1.00000", "2019-12-31": "24.00000", "2019-09-30": "22.00000", "2019-06-30": "-1077.00000", "2019-03-31": "360.00000", "2018-12-31": "", "2018-09-30": "526.00000", "2018-06-30": "323.00000", "2017-12-31": ""}, "Net Income": {"2020-12-31": "41.00000", "2020-09-30": "-392.00000", "2020-06-30": "760.00000", "2020-03-31": "272.00000", "2019-12-31": "-21.00000", "2019-09-30": "-494.00000", "2019-06-30": "-608.00000", "2019-03-31": "164.00000", "2018-12-31": "", "2018-09-30": "-5121.00000", "2018-06-30": "694.00000", "2017-12-31": ""}, "EBITDA": {"2020-12-31": "", "2020-09-30": "-211.00000", "2020-06-30": "1158.00000", "2020-03-31": "701.00000", "2019-12-31": "126.00000", "2019-09-30": "-371.00000", "2019-06-30": "2299.00000", "2019-03-31": "739.00000", "2018-12-31": "", "2018-09-30": "-274.00000", "2018-06-30": "396.00000", "2017-12-31": ""}, "EBIT": {"2020-12-31": "-60.00000", "2020-09-30": "-496.00000", "2020-06-30": "858.00000", "2020-03-31": "418.00000", "2019-12-31": "-163.00000", "2019-09-30": "-612.00000", "2019-06-30": "787.00000", "2019-03-31": "-192.00000", "2018-12-31": "", "2018-09-30": "-5568.00000", "2018-06-30": "396.00000", "2017-12-31": ""}, "Basic Shares Outstanding": {"2020-12-31": "746.30000", "2020-09-30": "749.50000", "2020-06-30": "749.20000", "2020-03-31": "749.90000", "2019-12-31": "749.50000", "2019-09-30": "749.50000", "2019-06-30": "749.40000", "2019-03-31": "749.40000", "2018-12-31": "", "2018-09-30": "", "2018-06-30": "", "2017-12-31": ""}, "Shares Outstanding": {"2020-12-31": "749.70000", "2020-09-30": "749.50000", "2020-06-30": "751.60000", "2020-03-31": "752.50000", "2019-12-31": "749.50000", "2019-09-30": "749.50000", "2019-06-30": "750.00000", "2019-03-31": "749.40000", "2018-12-31": "", "2018-09-30": "", "2018-06-30": "", "2017-12-31": ""}, "Basic EPS": {"2020-12-31": "0.05000", "2020-09-30": "-0.52000", "2020-06-30": "1.01000", "2020-03-31": "0.36000", "2019-12-31": "-0.03000", "2019-09-30": "-0.66000", "2019-06-30": "-0.81000", "2019-03-31": "0.22000", "2018-12-31": "", "2018-09-30": "", "2018-06-30": "", "2017-12-31": ""}, "EPS - Earnings Per Share": {"2020-12-31": "0.05000", "2020-09-30": "-0.52000", "2020-06-30": "1.01000", "2020-03-31": "0.36000", "2019-12-31": "-0.03000", "2019-09-30": "-0.66000", "2019-06-30": "-0.81000", "2019-03-31": "0.22000", "2018-12-31": "0.00000", "2018-09-30": "0.00000", "2018-06-30": "0.00000", "2017-12-31": "0.00000"}}, "balance sheet": {"Cash On Hand": {"2020-12-31": "3795.00000", "2019-12-31": "1769.00000", "2018-12-31": "2275.00000", "2017-12-31": ""}, "Receivables": {"2020-12-31": "4926.00000", "2019-12-31": "5528.00000", "2018-12-31": "5260.00000", "2017-12-31": ""}, "Inventory": {"2020-12-31": "4882.00000", "2019-12-31": "5032.00000", "2018-12-31": "5310.00000", "2017-12-31": ""}, "Pre-Paid Expenses": {"2020-12-31": "", "2019-12-31": "", "2018-12-31": "", "2017-12-31": ""}, "Other Current Assets": {"2020-12-31": "1165.00000", "2019-12-31": "1190.00000", "2018-12-31": "1038.00000", "2017-12-31": ""}, "Total Current Assets": {"2020-12-31": "14768.00000", "2019-12-31": "13519.00000", "2018-12-31": "22972.00000", "2017-12-31": ""}, "Property, Plant, And Equipment": {"2020-12-31": "4396.00000", "2019-12-31": "4546.00000", "2018-12-31": "4544.00000", "2017-12-31": ""}, "Long-Term Investments": {"2020-12-31": "66.00000", "2019-12-31": "66.00000", "2018-12-31": "138.00000", "2017-12-31": ""}, "Goodwill And Intangible Assets": {"2020-12-31": "21016.00000", "2019-12-31": "21653.00000", "2018-12-31": "22248.00000", "2017-12-31": "0.00000"}, "Other Long-Term Assets": {"2020-12-31": "1939.00000", "2019-12-31": "2326.00000", "2018-12-31": "1932.00000", "2017-12-31": ""}, "Total Long-Term Assets": {"2020-12-31": "27881.00000", "2019-12-31": "28878.00000", "2018-12-31": "85711.00000", "2017-12-31": ""}, "Total Assets": {"2020-12-31": "42649.00000", "2019-12-31": "42397.00000", "2018-12-31": "108683.00000", "2017-12-31": "0.00000"}, "Total Current Liabilities": {"2020-12-31": "8548.00000", "2019-12-31": "8238.00000", "2018-12-31": "13310.00000", "2017-12-31": ""}, "Long Term Debt": {"2020-12-31": "1102.00000", "2019-12-31": "115.00000", "2018-12-31": "5784.00000", "2017-12-31": ""}, "Other Non-Current Liabilities": {"2020-12-31": "1867.00000", "2019-12-31": "2192.00000", "2018-12-31": "1795.00000", "2017-12-31": ""}, "Total Long Term Liabilities": {"2020-12-31": "9038.00000", "2019-12-31": "9604.00000", "2018-12-31": "20220.00000", "2017-12-31": ""}, "Total Liabilities": {"2020-12-31": "17586.00000", "2019-12-31": "17842.00000", "2018-12-31": "33530.00000", "2017-12-31": "0.00000"}, "Common Stock Net": {"2020-12-31": "7.00000", "2019-12-31": "7.00000", "2018-12-31": "", "2017-12-31": "0.00000"}, "Retained Earnings (Accumulated Deficit)": {"2020-12-31": "", "2019-12-31": "-425.00000", "2018-12-31": "", "2017-12-31": ""}, "Comprehensive Income": {"2020-12-31": "-2890.00000", "2019-12-31": "-3270.00000", "2018-12-31": "-3360.00000", "2017-12-31": ""}, "Other Share Holders Equity": {"2020-12-31": "", "2019-12-31": "", "2018-12-31": "", "2017-12-31": "0.00000"}, "Share Holder Equity": {"2020-12-31": "25063.00000", "2019-12-31": "24555.00000", "2018-12-31": "75153.00000", "2017-12-31": "0.00000"}, "Total Liabilities And Share Holders Equity": {"2020-12-31": "42649.00000", "2019-12-31": "42397.00000", "2018-12-31": "108683.00000", "2017-12-31": "0.00000"}}, "balance sheet, quarterly": {"Cash On Hand": {"2020-12-31": "3795.00000", "2020-09-30": "2920.00000", "2020-06-30": "2869.00000", "2020-03-31": "1973.00000", "2019-12-31": "1769.00000", "2019-09-30": "2097.00000", "2019-06-30": "2083.00000", "2019-03-31": "", "2018-12-31": "2275.00000", "2018-09-30": "1799.00000", "2018-06-30": "2745.00000", "2017-12-31": ""}, "Receivables": {"2020-12-31": "4926.00000", "2020-09-30": "5627.00000", "2020-06-30": "6772.00000", "2020-03-31": "6775.00000", "2019-12-31": "5528.00000", "2019-09-30": "6574.00000", "2019-06-30": "7434.00000", "2019-03-31": "", "2018-12-31": "5260.00000", "2018-09-30": "6547.00000", "2018-06-30": "7331.00000", "2017-12-31": ""}, "Inventory": {"2020-12-31": "4882.00000", "2020-09-30": "4374.00000", "2020-06-30": "3589.00000", "2020-03-31": "4401.00000", "2019-12-31": "5032.00000", "2019-09-30": "4403.00000", "2019-06-30": "3918.00000", "2019-03-31": "", "2018-12-31": "5310.00000", "2018-09-30": "4898.00000", "2018-06-30": "4362.00000", "2017-12-31": ""}, "Pre-Paid Expenses": {"2020-12-31": "", "2020-09-30": "", "2020-06-30": "", "2020-03-31": "", "2019-12-31": "", "2019-09-30": "", "2019-06-30": "", "2019-03-31": "", "2018-12-31": "", "2018-09-30": "", "2018-06-30": "", "2017-12-31": ""}, "Other Current Assets": {"2020-12-31": "1165.00000", "2020-09-30": "1167.00000", "2020-06-30": "1192.00000", "2020-03-31": "1530.00000", "2019-12-31": "1190.00000", "2019-09-30": "1043.00000", "2019-06-30": "1010.00000", "2019-03-31": "", "2018-12-31": "10127.00000", "2018-09-30": "10096.00000", "2018-06-30": "10203.00000", "2017-12-31": ""}, "Total Current Assets": {"2020-12-31": "14768.00000", "2020-09-30": "14088.00000", "2020-06-30": "14422.00000", "2020-03-31": "14679.00000", "2019-12-31": "13519.00000", "2019-09-30": "14117.00000", "2019-06-30": "14445.00000", "2019-03-31": "", "2018-12-31": "22972.00000", "2018-09-30": "23340.00000", "2018-06-30": "24641.00000", "2017-12-31": ""}, "Property, Plant, And Equipment": {"2020-12-31": "4396.00000", "2020-09-30": "4273.00000", "2020-06-30": "4293.00000", "2020-03-31": "4358.00000", "2019-12-31": "4546.00000", "2019-09-30": "4503.00000", "2019-06-30": "4543.00000", "2019-03-31": "", "2018-12-31": "7340.00000", "2018-09-30": "7078.00000", "2018-06-30": "7061.00000", "2017-12-31": ""}, "Long-Term Investments": {"2020-12-31": "66.00000", "2020-09-30": "62.00000", "2020-06-30": "62.00000", "2020-03-31": "64.00000", "2019-12-31": "66.00000", "2019-09-30": "70.00000", "2019-06-30": "64.00000", "2019-03-31": "", "2018-12-31": "138.00000", "2018-09-30": "144.00000", "2018-06-30": "195.00000", "2017-12-31": ""}, "Goodwill And Intangible Assets": {"2020-12-31": "21016.00000", "2020-09-30": "21024.00000", "2020-06-30": "21139.00000", "2020-03-31": "21268.00000", "2019-12-31": "21653.00000", "2019-09-30": "21835.00000", "2019-06-30": "22081.00000", "2019-03-31": "0.00000", "2018-12-31": "22248.00000", "2018-09-30": "22341.00000", "2018-06-30": "26930.00000", "2017-12-31": "0.00000"}, "Other Long-Term Assets": {"2020-12-31": "1939.00000", "2020-09-30": "1954.00000", "2020-06-30": "1974.00000", "2020-03-31": "2336.00000", "2019-12-31": "2326.00000", "2019-09-30": "2440.00000", "2019-06-30": "2464.00000", "2019-03-31": "", "2018-12-31": "58477.00000", "2018-09-30": "59073.00000", "2018-06-30": "59481.00000", "2017-12-31": ""}, "Total Long-Term Assets": {"2020-12-31": "27881.00000", "2020-09-30": "27602.00000", "2020-06-30": "27758.00000", "2020-03-31": "28299.00000", "2019-12-31": "28878.00000", "2019-09-30": "29118.00000", "2019-06-30": "29477.00000", "2019-03-31": "", "2018-12-31": "88507.00000", "2018-09-30": "89002.00000", "2018-06-30": "94086.00000", "2017-12-31": ""}, "Total Assets": {"2020-12-31": "42649.00000", "2020-09-30": "41690.00000", "2020-06-30": "42180.00000", "2020-03-31": "42978.00000", "2019-12-31": "42397.00000", "2019-09-30": "43235.00000", "2019-06-30": "43922.00000", "2019-03-31": "0.00000", "2018-12-31": "108683.00000", "2018-09-30": "109648.00000", "2018-06-30": "116129.00000", "2017-12-31": "0.00000"}, "Total Current Liabilities": {"2020-12-31": "8548.00000", "2020-09-30": "7734.00000", "2020-06-30": "7529.00000", "2020-03-31": "9199.00000", "2019-12-31": "8238.00000", "2019-09-30": "8993.00000", "2019-06-30": "8614.00000", "2019-03-31": "", "2018-12-31": "13310.00000", "2018-09-30": "13242.00000", "2018-06-30": "13049.00000", "2017-12-31": ""}, "Long Term Debt": {"2020-12-31": "1102.00000", "2020-09-30": "1102.00000", "2020-06-30": "1102.00000", "2020-03-31": "614.00000", "2019-12-31": "115.00000", "2019-09-30": "116.00000", "2019-06-30": "117.00000", "2019-03-31": "", "2018-12-31": "5784.00000", "2018-09-30": "10215.00000", "2018-06-30": "9736.00000", "2017-12-31": ""}, "Other Non-Current Liabilities": {"2020-12-31": "1867.00000", "2020-09-30": "1864.00000", "2020-06-30": "1957.00000", "2020-03-31": "1989.00000", "2019-12-31": "2192.00000", "2019-09-30": "2132.00000", "2019-06-30": "2156.00000", "2019-03-31": "", "2018-12-31": "12956.00000", "2018-09-30": "12598.00000", "2018-06-30": "14254.00000", "2017-12-31": ""}, "Total Long Term Liabilities": {"2020-12-31": "9038.00000", "2020-09-30": "9610.00000", "2020-06-30": "9850.00000", "2020-03-31": "9700.00000", "2019-12-31": "9604.00000", "2019-09-30": "8981.00000", "2019-06-30": "9241.00000", "2019-03-31": "", "2018-12-31": "20220.00000", "2018-09-30": "24407.00000", "2018-06-30": "25377.00000", "2017-12-31": ""}, "Total Liabilities": {"2020-12-31": "17586.00000", "2020-09-30": "17344.00000", "2020-06-30": "17379.00000", "2020-03-31": "18899.00000", "2019-12-31": "17842.00000", "2019-09-30": "17974.00000", "2019-06-30": "17855.00000", "2019-03-31": "0.00000", "2018-12-31": "33530.00000", "2018-09-30": "37649.00000", "2018-06-30": "38426.00000", "2017-12-31": "0.00000"}, "Common Stock Net": {"2020-12-31": "7.00000", "2020-09-30": "7.00000", "2020-06-30": "7.00000", "2020-03-31": "7.00000", "2019-12-31": "7.00000", "2019-09-30": "7.00000", "2019-06-30": "7.00000", "2019-03-31": "0.00000", "2018-12-31": "0.00000", "2018-09-30": "0.00000", "2018-06-30": "0.00000", "2017-12-31": "0.00000"}, "Retained Earnings (Accumulated Deficit)": {"2020-12-31": "", "2020-09-30": "", "2020-06-30": "508.00000", "2020-03-31": "-155.00000", "2019-12-31": "-425.00000", "2019-09-30": "-397.00000", "2019-06-30": "97.00000", "2019-03-31": "", "2018-12-31": "", "2018-09-30": "", "2018-06-30": "", "2017-12-31": ""}, "Comprehensive Income": {"2020-12-31": "-2890.00000", "2020-09-30": "-3796.00000", "2020-06-30": "-3845.00000", "2020-03-31": "-3933.00000", "2019-12-31": "-3270.00000", "2019-09-30": "-2667.00000", "2019-06-30": "-2375.00000", "2019-03-31": "", "2018-12-31": "", "2018-09-30": "", "2018-06-30": "", "2017-12-31": ""}, "Other Share Holders Equity": {"2020-12-31": "", "2020-09-30": "", "2020-06-30": "", "2020-03-31": "", "2019-12-31": "", "2019-09-30": "", "2019-06-30": "", "2019-03-31": "0.00000", "2018-12-31": "75153.00000", "2018-09-30": "71999.00000", "2018-06-30": "77703.00000", "2017-12-31": "0.00000"}, "Share Holder Equity": {"2020-12-31": "25063.00000", "2020-09-30": "24346.00000", "2020-06-30": "24801.00000", "2020-03-31": "24079.00000", "2019-12-31": "24555.00000", "2019-09-30": "25261.00000", "2019-06-30": "26067.00000", "2019-03-31": "0.00000", "2018-12-31": "75153.00000", "2018-09-30": "71999.00000", "2018-06-30": "77703.00000", "2017-12-31": "0.00000"}, "Total Liabilities And Share Holders Equity": {"2020-12-31": "42649.00000", "2020-09-30": "41690.00000", "2020-06-30": "42180.00000", "2020-03-31": "42978.00000", "2019-12-31": "42397.00000", "2019-09-30": "43235.00000", "2019-06-30": "43922.00000", "2019-03-31": "0.00000", "2018-12-31": "108683.00000", "2018-09-30": "109648.00000", "2018-06-30": "116129.00000", "2017-12-31": "0.00000"}}, "cash flow statement": {"Net Income/Loss": {"2020-12-31": "701.00000", "2019-12-31": "-941.00000", "2018-12-31": "-5027.00000", "2017-12-31": "2953.00000"}, "Total Depreciation And Amortization - Cash Flow": {"2020-12-31": "1177.00000", "2019-12-31": "2973.00000", "2018-12-31": "8921.00000", "2017-12-31": "3208.00000"}, "Other Non-Cash Items": {"2020-12-31": "-173.00000", "2019-12-31": "-406.00000", "2018-12-31": "-469.00000", "2017-12-31": "-5331.00000"}, "Total Non-Cash Items": {"2020-12-31": "1004.00000", "2019-12-31": "2567.00000", "2018-12-31": "8452.00000", "2017-12-31": "-2123.00000"}, "Change In Accounts Receivable": {"2020-12-31": "", "2019-12-31": "-361.00000", "2018-12-31": "-1522.00000", "2017-12-31": "-693.00000"}, "Change In Inventories": {"2020-12-31": "", "2019-12-31": "74.00000", "2018-12-31": "-498.00000", "2017-12-31": "-1105.00000"}, "Change In Accounts Payable": {"2020-12-31": "", "2019-12-31": "149.00000", "2018-12-31": "642.00000", "2017-12-31": "-449.00000"}, "Change In Assets/Liabilities": {"2020-12-31": "359.00000", "2019-12-31": "-418.00000", "2018-12-31": "-1564.00000", "2017-12-31": "1402.00000"}, "Total Change In Assets/Liabilities": {"2020-12-31": "359.00000", "2019-12-31": "-556.00000", "2018-12-31": "-2942.00000", "2017-12-31": "-1105.00000"}, "Cash Flow From Operating Activities": {"2020-12-31": "2064.00000", "2019-12-31": "1070.00000", "2018-12-31": "483.00000", "2017-12-31": "-275.00000"}, "Net Change In Property, Plant, And Equipment": {"2020-12-31": "-392.00000", "2019-12-31": "-914.00000", "2018-12-31": "-1432.00000", "2017-12-31": "1465.00000"}, "Net Change In Intangible Assets": {"2020-12-31": "", "2019-12-31": "", "2018-12-31": "", "2017-12-31": ""}, "Net Acquisitions/Divestitures": {"2020-12-31": "", "2019-12-31": "11.00000", "2018-12-31": "9.00000", "2017-12-31": "-243.00000"}, "Net Change In Short-term Investments": {"2020-12-31": "", "2019-12-31": "", "2018-12-31": "", "2017-12-31": ""}, "Net Change In Long-Term Investments": {"2020-12-31": "-275.00000", "2019-12-31": "12.00000", "2018-12-31": "921.00000", "2017-12-31": "388.00000"}, "Net Change In Investments - Total": {"2020-12-31": "-275.00000", "2019-12-31": "12.00000", "2018-12-31": "921.00000", "2017-12-31": "388.00000"}, "Investing Activities - Other": {"2020-12-31": "-7.00000", "2019-12-31": "-13.00000", "2018-12-31": "-3.00000", "2017-12-31": "-314.00000"}, "Cash Flow From Investing Activities": {"2020-12-31": "-674.00000", "2019-12-31": "-904.00000", "2018-12-31": "-505.00000", "2017-12-31": "1296.00000"}, "Net Long-Term Debt": {"2020-12-31": "998.00000", "2019-12-31": "-5803.00000", "2018-12-31": "-5200.00000", "2017-12-31": "2961.00000"}, "Net Current Debt": {"2020-12-31": "", "2019-12-31": "-1868.00000", "2018-12-31": "400.00000", "2017-12-31": "1069.00000"}, "Debt Issuance/Retirement Net - Total": {"2020-12-31": "998.00000", "2019-12-31": "-7671.00000", "2018-12-31": "-4800.00000", "2017-12-31": "4030.00000"}, "Net Common Equity Issued/Repurchased": {"2020-12-31": "-219.00000", "2019-12-31": "22.00000", "2018-12-31": "85.00000", "2017-12-31": "265.00000"}, "Net Total Equity Issued/Repurchased": {"2020-12-31": "-219.00000", "2019-12-31": "22.00000", "2018-12-31": "85.00000", "2017-12-31": "265.00000"}, "Total Common And Preferred Stock Dividends Paid": {"2020-12-31": "-388.00000", "2019-12-31": "-194.00000", "2018-12-31": "", "2017-12-31": "-988.00000"}, "Financial Activities - Other": {"2020-12-31": "-88.00000", "2019-12-31": "4914.00000", "2018-12-31": "2091.00000", "2017-12-31": "-1282.00000"}, "Cash Flow From Financial Activities": {"2020-12-31": "303.00000", "2019-12-31": "-2929.00000", "2018-12-31": "-2624.00000", "2017-12-31": "2025.00000"}, "Net Cash Flow": {"2020-12-31": "1700.00000", "2019-12-31": "-2851.00000", "2018-12-31": "-2890.00000", "2017-12-31": "3268.00000"}, "Stock-Based Compensation": {"2020-12-31": "", "2019-12-31": "", "2018-12-31": "", "2017-12-31": ""}, "Common Stock Dividends Paid": {"2020-12-31": "-388.00000", "2019-12-31": "-194.00000", "2018-12-31": "", "2017-12-31": "-988.00000"}}, "cash flow statement, quarterly": {"Net Income/Loss": {"2020-12-31": 43, "2020-09-30": -390, "2020-06-30": 766, "2020-03-31": "282.00000", "2019-12-31": -18, "2019-09-30": -505, "2019-06-30": -594, "2019-03-31": "176.00000", "2018-12-31": -522, "2018-09-30": -5116, "2018-06-30": -2342, "2017-12-31": 2953}, "Total Depreciation And Amortization - Cash Flow": {"2020-12-31": 309, "2020-09-30": 285, "2020-06-30": 300, "2020-03-31": "283.00000", "2019-12-31": 289, "2019-09-30": 241, "2019-06-30": 1512, "2019-03-31": "931.00000", "2018-12-31": 832, "2018-09-30": 5294, "2018-06-30": -413, "2017-12-31": 3208}, "Other Non-Cash Items": {"2020-12-31": -228, "2020-09-30": -32, "2020-06-30": -63, "2020-03-31": "150.00000", "2019-12-31": -74, "2019-09-30": 23, "2019-06-30": -143, "2019-03-31": "-212.00000", "2018-12-31": 0, "2018-09-30": 0, "2018-06-30": 0, "2017-12-31": 0}, "Total Non-Cash Items": {"2020-12-31": 81, "2020-09-30": 253, "2020-06-30": 237, "2020-03-31": "433.00000", "2019-12-31": 215, "2019-09-30": 264, "2019-06-30": 1369, "2019-03-31": "719.00000", "2018-12-31": 832, "2018-09-30": 5294, "2018-06-30": -413, "2017-12-31": 3208}, "Change In Accounts Receivable": {"2020-12-31": 0, "2020-09-30": 0, "2020-06-30": 0, "2020-03-31": "", "2019-12-31": -361, "2019-09-30": 0, "2019-06-30": 0, "2019-03-31": "", "2018-12-31": 0, "2018-09-30": 0, "2018-06-30": 0, "2017-12-31": 0}, "Change In Inventories": {"2020-12-31": 0, "2020-09-30": 0, "2020-06-30": 0, "2020-03-31": "", "2019-12-31": 74, "2019-09-30": 0, "2019-06-30": 0, "2019-03-31": "", "2018-12-31": 0, "2018-09-30": 0, "2018-06-30": 0, "2017-12-31": 0}, "Change In Accounts Payable": {"2020-12-31": 0, "2020-09-30": 0, "2020-06-30": 0, "2020-03-31": "", "2019-12-31": 149, "2019-09-30": 0, "2019-06-30": 0, "2019-03-31": "", "2018-12-31": 0, "2018-09-30": 0, "2018-06-30": 0, "2017-12-31": 0}, "Change In Assets/Liabilities": {"2020-12-31": 3177, "2020-09-30": -231, "2020-06-30": 58, "2020-03-31": "-2645.00000", "2019-12-31": 3314, "2019-09-30": -974, "2019-06-30": -322, "2019-03-31": "-2436.00000", "2018-12-31": 0, "2018-09-30": 0, "2018-06-30": 0, "2017-12-31": 0}, "Total Change In Assets/Liabilities": {"2020-12-31": 3177, "2020-09-30": -231, "2020-06-30": 58, "2020-03-31": "-2645.00000", "2019-12-31": 3176, "2019-09-30": -974, "2019-06-30": -322, "2019-03-31": "-2436.00000", "2018-12-31": 2839, "2018-09-30": -640, "2018-06-30": -4036, "2017-12-31": -1105}, "Cash Flow From Operating Activities": {"2020-12-31": 3301, "2020-09-30": -368, "2020-06-30": 1061, "2020-03-31": "-1930.00000", "2019-12-31": 3373, "2019-09-30": -1215, "2019-06-30": 453, "2019-03-31": "-1541.00000", "2018-12-31": 3263, "2018-09-30": -1190, "2018-06-30": -1315, "2017-12-31": -275}, "Net Change In Property, Plant, And Equipment": {"2020-12-31": -113, "2020-09-30": -95, "2020-06-30": -67, "2020-03-31": "-117.00000", "2019-12-31": -41, "2019-09-30": -164, "2019-06-30": -171, "2019-03-31": "-538.00000", "2018-12-31": -513, "2018-09-30": -336, "2018-06-30": -2048, "2017-12-31": 1465}, "Net Change In Intangible Assets": {"2020-12-31": 0, "2020-09-30": 0, "2020-06-30": 0, "2020-03-31": "", "2019-12-31": 0, "2019-09-30": 0, "2019-06-30": 0, "2019-03-31": "", "2018-12-31": 0, "2018-09-30": 0, "2018-06-30": 0, "2017-12-31": 0}, "Net Acquisitions/Divestitures": {"2020-12-31": 0, "2020-09-30": 0, "2020-06-30": 0, "2020-03-31": "", "2019-12-31": -1, "2019-09-30": 0, "2019-06-30": -9, "2019-03-31": "21.00000", "2018-12-31": 9, "2018-09-30": 0, "2018-06-30": 243, "2017-12-31": -243}, "Net Change In Short-term Investments": {"2020-12-31": 0, "2020-09-30": 0, "2020-06-30": 0, "2020-03-31": "", "2019-12-31": 0, "2019-09-30": 0, "2019-06-30": 0, "2019-03-31": "", "2018-12-31": 0, "2018-09-30": 0, "2018-06-30": 0, "2017-12-31": 0}, "Net Change In Long-Term Investments": {"2020-12-31": -116, "2020-09-30": -96, "2020-06-30": -54, "2020-03-31": "-9.00000", "2019-12-31": 113, "2019-09-30": -125, "2019-06-30": 4, "2019-03-31": "20.00000", "2018-12-31": 0, "2018-09-30": 0, "2018-06-30": 0, "2017-12-31": 0}, "Net Change In Investments - Total": {"2020-12-31": -116, "2020-09-30": -96, "2020-06-30": -54, "2020-03-31": "-9.00000", "2019-12-31": 113, "2019-09-30": -125, "2019-06-30": 4, "2019-03-31": "20.00000", "2018-12-31": 226, "2018-09-30": 110, "2018-06-30": 197, "2017-12-31": 388}, "Investing Activities - Other": {"2020-12-31": 0, "2020-09-30": -2, "2020-06-30": -1, "2020-03-31": "-4.00000", "2019-12-31": -11, "2019-09-30": -1, "2019-06-30": 4, "2019-03-31": "-5.00000", "2018-12-31": 1, "2018-09-30": -4, "2018-06-30": 314, "2017-12-31": -314}, "Cash Flow From Investing Activities": {"2020-12-31": -229, "2020-09-30": -193, "2020-06-30": -122, "2020-03-31": "-130.00000", "2019-12-31": 60, "2019-09-30": -290, "2019-06-30": -172, "2019-03-31": "-502.00000", "2018-12-31": -277, "2018-09-30": -230, "2018-06-30": -1294, "2017-12-31": 1296}, "Net Long-Term Debt": {"2020-12-31": -557, "2020-09-30": 0, "2020-06-30": 681, "2020-03-31": "874.00000", "2019-12-31": -1, "2019-09-30": 0, "2019-06-30": -6518, "2019-03-31": "716.00000", "2018-12-31": 0, "2018-09-30": 0, "2018-06-30": 0, "2017-12-31": 0}, "Net Current Debt": {"2020-12-31": -1582, "2020-09-30": 616, "2020-06-30": -653, "2020-03-31": "1619.00000", "2019-12-31": -3597, "2019-09-30": 1556, "2019-06-30": -641, "2019-03-31": "814.00000", "2018-12-31": -1981, "2018-09-30": 1926, "2018-06-30": -614, "2017-12-31": 1069}, "Debt Issuance/Retirement Net - Total": {"2020-12-31": -2139, "2020-09-30": 616, "2020-06-30": 28, "2020-03-31": "2493.00000", "2019-12-31": -3598, "2019-09-30": 1556, "2019-06-30": -7159, "2019-03-31": "1530.00000", "2018-12-31": -4418, "2018-09-30": -762, "2018-06-30": -2981, "2017-12-31": 2961}, "Net Common Equity Issued/Repurchased": {"2020-12-31": -155, "2020-09-30": -31, "2020-06-30": 3, "2020-03-31": "-36.00000", "2019-12-31": 4, "2019-09-30": -21, "2019-06-30": 4, "2019-03-31": "35.00000", "2018-12-31": 0, "2018-09-30": 0, "2018-06-30": 0, "2017-12-31": 0}, "Net Total Equity Issued/Repurchased": {"2020-12-31": -155, "2020-09-30": -31, "2020-06-30": 3, "2020-03-31": "-36.00000", "2019-12-31": 4, "2019-09-30": -21, "2019-06-30": 4, "2019-03-31": "35.00000", "2018-12-31": 4, "2018-09-30": 24, "2018-06-30": -208, "2017-12-31": 265}, "Total Common And Preferred Stock Dividends Paid": {"2020-12-31": -97, "2020-09-30": -97, "2020-06-30": -97, "2020-03-31": "-97.00000", "2019-12-31": -97, "2019-09-30": -97, "2019-06-30": 0, "2019-03-31": "", "2018-12-31": 0, "2018-09-30": 0, "2018-06-30": 988, "2017-12-31": -988}, "Financial Activities - Other": {"2020-12-31": -1, "2020-09-30": -7, "2020-06-30": -64, "2020-03-31": "-16.00000", "2019-12-31": 1, "2019-09-30": 8, "2019-06-30": 5158, "2019-03-31": "-253.00000", "2018-12-31": 4362, "2018-09-30": -567, "2018-06-30": -422, "2017-12-31": -1282}, "Cash Flow From Financial Activities": {"2020-12-31": -2392, "2020-09-30": 481, "2020-06-30": -130, "2020-03-31": "2344.00000", "2019-12-31": -3690, "2019-09-30": 1446, "2019-06-30": -1997, "2019-03-31": "1312.00000", "2018-12-31": -2033, "2018-09-30": 621, "2018-06-30": -3237, "2017-12-31": 2025}, "Net Cash Flow": {"2020-12-31": 751, "2020-09-30": -49, "2020-06-30": 831, "2020-03-31": "167.00000", "2019-12-31": -227, "2019-09-30": -113, "2019-06-30": -1800, "2019-03-31": "-711.00000", "2018-12-31": 896, "2018-09-30": -883, "2018-06-30": -6171, "2017-12-31": 3268}, "Stock-Based Compensation": {"2020-12-31": 0, "2020-09-30": 0, "2020-06-30": 0, "2020-03-31": "", "2019-12-31": 0, "2019-09-30": 0, "2019-06-30": 0, "2019-03-31": "", "2018-12-31": 0, "2018-09-30": 0, "2018-06-30": 0, "2017-12-31": 0}, "Common Stock Dividends Paid": {"2020-12-31": -97, "2020-09-30": -97, "2020-06-30": -97, "2020-03-31": "-97.00000", "2019-12-31": -97, "2019-09-30": -97, "2019-06-30": 0, "2019-03-31": "", "2018-12-31": 0, "2018-09-30": 0, "2018-06-30": 0, "2017-12-31": 0}}, "financial ratios": {"Current Ratio": {"2019-12-31": "1.64110", "2018-12-31": "1.72590", "2017-12-31": ""}, "Long-term Debt / Capital": {"2019-12-31": "0.00470", "2018-12-31": "0.07150", "2017-12-31": ""}, "Debt/Equity Ratio": {"2019-12-31": "0.00500", "2018-12-31": "0.10560", "2017-12-31": ""}, "Gross Margin": {"2019-12-31": "38.06880", "2018-12-31": "30.37030", "2017-12-31": "40.80870"}, "Operating Margin": {"2019-12-31": "-1.30000", "2018-12-31": "-45.27890", "2017-12-31": "-1.20740"}, "EBIT Margin": {"2019-12-31": "-1.30000", "2018-12-31": "-45.27890", "2017-12-31": "-1.20740"}, "EBITDA Margin": {"2019-12-31": "20.17190", "2018-12-31": "17.16250", "2017-12-31": "28.81880"}, "Pre-Tax Profit Margin": {"2019-12-31": "-2.28220", "2018-12-31": "-47.63770", "2017-12-31": "-4.66120"}, "Net Profit Margin": {"2019-12-31": "-6.92620", "2018-12-31": "-35.45180", "2017-12-31": "27.29320"}, "Asset Turnover": {"2019-12-31": "0.32660", "2018-12-31": "0.13150", "2017-12-31": ""}, "Inventory Turnover Ratio": {"2019-12-31": "1.70410", "2018-12-31": "1.87340", "2017-12-31": ""}, "Receiveable Turnover": {"2019-12-31": "2.50470", "2018-12-31": "2.71620", "2017-12-31": ""}, "Days Sales In Receivables": {"2019-12-31": "145.72580", "2018-12-31": "134.38090", "2017-12-31": ""}, "ROE - Return On Equity": {"2019-12-31": "-1.09960", "2018-12-31": "-9.01490", "2017-12-31": ""}, "Return On Tangible Equity": {"2019-12-31": "-9.30390", "2018-12-31": "-12.80600", "2017-12-31": ""}, "ROA - Return On Assets": {"2019-12-31": "-0.63680", "2018-12-31": "-6.23370", "2017-12-31": ""}, "ROI - Return On Investment": {"2019-12-31": "-1.09440", "2018-12-31": "-8.37070", "2017-12-31": ""}, "Book Value Per Share": {"2019-12-31": "32.80220", "2018-12-31": "", "2017-12-31": ""}, "Operating Cash Flow Per Share": {"2019-12-31": 0.7831, "2018-12-31": 1.0115, "2017-12-31": -0.367}, "Free Cash Flow Per Share": {"2019-12-31": 1.4744, "2018-12-31": -2.8542, "2017-12-31": 1.5879}}, "financial ratios, quarterly": {"Current Ratio": {"2020-09-30": "1.82160", "2020-06-30": "1.91550", "2020-03-31": "1.59570", "2019-12-31": "1.64110", "2019-09-30": "1.56980", "2019-06-30": "1.67690", "2019-03-31": "", "2018-12-31": "", "2018-09-30": "1.76260", "2018-06-30": "1.88830", "2017-12-31": ""}, "Long-term Debt / Capital": {"2020-09-30": "0.04330", "2020-06-30": "0.04250", "2020-03-31": "0.02490", "2019-12-31": "0.00470", "2019-09-30": "0.00460", "2019-06-30": "0.00450", "2019-03-31": "", "2018-12-31": "", "2018-09-30": "0.12420", "2018-06-30": "0.11130", "2017-12-31": ""}, "Debt/Equity Ratio": {"2020-09-30": "0.13320", "2020-06-30": "0.10610", "2020-03-31": "0.10840", "2019-12-31": "0.00500", "2019-09-30": "0.14730", "2019-06-30": "0.08340", "2019-03-31": "", "2018-12-31": "", "2018-09-30": "0.20260", "2018-06-30": "0.17310", "2017-12-31": ""}, "Gross Margin": {"2020-09-30": "30.38110", "2020-06-30": "45.50180", "2020-03-31": "42.64410", "2019-12-31": "34.02620", "2019-09-30": "29.40870", "2019-06-30": "45.15840", "2019-03-31": "34.89400", "2018-12-31": "", "2018-09-30": "23.72880", "2018-06-30": "35.66570", "2017-12-31": ""}, "Operating Margin": {"2020-09-30": "-26.62370", "2020-06-30": "16.52860", "2020-03-31": "10.56620", "2019-12-31": "-5.46430", "2019-09-30": "-32.02510", "2019-06-30": "14.16490", "2019-03-31": "-5.65370", "2018-12-31": "", "2018-09-30": "-285.97840", "2018-06-30": "6.90980", "2017-12-31": ""}, "EBIT Margin": {"2020-09-30": "-26.62370", "2020-06-30": "16.52860", "2020-03-31": "10.56620", "2019-12-31": "-5.46430", "2019-09-30": "-32.02510", "2019-06-30": "14.16490", "2019-03-31": "-5.65370", "2018-12-31": "", "2018-09-30": "-285.97840", "2018-06-30": "6.90980", "2017-12-31": ""}, "EBITDA Margin": {"2020-09-30": "", "2020-06-30": "", "2020-03-31": "", "2019-12-31": "", "2019-09-30": "", "2019-06-30": "", "2019-03-31": "", "2018-12-31": "", "2018-09-30": "", "2018-06-30": "", "2017-12-31": ""}, "Pre-Tax Profit Margin": {"2020-09-30": "-27.21420", "2020-06-30": "16.25890", "2020-03-31": "10.31350", "2019-12-31": "-6.26890", "2019-09-30": "-33.01940", "2019-06-30": "13.55290", "2019-03-31": "-7.39100", "2018-12-31": "", "2018-09-30": "-290.19000", "2018-06-30": "5.37430", "2017-12-31": ""}, "Net Profit Margin": {"2020-09-30": "-21.04130", "2020-06-30": "14.64070", "2020-03-31": "6.87560", "2019-12-31": "-0.70400", "2019-09-30": "-25.85030", "2019-06-30": "-10.94310", "2019-03-31": "4.82920", "2018-12-31": "", "2018-09-30": "-263.02010", "2018-06-30": "12.10960", "2017-12-31": ""}, "Asset Turnover": {"2020-09-30": "0.04470", "2020-06-30": "0.12310", "2020-03-31": "0.09200", "2019-12-31": "0.07040", "2019-09-30": "0.04420", "2019-06-30": "0.12650", "2019-03-31": "", "2018-12-31": "", "2018-09-30": "0.01780", "2018-06-30": "0.04940", "2017-12-31": ""}, "Inventory Turnover Ratio": {"2020-09-30": "0.29650", "2020-06-30": "0.78820", "2020-03-31": "0.51560", "2019-12-31": "0.39110", "2019-09-30": "0.30640", "2019-06-30": "0.77770", "2019-03-31": "", "2018-12-31": "", "2018-09-30": "0.30320", "2018-06-30": "0.84530", "2017-12-31": ""}, "Receiveable Turnover": {"2020-09-30": "0.33110", "2020-06-30": "0.76650", "2020-03-31": "0.58390", "2019-12-31": "0.53960", "2019-09-30": "0.29070", "2019-06-30": "0.74740", "2019-03-31": "", "2018-12-31": "", "2018-09-30": "0.29740", "2018-06-30": "0.78170", "2017-12-31": ""}, "Days Sales In Receivables": {"2020-09-30": "271.83580", "2020-06-30": "117.41090", "2020-03-31": "154.13300", "2019-12-31": "166.78510", "2019-09-30": "309.60750", "2019-06-30": "120.42120", "2019-03-31": "", "2018-12-31": "", "2018-09-30": "302.63480", "2018-06-30": "115.12650", "2017-12-31": ""}, "ROE - Return On Equity": {"2020-09-30": "-1.60190", "2020-06-30": "3.08860", "2020-03-31": "1.16700", "2019-12-31": "-0.17100", "2019-09-30": "-2.08620", "2019-06-30": "1.85290", "2019-03-31": "", "2018-12-31": "", "2018-09-30": "-7.83620", "2018-06-30": "0.48260", "2017-12-31": ""}, "Return On Tangible Equity": {"2020-09-30": "-11.73990", "2020-06-30": "20.91750", "2020-03-31": "9.99640", "2019-12-31": "-1.44730", "2019-09-30": "-15.38240", "2019-06-30": "12.11740", "2019-03-31": "", "2018-12-31": "", "2018-09-30": "-11.36170", "2018-06-30": "0.73860", "2017-12-31": ""}, "ROA - Return On Assets": {"2020-09-30": "-0.93550", "2020-06-30": "1.81600", "2020-03-31": "0.65380", "2019-12-31": "-0.09910", "2019-09-30": "-1.21890", "2019-06-30": "1.09970", "2019-03-31": "", "2018-12-31": "", "2018-09-30": "-5.14560", "2018-06-30": "0.32290", "2017-12-31": ""}, "ROI - Return On Investment": {"2020-09-30": "-1.53250", "2020-06-30": "2.95720", "2020-03-31": "1.13800", "2019-12-31": "-0.17020", "2019-09-30": "-2.07670", "2019-06-30": "1.84460", "2019-03-31": "", "2018-12-31": "", "2018-09-30": "-6.86260", "2018-06-30": "0.42890", "2017-12-31": ""}, "Book Value Per Share": {"2020-09-30": "32.57030", "2020-06-30": "33.13490", "2020-03-31": "32.17530", "2019-12-31": "32.80220", "2019-09-30": "33.75380", "2019-06-30": "34.81100", "2019-03-31": "", "2018-12-31": "", "2018-09-30": "", "2018-06-30": "", "2017-12-31": ""}, "Operating Cash Flow Per Share": {"2020-09-30": -0.4942, "2020-06-30": 1.4086, "2020-03-31": "-2.56480", "2019-12-31": 4.5003, "2019-09-30": -1.622, "2019-06-30": 0.6056, "2019-03-31": "-2.05630", "2018-12-31": 0, "2018-09-30": 0, "2018-06-30": 0, "2017-12-31": 0}, "Free Cash Flow Per Share": {"2020-09-30": -0.6217, "2020-06-30": 1.3193, "2020-03-31": "-2.72030", "2019-12-31": 4.4456, "2019-09-30": -1.8415, "2019-06-30": 0.3782, "2019-03-31": "-2.77420", "2018-12-31": 0, "2018-09-30": 0, "2018-06-30": 0, "2017-12-31": 0}}, "revenue": {"Corteva Annual Revenue (Millions of US $)": {"2020": "$14,217", "2019": "$13,846", "2018": "$14,287", "2017": "$10,684"}, "Corteva Quarterly Revenue (Millions of US $)": {"2020-12-31": "$3,207", "2020-09-30": "$1,863", "2020-06-30": "$5,191", "2020-03-31": "$3,956", "2019-12-31": "$2,983", "2019-09-30": "$1,911", "2019-06-30": "$5,556", "2019-03-31": "$3,396", "2018-12-31": "", "2018-09-30": "$1,947", "2018-06-30": "$5,731", "2017-12-31": ""}}, "gross-profit": {"Corteva Annual Gross Profit (Millions of US $)": {"2020": "$5,710", "2019": "$5,271", "2018": "$4,339", "2017": "$4,360"}, "Corteva Quarterly Gross Profit (Millions of US $)": {"2020-12-31": "$1,095", "2020-09-30": "$566", "2020-06-30": "$2,362", "2020-03-31": "$1,687", "2019-12-31": "$1,015", "2019-09-30": "$562", "2019-06-30": "$2,509", "2019-03-31": "$1,185", "2018-12-31": "", "2018-09-30": "$462", "2018-06-30": "$2,044", "2017-12-31": ""}}, "operating-income": {"Corteva Annual Operating Income (Millions of US $)": {"2020": "$720", "2019": "$-180", "2018": "$-6,469", "2017": "$-129"}, "Corteva Quarterly Operating Income (Millions of US $)": {"2020-12-31": "$-60", "2020-09-30": "$-496", "2020-06-30": "$858", "2020-03-31": "$418", "2019-12-31": "$-163", "2019-09-30": "$-612", "2019-06-30": "$787", "2019-03-31": "$-192", "2018-12-31": "", "2018-09-30": "$-5,568", "2018-06-30": "$396", "2017-12-31": ""}}, "ebitda": {"Corteva Annual EBITDA (Millions of US $)": {"2019": "$2,793", "2018": "$2,452", "2017": "$3,079"}, "Corteva Quarterly EBITDA (Millions of US $)": {"2020-09-30": "$-211", "2020-06-30": "$1,158", "2020-03-31": "$701", "2019-12-31": "$126", "2019-09-30": "$-371", "2019-06-30": "$2,299", "2019-03-31": "$739", "2018-12-31": "", "2018-09-30": "$-274", "2018-06-30": "$396", "2017-12-31": ""}}, "net-income": {"Corteva Annual Net Income (Millions of US $)": {"2020": "$681", "2019": "$-959", "2018": "$-5,065", "2017": "$2,916"}, "Corteva Quarterly Net Income (Millions of US $)": {"2020-12-31": "$41", "2020-09-30": "$-392", "2020-06-30": "$760", "2020-03-31": "$272", "2019-12-31": "$-21", "2019-09-30": "$-494", "2019-06-30": "$-608", "2019-03-31": "$164", "2018-12-31": "", "2018-09-30": "$-5,121", "2018-06-30": "$694", "2017-12-31": ""}}, "eps-earnings-per-share-diluted": {"Corteva Annual EPS": {"2020": "$0.91", "2019": "$-1.28", "2018": "$-6.76", "2017": "$3.89"}, "Corteva Quarterly EPS": {"2020-12-31": "$0.05", "2020-09-30": "$-0.52", "2020-06-30": "$1.01", "2020-03-31": "$0.36", "2019-12-31": "$-0.03", "2019-09-30": "$-0.66", "2019-06-30": "$-0.81", "2019-03-31": "$0.22", "2018-12-31": "$0.00", "2018-09-30": "$0.00", "2018-06-30": "$0.00", "2017-12-31": "$0.00"}}, "shares-outstanding": {"Corteva Annual Shares Outstanding (Millions of Shares)": {"2020": "751", "2019": "750", "2018": "749", "2017": "749"}, "Corteva Quarterly Shares Outstanding (Millions of Shares)": {"2020-12-31": "750", "2020-09-30": "750", "2020-06-30": "752", "2020-03-31": "753", "2019-12-31": "750", "2019-09-30": "750", "2019-06-30": "750", "2019-03-31": "749", "2018-12-31": "", "2018-09-30": "", "2018-06-30": "", "2017-12-31": ""}}, "total-assets": {"Corteva Annual Total Assets (Millions of US $)": {"2019": "$42,397", "2018": "$108,683", "2017": "$0"}, "Corteva Quarterly Total Assets (Millions of US $)": {"2020-09-30": "$41,690", "2020-06-30": "$42,180", "2020-03-31": "$42,978", "2019-12-31": "$42,397", "2019-09-30": "$43,235", "2019-06-30": "$43,922", "2019-03-31": "$0", "2018-12-31": "$108,683", "2018-09-30": "$109,648", "2018-06-30": "$116,129", "2017-12-31": "$0"}}, "cash-on-hand": {"Corteva Annual Cash on Hand (Millions of US $)": {"2019": "$1,769", "2018": "$2,275", "2017": "$"}, "Corteva Quarterly Cash on Hand (Millions of US $)": {"2020-09-30": "$2,920", "2020-06-30": "$2,869", "2020-03-31": "$1,973", "2019-12-31": "$1,769", "2019-09-30": "$2,097", "2019-06-30": "$2,083", "2019-03-31": "", "2018-12-31": "$2,275", "2018-09-30": "$1,799", "2018-06-30": "$2,745", "2017-12-31": ""}}, "long-term-debt": {"Corteva Annual Long Term Debt (Millions of US $)": {"2019": "$115", "2018": "$5,784", "2017": "$"}, "Corteva Quarterly Long Term Debt (Millions of US $)": {"2020-09-30": "$1,102", "2020-06-30": "$1,102", "2020-03-31": "$614", "2019-12-31": "$115", "2019-09-30": "$116", "2019-06-30": "$117", "2019-03-31": "", "2018-12-31": "$5,784", "2018-09-30": "$10,215", "2018-06-30": "$9,736", "2017-12-31": ""}}, "total-liabilities": {"Corteva Annual Total Liabilities (Millions of US $)": {"2019": "$17,842", "2018": "$33,530", "2017": "$0"}, "Corteva Quarterly Total Liabilities (Millions of US $)": {"2020-09-30": "$17,344", "2020-06-30": "$17,379", "2020-03-31": "$18,899", "2019-12-31": "$17,842", "2019-09-30": "$17,974", "2019-06-30": "$17,855", "2019-03-31": "$0", "2018-12-31": "$33,530", "2018-09-30": "$37,649", "2018-06-30": "$38,426", "2017-12-31": "$0"}}, "total-share-holder-equity": {"Corteva Annual Share Holder Equity (Millions of US $)": {"2019": "$24,555", "2018": "$75,153", "2017": "$0"}, "Corteva Quarterly Share Holder Equity (Millions of US $)": {"2020-09-30": "$24,346", "2020-06-30": "$24,801", "2020-03-31": "$24,079", "2019-12-31": "$24,555", "2019-09-30": "$25,261", "2019-06-30": "$26,067", "2019-03-31": "$0", "2018-12-31": "$75,153", "2018-09-30": "$71,999", "2018-06-30": "$77,703", "2017-12-31": "$0"}}, "profit-margins": {"current": "4.79%"}, "gross margin": {"2020-12-31": "40.16%", "2020-09-30": "40.23%", "2020-06-30": "40.07%", "2020-03-31": "40.07%", "2019-12-31": "38.07%", "2019-06-30": "38.13%", "2019-03-31": "33.33%"}, "operating margin": {"2020-12-31": "5.06%", "2020-09-30": "4.41%", "2020-06-30": "3.57%", "2020-03-31": "2.98%", "2019-12-31": "-1.30%", "2019-06-30": "-45.63%", "2019-03-31": "-48.44%"}, "ebitda margin": {"2020-09-30": "12.68%", "2020-06-30": "11.49%", "2020-03-31": "19.12%", "2019-12-31": "20.17%", "2019-06-30": "25.36%", "2019-03-31": "7.77%"}, "pre tax profit margin": {"2020-12-31": "4.75%", "2020-09-30": "3.99%", "2020-06-30": "3.09%", "2020-03-31": "2.38%", "2019-12-31": "-2.28%", "2019-06-30": "-47.23%", "2019-03-31": "-50.51%"}, "net profit margin": {"2020-12-31": "4.79%", "2020-09-30": "4.42%", "2020-06-30": "3.68%", "2020-03-31": "-5.91%", "2019-12-31": "-6.93%", "2019-06-30": "-51.06%", "2019-03-31": "-38.50%"}, "pe ratio": {"current": "28.95", "2021-02-11": "51.22", "2020-12-31": "45.55", "2020-09-30": "35.00", "2020-06-30": "39.06", "2020-03-31": "0.00"}, "price sales": {"2021-02-11": "2.30", "2020-12-31": "2.05", "2020-09-30": "1.54", "2020-06-30": "1.42", "2020-03-31": "1.21"}, "price book": {"current": "1.29", "2021-02-11": "1.34", "2020-09-30": "0.88", "2020-06-30": "0.80", "2020-03-31": "0.72", "2019-12-31": "0.88", "2019-09-30": "0.81", "2019-06-30": "0.83"}, "price fcf": {"2021-02-11": "", "2020-09-30": "$2.42", "2020-06-30": "$1.20", "2020-03-31": "$-2.51"}, "net worth": {"value": "$32.36B"}, "current ratio": {"2020-12-31": "1.73", "2020-09-30": "1.82", "2020-06-30": "1.92", "2020-03-31": "1.60", "2019-12-31": "1.64", "2019-09-30": "1.57", "2019-06-30": "1.68", "2019-03-31": "0.00", "2018-12-31": "1.73", "2018-09-30": "1.76", "2018-06-30": "1.89", "2017-12-31": "0.00"}, "quick ratio": {"2020-12-31": "1.16", "2020-09-30": "1.26", "2020-06-30": "1.44", "2020-03-31": "1.12", "2019-12-31": "1.03", "2019-09-30": "1.08", "2019-06-30": "1.22", "2019-03-31": "0.00", "2018-12-31": "1.33", "2018-09-30": "1.39", "2018-06-30": "1.55", "2017-12-31": "0.00"}, "debt equity ratio": {"current": "0.04", "2020-12-31": "0.70", "2020-09-30": "0.71", "2020-06-30": "0.70", "2020-03-31": "0.79", "2019-12-31": "0.73", "2019-09-30": "0.71", "2019-06-30": "0.69", "2019-03-31": "0.00", "2018-12-31": "0.45", "2018-09-30": "0.52", "2018-06-30": "0.50", "2017-12-31": "0.00"}, "return on equity": {"2020-12-31": "2.77%", "2020-09-30": "2.53%", "2020-06-30": "2.10%", "2020-03-31": "-3.41%", "2019-12-31": "-5.06%", "2019-06-30": "-12.85%", "2019-03-31": "-7.58%"}, "return on assets": {"2020-12-31": "1.61%", "2020-09-30": "1.46%", "2020-06-30": "1.21%", "2020-03-31": "-1.97%", "2019-12-31": "-2.96%", "2019-06-30": "-8.49%", "2019-03-31": "-5.10%"}, "return on investments": {"2020-12-31": "2.82%", "2020-09-30": "2.45%", "2020-06-30": "1.99%", "2020-03-31": "1.70%", "2019-12-31": "-0.94%", "2019-06-30": "-10.51%", "2019-03-31": "-8.56%"}, "return on tangible equity": {"2020-09-30": "19.50%", "2020-06-30": "16.15%", "2020-03-31": "-25.94%", "2019-12-31": "-37.19%", "2019-06-30": "-20.89%", "2019-03-31": "-11.12%"}, "dividend yield history": {"last payout": "$0.52", "last yield": "1.20%"}}