{"ticker": "CUBE", "price": {"title": "CubeSmart Historical Annual Stock Price Data", "value": 35.29, "historical": {"2020": {"Average Stock Price": "30.0521", "Year Open": "31.2800", "Year High": "34.8700", "Year Low": "20.8500", "Year Close": "33.6100", "Annual % Change": "6.77%"}, "2019": {"Average Stock Price": "32.5827", "Year Open": "28.0700", "Year High": "36.3100", "Year Low": "28.0700", "Year Close": "31.4800", "Annual % Change": "9.72%"}, "2018": {"Average Stock Price": "29.3093", "Year Open": "28.5400", "Year High": "32.9700", "Year Low": "25.3400", "Year Close": "28.6900", "Annual % Change": "-0.80%"}, "2017": {"Average Stock Price": "26.0698", "Year Open": "26.6200", "Year High": "29.6500", "Year Low": "22.9400", "Year Close": "28.9200", "Annual % Change": "8.03%"}, "2016": {"Average Stock Price": "29.0364", "Year Open": "30.2800", "Year High": "33.3000", "Year Low": "23.8800", "Year Close": "26.7700", "Annual % Change": "-12.57%"}, "2015": {"Average Stock Price": "25.5080", "Year Open": "22.3700", "Year High": "31.4200", "Year Low": "22.3100", "Year Close": "30.6200", "Annual % Change": "38.74%"}, "2014": {"Average Stock Price": "18.5661", "Year Open": "15.9200", "Year High": "22.9200", "Year Low": "15.6300", "Year Close": "22.0700", "Annual % Change": "38.46%"}, "2013": {"Average Stock Price": "16.4280", "Year Open": "14.7100", "Year High": "19.4800", "Year Low": "14.2400", "Year Close": "15.9400", "Annual % Change": "9.40%"}, "2012": {"Average Stock Price": "12.2640", "Year Open": "10.5400", "Year High": "14.6700", "Year Low": "10.3000", "Year Close": "14.5700", "Annual % Change": "36.94%"}, "2011": {"Average Stock Price": "10.0513", "Year Open": "9.6700", "Year High": "11.3900", "Year Low": "8.0400", "Year Close": "10.6400", "Annual % Change": "11.65%"}, "2010": {"Average Stock Price": "7.9956", "Year Open": "7.2100", "Year High": "9.5600", "Year Low": "6.3100", "Year Close": "9.5300", "Annual % Change": "30.19%"}, "2009": {"Average Stock Price": "4.7088", "Year Open": "4.3800", "Year High": "7.6000", "Year Low": "1.4000", "Year Close": "7.3200", "Annual % Change": "64.49%"}, "2008": {"Average Stock Price": "9.9297", "Year Open": "9.1200", "Year High": "13.3800", "Year Low": "3.6200", "Year Close": "4.4500", "Annual % Change": "-51.42%"}, "2007": {"Average Stock Price": "16.1996", "Year Open": "20.6900", "Year High": "23.2000", "Year Low": "9.1600", "Year Close": "9.1600", "Annual % Change": "-55.43%"}, "2006": {"Average Stock Price": "20.0378", "Year Open": "21.4500", "Year High": "22.6600", "Year Low": "16.0500", "Year Close": "20.5500", "Annual % Change": "-2.38%"}, "2005": {"Average Stock Price": "18.9831", "Year Open": "17.2900", "Year High": "21.7600", "Year Low": "16.0200", "Year Close": "21.0500", "Annual % Change": "21.33%"}, "2004": {"Average Stock Price": "17.0743", "Year Open": "16.7300", "Year High": "17.4500", "Year Low": "16.5000", "Year Close": "17.3500", "Annual % Change": "0.00%"}}}, "market cap": {"value": "$6.89B"}, "income statement": {"Revenue": {"2019-12-31": "643.91500", "2018-12-31": "597.94400", "2017-12-31": "558.94300", "2016-12-31": "510.03900", "2015-12-31": "444.52100", "2014-12-31": "376.96300", "2013-12-31": "318.39500", "2012-12-31": "266.32200", "2011-12-31": "211.00400", "2010-12-31": "199.69100", "2009-12-31": "203.61700", "2008-12-31": "217.33000", "2007-12-31": "207.96900", "2006-12-31": "200.64600", "2005-12-31": "145.57500"}, "Cost Of Goods Sold": {"2019-12-31": "209.73900", "2018-12-31": "196.86600", "2017-12-31": "181.50800", "2016-12-31": "165.84700", "2015-12-31": "153.17200", "2014-12-31": "132.70100", "2013-12-31": "118.22200", "2012-12-31": "103.48800", "2011-12-31": "87.57000", "2010-12-31": "85.77900", "2009-12-31": "88.39500", "2008-12-31": "92.53300", "2007-12-31": "88.68700", "2006-12-31": "81.62000", "2005-12-31": "54.83600"}, "Gross Profit": {"2019-12-31": "434.17600", "2018-12-31": "401.07800", "2017-12-31": "377.43500", "2016-12-31": "344.19200", "2015-12-31": "291.34900", "2014-12-31": "244.26200", "2013-12-31": "200.17300", "2012-12-31": "162.83400", "2011-12-31": "123.43400", "2010-12-31": "113.91200", "2009-12-31": "115.22200", "2008-12-31": "124.79700", "2007-12-31": "119.28200", "2006-12-31": "119.02600", "2005-12-31": "90.73900"}, "Research And Development Expenses": {"2019-12-31": "", "2018-12-31": "", "2017-12-31": "", "2016-12-31": "", "2015-12-31": "", "2014-12-31": "", "2013-12-31": "", "2012-12-31": "", "2011-12-31": "", "2010-12-31": "", "2009-12-31": "", "2008-12-31": "", "2007-12-31": "", "2006-12-31": "", "2005-12-31": ""}, "SG&A Expenses": {"2019-12-31": "38.56000", "2018-12-31": "37.71200", "2017-12-31": "34.74500", "2016-12-31": "32.82300", "2015-12-31": "28.37100", "2014-12-31": "28.42200", "2013-12-31": "29.56300", "2012-12-31": "26.13100", "2011-12-31": "24.69300", "2010-12-31": "25.40600", "2009-12-31": "22.56900", "2008-12-31": "24.96400", "2007-12-31": "22.30300", "2006-12-31": "22.28800", "2005-12-31": "18.52200"}, "Other Operating Income Or Expenses": {"2019-12-31": "", "2018-12-31": "", "2017-12-31": "", "2016-12-31": "", "2015-12-31": "", "2014-12-31": "", "2013-12-31": "", "2012-12-31": "", "2011-12-31": "", "2010-12-31": "", "2009-12-31": "", "2008-12-31": "", "2007-12-31": "-1.31600", "2006-12-31": "", "2005-12-31": ""}, "Operating Expenses": {"2019-12-31": "411.84600", "2018-12-31": "377.92800", "2017-12-31": "363.22800", "2016-12-31": "367.08700", "2015-12-31": "336.63300", "2014-12-31": "295.42000", "2013-12-31": "263.94700", "2012-12-31": "242.53500", "2011-12-31": "174.23500", "2010-12-31": "170.06100", "2009-12-31": "177.94800", "2008-12-31": "189.47100", "2007-12-31": "176.97800", "2006-12-31": "166.30900", "2005-12-31": "112.83700"}, "Operating Income": {"2019-12-31": "232.06900", "2018-12-31": "220.01600", "2017-12-31": "195.71500", "2016-12-31": "142.95200", "2015-12-31": "107.88800", "2014-12-31": "81.54300", "2013-12-31": "54.44800", "2012-12-31": "23.78700", "2011-12-31": "36.76900", "2010-12-31": "29.63000", "2009-12-31": "25.66900", "2008-12-31": "27.85900", "2007-12-31": "30.99100", "2006-12-31": "34.33700", "2005-12-31": "32.73800"}, "Total Non-Operating Income/Expense": {"2019-12-31": "-61.29800", "2018-12-31": "-54.52800", "2017-12-31": "-60.10400", "2016-12-31": "-54.57600", "2015-12-31": "-29.13200", "2014-12-31": "-55.17700", "2013-12-31": "-44.03900", "2012-12-31": "-37.06300", "2011-12-31": "-50.16900", "2010-12-31": "-44.63000", "2009-12-31": "-46.96000", "2008-12-31": "-53.69600", "2007-12-31": "-55.36100", "2006-12-31": "-48.28500", "2005-12-31": "-31.68800"}, "Pre-Tax Income": {"2019-12-31": "170.77100", "2018-12-31": "165.48800", "2017-12-31": "135.61100", "2016-12-31": "88.37600", "2015-12-31": "78.75600", "2014-12-31": "26.36600", "2013-12-31": "10.40900", "2012-12-31": "-13.27600", "2011-12-31": "-13.40000", "2010-12-31": "-15.00000", "2009-12-31": "-21.29100", "2008-12-31": "-25.83700", "2007-12-31": "-24.37000", "2006-12-31": "-13.94800", "2005-12-31": "1.05000"}, "Income Taxes": {"2019-12-31": "", "2018-12-31": "", "2017-12-31": "", "2016-12-31": "", "2015-12-31": "", "2014-12-31": "", "2013-12-31": "", "2012-12-31": "", "2011-12-31": "", "2010-12-31": "", "2009-12-31": "", "2008-12-31": "", "2007-12-31": "", "2006-12-31": "", "2005-12-31": ""}, "Income After Taxes": {"2019-12-31": "170.77100", "2018-12-31": "165.48800", "2017-12-31": "135.61100", "2016-12-31": "88.37600", "2015-12-31": "78.75600", "2014-12-31": "26.36600", "2013-12-31": "10.40900", "2012-12-31": "-13.27600", "2011-12-31": "-13.40000", "2010-12-31": "-15.00000", "2009-12-31": "-21.29100", "2008-12-31": "-25.83700", "2007-12-31": "-24.37000", "2006-12-31": "-13.94800", "2005-12-31": "1.05000"}, "Other Income": {"2019-12-31": "", "2018-12-31": "", "2017-12-31": "", "2016-12-31": "", "2015-12-31": "", "2014-12-31": "", "2013-12-31": "", "2012-12-31": "", "2011-12-31": "", "2010-12-31": "", "2009-12-31": "", "2008-12-31": "", "2007-12-31": "", "2006-12-31": "", "2005-12-31": ""}, "Income From Continuous Operations": {"2019-12-31": "170.77100", "2018-12-31": "165.48800", "2017-12-31": "135.61100", "2016-12-31": "88.37600", "2015-12-31": "78.75600", "2014-12-31": "26.36600", "2013-12-31": "10.40900", "2012-12-31": "-13.27600", "2011-12-31": "-13.40000", "2010-12-31": "-15.00000", "2009-12-31": "-21.29100", "2008-12-31": "-25.83700", "2007-12-31": "-24.37000", "2006-12-31": "-13.52400", "2005-12-31": "0.97900"}, "Income From Discontinued Operations": {"2019-12-31": "", "2018-12-31": "", "2017-12-31": "", "2016-12-31": "", "2015-12-31": "", "2014-12-31": "0.33600", "2013-12-31": "31.58500", "2012-12-31": "16.90400", "2011-12-31": "15.84700", "2010-12-31": "8.98100", "2009-12-31": "20.95900", "2008-12-31": "28.93900", "2007-12-31": "10.12300", "2006-12-31": "4.97300", "2005-12-31": "0.58900"}, "Net Income": {"2019-12-31": "169.11700", "2018-12-31": "163.88900", "2017-12-31": "134.28800", "2016-12-31": "79.92300", "2015-12-31": "71.70400", "2014-12-31": "20.37100", "2013-12-31": "35.44000", "2012-12-31": "-4.19100", "2011-12-31": "-1.61600", "2010-12-31": "-7.39300", "2009-12-31": "-0.93700", "2008-12-31": "2.79200", "2007-12-31": "-13.07700", "2006-12-31": "-8.55100", "2005-12-31": "1.56800"}, "EBITDA": {"2019-12-31": "398.43500", "2018-12-31": "365.67900", "2017-12-31": "344.03400", "2016-12-31": "307.39400", "2015-12-31": "262.00100", "2014-12-31": "210.54600", "2013-12-31": "171.52200", "2012-12-31": "142.36000", "2011-12-31": "110.47100", "2010-12-31": "100.48000", "2009-12-31": "101.57700", "2008-12-31": "107.99100", "2007-12-31": "103.20900", "2006-12-31": "101.06400", "2005-12-31": "74.91200"}, "EBIT": {"2019-12-31": "232.06900", "2018-12-31": "220.01600", "2017-12-31": "195.71500", "2016-12-31": "142.95200", "2015-12-31": "107.88800", "2014-12-31": "81.54300", "2013-12-31": "54.44800", "2012-12-31": "23.78700", "2011-12-31": "36.76900", "2010-12-31": "29.63000", "2009-12-31": "25.66900", "2008-12-31": "27.85900", "2007-12-31": "30.99100", "2006-12-31": "34.33700", "2005-12-31": "32.73800"}, "Basic Shares Outstanding": {"2019-12-31": "190.87400", "2018-12-31": "184.65300", "2017-12-31": "180.52500", "2016-12-31": "178.24600", "2015-12-31": "168.64000", "2014-12-31": "149.10700", "2013-12-31": "135.19100", "2012-12-31": "124.54800", "2011-12-31": "102.97600", "2010-12-31": "93.99800", "2009-12-31": "70.98800", "2008-12-31": "57.62100", "2007-12-31": "57.49700", "2006-12-31": "57.28700", "2005-12-31": "42.12000"}, "Shares Outstanding": {"2019-12-31": "191.57600", "2018-12-31": "185.49500", "2017-12-31": "181.44800", "2016-12-31": "179.53300", "2015-12-31": "170.19100", "2014-12-31": "150.86300", "2013-12-31": "137.74200", "2012-12-31": "124.54800", "2011-12-31": "102.97600", "2010-12-31": "93.99800", "2009-12-31": "70.98800", "2008-12-31": "57.62100", "2007-12-31": "57.49700", "2006-12-31": "57.28700", "2005-12-31": "42.20300"}, "Basic EPS": {"2019-12-31": "0.89000", "2018-12-31": "0.89000", "2017-12-31": "0.74000", "2016-12-31": "0.45000", "2015-12-31": "0.43000", "2014-12-31": "0.14000", "2013-12-31": "0.26000", "2012-12-31": "-0.03000", "2011-12-31": "-0.02000", "2010-12-31": "-0.08000", "2009-12-31": "-0.01000", "2008-12-31": "0.05000", "2007-12-31": "-0.22000", "2006-12-31": "-0.15000", "2005-12-31": "0.04000"}, "EPS - Earnings Per Share": {"2019-12-31": "0.88000", "2018-12-31": "0.88000", "2017-12-31": "0.74000", "2016-12-31": "0.45000", "2015-12-31": "0.42000", "2014-12-31": "0.14000", "2013-12-31": "0.26000", "2012-12-31": "-0.03000", "2011-12-31": "-0.02000", "2010-12-31": "-0.08000", "2009-12-31": "-0.01000", "2008-12-31": "0.05000", "2007-12-31": "-0.22000", "2006-12-31": "-0.15000", "2005-12-31": "0.04000"}}, "income statement, quarterly": {"Revenue": {"2020-09-30": "172.51100", "2020-06-30": "163.79800", "2020-03-31": "164.08100", "2019-12-31": "165.50600", "2019-09-30": "166.54700", "2019-06-30": "159.01700", "2019-03-31": "152.84500", "2018-12-31": "153.88200", "2018-09-30": "153.37000", "2018-06-30": "147.81500", "2018-03-31": "142.87700", "2017-12-31": "143.48200", "2017-09-30": "143.86500", "2017-06-30": "138.55900", "2017-03-31": "133.03700", "2016-12-31": "132.54600", "2016-09-30": "132.09600", "2016-06-30": "126.52600", "2016-03-31": "118.87100", "2015-12-31": "114.99200", "2015-09-30": "115.97000", "2015-06-30": "109.87100", "2015-03-31": "103.68800", "2014-12-31": "100.26700", "2014-09-30": "97.09200", "2014-06-30": "92.33700", "2014-03-31": "87.26700", "2013-12-31": "82.96400", "2013-09-30": "82.48700", "2013-06-30": "78.28900", "2013-03-31": "74.65500", "2012-12-31": "65.57900", "2012-09-30": "69.36300", "2012-06-30": "67.26800", "2012-03-31": "64.11200", "2011-12-31": "40.28000", "2011-09-30": "58.48900", "2011-06-30": "56.48300", "2011-03-31": "55.75200", "2010-12-31": "41.20700", "2010-09-30": "53.75700", "2010-06-30": "53.16300", "2010-03-31": "51.56400", "2009-12-31": "39.76900", "2009-09-30": "54.62800", "2009-06-30": "54.28700", "2009-03-31": "54.93300", "2008-12-31": "43.75800", "2008-09-30": "57.30700", "2008-06-30": "58.37000", "2008-03-31": "57.89500", "2007-12-31": "41.84500", "2007-09-30": "55.99200", "2007-06-30": "55.47400", "2007-03-31": "54.65800", "2006-12-31": "43.50300", "2006-09-30": "55.97000", "2006-06-30": "52.96300", "2006-03-31": "48.21000", "2005-12-31": "40.77300", "2005-09-30": "41.30300", "2005-06-30": "33.78400", "2005-03-31": "29.71500"}, "Cost Of Goods Sold": {"2020-09-30": "57.10100", "2020-06-30": "55.34500", "2020-03-31": "55.74000", "2019-12-31": "54.72900", "2019-09-30": "53.46500", "2019-06-30": "50.12000", "2019-03-31": "51.42500", "2018-12-31": "49.82900", "2018-09-30": "48.75500", "2018-06-30": "49.52800", "2018-03-31": "48.75400", "2017-12-31": "44.66100", "2017-09-30": "47.15200", "2017-06-30": "44.82100", "2017-03-31": "44.87400", "2016-12-31": "42.21600", "2016-09-30": "41.80500", "2016-06-30": "41.60700", "2016-03-31": "40.21900", "2015-12-31": "38.23400", "2015-09-30": "39.29700", "2015-06-30": "38.21000", "2015-03-31": "37.43100", "2014-12-31": "34.70900", "2014-09-30": "33.62200", "2014-06-30": "32.08000", "2014-03-31": "32.29000", "2013-12-31": "30.58100", "2013-09-30": "30.01100", "2013-06-30": "28.46900", "2013-03-31": "29.16100", "2012-12-31": "23.77200", "2012-09-30": "27.06600", "2012-06-30": "26.70700", "2012-03-31": "25.94300", "2011-12-31": "14.88600", "2011-09-30": "24.08300", "2011-06-30": "23.85600", "2011-03-31": "24.74500", "2010-12-31": "16.56500", "2010-09-30": "23.11100", "2010-06-30": "23.75500", "2010-03-31": "22.34800", "2009-12-31": "16.79700", "2009-09-30": "23.06500", "2009-06-30": "24.92000", "2009-03-31": "23.61300", "2008-12-31": "18.50100", "2008-09-30": "24.74100", "2008-06-30": "24.77700", "2008-03-31": "24.51400", "2007-12-31": "19.79900", "2007-09-30": "24.10500", "2007-06-30": "21.90400", "2007-03-31": "22.87900", "2006-12-31": "19.92500", "2006-09-30": "21.87100", "2006-06-30": "20.88700", "2006-03-31": "18.93700", "2005-12-31": "17.36400", "2005-09-30": "14.66200", "2005-06-30": "12.01400", "2005-03-31": "10.79600"}, "Gross Profit": {"2020-09-30": "115.41000", "2020-06-30": "108.45300", "2020-03-31": "108.34100", "2019-12-31": "110.77700", "2019-09-30": "113.08200", "2019-06-30": "108.89700", "2019-03-31": "101.42000", "2018-12-31": "104.05300", "2018-09-30": "104.61500", "2018-06-30": "98.28700", "2018-03-31": "94.12300", "2017-12-31": "98.82100", "2017-09-30": "96.71300", "2017-06-30": "93.73800", "2017-03-31": "88.16300", "2016-12-31": "90.33000", "2016-09-30": "90.29100", "2016-06-30": "84.91900", "2016-03-31": "78.65200", "2015-12-31": "76.75800", "2015-09-30": "76.67300", "2015-06-30": "71.66100", "2015-03-31": "66.25700", "2014-12-31": "65.55800", "2014-09-30": "63.47000", "2014-06-30": "60.25700", "2014-03-31": "54.97700", "2013-12-31": "52.38300", "2013-09-30": "52.47600", "2013-06-30": "49.82000", "2013-03-31": "45.49400", "2012-12-31": "41.80700", "2012-09-30": "42.29700", "2012-06-30": "40.56100", "2012-03-31": "38.16900", "2011-12-31": "25.39400", "2011-09-30": "34.40600", "2011-06-30": "32.62700", "2011-03-31": "31.00700", "2010-12-31": "24.64200", "2010-09-30": "30.64600", "2010-06-30": "29.40800", "2010-03-31": "29.21600", "2009-12-31": "22.97200", "2009-09-30": "31.56300", "2009-06-30": "29.36700", "2009-03-31": "31.32000", "2008-12-31": "25.25700", "2008-09-30": "32.56600", "2008-06-30": "33.59300", "2008-03-31": "33.38100", "2007-12-31": "22.04600", "2007-09-30": "31.88700", "2007-06-30": "33.57000", "2007-03-31": "31.77900", "2006-12-31": "23.57800", "2006-09-30": "34.09900", "2006-06-30": "32.07600", "2006-03-31": "29.27300", "2005-12-31": "23.40900", "2005-09-30": "26.64100", "2005-06-30": "21.77000", "2005-03-31": "18.91900"}, "Research And Development Expenses": {"2020-09-30": "", "2020-06-30": "", "2020-03-31": "", "2019-12-31": "", "2019-09-30": "", "2019-06-30": "", "2019-03-31": "", "2018-12-31": "", "2018-09-30": "", "2018-06-30": "", "2018-03-31": "", "2017-12-31": "", "2017-09-30": "", "2017-06-30": "", "2017-03-31": "", "2016-12-31": "", "2016-09-30": "", "2016-06-30": "", "2016-03-31": "", "2015-12-31": "", "2015-09-30": "", "2015-06-30": "", "2015-03-31": "", "2014-12-31": "", "2014-09-30": "", "2014-06-30": "", "2014-03-31": "", "2013-12-31": "", "2013-09-30": "", "2013-06-30": "", "2013-03-31": "", "2012-12-31": "", "2012-09-30": "", "2012-06-30": "", "2012-03-31": "", "2011-12-31": "", "2011-09-30": "", "2011-06-30": "", "2011-03-31": "", "2010-12-31": "", "2010-09-30": "", "2010-06-30": "", "2010-03-31": "", "2009-12-31": "", "2009-09-30": "", "2009-06-30": "", "2009-03-31": "", "2008-12-31": "", "2008-09-30": "", "2008-06-30": "", "2008-03-31": "", "2007-12-31": "", "2007-09-30": "", "2007-06-30": "", "2007-03-31": "", "2006-12-31": "", "2006-09-30": "", "2006-06-30": "", "2006-03-31": "", "2005-12-31": "", "2005-09-30": "", "2005-06-30": "", "2005-03-31": ""}, "SG&A Expenses": {"2020-09-30": "10.19300", "2020-06-30": "9.54300", "2020-03-31": "10.36500", "2019-12-31": "9.60200", "2019-09-30": "10.01100", "2019-06-30": "9.80000", "2019-03-31": "9.14700", "2018-12-31": "10.84700", "2018-09-30": "9.78000", "2018-06-30": "8.34100", "2018-03-31": "8.74400", "2017-12-31": "8.22300", "2017-09-30": "8.22800", "2017-06-30": "8.80000", "2017-03-31": "9.49400", "2016-12-31": "8.63900", "2016-09-30": "8.06500", "2016-06-30": "7.89100", "2016-03-31": "8.22800", "2015-12-31": "7.08200", "2015-09-30": "7.00200", "2015-06-30": "7.11400", "2015-03-31": "7.17300", "2014-12-31": "7.33000", "2014-09-30": "7.46400", "2014-06-30": "7.05900", "2014-03-31": "6.56900", "2013-12-31": "7.10900", "2013-09-30": "7.32600", "2013-06-30": "7.51500", "2013-03-31": "7.61300", "2012-12-31": "6.54900", "2012-09-30": "6.86000", "2012-06-30": "6.27800", "2012-03-31": "6.44400", "2011-12-31": "6.34300", "2011-09-30": "5.47600", "2011-06-30": "6.84100", "2011-03-31": "6.03300", "2010-12-31": "6.09700", "2010-09-30": "6.59700", "2010-06-30": "6.84400", "2010-03-31": "5.86800", "2009-12-31": "5.90900", "2009-09-30": "5.55600", "2009-06-30": "5.62800", "2009-03-31": "5.47600", "2008-12-31": "7.15100", "2008-09-30": "5.84900", "2008-06-30": "6.46900", "2008-03-31": "5.49500", "2007-12-31": "5.25700", "2007-09-30": "5.29100", "2007-06-30": "5.76600", "2007-03-31": "5.98900", "2006-12-31": "4.95500", "2006-09-30": "7.36200", "2006-06-30": "4.40500", "2006-03-31": "5.56600", "2005-12-31": "8.58200", "2005-09-30": "3.68600", "2005-06-30": "3.22900", "2005-03-31": "3.02500"}, "Other Operating Income Or Expenses": {"2020-09-30": "", "2020-06-30": "", "2020-03-31": "", "2019-12-31": "", "2019-09-30": "", "2019-06-30": "", "2019-03-31": "", "2018-12-31": "", "2018-09-30": "", "2018-06-30": "", "2018-03-31": "", "2017-12-31": "", "2017-09-30": "", "2017-06-30": "", "2017-03-31": "", "2016-12-31": "", "2016-09-30": "", "2016-06-30": "", "2016-03-31": "", "2015-12-31": "", "2015-09-30": "", "2015-06-30": "", "2015-03-31": "", "2014-12-31": "", "2014-09-30": "", "2014-06-30": "", "2014-03-31": "", "2013-12-31": "", "2013-09-30": "", "2013-06-30": "", "2013-03-31": "", "2012-12-31": "", "2012-09-30": "", "2012-06-30": "", "2012-03-31": "", "2011-12-31": "", "2011-09-30": "", "2011-06-30": "", "2011-03-31": "", "2010-12-31": "", "2010-09-30": "", "2010-06-30": "", "2010-03-31": "", "2009-12-31": "", "2009-09-30": "", "2009-06-30": "", "2009-03-31": "", "2008-12-31": "", "2008-09-30": "", "2008-06-30": "", "2008-03-31": "", "2007-12-31": "", "2007-09-30": "-1.31600", "2007-06-30": "", "2007-03-31": "", "2006-12-31": "", "2006-09-30": "", "2006-06-30": "", "2006-03-31": "", "2005-12-31": "", "2005-09-30": "", "2005-06-30": "", "2005-03-31": ""}, "Operating Expenses": {"2020-09-30": "105.37800", "2020-06-30": "104.78100", "2020-03-31": "106.94300", "2019-12-31": "105.39400", "2019-09-30": "106.85500", "2019-06-30": "100.58300", "2019-03-31": "99.01400", "2018-12-31": "98.77500", "2018-09-30": "93.77400", "2018-06-30": "92.91500", "2018-03-31": "92.46400", "2017-12-31": "87.97100", "2017-09-30": "91.58600", "2017-06-30": "91.02500", "2017-03-31": "92.64600", "2016-12-31": "90.84800", "2016-09-30": "92.58500", "2016-06-30": "93.50900", "2016-03-31": "90.14500", "2015-12-31": "83.19600", "2015-09-30": "86.26500", "2015-06-30": "84.16300", "2015-03-31": "83.00900", "2014-12-31": "82.45400", "2014-09-30": "73.96600", "2014-06-30": "70.34700", "2014-03-31": "68.65300", "2013-12-31": "67.55900", "2013-09-30": "66.25500", "2013-06-30": "64.37700", "2013-03-31": "65.75600", "2012-12-31": "62.34300", "2012-09-30": "62.66000", "2012-06-30": "60.06200", "2012-03-31": "57.47000", "2011-12-31": "37.03400", "2011-09-30": "45.17900", "2011-06-30": "46.03300", "2011-03-31": "45.98900", "2010-12-31": "34.87000", "2010-09-30": "44.49700", "2010-06-30": "46.52900", "2010-03-31": "44.16500", "2009-12-31": "36.26500", "2009-09-30": "46.46500", "2009-06-30": "48.30400", "2009-03-31": "46.91400", "2008-12-31": "39.84000", "2008-09-30": "49.02300", "2008-06-30": "51.06300", "2008-03-31": "49.54500", "2007-12-31": "39.99900", "2007-09-30": "47.31900", "2007-06-30": "44.23200", "2007-03-31": "45.42800", "2006-12-31": "40.65600", "2006-09-30": "45.54500", "2006-06-30": "40.93300", "2006-03-31": "39.17500", "2005-12-31": "37.79200", "2005-09-30": "29.21600", "2005-06-30": "23.98700", "2005-03-31": "21.84200"}, "Operating Income": {"2020-09-30": "67.13300", "2020-06-30": "59.01700", "2020-03-31": "57.13800", "2019-12-31": "60.11200", "2019-09-30": "59.69200", "2019-06-30": "58.43400", "2019-03-31": "53.83100", "2018-12-31": "55.10700", "2018-09-30": "59.59600", "2018-06-30": "54.90000", "2018-03-31": "50.41300", "2017-12-31": "55.51100", "2017-09-30": "52.27900", "2017-06-30": "47.53400", "2017-03-31": "40.39100", "2016-12-31": "41.69800", "2016-09-30": "39.51100", "2016-06-30": "33.01700", "2016-03-31": "28.72600", "2015-12-31": "31.79600", "2015-09-30": "29.70500", "2015-06-30": "25.70800", "2015-03-31": "20.67900", "2014-12-31": "17.81300", "2014-09-30": "23.12600", "2014-06-30": "21.99000", "2014-03-31": "18.61400", "2013-12-31": "15.40500", "2013-09-30": "16.23200", "2013-06-30": "13.91200", "2013-03-31": "8.89900", "2012-12-31": "3.23600", "2012-09-30": "6.70300", "2012-06-30": "7.20600", "2012-03-31": "6.64200", "2011-12-31": "3.24600", "2011-09-30": "13.31000", "2011-06-30": "10.45000", "2011-03-31": "9.76300", "2010-12-31": "6.33700", "2010-09-30": "9.26000", "2010-06-30": "6.63400", "2010-03-31": "7.39900", "2009-12-31": "3.50400", "2009-09-30": "8.16300", "2009-06-30": "5.98300", "2009-03-31": "8.01900", "2008-12-31": "3.91800", "2008-09-30": "8.28400", "2008-06-30": "7.30700", "2008-03-31": "8.35000", "2007-12-31": "1.84600", "2007-09-30": "8.67300", "2007-06-30": "11.24200", "2007-03-31": "9.23000", "2006-12-31": "2.84700", "2006-09-30": "10.42500", "2006-06-30": "12.03000", "2006-03-31": "9.03500", "2005-12-31": "2.98100", "2005-09-30": "12.08700", "2005-06-30": "9.79700", "2005-03-31": "7.87300"}, "Total Non-Operating Income/Expense": {"2020-09-30": "-19.72900", "2020-06-30": "-20.08500", "2020-03-31": "-18.82100", "2019-12-31": "-17.60200", "2019-09-30": "-17.09500", "2019-06-30": "-8.55600", "2019-03-31": "-18.04500", "2018-12-31": "-6.47100", "2018-09-30": "-16.29400", "2018-06-30": "-16.14900", "2018-03-31": "-15.61400", "2017-12-31": "-15.65300", "2017-09-30": "-14.57000", "2017-06-30": "-14.69600", "2017-03-31": "-15.18500", "2016-12-31": "-14.65100", "2016-09-30": "-14.42000", "2016-06-30": "-12.63400", "2016-03-31": "-12.87100", "2015-12-31": "5.94500", "2015-09-30": "-11.08500", "2015-06-30": "-11.83500", "2015-03-31": "-12.15700", "2014-12-31": "-12.27100", "2014-09-30": "-14.53500", "2014-06-30": "-13.99700", "2014-03-31": "-14.37400", "2013-12-31": "-9.65700", "2013-09-30": "-10.52600", "2013-06-30": "-12.92000", "2013-03-31": "-10.93600", "2012-12-31": "-8.66100", "2012-09-30": "-6.41300", "2012-06-30": "-11.02400", "2012-03-31": "-10.96500", "2011-12-31": "-18.53000", "2011-09-30": "-9.94700", "2011-06-30": "-11.84000", "2011-03-31": "-9.85200", "2010-12-31": "-10.59600", "2010-09-30": "-11.42000", "2010-06-30": "-11.51800", "2010-03-31": "-11.09600", "2009-12-31": "-10.84400", "2009-09-30": "-12.34700", "2009-06-30": "-11.96400", "2009-03-31": "-11.80500", "2008-12-31": "-12.98800", "2008-09-30": "-13.18900", "2008-06-30": "-13.34800", "2008-03-31": "-14.17100", "2007-12-31": "-14.88300", "2007-09-30": "-14.00700", "2007-06-30": "-13.30900", "2007-03-31": "-13.16200", "2006-12-31": "-13.46300", "2006-09-30": "-12.67000", "2006-06-30": "-11.34300", "2006-03-31": "-10.80900", "2005-12-31": "-7.76800", "2005-09-30": "-10.22700", "2005-06-30": "-7.49700", "2005-03-31": "-6.19600"}, "Pre-Tax Income": {"2020-09-30": "47.40400", "2020-06-30": "38.93200", "2020-03-31": "38.31700", "2019-12-31": "42.51000", "2019-09-30": "42.59700", "2019-06-30": "49.87800", "2019-03-31": "35.78600", "2018-12-31": "48.63600", "2018-09-30": "43.30200", "2018-06-30": "38.75100", "2018-03-31": "34.79900", "2017-12-31": "39.85800", "2017-09-30": "37.70900", "2017-06-30": "32.83800", "2017-03-31": "25.20600", "2016-12-31": "27.04700", "2016-09-30": "25.09100", "2016-06-30": "20.38300", "2016-03-31": "15.85500", "2015-12-31": "37.74100", "2015-09-30": "18.62000", "2015-06-30": "13.87300", "2015-03-31": "8.52200", "2014-12-31": "5.54200", "2014-09-30": "8.59100", "2014-06-30": "7.99300", "2014-03-31": "4.24000", "2013-12-31": "5.74800", "2013-09-30": "5.70600", "2013-06-30": "0.99200", "2013-03-31": "-2.03700", "2012-12-31": "-5.42500", "2012-09-30": "0.29000", "2012-06-30": "-3.81800", "2012-03-31": "-4.32300", "2011-12-31": "-15.28400", "2011-09-30": "3.36300", "2011-06-30": "-1.39000", "2011-03-31": "-0.08900", "2010-12-31": "-4.25900", "2010-09-30": "-2.16000", "2010-06-30": "-4.88400", "2010-03-31": "-3.69700", "2009-12-31": "-7.34000", "2009-09-30": "-4.18400", "2009-06-30": "-5.98100", "2009-03-31": "-3.78600", "2008-12-31": "-9.07000", "2008-09-30": "-4.90500", "2008-06-30": "-6.04100", "2008-03-31": "-5.82100", "2007-12-31": "-13.03700", "2007-09-30": "-5.33400", "2007-06-30": "-2.06700", "2007-03-31": "-3.93200", "2006-12-31": "-10.61600", "2006-09-30": "-2.24500", "2006-06-30": "0.68700", "2006-03-31": "-1.77400", "2005-12-31": "-4.78700", "2005-09-30": "1.86000", "2005-06-30": "2.30000", "2005-03-31": "1.67700"}, "Income Taxes": {"2020-09-30": "", "2020-06-30": "", "2020-03-31": "", "2019-12-31": "", "2019-09-30": "", "2019-06-30": "", "2019-03-31": "", "2018-12-31": "", "2018-09-30": "", "2018-06-30": "", "2018-03-31": "", "2017-12-31": "", "2017-09-30": "", "2017-06-30": "", "2017-03-31": "", "2016-12-31": "", "2016-09-30": "", "2016-06-30": "", "2016-03-31": "", "2015-12-31": "", "2015-09-30": "", "2015-06-30": "", "2015-03-31": "", "2014-12-31": "", "2014-09-30": "", "2014-06-30": "", "2014-03-31": "", "2013-12-31": "", "2013-09-30": "", "2013-06-30": "", "2013-03-31": "", "2012-12-31": "", "2012-09-30": "", "2012-06-30": "", "2012-03-31": "", "2011-12-31": "", "2011-09-30": "", "2011-06-30": "", "2011-03-31": "", "2010-12-31": "", "2010-09-30": "", "2010-06-30": "", "2010-03-31": "", "2009-12-31": "", "2009-09-30": "", "2009-06-30": "", "2009-03-31": "", "2008-12-31": "", "2008-09-30": "", "2008-06-30": "", "2008-03-31": "", "2007-12-31": "", "2007-09-30": "", "2007-06-30": "", "2007-03-31": "", "2006-12-31": "", "2006-09-30": "", "2006-06-30": "", "2006-03-31": "", "2005-12-31": "", "2005-09-30": "", "2005-06-30": "", "2005-03-31": ""}, "Income After Taxes": {"2020-09-30": "47.40400", "2020-06-30": "38.93200", "2020-03-31": "38.31700", "2019-12-31": "42.51000", "2019-09-30": "42.59700", "2019-06-30": "49.87800", "2019-03-31": "35.78600", "2018-12-31": "48.63600", "2018-09-30": "43.30200", "2018-06-30": "38.75100", "2018-03-31": "34.79900", "2017-12-31": "39.85800", "2017-09-30": "37.70900", "2017-06-30": "32.83800", "2017-03-31": "25.20600", "2016-12-31": "27.04700", "2016-09-30": "25.09100", "2016-06-30": "20.38300", "2016-03-31": "15.85500", "2015-12-31": "37.74100", "2015-09-30": "18.62000", "2015-06-30": "13.87300", "2015-03-31": "8.52200", "2014-12-31": "5.54200", "2014-09-30": "8.59100", "2014-06-30": "7.99300", "2014-03-31": "4.24000", "2013-12-31": "5.74800", "2013-09-30": "5.70600", "2013-06-30": "0.99200", "2013-03-31": "-2.03700", "2012-12-31": "-5.42500", "2012-09-30": "0.29000", "2012-06-30": "-3.81800", "2012-03-31": "-4.32300", "2011-12-31": "-15.28400", "2011-09-30": "3.36300", "2011-06-30": "-1.39000", "2011-03-31": "-0.08900", "2010-12-31": "-4.25900", "2010-09-30": "-2.16000", "2010-06-30": "-4.88400", "2010-03-31": "-3.69700", "2009-12-31": "-7.34000", "2009-09-30": "-4.18400", "2009-06-30": "-5.98100", "2009-03-31": "-3.78600", "2008-12-31": "-9.07000", "2008-09-30": "-4.90500", "2008-06-30": "-6.04100", "2008-03-31": "-5.82100", "2007-12-31": "-13.03700", "2007-09-30": "-5.33400", "2007-06-30": "-2.06700", "2007-03-31": "-3.93200", "2006-12-31": "-10.61600", "2006-09-30": "-2.24500", "2006-06-30": "0.68700", "2006-03-31": "-1.77400", "2005-12-31": "-4.78700", "2005-09-30": "1.86000", "2005-06-30": "2.30000", "2005-03-31": "1.67700"}, "Other Income": {"2020-09-30": "", "2020-06-30": "", "2020-03-31": "", "2019-12-31": "", "2019-09-30": "", "2019-06-30": "", "2019-03-31": "", "2018-12-31": "", "2018-09-30": "", "2018-06-30": "", "2018-03-31": "", "2017-12-31": "", "2017-09-30": "", "2017-06-30": "", "2017-03-31": "", "2016-12-31": "", "2016-09-30": "", "2016-06-30": "", "2016-03-31": "", "2015-12-31": "", "2015-09-30": "", "2015-06-30": "", "2015-03-31": "", "2014-12-31": "", "2014-09-30": "", "2014-06-30": "", "2014-03-31": "", "2013-12-31": "", "2013-09-30": "", "2013-06-30": "", "2013-03-31": "", "2012-12-31": "", "2012-09-30": "", "2012-06-30": "", "2012-03-31": "", "2011-12-31": "", "2011-09-30": "", "2011-06-30": "", "2011-03-31": "", "2010-12-31": "", "2010-09-30": "", "2010-06-30": "", "2010-03-31": "", "2009-12-31": "", "2009-09-30": "", "2009-06-30": "", "2009-03-31": "", "2008-12-31": "", "2008-09-30": "", "2008-06-30": "", "2008-03-31": "", "2007-12-31": "", "2007-09-30": "", "2007-06-30": "", "2007-03-31": "", "2006-12-31": "", "2006-09-30": "", "2006-06-30": "", "2006-03-31": "", "2005-12-31": "", "2005-09-30": "", "2005-06-30": "", "2005-03-31": ""}, "Income From Continuous Operations": {"2020-09-30": "47.40400", "2020-06-30": "38.93200", "2020-03-31": "38.31700", "2019-12-31": "42.51000", "2019-09-30": "42.59700", "2019-06-30": "49.87800", "2019-03-31": "35.78600", "2018-12-31": "48.63600", "2018-09-30": "43.30200", "2018-06-30": "38.75100", "2018-03-31": "34.79900", "2017-12-31": "39.85800", "2017-09-30": "37.70900", "2017-06-30": "32.83800", "2017-03-31": "25.20600", "2016-12-31": "27.04700", "2016-09-30": "25.09100", "2016-06-30": "20.38300", "2016-03-31": "15.85500", "2015-12-31": "37.74100", "2015-09-30": "18.62000", "2015-06-30": "13.87300", "2015-03-31": "8.52200", "2014-12-31": "5.54200", "2014-09-30": "8.59100", "2014-06-30": "7.99300", "2014-03-31": "4.24000", "2013-12-31": "5.74800", "2013-09-30": "5.70600", "2013-06-30": "0.99200", "2013-03-31": "-2.03700", "2012-12-31": "-5.42500", "2012-09-30": "0.29000", "2012-06-30": "-3.81800", "2012-03-31": "-4.32300", "2011-12-31": "-15.28400", "2011-09-30": "3.36300", "2011-06-30": "-1.39000", "2011-03-31": "-0.08900", "2010-12-31": "-4.25900", "2010-09-30": "-2.16000", "2010-06-30": "-4.88400", "2010-03-31": "-3.69700", "2009-12-31": "-7.34000", "2009-09-30": "-4.18400", "2009-06-30": "-5.98100", "2009-03-31": "-3.78600", "2008-12-31": "-9.07000", "2008-09-30": "-4.90500", "2008-06-30": "-6.04100", "2008-03-31": "-5.82100", "2007-12-31": "-13.96300", "2007-09-30": "-4.90200", "2007-06-30": "-1.89900", "2007-03-31": "-3.60600", "2006-12-31": "-10.47100", "2006-09-30": "-2.05800", "2006-06-30": "0.63000", "2006-03-31": "-1.62500", "2005-12-31": "-4.50700", "2005-09-30": "1.66500", "2005-06-30": "2.20400", "2005-03-31": "1.61700"}, "Income From Discontinued Operations": {"2020-09-30": "", "2020-06-30": "", "2020-03-31": "", "2019-12-31": "", "2019-09-30": "", "2019-06-30": "", "2019-03-31": "", "2018-12-31": "", "2018-09-30": "", "2018-06-30": "", "2018-03-31": "", "2017-12-31": "", "2017-09-30": "", "2017-06-30": "", "2017-03-31": "", "2016-12-31": "", "2016-09-30": "", "2016-06-30": "", "2016-03-31": "", "2015-12-31": "", "2015-09-30": "", "2015-06-30": "", "2015-03-31": "", "2014-12-31": "", "2014-09-30": "", "2014-06-30": "", "2014-03-31": "0.33600", "2013-12-31": "17.50500", "2013-09-30": "10.89500", "2013-06-30": "1.57600", "2013-03-31": "1.60900", "2012-12-31": "6.90500", "2012-09-30": "1.76100", "2012-06-30": "7.17300", "2012-03-31": "1.06500", "2011-12-31": "7.73900", "2011-09-30": "4.56500", "2011-06-30": "2.97800", "2011-03-31": "0.56500", "2010-12-31": "6.93600", "2010-09-30": "1.04500", "2010-06-30": "0.49500", "2010-03-31": "0.50500", "2009-12-31": "4.87700", "2009-09-30": "11.68700", "2009-06-30": "2.89500", "2009-03-31": "1.50000", "2008-12-31": "11.83500", "2008-09-30": "9.27900", "2008-06-30": "6.33900", "2008-03-31": "1.48600", "2007-12-31": "6.90900", "2007-09-30": "0.77200", "2007-06-30": "2.19400", "2007-03-31": "0.24800", "2006-12-31": "4.78300", "2006-09-30": "0.09600", "2006-06-30": "0.09400", "2006-03-31": "", "2005-12-31": "", "2005-09-30": "", "2005-06-30": "", "2005-03-31": ""}, "Net Income": {"2020-09-30": "46.89100", "2020-06-30": "38.50500", "2020-03-31": "37.89600", "2019-12-31": "42.04500", "2019-09-30": "42.15400", "2019-06-30": "49.42000", "2019-03-31": "35.49800", "2018-12-31": "48.15600", "2018-09-30": "42.90000", "2018-06-30": "38.41000", "2018-03-31": "34.42300", "2017-12-31": "39.54700", "2017-09-30": "37.29700", "2017-06-30": "32.45800", "2017-03-31": "24.98600", "2016-12-31": "23.37100", "2016-09-30": "23.38200", "2016-06-30": "18.92200", "2016-03-31": "14.24800", "2015-12-31": "35.61400", "2015-09-30": "16.93600", "2015-06-30": "12.22200", "2015-03-31": "6.93200", "2014-12-31": "3.98100", "2014-09-30": "6.97800", "2014-06-30": "6.38400", "2014-03-31": "3.02800", "2013-12-31": "21.44600", "2013-09-30": "14.84000", "2013-06-30": "1.04800", "2013-03-31": "-1.89400", "2012-12-31": "-0.02100", "2012-09-30": "0.13400", "2012-06-30": "1.04100", "2012-03-31": "-5.34500", "2011-12-31": "-9.22900", "2011-09-30": "6.82800", "2011-06-30": "0.90200", "2011-03-31": "-0.11700", "2010-12-31": "2.08300", "2010-09-30": "-1.48000", "2010-06-30": "-4.52100", "2010-03-31": "-3.47500", "2009-12-31": "-2.80200", "2009-09-30": "6.81800", "2009-06-30": "-2.84400", "2009-03-31": "-2.10900", "2008-12-31": "2.49300", "2008-09-30": "4.02000", "2008-06-30": "0.26300", "2008-03-31": "-3.98400", "2007-12-31": "-5.88400", "2007-09-30": "-4.13000", "2007-06-30": "0.29500", "2007-03-31": "-3.35800", "2006-12-31": "-5.68800", "2006-09-30": "-1.96200", "2006-06-30": "0.72400", "2006-03-31": "-1.62500", "2005-12-31": "-3.91800", "2005-09-30": "1.66500", "2005-06-30": "2.20400", "2005-03-31": "1.61700"}, "EBITDA": {"2020-09-30": "105.97000", "2020-06-30": "99.66300", "2020-03-31": "98.73000", "2019-12-31": "101.91200", "2019-09-30": "103.75800", "2019-06-30": "99.86800", "2019-03-31": "92.89700", "2018-12-31": "93.78400", "2018-09-30": "95.41300", "2018-06-30": "90.52400", "2018-03-31": "85.95800", "2017-12-31": "90.94500", "2017-09-30": "88.82700", "2017-06-30": "85.04600", "2017-03-31": "79.21600", "2016-12-31": "81.63800", "2016-09-30": "81.99300", "2016-06-30": "75.07600", "2016-03-31": "68.68700", "2015-12-31": "69.44200", "2015-09-30": "68.98600", "2015-06-30": "64.45300", "2015-03-31": "59.12000", "2014-12-31": "54.94200", "2014-09-30": "55.31400", "2014-06-30": "53.02000", "2014-03-31": "47.27000", "2013-12-31": "42.66600", "2013-09-30": "45.94200", "2013-06-30": "43.65000", "2013-03-31": "39.26400", "2012-12-31": "35.89700", "2012-09-30": "37.31800", "2012-06-30": "35.01700", "2012-03-31": "34.12800", "2011-12-31": "25.55700", "2011-09-30": "30.27000", "2011-06-30": "27.67300", "2011-03-31": "26.97100", "2010-12-31": "24.15100", "2010-09-30": "26.41600", "2010-06-30": "24.59700", "2010-03-31": "25.31600", "2009-12-31": "21.72300", "2009-09-30": "27.34900", "2009-06-30": "25.26700", "2009-03-31": "27.23800", "2008-12-31": "22.65300", "2008-09-30": "28.55400", "2008-06-30": "27.96800", "2008-03-31": "28.81600", "2007-12-31": "22.43600", "2007-09-30": "25.98900", "2007-06-30": "28.34200", "2007-03-31": "26.44200", "2006-12-31": "21.25800", "2006-09-30": "27.35900", "2006-06-30": "28.27800", "2006-03-31": "24.16900", "2005-12-31": "16.19400", "2005-09-30": "23.52500", "2005-06-30": "18.92600", "2005-03-31": "16.26700"}, "EBIT": {"2020-09-30": "67.13300", "2020-06-30": "59.01700", "2020-03-31": "57.13800", "2019-12-31": "60.11200", "2019-09-30": "59.69200", "2019-06-30": "58.43400", "2019-03-31": "53.83100", "2018-12-31": "55.10700", "2018-09-30": "59.59600", "2018-06-30": "54.90000", "2018-03-31": "50.41300", "2017-12-31": "55.51100", "2017-09-30": "52.27900", "2017-06-30": "47.53400", "2017-03-31": "40.39100", "2016-12-31": "41.69800", "2016-09-30": "39.51100", "2016-06-30": "33.01700", "2016-03-31": "28.72600", "2015-12-31": "31.79600", "2015-09-30": "29.70500", "2015-06-30": "25.70800", "2015-03-31": "20.67900", "2014-12-31": "17.81300", "2014-09-30": "23.12600", "2014-06-30": "21.99000", "2014-03-31": "18.61400", "2013-12-31": "15.40500", "2013-09-30": "16.23200", "2013-06-30": "13.91200", "2013-03-31": "8.89900", "2012-12-31": "3.23600", "2012-09-30": "6.70300", "2012-06-30": "7.20600", "2012-03-31": "6.64200", "2011-12-31": "3.24600", "2011-09-30": "13.31000", "2011-06-30": "10.45000", "2011-03-31": "9.76300", "2010-12-31": "6.33700", "2010-09-30": "9.26000", "2010-06-30": "6.63400", "2010-03-31": "7.39900", "2009-12-31": "3.50400", "2009-09-30": "8.16300", "2009-06-30": "5.98300", "2009-03-31": "8.01900", "2008-12-31": "3.91800", "2008-09-30": "8.28400", "2008-06-30": "7.30700", "2008-03-31": "8.35000", "2007-12-31": "1.84600", "2007-09-30": "8.67300", "2007-06-30": "11.24200", "2007-03-31": "9.23000", "2006-12-31": "2.84700", "2006-09-30": "10.42500", "2006-06-30": "12.03000", "2006-03-31": "9.03500", "2005-12-31": "2.98100", "2005-09-30": "12.08700", "2005-06-30": "9.79700", "2005-03-31": "7.87300"}, "Basic Shares Outstanding": {"2020-09-30": "193.74500", "2020-06-30": "193.62900", "2020-03-31": "193.58200", "2019-12-31": "190.87400", "2019-09-30": "192.92700", "2019-06-30": "189.66700", "2019-03-31": "187.25300", "2018-12-31": "184.65300", "2018-09-30": "186.07400", "2018-06-30": "183.71800", "2018-03-31": "182.27400", "2017-12-31": "180.52500", "2017-09-30": "180.30400", "2017-06-30": "180.18300", "2017-03-31": "180.16500", "2016-12-31": "178.24600", "2016-09-30": "179.22300", "2016-06-30": "177.88000", "2016-03-31": "175.79800", "2015-12-31": "168.64000", "2015-09-30": "169.30400", "2015-06-30": "166.68300", "2015-03-31": "165.50200", "2014-12-31": "149.10700", "2014-09-30": "149.75800", "2014-06-30": "144.67900", "2014-03-31": "140.21900", "2013-12-31": "135.19100", "2013-09-30": "135.36500", "2013-06-30": "133.67700", "2013-03-31": "132.95100", "2012-12-31": "124.54800", "2012-09-30": "124.16900", "2012-06-30": "122.59900", "2012-03-31": "122.26600", "2011-12-31": "102.97600", "2011-09-30": "98.89500", "2011-06-30": "98.84400", "2011-03-31": "98.76900", "2010-12-31": "93.99800", "2010-09-30": "93.72400", "2010-06-30": "92.92500", "2010-03-31": "92.83400", "2009-12-31": "70.98800", "2009-09-30": "75.24800", "2009-06-30": "58.16500", "2009-03-31": "57.68700", "2008-12-31": "57.62100", "2008-09-30": "57.63500", "2008-06-30": "57.62000", "2008-03-31": "57.59300", "2007-12-31": "57.49700", "2007-09-30": "57.53700", "2007-06-30": "57.43800", "2007-03-31": "57.42100", "2006-12-31": "57.28700", "2006-09-30": "57.35100", "2006-06-30": "57.32500", "2006-03-31": "57.25700", "2005-12-31": "42.12000", "2005-09-30": "37.49200", "2005-06-30": "37.47800", "2005-03-31": "37.47800"}, "Shares Outstanding": {"2020-09-30": "194.53900", "2020-06-30": "194.19200", "2020-03-31": "194.26400", "2019-12-31": "191.57600", "2019-09-30": "193.81700", "2019-06-30": "190.54300", "2019-03-31": "187.98400", "2018-12-31": "185.49500", "2018-09-30": "186.91600", "2018-06-30": "184.52300", "2018-03-31": "183.22200", "2017-12-31": "181.44800", "2017-09-30": "181.28600", "2017-06-30": "181.18900", "2017-03-31": "181.26500", "2016-12-31": "179.53300", "2016-09-30": "180.47800", "2016-06-30": "179.22100", "2016-03-31": "177.26100", "2015-12-31": "170.19100", "2015-09-30": "170.90100", "2015-06-30": "168.22400", "2015-03-31": "167.16500", "2014-12-31": "150.86300", "2014-09-30": "152.00600", "2014-06-30": "146.99900", "2014-03-31": "142.77400", "2013-12-31": "137.74200", "2013-09-30": "138.10600", "2013-06-30": "133.67700", "2013-03-31": "132.95100", "2012-12-31": "124.54800", "2012-09-30": "124.16900", "2012-06-30": "122.59900", "2012-03-31": "122.26600", "2011-12-31": "102.97600", "2011-09-30": "100.28400", "2011-06-30": "98.84400", "2011-03-31": "98.76900", "2010-12-31": "93.99800", "2010-09-30": "93.72400", "2010-06-30": "92.92500", "2010-03-31": "92.83400", "2009-12-31": "70.98800", "2009-09-30": "75.24800", "2009-06-30": "58.16500", "2009-03-31": "57.68700", "2008-12-31": "57.62100", "2008-09-30": "57.63500", "2008-06-30": "57.62000", "2008-03-31": "57.59300", "2007-12-31": "57.49700", "2007-09-30": "57.53700", "2007-06-30": "57.43800", "2007-03-31": "57.42100", "2006-12-31": "57.28700", "2006-09-30": "57.35100", "2006-06-30": "57.39900", "2006-03-31": "57.25700", "2005-12-31": "42.20300", "2005-09-30": "37.63400", "2005-06-30": "37.52000", "2005-03-31": "37.48300"}, "Basic EPS": {"2020-09-30": "0.24000", "2020-06-30": "0.20000", "2020-03-31": "0.20000", "2019-12-31": "0.22000", "2019-09-30": "0.22000", "2019-06-30": "0.26000", "2019-03-31": "0.19000", "2018-12-31": "0.26000", "2018-09-30": "0.23000", "2018-06-30": "0.21000", "2018-03-31": "0.19000", "2017-12-31": "0.21000", "2017-09-30": "0.21000", "2017-06-30": "0.18000", "2017-03-31": "0.14000", "2016-12-31": "0.13000", "2016-09-30": "0.13000", "2016-06-30": "0.11000", "2016-03-31": "0.08000", "2015-12-31": "0.22000", "2015-09-30": "0.10000", "2015-06-30": "0.07000", "2015-03-31": "0.04000", "2014-12-31": "0.03000", "2014-09-30": "0.05000", "2014-06-30": "0.04000", "2014-03-31": "0.02000", "2013-12-31": "0.15000", "2013-09-30": "0.11000", "2013-06-30": "0.01000", "2013-03-31": "-0.01000", "2012-12-31": "", "2012-09-30": "0.00000", "2012-06-30": "0.01000", "2012-03-31": "-0.04000", "2011-12-31": "-0.09880", "2011-09-30": "0.07000", "2011-06-30": "0.01000", "2011-03-31": "-0.00120", "2010-12-31": "0.03000", "2010-09-30": "-0.02000", "2010-06-30": "-0.05000", "2010-03-31": "-0.04000", "2009-12-31": "-0.02000", "2009-09-30": "0.09000", "2009-06-30": "-0.05000", "2009-03-31": "-0.03000", "2008-12-31": "0.04000", "2008-09-30": "0.07000", "2008-06-30": "0.01000", "2008-03-31": "-0.07000", "2007-12-31": "-0.09510", "2007-09-30": "-0.07000", "2007-06-30": "0.00510", "2007-03-31": "-0.06000", "2006-12-31": "-0.10000", "2006-09-30": "-0.03000", "2006-06-30": "0.01000", "2006-03-31": "-0.03000", "2005-12-31": "-0.10000", "2005-09-30": "0.04000", "2005-06-30": "0.06000", "2005-03-31": "0.04000"}, "EPS - Earnings Per Share": {"2020-09-30": "0.24000", "2020-06-30": "0.20000", "2020-03-31": "0.20000", "2019-12-31": "0.21000", "2019-09-30": "0.22000", "2019-06-30": "0.26000", "2019-03-31": "0.19000", "2018-12-31": "0.25000", "2018-09-30": "0.23000", "2018-06-30": "0.21000", "2018-03-31": "0.19000", "2017-12-31": "0.21000", "2017-09-30": "0.21000", "2017-06-30": "0.18000", "2017-03-31": "0.14000", "2016-12-31": "0.13000", "2016-09-30": "0.13000", "2016-06-30": "0.11000", "2016-03-31": "0.08000", "2015-12-31": "0.21000", "2015-09-30": "0.10000", "2015-06-30": "0.07000", "2015-03-31": "0.04000", "2014-12-31": "0.03000", "2014-09-30": "0.05000", "2014-06-30": "0.04000", "2014-03-31": "0.02000", "2013-12-31": "0.15000", "2013-09-30": "0.11000", "2013-06-30": "0.01000", "2013-03-31": "-0.01000", "2012-12-31": "0.00000", "2012-09-30": "0.00000", "2012-06-30": "0.01000", "2012-03-31": "-0.04000", "2011-12-31": "-0.09880", "2011-09-30": "0.07000", "2011-06-30": "0.01000", "2011-03-31": "-0.00120", "2010-12-31": "0.03000", "2010-09-30": "-0.02000", "2010-06-30": "-0.05000", "2010-03-31": "-0.04000", "2009-12-31": "-0.02000", "2009-09-30": "0.09000", "2009-06-30": "-0.05000", "2009-03-31": "-0.03000", "2008-12-31": "0.04000", "2008-09-30": "0.07000", "2008-06-30": "0.01000", "2008-03-31": "-0.07000", "2007-12-31": "-0.09510", "2007-09-30": "-0.07000", "2007-06-30": "0.00510", "2007-03-31": "-0.06000", "2006-12-31": "-0.10000", "2006-09-30": "-0.03000", "2006-06-30": "0.01000", "2006-03-31": "-0.03000", "2005-12-31": "-0.10000", "2005-09-30": "0.04000", "2005-06-30": "0.06000", "2005-03-31": "0.04000"}}, "balance sheet": {"Cash On Hand": {"2019-12-31": "58.44100", "2018-12-31": "6.48200", "2017-12-31": "9.15800", "2016-12-31": "10.86600", "2015-12-31": "87.46900", "2014-12-31": "6.20600", "2013-12-31": "7.20100", "2012-12-31": "10.56500", "2011-12-31": "20.36000", "2010-12-31": "16.14100", "2009-12-31": "119.14900", "2008-12-31": "19.96100", "2007-12-31": "20.33500", "2006-12-31": "33.84200", "2005-12-31": "117.82000"}, "Receivables": {"2019-12-31": "", "2018-12-31": "", "2017-12-31": "", "2016-12-31": "", "2015-12-31": "", "2014-12-31": "", "2013-12-31": "", "2012-12-31": "", "2011-12-31": "", "2010-12-31": "", "2009-12-31": "", "2008-12-31": "", "2007-12-31": "", "2006-12-31": "0.63200", "2005-12-31": "0.35500"}, "Inventory": {"2019-12-31": "", "2018-12-31": "", "2017-12-31": "", "2016-12-31": "", "2015-12-31": "", "2014-12-31": "", "2013-12-31": "", "2012-12-31": "", "2011-12-31": "", "2010-12-31": "", "2009-12-31": "", "2008-12-31": "", "2007-12-31": "", "2006-12-31": "", "2005-12-31": ""}, "Pre-Paid Expenses": {"2019-12-31": "", "2018-12-31": "", "2017-12-31": "", "2016-12-31": "", "2015-12-31": "", "2014-12-31": "", "2013-12-31": "", "2012-12-31": "", "2011-12-31": "", "2010-12-31": "", "2009-12-31": "", "2008-12-31": "", "2007-12-31": "", "2006-12-31": "", "2005-12-31": ""}, "Other Current Assets": {"2019-12-31": "", "2018-12-31": "", "2017-12-31": "", "2016-12-31": "", "2015-12-31": "", "2014-12-31": "", "2013-12-31": "", "2012-12-31": "", "2011-12-31": "", "2010-12-31": "", "2009-12-31": "", "2008-12-31": "", "2007-12-31": "", "2006-12-31": "", "2005-12-31": ""}, "Total Current Assets": {"2019-12-31": "58.44100", "2018-12-31": "6.48200", "2017-12-31": "9.15800", "2016-12-31": "10.86600", "2015-12-31": "87.46900", "2014-12-31": "6.20600", "2013-12-31": "7.20100", "2012-12-31": "10.56500", "2011-12-31": "20.36000", "2010-12-31": "16.14100", "2009-12-31": "139.26100", "2008-12-31": "19.96100", "2007-12-31": "20.33500", "2006-12-31": "34.47400", "2005-12-31": "118.17500"}, "Property, Plant, And Equipment": {"2019-12-31": "3774.48500", "2018-12-31": "3600.96800", "2017-12-31": "3408.79000", "2016-12-31": "3326.81600", "2015-12-31": "2872.98300", "2014-12-31": "2625.12900", "2013-12-31": "2155.17000", "2012-12-31": "2089.70700", "2011-12-31": "1788.72000", "2010-12-31": "1428.49100", "2009-12-31": "1430.53300", "2008-12-31": "1559.95800", "2007-12-31": "1647.11800", "2006-12-31": "1566.81500", "2005-12-31": "1246.29500"}, "Long-Term Investments": {"2019-12-31": "", "2018-12-31": "", "2017-12-31": "", "2016-12-31": "", "2015-12-31": "", "2014-12-31": "", "2013-12-31": "", "2012-12-31": "", "2011-12-31": "", "2010-12-31": "", "2009-12-31": "", "2008-12-31": "", "2007-12-31": "", "2006-12-31": "", "2005-12-31": ""}, "Goodwill And Intangible Assets": {"2019-12-31": "", "2018-12-31": "", "2017-12-31": "", "2016-12-31": "", "2015-12-31": "", "2014-12-31": "", "2013-12-31": "", "2012-12-31": "", "2011-12-31": "", "2010-12-31": "", "2009-12-31": "", "2008-12-31": "", "2007-12-31": "", "2006-12-31": "", "2005-12-31": ""}, "Other Long-Term Assets": {"2019-12-31": "196.61900", "2018-12-31": "145.52200", "2017-12-31": "127.38800", "2016-12-31": "137.34600", "2015-12-31": "143.71200", "2014-12-31": "155.00400", "2013-12-31": "196.25300", "2012-12-31": "50.04700", "2011-12-31": "66.89900", "2010-12-31": "34.18700", "2009-12-31": "29.07600", "2008-12-31": "17.74000", "2007-12-31": "20.37800", "2006-12-31": "14.05000", "2005-12-31": "111.85100"}, "Total Long-Term Assets": {"2019-12-31": "3971.10400", "2018-12-31": "3746.49000", "2017-12-31": "3536.17800", "2016-12-31": "3464.16200", "2015-12-31": "3016.69500", "2014-12-31": "2780.13300", "2013-12-31": "2351.42300", "2012-12-31": "2139.75400", "2011-12-31": "1855.61900", "2010-12-31": "1462.67800", "2009-12-31": "1459.60900", "2008-12-31": "1577.69800", "2007-12-31": "1667.49600", "2006-12-31": "1580.86500", "2005-12-31": "1358.14600"}, "Total Assets": {"2019-12-31": "4029.54500", "2018-12-31": "3752.97200", "2017-12-31": "3545.33600", "2016-12-31": "3475.02800", "2015-12-31": "3104.16400", "2014-12-31": "2786.33900", "2013-12-31": "2358.62400", "2012-12-31": "2150.31900", "2011-12-31": "1875.97900", "2010-12-31": "1478.81900", "2009-12-31": "1598.87000", "2008-12-31": "1597.65900", "2007-12-31": "1687.83100", "2006-12-31": "1615.33900", "2005-12-31": "1476.32100"}, "Total Current Liabilities": {"2019-12-31": "137.88000", "2018-12-31": "149.91400", "2017-12-31": "143.34400", "2016-12-31": "93.76400", "2015-12-31": "85.03400", "2014-12-31": "69.19800", "2013-12-31": "57.59900", "2012-12-31": "60.70800", "2011-12-31": "51.02500", "2010-12-31": "36.17200", "2009-12-31": "33.76700", "2008-12-31": "39.41000", "2007-12-31": "33.73300", "2006-12-31": "22.92600", "2005-12-31": "17.20200"}, "Long Term Debt": {"2019-12-31": "1931.76500", "2018-12-31": "1747.09400", "2017-12-31": "1634.99000", "2016-12-31": "1595.74300", "2015-12-31": "1251.54200", "2014-12-31": "1173.85100", "2013-12-31": "1138.81800", "2012-12-31": "1023.75900", "2011-12-31": "758.44100", "2010-12-31": "615.45700", "2009-12-31": "769.02600", "2008-12-31": "977.50400", "2007-12-31": "1027.50100", "2006-12-31": "879.43000", "2005-12-31": "669.28200"}, "Other Non-Current Liabilities": {"2019-12-31": "90.47600", "2018-12-31": "83.69600", "2017-12-31": "77.31200", "2016-12-31": "69.87700", "2015-12-31": "56.60700", "2014-12-31": "43.84900", "2013-12-31": "32.72500", "2012-12-31": "27.95300", "2011-12-31": "21.45900", "2010-12-31": "16.63700", "2009-12-31": "11.35300", "2008-12-31": "11.79100", "2007-12-31": "21.99600", "2006-12-31": "28.59200", "2005-12-31": "27.67300"}, "Total Long Term Liabilities": {"2019-12-31": "2084.32900", "2018-12-31": "1886.60900", "2017-12-31": "1766.62200", "2016-12-31": "1720.02700", "2015-12-31": "1374.27700", "2014-12-31": "1267.52300", "2013-12-31": "1207.81800", "2012-12-31": "1099.70200", "2011-12-31": "829.63200", "2010-12-31": "677.23900", "2009-12-31": "825.77300", "2008-12-31": "1035.32100", "2007-12-31": "1098.47900", "2006-12-31": "964.92000", "2005-12-31": "760.65000"}, "Total Liabilities": {"2019-12-31": "2222.20900", "2018-12-31": "2036.52300", "2017-12-31": "1909.96600", "2016-12-31": "1813.79100", "2015-12-31": "1459.31100", "2014-12-31": "1336.72100", "2013-12-31": "1265.41700", "2012-12-31": "1160.41000", "2011-12-31": "880.65700", "2010-12-31": "713.41100", "2009-12-31": "859.54000", "2008-12-31": "1074.73100", "2007-12-31": "1132.21200", "2006-12-31": "987.84600", "2005-12-31": "777.85200"}, "Common Stock Net": {"2019-12-31": "1.93600", "2018-12-31": "1.87100", "2017-12-31": "1.82200", "2016-12-31": "1.80100", "2015-12-31": "1.74700", "2014-12-31": "1.63900", "2013-12-31": "1.39300", "2012-12-31": "1.31800", "2011-12-31": "1.22100", "2010-12-31": "0.98600", "2009-12-31": "0.92700", "2008-12-31": "0.57600", "2007-12-31": "0.57600", "2006-12-31": "0.57300", "2005-12-31": "0.57000"}, "Retained Earnings (Accumulated Deficit)": {"2019-12-31": "-876.60600", "2018-12-31": "-791.91500", "2017-12-31": "-729.31100", "2016-12-31": "-658.58300", "2015-12-31": "-584.65400", "2014-12-31": "-519.19300", "2013-12-31": "-440.83700", "2012-12-31": "-410.22500", "2011-12-31": "-342.01300", "2010-12-31": "-302.60100", "2009-12-31": "-279.67000", "2008-12-31": "-271.12400", "2007-12-31": "-241.23300", "2006-12-31": "-167.71200", "2005-12-31": "-92.47300"}, "Comprehensive Income": {"2019-12-31": "-0.72900", "2018-12-31": "-1.02900", "2017-12-31": "0.00300", "2016-12-31": "-1.85000", "2015-12-31": "-4.97800", "2014-12-31": "-8.75900", "2013-12-31": "-11.01400", "2012-12-31": "-19.79600", "2011-12-31": "-12.83100", "2010-12-31": "-1.12100", "2009-12-31": "-0.87400", "2008-12-31": "-7.55300", "2007-12-31": "-1.66400", "2006-12-31": "", "2005-12-31": ""}, "Other Share Holders Equity": {"2019-12-31": "", "2018-12-31": "", "2017-12-31": "", "2016-12-31": "", "2015-12-31": "", "2014-12-31": "", "2013-12-31": "", "2012-12-31": "", "2011-12-31": "", "2010-12-31": "", "2009-12-31": "", "2008-12-31": "", "2007-12-31": "", "2006-12-31": "", "2005-12-31": ""}, "Share Holder Equity": {"2019-12-31": "1807.33600", "2018-12-31": "1716.44900", "2017-12-31": "1635.37000", "2016-12-31": "1661.23700", "2015-12-31": "1644.85300", "2014-12-31": "1449.61800", "2013-12-31": "1093.20700", "2012-12-31": "989.90900", "2011-12-31": "995.32200", "2010-12-31": "765.40800", "2009-12-31": "739.33000", "2008-12-31": "522.92800", "2007-12-31": "555.61900", "2006-12-31": "627.49300", "2005-12-31": "698.46900"}, "Total Liabilities And Share Holders Equity": {"2019-12-31": "4029.54500", "2018-12-31": "3752.97200", "2017-12-31": "3545.33600", "2016-12-31": "3475.02800", "2015-12-31": "3104.16400", "2014-12-31": "2786.33900", "2013-12-31": "2358.62400", "2012-12-31": "2150.31900", "2011-12-31": "1875.97900", "2010-12-31": "1478.81900", "2009-12-31": "1598.87000", "2008-12-31": "1597.65900", "2007-12-31": "1687.83100", "2006-12-31": "1615.33900", "2005-12-31": "1476.32100"}}, "balance sheet, quarterly": {"Cash On Hand": {"2020-09-30": "6.71800", "2020-06-30": "6.39200", "2020-03-31": "38.47900", "2019-12-31": "58.44100", "2019-09-30": "12.84800", "2019-06-30": "15.38300", "2019-03-31": "6.54100", "2018-12-31": "6.48200", "2018-09-30": "6.47900", "2018-06-30": "9.52400", "2018-03-31": "8.98200", "2017-12-31": "9.15800", "2017-09-30": "10.41900", "2017-06-30": "12.24100", "2017-03-31": "9.63700", "2016-12-31": "10.86600", "2016-09-30": "95.43100", "2016-06-30": "12.44000", "2016-03-31": "5.40600", "2015-12-31": "87.46900", "2015-09-30": "5.76400", "2015-06-30": "6.39600", "2015-03-31": "6.69200", "2014-12-31": "6.20600", "2014-09-30": "35.51800", "2014-06-30": "14.37600", "2014-03-31": "7.19900", "2013-12-31": "7.20100", "2013-09-30": "7.16600", "2013-06-30": "8.56100", "2013-03-31": "8.10900", "2012-12-31": "10.56500", "2012-09-30": "10.28600", "2012-06-30": "144.41400", "2012-03-31": "18.95100", "2011-12-31": "20.36000", "2011-09-30": "23.71900", "2011-06-30": "11.59200", "2011-03-31": "13.70100", "2010-12-31": "16.14100", "2010-09-30": "38.73100", "2010-06-30": "45.83800", "2010-03-31": "55.04500", "2009-12-31": "119.14900", "2009-09-30": "77.49100", "2009-06-30": "20.45500", "2009-03-31": "17.82100", "2008-12-31": "19.96100", "2008-09-30": "21.15800", "2008-06-30": "18.85000", "2008-03-31": "21.71500", "2007-12-31": "20.33500", "2007-09-30": "25.35200", "2007-06-30": "20.30800", "2007-03-31": "21.15700", "2006-12-31": "33.84200", "2006-09-30": "30.61400", "2006-06-30": "28.87500", "2006-03-31": "33.77100", "2005-12-31": "117.82000", "2005-09-30": "30.29800", "2005-06-30": "19.89800", "2005-03-31": "16.68100"}, "Receivables": {"2020-09-30": "", "2020-06-30": "", "2020-03-31": "", "2019-12-31": "", "2019-09-30": "", "2019-06-30": "", "2019-03-31": "", "2018-12-31": "", "2018-09-30": "", "2018-06-30": "", "2018-03-31": "", "2017-12-31": "", "2017-09-30": "", "2017-06-30": "", "2017-03-31": "", "2016-12-31": "", "2016-09-30": "", "2016-06-30": "", "2016-03-31": "", "2015-12-31": "", "2015-09-30": "", "2015-06-30": "", "2015-03-31": "", "2014-12-31": "", "2014-09-30": "", "2014-06-30": "", "2014-03-31": "", "2013-12-31": "", "2013-09-30": "", "2013-06-30": "", "2013-03-31": "", "2012-12-31": "", "2012-09-30": "", "2012-06-30": "", "2012-03-31": "", "2011-12-31": "", "2011-09-30": "", "2011-06-30": "", "2011-03-31": "", "2010-12-31": "", "2010-09-30": "", "2010-06-30": "", "2010-03-31": "", "2009-12-31": "", "2009-09-30": "", "2009-06-30": "", "2009-03-31": "", "2008-12-31": "", "2008-09-30": "", "2008-06-30": "", "2008-03-31": "", "2007-12-31": "", "2007-09-30": "", "2007-06-30": "1.35800", "2007-03-31": "0.55400", "2006-12-31": "0.63200", "2006-09-30": "0.30700", "2006-06-30": "0.35300", "2006-03-31": "0.67800", "2005-12-31": "0.35500", "2005-09-30": "", "2005-06-30": "", "2005-03-31": ""}, "Inventory": {"2020-09-30": "", "2020-06-30": "", "2020-03-31": "", "2019-12-31": "", "2019-09-30": "", "2019-06-30": "", "2019-03-31": "", "2018-12-31": "", "2018-09-30": "", "2018-06-30": "", "2018-03-31": "", "2017-12-31": "", "2017-09-30": "", "2017-06-30": "", "2017-03-31": "", "2016-12-31": "", "2016-09-30": "", "2016-06-30": "", "2016-03-31": "", "2015-12-31": "", "2015-09-30": "", "2015-06-30": "", "2015-03-31": "", "2014-12-31": "", "2014-09-30": "", "2014-06-30": "", "2014-03-31": "", "2013-12-31": "", "2013-09-30": "", "2013-06-30": "", "2013-03-31": "", "2012-12-31": "", "2012-09-30": "", "2012-06-30": "", "2012-03-31": "", "2011-12-31": "", "2011-09-30": "", "2011-06-30": "", "2011-03-31": "", "2010-12-31": "", "2010-09-30": "", "2010-06-30": "", "2010-03-31": "", "2009-12-31": "", "2009-09-30": "", "2009-06-30": "", "2009-03-31": "", "2008-12-31": "", "2008-09-30": "", "2008-06-30": "", "2008-03-31": "", "2007-12-31": "", "2007-09-30": "", "2007-06-30": "", "2007-03-31": "", "2006-12-31": "", "2006-09-30": "", "2006-06-30": "", "2006-03-31": "", "2005-12-31": "", "2005-09-30": "", "2005-06-30": "", "2005-03-31": ""}, "Pre-Paid Expenses": {"2020-09-30": "", "2020-06-30": "", "2020-03-31": "", "2019-12-31": "", "2019-09-30": "", "2019-06-30": "", "2019-03-31": "", "2018-12-31": "", "2018-09-30": "", "2018-06-30": "", "2018-03-31": "", "2017-12-31": "", "2017-09-30": "", "2017-06-30": "", "2017-03-31": "", "2016-12-31": "", "2016-09-30": "", "2016-06-30": "", "2016-03-31": "", "2015-12-31": "", "2015-09-30": "", "2015-06-30": "", "2015-03-31": "", "2014-12-31": "", "2014-09-30": "", "2014-06-30": "", "2014-03-31": "", "2013-12-31": "", "2013-09-30": "", "2013-06-30": "", "2013-03-31": "", "2012-12-31": "", "2012-09-30": "", "2012-06-30": "", "2012-03-31": "", "2011-12-31": "", "2011-09-30": "", "2011-06-30": "", "2011-03-31": "", "2010-12-31": "", "2010-09-30": "", "2010-06-30": "", "2010-03-31": "", "2009-12-31": "", "2009-09-30": "", "2009-06-30": "", "2009-03-31": "", "2008-12-31": "", "2008-09-30": "", "2008-06-30": "", "2008-03-31": "", "2007-12-31": "", "2007-09-30": "", "2007-06-30": "", "2007-03-31": "", "2006-12-31": "", "2006-09-30": "", "2006-06-30": "", "2006-03-31": "", "2005-12-31": "", "2005-09-30": "", "2005-06-30": "", "2005-03-31": ""}, "Other Current Assets": {"2020-09-30": "", "2020-06-30": "", "2020-03-31": "", "2019-12-31": "", "2019-09-30": "", "2019-06-30": "", "2019-03-31": "", "2018-12-31": "", "2018-09-30": "", "2018-06-30": "", "2018-03-31": "", "2017-12-31": "", "2017-09-30": "", "2017-06-30": "", "2017-03-31": "", "2016-12-31": "", "2016-09-30": "", "2016-06-30": "", "2016-03-31": "", "2015-12-31": "", "2015-09-30": "", "2015-06-30": "", "2015-03-31": "", "2014-12-31": "", "2014-09-30": "", "2014-06-30": "", "2014-03-31": "", "2013-12-31": "", "2013-09-30": "", "2013-06-30": "", "2013-03-31": "", "2012-12-31": "", "2012-09-30": "", "2012-06-30": "", "2012-03-31": "", "2011-12-31": "", "2011-09-30": "", "2011-06-30": "", "2011-03-31": "", "2010-12-31": "", "2010-09-30": "", "2010-06-30": "", "2010-03-31": "", "2009-12-31": "", "2009-09-30": "", "2009-06-30": "", "2009-03-31": "", "2008-12-31": "", "2008-09-30": "", "2008-06-30": "", "2008-03-31": "", "2007-12-31": "", "2007-09-30": "", "2007-06-30": "", "2007-03-31": "", "2006-12-31": "", "2006-09-30": "", "2006-06-30": "", "2006-03-31": "", "2005-12-31": "", "2005-09-30": "", "2005-06-30": "", "2005-03-31": ""}, "Total Current Assets": {"2020-09-30": "6.71800", "2020-06-30": "6.39200", "2020-03-31": "38.47900", "2019-12-31": "58.44100", "2019-09-30": "12.84800", "2019-06-30": "15.38300", "2019-03-31": "6.54100", "2018-12-31": "6.48200", "2018-09-30": "6.47900", "2018-06-30": "9.52400", "2018-03-31": "8.98200", "2017-12-31": "9.15800", "2017-09-30": "10.41900", "2017-06-30": "12.24100", "2017-03-31": "9.63700", "2016-12-31": "10.86600", "2016-09-30": "95.43100", "2016-06-30": "12.44000", "2016-03-31": "5.40600", "2015-12-31": "87.46900", "2015-09-30": "5.76400", "2015-06-30": "6.39600", "2015-03-31": "6.69200", "2014-12-31": "6.20600", "2014-09-30": "35.51800", "2014-06-30": "14.37600", "2014-03-31": "7.19900", "2013-12-31": "7.20100", "2013-09-30": "7.16600", "2013-06-30": "8.56100", "2013-03-31": "8.10900", "2012-12-31": "10.56500", "2012-09-30": "10.28600", "2012-06-30": "144.41400", "2012-03-31": "18.95100", "2011-12-31": "20.36000", "2011-09-30": "23.71900", "2011-06-30": "11.59200", "2011-03-31": "13.70100", "2010-12-31": "16.14100", "2010-09-30": "38.73100", "2010-06-30": "46.09400", "2010-03-31": "57.57700", "2009-12-31": "139.26100", "2009-09-30": "77.49100", "2009-06-30": "20.45500", "2009-03-31": "17.82100", "2008-12-31": "19.96100", "2008-09-30": "21.15800", "2008-06-30": "18.85000", "2008-03-31": "21.71500", "2007-12-31": "20.33500", "2007-09-30": "25.35200", "2007-06-30": "21.66600", "2007-03-31": "21.71100", "2006-12-31": "34.47400", "2006-09-30": "30.92100", "2006-06-30": "29.22800", "2006-03-31": "34.44900", "2005-12-31": "118.17500", "2005-09-30": "30.29800", "2005-06-30": "19.89800", "2005-03-31": "16.68100"}, "Property, Plant, And Equipment": {"2020-09-30": "3833.94900", "2020-06-30": "3829.48800", "2020-03-31": "3771.59100", "2019-12-31": "3774.48500", "2019-09-30": "3737.85500", "2019-06-30": "3735.15300", "2019-03-31": "3604.79100", "2018-12-31": "3600.96800", "2018-09-30": "3485.04700", "2018-06-30": "3430.09200", "2018-03-31": "3416.89900", "2017-12-31": "3408.79000", "2017-09-30": "3363.25800", "2017-06-30": "3351.88400", "2017-03-31": "3327.22000", "2016-12-31": "3326.81600", "2016-09-30": "3282.98300", "2016-06-30": "3208.43900", "2016-03-31": "3056.84100", "2015-12-31": "2872.98300", "2015-09-30": "2754.06100", "2015-06-30": "2711.22000", "2015-03-31": "2658.08800", "2014-12-31": "2625.12900", "2014-09-30": "2356.67000", "2014-06-30": "2334.79100", "2014-03-31": "2241.35900", "2013-12-31": "2155.17000", "2013-09-30": "2093.26800", "2013-06-30": "2149.66800", "2013-03-31": "2069.11900", "2012-12-31": "2089.70700", "2012-09-30": "2092.05000", "2012-06-30": "1883.42100", "2012-03-31": "1856.07100", "2011-12-31": "1788.72000", "2011-09-30": "1433.20500", "2011-06-30": "1462.56100", "2011-03-31": "1430.11200", "2010-12-31": "1428.49100", "2010-09-30": "1419.31100", "2010-06-30": "1403.22500", "2010-03-31": "1416.37700", "2009-12-31": "1430.53300", "2009-09-30": "1446.11300", "2009-06-30": "1525.08500", "2009-03-31": "1545.04900", "2008-12-31": "1559.95800", "2008-09-30": "1581.61000", "2008-06-30": "1623.26000", "2008-03-31": "1643.71300", "2007-12-31": "1647.11800", "2007-09-30": "1652.42700", "2007-06-30": "1548.85800", "2007-03-31": "1572.38700", "2006-12-31": "1566.81500", "2006-09-30": "1577.97100", "2006-06-30": "1504.91900", "2006-03-31": "1459.18300", "2005-12-31": "1246.29500", "2005-09-30": "1141.89500", "2005-06-30": "847.53900", "2005-03-31": "791.13100"}, "Long-Term Investments": {"2020-09-30": "", "2020-06-30": "", "2020-03-31": "", "2019-12-31": "", "2019-09-30": "", "2019-06-30": "", "2019-03-31": "", "2018-12-31": "", "2018-09-30": "", "2018-06-30": "", "2018-03-31": "", "2017-12-31": "", "2017-09-30": "", "2017-06-30": "", "2017-03-31": "", "2016-12-31": "", "2016-09-30": "", "2016-06-30": "", "2016-03-31": "", "2015-12-31": "", "2015-09-30": "", "2015-06-30": "", "2015-03-31": "", "2014-12-31": "", "2014-09-30": "", "2014-06-30": "", "2014-03-31": "", "2013-12-31": "", "2013-09-30": "", "2013-06-30": "", "2013-03-31": "", "2012-12-31": "", "2012-09-30": "", "2012-06-30": "", "2012-03-31": "", "2011-12-31": "", "2011-09-30": "", "2011-06-30": "", "2011-03-31": "", "2010-12-31": "", "2010-09-30": "", "2010-06-30": "", "2010-03-31": "", "2009-12-31": "", "2009-09-30": "", "2009-06-30": "", "2009-03-31": "", "2008-12-31": "", "2008-09-30": "", "2008-06-30": "", "2008-03-31": "", "2007-12-31": "", "2007-09-30": "", "2007-06-30": "", "2007-03-31": "", "2006-12-31": "", "2006-09-30": "", "2006-06-30": "", "2006-03-31": "", "2005-12-31": "", "2005-09-30": "", "2005-06-30": "", "2005-03-31": ""}, "Goodwill And Intangible Assets": {"2020-09-30": "", "2020-06-30": "", "2020-03-31": "", "2019-12-31": "", "2019-09-30": "", "2019-06-30": "", "2019-03-31": "", "2018-12-31": "", "2018-09-30": "", "2018-06-30": "", "2018-03-31": "", "2017-12-31": "", "2017-09-30": "", "2017-06-30": "", "2017-03-31": "", "2016-12-31": "", "2016-09-30": "", "2016-06-30": "", "2016-03-31": "", "2015-12-31": "", "2015-09-30": "", "2015-06-30": "", "2015-03-31": "", "2014-12-31": "", "2014-09-30": "", "2014-06-30": "", "2014-03-31": "", "2013-12-31": "", "2013-09-30": "", "2013-06-30": "", "2013-03-31": "", "2012-12-31": "", "2012-09-30": "", "2012-06-30": "", "2012-03-31": "", "2011-12-31": "", "2011-09-30": "", "2011-06-30": "", "2011-03-31": "", "2010-12-31": "", "2010-09-30": "", "2010-06-30": "", "2010-03-31": "", "2009-12-31": "", "2009-09-30": "", "2009-06-30": "", "2009-03-31": "", "2008-12-31": "", "2008-09-30": "", "2008-06-30": "", "2008-03-31": "", "2007-12-31": "", "2007-09-30": "", "2007-06-30": "", "2007-03-31": "", "2006-12-31": "", "2006-09-30": "", "2006-06-30": "", "2006-03-31": "", "2005-12-31": "", "2005-09-30": "", "2005-06-30": "", "2005-03-31": ""}, "Other Long-Term Assets": {"2020-09-30": "187.90300", "2020-06-30": "188.46000", "2020-03-31": "192.69200", "2019-12-31": "196.61900", "2019-09-30": "199.62700", "2019-06-30": "196.93300", "2019-03-31": "202.85700", "2018-12-31": "145.52200", "2018-09-30": "148.52400", "2018-06-30": "145.14400", "2018-03-31": "139.65300", "2017-12-31": "127.38800", "2017-09-30": "129.34200", "2017-06-30": "129.11300", "2017-03-31": "129.25800", "2016-12-31": "137.34600", "2016-09-30": "140.78500", "2016-06-30": "141.63000", "2016-03-31": "144.44000", "2015-12-31": "143.71200", "2015-09-30": "170.08100", "2015-06-30": "146.33700", "2015-03-31": "143.22000", "2014-12-31": "155.00400", "2014-09-30": "152.77800", "2014-06-30": "153.95600", "2014-03-31": "193.97300", "2013-12-31": "196.25300", "2013-09-30": "102.72900", "2013-06-30": "39.49300", "2013-03-31": "35.70500", "2012-12-31": "50.04700", "2012-09-30": "65.37700", "2012-06-30": "61.14300", "2012-03-31": "62.89100", "2011-12-31": "66.89900", "2011-09-30": "46.19400", "2011-06-30": "35.30900", "2011-03-31": "31.89400", "2010-12-31": "34.18700", "2010-09-30": "39.15200", "2010-06-30": "35.71500", "2010-03-31": "28.02200", "2009-12-31": "29.07600", "2009-09-30": "43.91900", "2009-06-30": "17.17200", "2009-03-31": "12.18300", "2008-12-31": "17.74000", "2008-09-30": "20.25400", "2008-06-30": "15.31500", "2008-03-31": "16.32700", "2007-12-31": "20.37800", "2007-09-30": "20.95000", "2007-06-30": "17.03400", "2007-03-31": "13.33700", "2006-12-31": "14.05000", "2006-09-30": "15.87300", "2006-06-30": "17.03200", "2006-03-31": "18.69700", "2005-12-31": "111.85100", "2005-09-30": "19.93900", "2005-06-30": "12.17600", "2005-03-31": "10.86100"}, "Total Long-Term Assets": {"2020-09-30": "4021.85200", "2020-06-30": "4017.94800", "2020-03-31": "3964.28300", "2019-12-31": "3971.10400", "2019-09-30": "3937.48200", "2019-06-30": "3932.08600", "2019-03-31": "3807.64800", "2018-12-31": "3746.49000", "2018-09-30": "3633.57100", "2018-06-30": "3575.23600", "2018-03-31": "3556.55200", "2017-12-31": "3536.17800", "2017-09-30": "3492.60000", "2017-06-30": "3480.99700", "2017-03-31": "3456.47800", "2016-12-31": "3464.16200", "2016-09-30": "3423.76800", "2016-06-30": "3350.06900", "2016-03-31": "3201.28100", "2015-12-31": "3016.69500", "2015-09-30": "2924.14200", "2015-06-30": "2857.55700", "2015-03-31": "2801.30800", "2014-12-31": "2780.13300", "2014-09-30": "2509.44800", "2014-06-30": "2488.74700", "2014-03-31": "2435.33200", "2013-12-31": "2351.42300", "2013-09-30": "2195.99700", "2013-06-30": "2189.16100", "2013-03-31": "2104.82400", "2012-12-31": "2139.75400", "2012-09-30": "2157.42700", "2012-06-30": "1944.56400", "2012-03-31": "1918.96200", "2011-12-31": "1855.61900", "2011-09-30": "1479.39900", "2011-06-30": "1497.87000", "2011-03-31": "1462.00600", "2010-12-31": "1462.67800", "2010-09-30": "1458.46300", "2010-06-30": "1438.94000", "2010-03-31": "1444.39900", "2009-12-31": "1459.60900", "2009-09-30": "1490.03200", "2009-06-30": "1542.25700", "2009-03-31": "1557.23200", "2008-12-31": "1577.69800", "2008-09-30": "1601.86400", "2008-06-30": "1638.57500", "2008-03-31": "1660.04000", "2007-12-31": "1667.49600", "2007-09-30": "1673.37700", "2007-06-30": "1565.89200", "2007-03-31": "1585.72400", "2006-12-31": "1580.86500", "2006-09-30": "1593.84400", "2006-06-30": "1521.95100", "2006-03-31": "1477.88000", "2005-12-31": "1358.14600", "2005-09-30": "1161.83400", "2005-06-30": "859.71500", "2005-03-31": "801.99200"}, "Total Assets": {"2020-09-30": "4028.57000", "2020-06-30": "4024.34000", "2020-03-31": "4002.76200", "2019-12-31": "4029.54500", "2019-09-30": "3950.33000", "2019-06-30": "3947.46900", "2019-03-31": "3814.18900", "2018-12-31": "3752.97200", "2018-09-30": "3640.05000", "2018-06-30": "3584.76000", "2018-03-31": "3565.53400", "2017-12-31": "3545.33600", "2017-09-30": "3503.01900", "2017-06-30": "3493.23800", "2017-03-31": "3466.11500", "2016-12-31": "3475.02800", "2016-09-30": "3519.19900", "2016-06-30": "3362.50900", "2016-03-31": "3206.68700", "2015-12-31": "3104.16400", "2015-09-30": "2929.90600", "2015-06-30": "2863.95300", "2015-03-31": "2808.00000", "2014-12-31": "2786.33900", "2014-09-30": "2544.96600", "2014-06-30": "2503.12300", "2014-03-31": "2442.53100", "2013-12-31": "2358.62400", "2013-09-30": "2203.16300", "2013-06-30": "2197.72200", "2013-03-31": "2112.93300", "2012-12-31": "2150.31900", "2012-09-30": "2167.71300", "2012-06-30": "2088.97800", "2012-03-31": "1937.91300", "2011-12-31": "1875.97900", "2011-09-30": "1503.11800", "2011-06-30": "1509.46200", "2011-03-31": "1475.70700", "2010-12-31": "1478.81900", "2010-09-30": "1497.19400", "2010-06-30": "1485.03400", "2010-03-31": "1501.97600", "2009-12-31": "1598.87000", "2009-09-30": "1567.52300", "2009-06-30": "1562.71200", "2009-03-31": "1575.05300", "2008-12-31": "1597.65900", "2008-09-30": "1623.02200", "2008-06-30": "1657.42500", "2008-03-31": "1681.75500", "2007-12-31": "1687.83100", "2007-09-30": "1698.72900", "2007-06-30": "1587.55800", "2007-03-31": "1607.43500", "2006-12-31": "1615.33900", "2006-09-30": "1624.76500", "2006-06-30": "1551.17900", "2006-03-31": "1512.32900", "2005-12-31": "1476.32100", "2005-09-30": "1192.13200", "2005-06-30": "879.61300", "2005-03-31": "818.67300"}, "Total Current Liabilities": {"2020-09-30": "153.56800", "2020-06-30": "165.63500", "2020-03-31": "136.31000", "2019-12-31": "137.88000", "2019-09-30": "150.53200", "2019-06-30": "164.53300", "2019-03-31": "168.17400", "2018-12-31": "149.91400", "2018-09-30": "153.18500", "2018-06-30": "146.22300", "2018-03-31": "122.70300", "2017-12-31": "143.34400", "2017-09-30": "139.36800", "2017-06-30": "126.62100", "2017-03-31": "104.20000", "2016-12-31": "93.76400", "2016-09-30": "93.85400", "2016-06-30": "96.79500", "2016-03-31": "96.24500", "2015-12-31": "85.03400", "2015-09-30": "88.25900", "2015-06-30": "81.80500", "2015-03-31": "70.11600", "2014-12-31": "69.19800", "2014-09-30": "63.13900", "2014-06-30": "57.84700", "2014-03-31": "49.62700", "2013-12-31": "57.59900", "2013-09-30": "55.11300", "2013-06-30": "54.24100", "2013-03-31": "52.40500", "2012-12-31": "60.70800", "2012-09-30": "63.03300", "2012-06-30": "55.45300", "2012-03-31": "46.26300", "2011-12-31": "51.02500", "2011-09-30": "50.02800", "2011-06-30": "37.10500", "2011-03-31": "32.10400", "2010-12-31": "36.17200", "2010-09-30": "40.64600", "2010-06-30": "35.40000", "2010-03-31": "27.74900", "2009-12-31": "33.76700", "2009-09-30": "38.90800", "2009-06-30": "32.21200", "2009-03-31": "29.92700", "2008-12-31": "39.41000", "2008-09-30": "33.82500", "2008-06-30": "28.09800", "2008-03-31": "28.53700", "2007-12-31": "33.73300", "2007-09-30": "27.60400", "2007-06-30": "21.98700", "2007-03-31": "21.11300", "2006-12-31": "22.92600", "2006-09-30": "22.56800", "2006-06-30": "19.35600", "2006-03-31": "16.28900", "2005-12-31": "17.20200", "2005-09-30": "18.55700", "2005-06-30": "12.23400", "2005-03-31": "9.69800"}, "Long Term Debt": {"2020-09-30": "1968.22600", "2020-06-30": "1946.60900", "2020-03-31": "1931.48600", "2019-12-31": "1931.76500", "2019-09-30": "1824.27300", "2019-06-30": "1852.83400", "2019-03-31": "1792.11200", "2018-12-31": "1747.09400", "2018-09-30": "1646.26500", "2018-06-30": "1600.14100", "2018-03-31": "1689.25800", "2017-12-31": "1634.99000", "2017-09-30": "1620.40300", "2017-06-30": "1614.10000", "2017-03-31": "1598.96000", "2016-12-31": "1595.74300", "2016-09-30": "1552.72900", "2016-06-30": "1429.58400", "2016-03-31": "1296.49400", "2015-12-31": "1251.54200", "2015-09-30": "1188.24400", "2015-06-30": "1203.89200", "2015-03-31": "1176.86800", "2014-12-31": "1173.85100", "2014-09-30": "1115.84900", "2014-06-30": "1181.13200", "2014-03-31": "1196.62500", "2013-12-31": "1138.81800", "2013-09-30": "1044.40000", "2013-06-30": "1074.45300", "2013-03-31": "1006.46000", "2012-12-31": "1023.75900", "2012-09-30": "1074.34900", "2012-06-30": "994.75600", "2012-03-31": "837.80200", "2011-12-31": "758.44100", "2011-09-30": "646.01800", "2011-06-30": "656.64500", "2011-03-31": "623.04100", "2010-12-31": "615.45700", "2010-09-30": "656.17400", "2010-06-30": "665.85400", "2010-03-31": "683.32400", "2009-12-31": "769.02600", "2009-09-30": "728.11800", "2009-06-30": "943.62900", "2009-03-31": "965.88000", "2008-12-31": "977.50400", "2008-09-30": "991.37500", "2008-06-30": "1026.06000", "2008-03-31": "1042.05300", "2007-12-31": "1027.50100", "2007-09-30": "1019.23800", "2007-06-30": "890.92700", "2007-03-31": "894.30400", "2006-12-31": "879.43000", "2006-09-30": "864.19400", "2006-06-30": "773.42300", "2006-03-31": "719.82800", "2005-12-31": "669.28200", "2005-09-30": "741.03200", "2005-06-30": "489.46200", "2005-03-31": "421.51400"}, "Other Non-Current Liabilities": {"2020-09-30": "92.79700", "2020-06-30": "91.97200", "2020-03-31": "90.83100", "2019-12-31": "90.47600", "2019-09-30": "88.77900", "2019-06-30": "87.73100", "2019-03-31": "84.92900", "2018-12-31": "83.69600", "2018-09-30": "80.13200", "2018-06-30": "80.44600", "2018-03-31": "78.53900", "2017-12-31": "77.31200", "2017-09-30": "71.58600", "2017-06-30": "71.76800", "2017-03-31": "70.80200", "2016-12-31": "69.87700", "2016-09-30": "60.34200", "2016-06-30": "59.71900", "2016-03-31": "58.28000", "2015-12-31": "56.60700", "2015-09-30": "47.43800", "2015-06-30": "46.22900", "2015-03-31": "45.12100", "2014-12-31": "43.84900", "2014-09-30": "36.68400", "2014-06-30": "35.98400", "2014-03-31": "34.27500", "2013-12-31": "32.72500", "2013-09-30": "30.51400", "2013-06-30": "29.65900", "2013-03-31": "28.75800", "2012-12-31": "27.95300", "2012-09-30": "23.54700", "2012-06-30": "22.82000", "2012-03-31": "22.84600", "2011-12-31": "21.45900", "2011-09-30": "17.09500", "2011-06-30": "17.28200", "2011-03-31": "17.06100", "2010-12-31": "16.63700", "2010-09-30": "11.94200", "2010-06-30": "11.79500", "2010-03-31": "11.92200", "2009-12-31": "11.35300", "2009-09-30": "11.71200", "2009-06-30": "11.58600", "2009-03-31": "11.94000", "2008-12-31": "11.79100", "2008-09-30": "22.52700", "2008-06-30": "22.75400", "2008-03-31": "22.92300", "2007-12-31": "21.99600", "2007-09-30": "29.05900", "2007-06-30": "29.24100", "2007-03-31": "29.25300", "2006-12-31": "28.59200", "2006-09-30": "29.23100", "2006-06-30": "27.56300", "2006-03-31": "27.31600", "2005-12-31": "27.67300", "2005-09-30": "83.83300", "2005-06-30": "17.98300", "2005-03-31": "17.42000"}, "Total Long Term Liabilities": {"2020-09-30": "2130.59600", "2020-06-30": "2089.98800", "2020-03-31": "2076.16200", "2019-12-31": "2084.32900", "2019-09-30": "1978.16000", "2019-06-30": "2002.95000", "2019-03-31": "1937.45500", "2018-12-31": "1886.60900", "2018-09-30": "1784.84300", "2018-06-30": "1745.09900", "2018-03-31": "1825.50200", "2017-12-31": "1766.62200", "2017-09-30": "1740.74800", "2017-06-30": "1745.28400", "2017-03-31": "1722.49700", "2016-12-31": "1720.02700", "2016-09-30": "1673.61200", "2016-06-30": "1557.88400", "2016-03-31": "1426.69000", "2015-12-31": "1374.27700", "2015-09-30": "1295.86200", "2015-06-30": "1302.59300", "2015-03-31": "1276.43500", "2014-12-31": "1267.52300", "2014-09-30": "1193.12300", "2014-06-30": "1258.54600", "2014-03-31": "1269.70700", "2013-12-31": "1207.81800", "2013-09-30": "1115.60200", "2013-06-30": "1140.55800", "2013-03-31": "1071.25400", "2012-12-31": "1099.70200", "2012-09-30": "1154.63600", "2012-06-30": "1069.02600", "2012-03-31": "916.27000", "2011-12-31": "829.63200", "2011-09-30": "705.63400", "2011-06-30": "723.71600", "2011-03-31": "689.93700", "2010-12-31": "677.23900", "2010-09-30": "711.98700", "2010-06-30": "722.38000", "2010-03-31": "740.33200", "2009-12-31": "825.77300", "2009-09-30": "785.88700", "2009-06-30": "1000.86400", "2009-03-31": "1023.65300", "2008-12-31": "1035.32100", "2008-09-30": "1060.58300", "2008-06-30": "1095.93800", "2008-03-31": "1112.74600", "2007-12-31": "1098.47900", "2007-09-30": "1098.74600", "2007-06-30": "973.08910", "2007-03-31": "978.56600", "2006-12-31": "964.92000", "2006-09-30": "952.38700", "2006-06-30": "861.74490", "2006-03-31": "809.43900", "2005-12-31": "760.65000", "2005-09-30": "839.66400", "2005-06-30": "524.72000", "2005-03-31": "458.26100"}, "Total Liabilities": {"2020-09-30": "2284.16400", "2020-06-30": "2255.62300", "2020-03-31": "2212.47200", "2019-12-31": "2222.20900", "2019-09-30": "2128.69200", "2019-06-30": "2167.48300", "2019-03-31": "2105.62900", "2018-12-31": "2036.52300", "2018-09-30": "1938.02800", "2018-06-30": "1891.32200", "2018-03-31": "1948.20500", "2017-12-31": "1909.96600", "2017-09-30": "1880.11600", "2017-06-30": "1871.90500", "2017-03-31": "1826.69700", "2016-12-31": "1813.79100", "2016-09-30": "1767.46600", "2016-06-30": "1654.67900", "2016-03-31": "1522.93500", "2015-12-31": "1459.31100", "2015-09-30": "1384.12100", "2015-06-30": "1384.39800", "2015-03-31": "1346.55100", "2014-12-31": "1336.72100", "2014-09-30": "1256.26200", "2014-06-30": "1316.39300", "2014-03-31": "1319.33400", "2013-12-31": "1265.41700", "2013-09-30": "1170.71500", "2013-06-30": "1194.79900", "2013-03-31": "1123.65900", "2012-12-31": "1160.41000", "2012-09-30": "1217.66900", "2012-06-30": "1124.47900", "2012-03-31": "962.53300", "2011-12-31": "880.65700", "2011-09-30": "755.66200", "2011-06-30": "760.82100", "2011-03-31": "722.04100", "2010-12-31": "713.41100", "2010-09-30": "752.63300", "2010-06-30": "757.78000", "2010-03-31": "768.08100", "2009-12-31": "859.54000", "2009-09-30": "824.79500", "2009-06-30": "1033.07600", "2009-03-31": "1053.58000", "2008-12-31": "1074.73100", "2008-09-30": "1094.40800", "2008-06-30": "1124.03600", "2008-03-31": "1141.28300", "2007-12-31": "1132.21200", "2007-09-30": "1126.35000", "2007-06-30": "995.07600", "2007-03-31": "999.67900", "2006-12-31": "987.84600", "2006-09-30": "974.95500", "2006-06-30": "881.10100", "2006-03-31": "825.72800", "2005-12-31": "777.85200", "2005-09-30": "858.22100", "2005-06-30": "536.95400", "2005-03-31": "467.95900"}, "Common Stock Net": {"2020-09-30": "1.93700", "2020-06-30": "1.93700", "2020-03-31": "1.93600", "2019-12-31": "1.93600", "2019-09-30": "1.93600", "2019-06-30": "1.91600", "2019-03-31": "1.88100", "2018-12-31": "1.87100", "2018-09-30": "1.86300", "2018-06-30": "1.85900", "2018-03-31": "1.82300", "2017-12-31": "1.82200", "2017-09-30": "1.80900", "2017-06-30": "1.80200", "2017-03-31": "1.80200", "2016-12-31": "1.80100", "2016-09-30": "1.79900", "2016-06-30": "1.78200", "2016-03-31": "1.77100", "2015-12-31": "1.74700", "2015-09-30": "1.70900", "2015-06-30": "1.67400", "2015-03-31": "1.66100", "2014-12-31": "1.63900", "2014-09-30": "1.53200", "2014-06-30": "1.47100", "2014-03-31": "1.42200", "2013-12-31": "1.39300", "2013-09-30": "1.36500", "2013-06-30": "1.34400", "2013-03-31": "1.33200", "2012-12-31": "1.31800", "2012-09-30": "1.27400", "2012-06-30": "1.22700", "2012-03-31": "1.22400", "2011-12-31": "1.22100", "2011-09-30": "0.99000", "2011-06-30": "0.98900", "2011-03-31": "0.98800", "2010-12-31": "0.98600", "2010-09-30": "0.95400", "2010-06-30": "0.93000", "2010-03-31": "0.92900", "2009-12-31": "0.92700", "2009-09-30": "0.92300", "2009-06-30": "0.60100", "2009-03-31": "0.57700", "2008-12-31": "0.57600", "2008-09-30": "0.57600", "2008-06-30": "0.57600", "2008-03-31": "0.57600", "2007-12-31": "0.57600", "2007-09-30": "0.57600", "2007-06-30": "0.57500", "2007-03-31": "0.57400", "2006-12-31": "0.57300", "2006-09-30": "0.57300", "2006-06-30": "0.57200", "2006-03-31": "0.57200", "2005-12-31": "0.57000", "2005-09-30": "0.37300", "2005-06-30": "0.37300", "2005-03-31": "0.37300"}, "Retained Earnings (Accumulated Deficit)": {"2020-09-30": "-947.47700", "2020-06-30": "-920.96400", "2020-03-31": "-894.77300", "2019-12-31": "-876.60600", "2019-09-30": "-860.98500", "2019-06-30": "-838.19700", "2019-03-31": "-823.47300", "2018-12-31": "-791.91500", "2018-09-30": "-779.53300", "2018-06-30": "-773.84900", "2018-03-31": "-748.49900", "2017-12-31": "-729.31100", "2017-09-30": "-708.40400", "2017-06-30": "-691.77800", "2017-03-31": "-680.91900", "2016-12-31": "-658.58300", "2016-09-30": "-634.24800", "2016-06-30": "-627.68900", "2016-03-31": "-613.73400", "2015-12-31": "-584.65400", "2015-09-30": "-576.08600", "2015-06-30": "-556.38500", "2015-03-31": "-543.86000", "2014-12-31": "-519.19300", "2014-09-30": "-487.35700", "2014-06-30": "-474.94400", "2014-03-31": "-459.33500", "2013-12-31": "-440.83700", "2013-09-30": "-448.51900", "2013-06-30": "-444.04400", "2013-03-31": "-429.73600", "2012-12-31": "-410.22500", "2012-09-30": "-388.06100", "2012-06-30": "-372.08200", "2012-03-31": "-363.57600", "2011-12-31": "-342.01300", "2011-09-30": "-314.38000", "2011-06-30": "-321.05300", "2011-03-31": "-314.69300", "2010-12-31": "-302.60100", "2010-09-30": "-296.22500", "2010-06-30": "-292.35000", "2010-03-31": "-285.48700", "2009-12-31": "-279.67000", "2009-09-30": "-274.55400", "2009-06-30": "-279.04700", "2009-03-31": "-274.68900", "2008-12-31": "-271.12400", "2008-09-30": "-272.16600", "2008-06-30": "-265.77400", "2008-03-31": "-255.62900", "2007-12-31": "-241.23300", "2007-09-30": "-225.03200", "2007-06-30": "-204.16900", "2007-03-31": "-187.71900", "2006-12-31": "-167.71200", "2006-09-30": "-147.80200", "2006-06-30": "-126.18100", "2006-03-31": "-109.49200", "2005-12-31": "-92.47300", "2005-09-30": "-65.75300", "2005-06-30": "-54.56400", "2005-03-31": "-46.31100"}, "Comprehensive Income": {"2020-09-30": "-0.66900", "2020-06-30": "-0.68900", "2020-03-31": "-0.70900", "2019-12-31": "-0.72900", "2019-09-30": "-0.74900", "2019-06-30": "-0.76900", "2019-03-31": "-0.78900", "2018-12-31": "-1.02900", "2018-09-30": "", "2018-06-30": "", "2018-03-31": "0.27900", "2017-12-31": "0.00300", "2017-09-30": "-0.36300", "2017-06-30": "-0.66600", "2017-03-31": "-1.02300", "2016-12-31": "-1.85000", "2016-09-30": "-3.24700", "2016-06-30": "-4.62300", "2016-03-31": "-5.30200", "2015-12-31": "-4.97800", "2015-09-30": "-8.82400", "2015-06-30": "-8.37800", "2015-03-31": "-9.83500", "2014-12-31": "-8.75900", "2014-09-30": "-8.55800", "2014-06-30": "-10.65000", "2014-03-31": "-10.36000", "2013-12-31": "-11.01400", "2013-09-30": "-12.62600", "2013-06-30": "-11.79400", "2013-03-31": "-18.83900", "2012-12-31": "-19.79600", "2012-09-30": "-21.20300", "2012-06-30": "-18.71000", "2012-03-31": "-12.05200", "2011-12-31": "-12.83100", "2011-09-30": "-9.48400", "2011-06-30": "-0.11300", "2011-03-31": "-0.88800", "2010-12-31": "-1.12100", "2010-09-30": "-0.92400", "2010-06-30": "-1.10400", "2010-03-31": "-1.05600", "2009-12-31": "-0.87400", "2009-09-30": "-2.48000", "2009-06-30": "-4.16500", "2009-03-31": "-6.30200", "2008-12-31": "-7.55300", "2008-09-30": "0.16500", "2008-06-30": "-0.71300", "2008-03-31": "-3.20900", "2007-12-31": "-1.66400", "2007-09-30": "-0.42700", "2007-06-30": "", "2007-03-31": "", "2006-12-31": "", "2006-09-30": "", "2006-06-30": "-1.85600", "2006-03-31": "-1.58200", "2005-12-31": "", "2005-09-30": "-0.02100", "2005-06-30": "-0.08200", "2005-03-31": "-0.14500"}, "Other Share Holders Equity": {"2020-09-30": "", "2020-06-30": "", "2020-03-31": "", "2019-12-31": "", "2019-09-30": "", "2019-06-30": "", "2019-03-31": "", "2018-12-31": "", "2018-09-30": "", "2018-06-30": "", "2018-03-31": "", "2017-12-31": "", "2017-09-30": "", "2017-06-30": "", "2017-03-31": "", "2016-12-31": "", "2016-09-30": "", "2016-06-30": "", "2016-03-31": "", "2015-12-31": "", "2015-09-30": "", "2015-06-30": "", "2015-03-31": "", "2014-12-31": "", "2014-09-30": "", "2014-06-30": "", "2014-03-31": "", "2013-12-31": "", "2013-09-30": "", "2013-06-30": "", "2013-03-31": "", "2012-12-31": "", "2012-09-30": "", "2012-06-30": "", "2012-03-31": "", "2011-12-31": "", "2011-09-30": "", "2011-06-30": "", "2011-03-31": "", "2010-12-31": "", "2010-09-30": "", "2010-06-30": "", "2010-03-31": "", "2009-12-31": "", "2009-09-30": "", "2009-06-30": "", "2009-03-31": "", "2008-12-31": "", "2008-09-30": "", "2008-06-30": "", "2008-03-31": "", "2007-12-31": "", "2007-09-30": "", "2007-06-30": "", "2007-03-31": "", "2006-12-31": "", "2006-09-30": "", "2006-06-30": "", "2006-03-31": "", "2005-12-31": "", "2005-09-30": "", "2005-06-30": "", "2005-03-31": ""}, "Share Holder Equity": {"2020-09-30": "1744.40600", "2020-06-30": "1768.71700", "2020-03-31": "1790.29000", "2019-12-31": "1807.33600", "2019-09-30": "1821.63800", "2019-06-30": "1779.98600", "2019-03-31": "1708.56000", "2018-12-31": "1716.44900", "2018-09-30": "1702.02200", "2018-06-30": "1693.43800", "2018-03-31": "1617.32900", "2017-12-31": "1635.37000", "2017-09-30": "1622.90300", "2017-06-30": "1621.33300", "2017-03-31": "1639.41800", "2016-12-31": "1661.23700", "2016-09-30": "1751.73300", "2016-06-30": "1707.83000", "2016-03-31": "1683.75200", "2015-12-31": "1644.85300", "2015-09-30": "1545.78500", "2015-06-30": "1479.55500", "2015-03-31": "1461.44900", "2014-12-31": "1449.61800", "2014-09-30": "1288.70400", "2014-06-30": "1186.73000", "2014-03-31": "1123.19700", "2013-12-31": "1093.20700", "2013-09-30": "1032.44800", "2013-06-30": "1002.92300", "2013-03-31": "989.27400", "2012-12-31": "989.90900", "2012-09-30": "950.04400", "2012-06-30": "964.49900", "2012-03-31": "975.38000", "2011-12-31": "995.32200", "2011-09-30": "747.45600", "2011-06-30": "748.64100", "2011-03-31": "753.66600", "2010-12-31": "765.40800", "2010-09-30": "744.56100", "2010-06-30": "727.25400", "2010-03-31": "733.89500", "2009-12-31": "739.33000", "2009-09-30": "742.72800", "2009-06-30": "529.63600", "2009-03-31": "521.47300", "2008-12-31": "522.92800", "2008-09-30": "528.61400", "2008-06-30": "533.38900", "2008-03-31": "540.47200", "2007-12-31": "555.61900", "2007-09-30": "572.37900", "2007-06-30": "592.48200", "2007-03-31": "607.75600", "2006-12-31": "627.49300", "2006-09-30": "649.81000", "2006-06-30": "670.07800", "2006-03-31": "686.60100", "2005-12-31": "698.46900", "2005-09-30": "333.91100", "2005-06-30": "342.65900", "2005-03-31": "350.71400"}, "Total Liabilities And Share Holders Equity": {"2020-09-30": "4028.57000", "2020-06-30": "4024.34000", "2020-03-31": "4002.76200", "2019-12-31": "4029.54500", "2019-09-30": "3950.33000", "2019-06-30": "3947.46900", "2019-03-31": "3814.18900", "2018-12-31": "3752.97200", "2018-09-30": "3640.05000", "2018-06-30": "3584.76000", "2018-03-31": "3565.53400", "2017-12-31": "3545.33600", "2017-09-30": "3503.01900", "2017-06-30": "3493.23800", "2017-03-31": "3466.11500", "2016-12-31": "3475.02800", "2016-09-30": "3519.19900", "2016-06-30": "3362.50900", "2016-03-31": "3206.68700", "2015-12-31": "3104.16400", "2015-09-30": "2929.90600", "2015-06-30": "2863.95300", "2015-03-31": "2808.00000", "2014-12-31": "2786.33900", "2014-09-30": "2544.96600", "2014-06-30": "2503.12300", "2014-03-31": "2442.53100", "2013-12-31": "2358.62400", "2013-09-30": "2203.16300", "2013-06-30": "2197.72200", "2013-03-31": "2112.93300", "2012-12-31": "2150.31900", "2012-09-30": "2167.71300", "2012-06-30": "2088.97800", "2012-03-31": "1937.91300", "2011-12-31": "1875.97900", "2011-09-30": "1503.11800", "2011-06-30": "1509.46200", "2011-03-31": "1475.70700", "2010-12-31": "1478.81900", "2010-09-30": "1497.19400", "2010-06-30": "1485.03400", "2010-03-31": "1501.97600", "2009-12-31": "1598.87000", "2009-09-30": "1567.52300", "2009-06-30": "1562.71200", "2009-03-31": "1575.05300", "2008-12-31": "1597.65900", "2008-09-30": "1623.02200", "2008-06-30": "1657.42500", "2008-03-31": "1681.75500", "2007-12-31": "1687.83100", "2007-09-30": "1698.72900", "2007-06-30": "1587.55800", "2007-03-31": "1607.43500", "2006-12-31": "1615.33900", "2006-09-30": "1624.76500", "2006-06-30": "1551.17900", "2006-03-31": "1512.32900", "2005-12-31": "1476.32100", "2005-09-30": "1192.13200", "2005-06-30": "879.61300", "2005-03-31": "818.67300"}}, "cash flow statement": {"Net Income/Loss": {"2019-12-31": "170.77100", "2018-12-31": "165.48800", "2017-12-31": "135.61100", "2016-12-31": "88.37600", "2015-12-31": "78.75600", "2014-12-31": "26.70200", "2013-12-31": "41.99400", "2012-12-31": "3.62800", "2011-12-31": "2.44700", "2010-12-31": "-6.01900", "2009-12-31": "-0.33200", "2008-12-31": "3.10200", "2007-12-31": "-14.24700", "2006-12-31": "-8.55100", "2005-12-31": "1.56800"}, "Total Depreciation And Amortization - Cash Flow": {"2019-12-31": "166.36600", "2018-12-31": "145.66300", "2017-12-31": "148.31900", "2016-12-31": "164.44200", "2015-12-31": "154.11300", "2014-12-31": "129.00300", "2013-12-31": "117.07400", "2012-12-31": "118.57300", "2011-12-31": "73.70200", "2010-12-31": "70.85000", "2009-12-31": "75.90800", "2008-12-31": "80.13200", "2007-12-31": "72.21800", "2006-12-31": "66.72700", "2005-12-31": "42.17400"}, "Other Non-Cash Items": {"2019-12-31": "-6.65400", "2018-12-31": "-4.87400", "2017-12-31": "6.41300", "2016-12-31": "6.37400", "2015-12-31": "-14.86300", "2014-12-31": "5.83000", "2013-12-31": "-21.27600", "2012-12-31": "-12.24600", "2011-12-31": "7.66000", "2010-12-31": "1.56000", "2009-12-31": "-11.20600", "2008-12-31": "-16.99800", "2007-12-31": "0.84500", "2006-12-31": "2.71100", "2005-12-31": "2.27100"}, "Total Non-Cash Items": {"2019-12-31": "159.71200", "2018-12-31": "140.78900", "2017-12-31": "154.73200", "2016-12-31": "170.81600", "2015-12-31": "139.25000", "2014-12-31": "134.83300", "2013-12-31": "95.79800", "2012-12-31": "106.32700", "2011-12-31": "81.36200", "2010-12-31": "72.41000", "2009-12-31": "64.70200", "2008-12-31": "63.13400", "2007-12-31": "73.06300", "2006-12-31": "69.43800", "2005-12-31": "44.44500"}, "Change In Accounts Receivable": {"2019-12-31": "", "2018-12-31": "", "2017-12-31": "", "2016-12-31": "", "2015-12-31": "", "2014-12-31": "", "2013-12-31": "", "2012-12-31": "", "2011-12-31": "", "2010-12-31": "", "2009-12-31": "", "2008-12-31": "", "2007-12-31": "", "2006-12-31": "", "2005-12-31": ""}, "Change In Inventories": {"2019-12-31": "", "2018-12-31": "", "2017-12-31": "", "2016-12-31": "", "2015-12-31": "", "2014-12-31": "", "2013-12-31": "", "2012-12-31": "", "2011-12-31": "", "2010-12-31": "", "2009-12-31": "", "2008-12-31": "", "2007-12-31": "", "2006-12-31": "", "2005-12-31": ""}, "Change In Accounts Payable": {"2019-12-31": "", "2018-12-31": "", "2017-12-31": "", "2016-12-31": "", "2015-12-31": "", "2014-12-31": "", "2013-12-31": "", "2012-12-31": "", "2011-12-31": "", "2010-12-31": "", "2009-12-31": "", "2008-12-31": "", "2007-12-31": "", "2006-12-31": "", "2005-12-31": ""}, "Change In Assets/Liabilities": {"2019-12-31": "-4.75700", "2018-12-31": "-4.59500", "2017-12-31": "-9.27500", "2016-12-31": "-3.78000", "2015-12-31": "-0.29600", "2014-12-31": "1.79800", "2013-12-31": "0.50600", "2012-12-31": "1.57400", "2011-12-31": "-2.11600", "2010-12-31": "3.68900", "2009-12-31": "-0.35900", "2008-12-31": "1.22900", "2007-12-31": "-2.41000", "2006-12-31": "-1.36100", "2005-12-31": "-2.71600"}, "Total Change In Assets/Liabilities": {"2019-12-31": "1.28500", "2018-12-31": "-1.94200", "2017-12-31": "1.57100", "2016-12-31": "4.08200", "2015-12-31": "-0.73400", "2014-12-31": "4.49700", "2013-12-31": "5.07000", "2012-12-31": "8.47300", "2011-12-31": "0.51800", "2010-12-31": "5.12600", "2009-12-31": "-2.15600", "2008-12-31": "1.22200", "2007-12-31": "4.25000", "2006-12-31": "4.37200", "2005-12-31": "0.47100"}, "Cash Flow From Operating Activities": {"2019-12-31": "331.76800", "2018-12-31": "304.33500", "2017-12-31": "291.91400", "2016-12-31": "263.27400", "2015-12-31": "217.27200", "2014-12-31": "166.03200", "2013-12-31": "142.86200", "2012-12-31": "118.42800", "2011-12-31": "84.32700", "2010-12-31": "71.51700", "2009-12-31": "62.21400", "2008-12-31": "67.01200", "2007-12-31": "62.69900", "2006-12-31": "64.56700", "2005-12-31": "46.10600"}, "Net Change In Property, Plant, And Equipment": {"2019-12-31": "-155.56700", "2018-12-31": "-242.13600", "2017-12-31": "-97.00700", "2016-12-31": "-418.31300", "2015-12-31": "-24.69500", "2014-12-31": "-6.49200", "2013-12-31": "-20.32000", "2012-12-31": "30.23500", "2011-12-31": "-426.72800", "2010-12-31": "-67.13700", "2009-12-31": "50.37500", "2008-12-31": "26.12900", "2007-12-31": "-169.64400", "2006-12-31": "-349.76600", "2005-12-31": "-391.97200"}, "Net Change In Intangible Assets": {"2019-12-31": "", "2018-12-31": "", "2017-12-31": "", "2016-12-31": "", "2015-12-31": "", "2014-12-31": "", "2013-12-31": "", "2012-12-31": "", "2011-12-31": "", "2010-12-31": "", "2009-12-31": "", "2008-12-31": "", "2007-12-31": "", "2006-12-31": "", "2005-12-31": ""}, "Net Acquisitions/Divestitures": {"2019-12-31": "", "2018-12-31": "", "2017-12-31": "", "2016-12-31": "", "2015-12-31": "-275.72600", "2014-12-31": "-547.51500", "2013-12-31": "-181.61200", "2012-12-31": "-220.79100", "2011-12-31": "", "2010-12-31": "", "2009-12-31": "", "2008-12-31": "", "2007-12-31": "", "2006-12-31": "", "2005-12-31": ""}, "Net Change In Short-term Investments": {"2019-12-31": "", "2018-12-31": "", "2017-12-31": "", "2016-12-31": "", "2015-12-31": "", "2014-12-31": "", "2013-12-31": "", "2012-12-31": "", "2011-12-31": "", "2010-12-31": "", "2009-12-31": "", "2008-12-31": "", "2007-12-31": "", "2006-12-31": "95.17000", "2005-12-31": "-95.17000"}, "Net Change In Long-Term Investments": {"2019-12-31": "-121.12700", "2018-12-31": "-10.51000", "2017-12-31": "15.48200", "2016-12-31": "-12.17600", "2015-12-31": "-1.98200", "2014-12-31": "54.34600", "2013-12-31": "-157.46100", "2012-12-31": "-81.15800", "2011-12-31": "-15.46200", "2010-12-31": "", "2009-12-31": "", "2008-12-31": "", "2007-12-31": "", "2006-12-31": "", "2005-12-31": ""}, "Net Change In Investments - Total": {"2019-12-31": "-121.12700", "2018-12-31": "-10.51000", "2017-12-31": "15.48200", "2016-12-31": "-12.17600", "2015-12-31": "-1.98200", "2014-12-31": "54.34600", "2013-12-31": "-157.46100", "2012-12-31": "-81.15800", "2011-12-31": "-15.46200", "2010-12-31": "", "2009-12-31": "", "2008-12-31": "", "2007-12-31": "", "2006-12-31": "95.17000", "2005-12-31": "-95.17000"}, "Investing Activities - Other": {"2019-12-31": "-98.97000", "2018-12-31": "-69.61300", "2017-12-31": "-68.77800", "2016-12-31": "-128.79900", "2015-12-31": "-72.20500", "2014-12-31": "-23.03800", "2013-12-31": "76.46900", "2012-12-31": "-0.22200", "2011-12-31": "0.09000", "2010-12-31": "22.35400", "2009-12-31": "48.47700", "2008-12-31": "1.04800", "2007-12-31": "16.24300", "2006-12-31": "6.54900", "2005-12-31": "-1.92100"}, "Cash Flow From Investing Activities": {"2019-12-31": "-375.66400", "2018-12-31": "-322.25900", "2017-12-31": "-150.30300", "2016-12-31": "-559.28800", "2015-12-31": "-374.60800", "2014-12-31": "-522.69900", "2013-12-31": "-282.92400", "2012-12-31": "-271.93600", "2011-12-31": "-442.10000", "2010-12-31": "-44.78300", "2009-12-31": "98.85200", "2008-12-31": "27.17700", "2007-12-31": "-153.40100", "2006-12-31": "-248.04700", "2005-12-31": "-489.06300"}, "Net Long-Term Debt": {"2019-12-31": "484.77400", "2018-12-31": "-9.81600", "2017-12-31": "-5.47400", "2016-12-31": "261.25200", "2015-12-31": "164.43300", "2014-12-31": "-30.14900", "2013-12-31": "110.99200", "2012-12-31": "113.29800", "2011-12-31": "164.21600", "2010-12-31": "-196.20500", "2009-12-31": "-36.01500", "2008-12-31": "-2.55100", "2007-12-31": "19.93800", "2006-12-31": "85.85000", "2005-12-31": "189.28200"}, "Net Current Debt": {"2019-12-31": "-299.46300", "2018-12-31": "113.82500", "2017-12-31": "38.40000", "2016-12-31": "43.30000", "2015-12-31": "-78.00000", "2014-12-31": "39.40000", "2013-12-31": "-6.40000", "2012-12-31": "45.00000", "2011-12-31": "-43.00000", "2010-12-31": "43.00000", "2009-12-31": "-172.00000", "2008-12-31": "-47.00000", "2007-12-31": "128.50000", "2006-12-31": "90.50000", "2005-12-31": ""}, "Debt Issuance/Retirement Net - Total": {"2019-12-31": "185.31100", "2018-12-31": "104.00890", "2017-12-31": "32.92600", "2016-12-31": "304.55200", "2015-12-31": "86.43300", "2014-12-31": "9.25100", "2013-12-31": "104.59200", "2012-12-31": "158.29800", "2011-12-31": "121.21600", "2010-12-31": "-153.20500", "2009-12-31": "-208.01500", "2008-12-31": "-49.55100", "2007-12-31": "148.43800", "2006-12-31": "176.35000", "2005-12-31": "189.28200"}, "Net Common Equity Issued/Repurchased": {"2019-12-31": "199.99000", "2018-12-31": "135.66500", "2017-12-31": "32.00700", "2016-12-31": "149.40500", "2015-12-31": "251.55100", "2014-12-31": "429.80800", "2013-12-31": "104.00000", "2012-12-31": "103.70800", "2011-12-31": "204.14000", "2010-12-31": "47.76700", "2009-12-31": "170.85200", "2008-12-31": "", "2007-12-31": "", "2006-12-31": "2.98500", "2005-12-31": "378.74700"}, "Net Total Equity Issued/Repurchased": {"2019-12-31": "199.99000", "2018-12-31": "135.66500", "2017-12-31": "32.00700", "2016-12-31": "71.83100", "2015-12-31": "251.55100", "2014-12-31": "429.80800", "2013-12-31": "104.00000", "2012-12-31": "103.70800", "2011-12-31": "278.98800", "2010-12-31": "47.76700", "2009-12-31": "170.85200", "2008-12-31": "", "2007-12-31": "", "2006-12-31": "2.98500", "2005-12-31": "378.74700"}, "Total Common And Preferred Stock Dividends Paid": {"2019-12-31": "-243.85900", "2018-12-31": "-221.32800", "2017-12-31": "-195.00600", "2016-12-31": "-157.66600", "2015-12-31": "-113.10100", "2014-12-31": "-81.85700", "2013-12-31": "-65.16700", "2012-12-31": "-45.47900", "2011-12-31": "-27.84900", "2010-12-31": "-9.40700", "2009-12-31": "-6.73600", "2008-12-31": "-45.27700", "2007-12-31": "-72.79100", "2006-12-31": "-72.64000", "2005-12-31": "-46.88100"}, "Financial Activities - Other": {"2019-12-31": "-45.58700", "2018-12-31": "-3.09800", "2017-12-31": "-13.24600", "2016-12-31": "0.69400", "2015-12-31": "-7.57900", "2014-12-31": "-0.81000", "2013-12-31": "-4.68200", "2012-12-31": "-67.59300", "2011-12-31": "-11.40400", "2010-12-31": "-8.76600", "2009-12-31": "-18.14300", "2008-12-31": "-0.13400", "2007-12-31": "-0.14400", "2006-12-31": "-2.39800", "2005-12-31": "-4.69100"}, "Cash Flow From Financial Activities": {"2019-12-31": "95.85500", "2018-12-31": "15.24800", "2017-12-31": "-143.31900", "2016-12-31": "219.41100", "2015-12-31": "217.30400", "2014-12-31": "356.39200", "2013-12-31": "138.74300", "2012-12-31": "148.93400", "2011-12-31": "360.95100", "2010-12-31": "-123.61100", "2009-12-31": "-62.04200", "2008-12-31": "-94.96200", "2007-12-31": "75.50300", "2006-12-31": "104.29700", "2005-12-31": "516.45700"}, "Net Cash Flow": {"2019-12-31": "51.95900", "2018-12-31": "-2.67600", "2017-12-31": "-1.70800", "2016-12-31": "-76.60300", "2015-12-31": "59.96800", "2014-12-31": "-0.27500", "2013-12-31": "-1.31900", "2012-12-31": "-4.57400", "2011-12-31": "3.17800", "2010-12-31": "-96.87700", "2009-12-31": "99.02400", "2008-12-31": "-0.77300", "2007-12-31": "-15.19900", "2006-12-31": "-79.18300", "2005-12-31": "73.50000"}, "Stock-Based Compensation": {"2019-12-31": "6.69400", "2018-12-31": "5.57200", "2017-12-31": "5.58600", "2016-12-31": "4.85000", "2015-12-31": "3.72200", "2014-12-31": "1.73500", "2013-12-31": "5.61700", "2012-12-31": "4.55000", "2011-12-31": "3.20400", "2010-12-31": "3.64100", "2009-12-31": "3.39600", "2008-12-31": "", "2007-12-31": "1.84000", "2006-12-31": "1.27200", "2005-12-31": "2.24400"}, "Common Stock Dividends Paid": {"2019-12-31": "-243.85900", "2018-12-31": "-221.32800", "2017-12-31": "-195.00600", "2016-12-31": "-151.12100", "2015-12-31": "-107.09300", "2014-12-31": "-75.84900", "2013-12-31": "-59.15900", "2012-12-31": "-39.75500", "2011-12-31": "-27.84900", "2010-12-31": "-9.40700", "2009-12-31": "-6.73600", "2008-12-31": "-45.27700", "2007-12-31": "-72.79100", "2006-12-31": "-72.64000", "2005-12-31": "-46.88100"}}, "cash flow statement, quarterly": {"Net Income/Loss": {"2020-09-30": 47.404, "2020-06-30": 38.932, "2020-03-31": "38.31700", "2019-12-31": 42.51, "2019-09-30": 42.597, "2019-06-30": 49.878, "2019-03-31": "35.78600", "2018-12-31": 48.636, "2018-09-30": 43.302, "2018-06-30": 38.751, "2018-03-31": "34.79900", "2017-12-31": 39.858, "2017-09-30": 37.709, "2017-06-30": 32.838, "2017-03-31": "25.20600", "2016-12-31": 27.047, "2016-09-30": 25.091, "2016-06-30": 20.383, "2016-03-31": "15.85500", "2015-12-31": 37.741, "2015-09-30": 18.62, "2015-06-30": 13.873, "2015-03-31": "8.52200", "2014-12-31": 5.542, "2014-09-30": 8.591, "2014-06-30": 7.993, "2014-03-31": "4.57600", "2013-12-31": 23.253, "2013-09-30": 16.601, "2013-06-30": 2.568, "2013-03-31": "-0.42800", "2012-12-31": 1.48, "2012-09-30": 2.051, "2012-06-30": 3.355, "2012-03-31": "-3.25800", "2011-12-31": -7.545, "2011-09-30": 7.928, "2011-06-30": 1.588, "2011-03-31": "0.47600", "2010-12-31": 2.677, "2010-09-30": -1.115, "2010-06-30": -4.389, "2010-03-31": "-3.19200", "2009-12-31": -2.463, "2009-09-30": 7.503, "2009-06-30": -3.086, "2009-03-31": "-2.28600", "2008-12-31": 2.761, "2008-09-30": 4.375, "2008-06-30": 0.301, "2008-03-31": "-4.33500", "2007-12-31": -7.047, "2007-09-30": -4.13, "2007-06-30": 0.288, "2007-03-31": "-3.35800", "2006-12-31": -5.797, "2006-09-30": -1.853, "2006-06-30": 0.724, "2006-03-31": "-1.62500", "2005-12-31": -3.918, "2005-09-30": 1.665, "2005-06-30": 2.204, "2005-03-31": "1.61700"}, "Total Depreciation And Amortization - Cash Flow": {"2020-09-30": 38.837, "2020-06-30": 40.646, "2020-03-31": "41.59200", "2019-12-31": 41.8, "2019-09-30": 44.066, "2019-06-30": 41.434, "2019-03-31": "39.06600", "2018-12-31": 38.677, "2018-09-30": 35.817, "2018-06-30": 35.624, "2018-03-31": "35.54500", "2017-12-31": 35.434, "2017-09-30": 36.548, "2017-06-30": 37.512, "2017-03-31": "38.82500", "2016-12-31": 39.94, "2016-09-30": 42.482, "2016-06-30": 42.059, "2016-03-31": "39.96100", "2015-12-31": 37.646, "2015-09-30": 39.281, "2015-06-30": 38.745, "2015-03-31": "38.44100", "2014-12-31": 37.129, "2014-09-30": 32.188, "2014-06-30": 31.03, "2014-03-31": "28.65600", "2013-12-31": 27.261, "2013-09-30": 29.71, "2013-06-30": 29.738, "2013-03-31": "30.36500", "2012-12-31": 32.661, "2012-09-30": 30.615, "2012-06-30": 27.811, "2012-03-31": "27.48600", "2011-12-31": 22.311, "2011-09-30": 16.96, "2011-06-30": 17.223, "2011-03-31": "17.20800", "2010-12-31": 17.814, "2010-09-30": 17.156, "2010-06-30": 17.963, "2010-03-31": "17.91700", "2009-12-31": 18.219, "2009-09-30": 19.186, "2009-06-30": 19.284, "2009-03-31": "19.21900", "2008-12-31": 18.735, "2008-09-30": 20.27, "2008-06-30": 20.661, "2008-03-31": "20.46600", "2007-12-31": 20.59, "2007-09-30": 17.316, "2007-06-30": 17.1, "2007-03-31": "17.21200", "2006-12-31": 18.411, "2006-09-30": 16.934, "2006-06-30": 16.248, "2006-03-31": "15.13400", "2005-12-31": 13.213, "2005-09-30": 11.438, "2005-06-30": 9.129, "2005-03-31": "8.39400"}, "Other Non-Cash Items": {"2020-09-30": 1.632, "2020-06-30": 1.728, "2020-03-31": "1.70000", "2019-12-31": -0.163, "2019-09-30": 1.343, "2019-06-30": -9.013, "2019-03-31": "1.17900", "2018-12-31": -9.302, "2018-09-30": 1.49, "2018-06-30": 1.345, "2018-03-31": "1.59300", "2017-12-31": 1.302, "2017-09-30": 1.538, "2017-06-30": 1.575, "2017-03-31": "1.99800", "2016-12-31": 1.856, "2016-09-30": 1.382, "2016-06-30": 1.669, "2016-03-31": "1.46700", "2015-12-31": -15.139, "2015-09-30": 0.286, "2015-06-30": 0.692, "2015-03-31": "-0.70200", "2014-12-31": 2.179, "2014-09-30": 2.45, "2014-06-30": -0.18, "2014-03-31": "1.38100", "2013-12-31": -15.037, "2013-09-30": -8.09, "2013-06-30": 1.297, "2013-03-31": "0.55400", "2012-12-31": -2.173, "2012-09-30": -5.724, "2012-06-30": -5.022, "2012-03-31": "0.67300", "2011-12-31": 6.957, "2011-09-30": -2.807, "2011-06-30": 2.947, "2011-03-31": "0.56300", "2010-12-31": -0.875, "2010-09-30": 0.701, "2010-06-30": 0.695, "2010-03-31": "1.03900", "2009-12-31": -0.263, "2009-09-30": -10.035, "2009-06-30": -1.266, "2009-03-31": "0.35800", "2008-12-31": -6.119, "2008-09-30": -6.668, "2008-06-30": -4.495, "2008-03-31": "0.28400", "2007-12-31": 2.309, "2007-09-30": 0.178, "2007-06-30": -1.566, "2007-03-31": "-0.07600", "2006-12-31": 0.387, "2006-09-30": 0.781, "2006-06-30": 0.209, "2006-03-31": "1.33400", "2005-12-31": 1.321, "2005-09-30": 0.381, "2005-06-30": 0.294, "2005-03-31": "0.27500"}, "Total Non-Cash Items": {"2020-09-30": 40.469, "2020-06-30": 42.374, "2020-03-31": "43.29200", "2019-12-31": 41.637, "2019-09-30": 45.409, "2019-06-30": 32.421, "2019-03-31": "40.24500", "2018-12-31": 29.375, "2018-09-30": 37.307, "2018-06-30": 36.969, "2018-03-31": "37.13800", "2017-12-31": 36.736, "2017-09-30": 38.086, "2017-06-30": 39.087, "2017-03-31": "40.82300", "2016-12-31": 41.796, "2016-09-30": 43.864, "2016-06-30": 43.728, "2016-03-31": "41.42800", "2015-12-31": 22.507, "2015-09-30": 39.567, "2015-06-30": 39.437, "2015-03-31": "37.73900", "2014-12-31": 39.308, "2014-09-30": 34.638, "2014-06-30": 30.85, "2014-03-31": "30.03700", "2013-12-31": 12.224, "2013-09-30": 21.62, "2013-06-30": 31.035, "2013-03-31": "30.91900", "2012-12-31": 30.488, "2012-09-30": 24.891, "2012-06-30": 22.789, "2012-03-31": "28.15900", "2011-12-31": 29.268, "2011-09-30": 14.153, "2011-06-30": 20.17, "2011-03-31": "17.77100", "2010-12-31": 16.939, "2010-09-30": 17.857, "2010-06-30": 18.658, "2010-03-31": "18.95600", "2009-12-31": 17.956, "2009-09-30": 9.151, "2009-06-30": 18.018, "2009-03-31": "19.57700", "2008-12-31": 12.616, "2008-09-30": 13.602, "2008-06-30": 16.166, "2008-03-31": "20.75000", "2007-12-31": 22.899, "2007-09-30": 17.494, "2007-06-30": 15.534, "2007-03-31": "17.13600", "2006-12-31": 18.798, "2006-09-30": 17.715, "2006-06-30": 16.457, "2006-03-31": "16.46800", "2005-12-31": 14.534, "2005-09-30": 11.819, "2005-06-30": 9.423, "2005-03-31": "8.66900"}, "Change In Accounts Receivable": {"2020-09-30": 0, "2020-06-30": 0, "2020-03-31": "", "2019-12-31": 0, "2019-09-30": 0, "2019-06-30": 0, "2019-03-31": "", "2018-12-31": 0, "2018-09-30": 0, "2018-06-30": 0, "2018-03-31": "", "2017-12-31": 0, "2017-09-30": 0, "2017-06-30": 0, "2017-03-31": "", "2016-12-31": 0, "2016-09-30": 0, "2016-06-30": 0, "2016-03-31": "", "2015-12-31": 0, "2015-09-30": 0, "2015-06-30": 0, "2015-03-31": "", "2014-12-31": 0, "2014-09-30": 0, "2014-06-30": 0, "2014-03-31": "", "2013-12-31": 0, "2013-09-30": 0, "2013-06-30": 0, "2013-03-31": "", "2012-12-31": 0, "2012-09-30": 0, "2012-06-30": 0, "2012-03-31": "", "2011-12-31": 0, "2011-09-30": 0, "2011-06-30": 0, "2011-03-31": "", "2010-12-31": 0, "2010-09-30": 0, "2010-06-30": 0, "2010-03-31": "", "2009-12-31": 0, "2009-09-30": 0, "2009-06-30": 0, "2009-03-31": "", "2008-12-31": 0, "2008-09-30": 0, "2008-06-30": 0, "2008-03-31": "", "2007-12-31": 0, "2007-09-30": 0, "2007-06-30": 0, "2007-03-31": "", "2006-12-31": 0, "2006-09-30": 0, "2006-06-30": 0, "2006-03-31": "", "2005-12-31": 0, "2005-09-30": 0, "2005-06-30": 0, "2005-03-31": ""}, "Change In Inventories": {"2020-09-30": 0, "2020-06-30": 0, "2020-03-31": "", "2019-12-31": 0, "2019-09-30": 0, "2019-06-30": 0, "2019-03-31": "", "2018-12-31": 0, "2018-09-30": 0, "2018-06-30": 0, "2018-03-31": "", "2017-12-31": 0, "2017-09-30": 0, "2017-06-30": 0, "2017-03-31": "", "2016-12-31": 0, "2016-09-30": 0, "2016-06-30": 0, "2016-03-31": "", "2015-12-31": 0, "2015-09-30": 0, "2015-06-30": 0, "2015-03-31": "", "2014-12-31": 0, "2014-09-30": 0, "2014-06-30": 0, "2014-03-31": "", "2013-12-31": 0, "2013-09-30": 0, "2013-06-30": 0, "2013-03-31": "", "2012-12-31": 0, "2012-09-30": 0, "2012-06-30": 0, "2012-03-31": "", "2011-12-31": 0, "2011-09-30": 0, "2011-06-30": 0, "2011-03-31": "", "2010-12-31": 0, "2010-09-30": 0, "2010-06-30": 0, "2010-03-31": "", "2009-12-31": 0, "2009-09-30": 0, "2009-06-30": 0, "2009-03-31": "", "2008-12-31": 0, "2008-09-30": 0, "2008-06-30": 0, "2008-03-31": "", "2007-12-31": 0, "2007-09-30": 0, "2007-06-30": 0, "2007-03-31": "", "2006-12-31": 0, "2006-09-30": 0, "2006-06-30": 0, "2006-03-31": "", "2005-12-31": 0, "2005-09-30": 0, "2005-06-30": 0, "2005-03-31": ""}, "Change In Accounts Payable": {"2020-09-30": 0, "2020-06-30": 0, "2020-03-31": "", "2019-12-31": 0, "2019-09-30": 0, "2019-06-30": 0, "2019-03-31": "", "2018-12-31": 0, "2018-09-30": 0, "2018-06-30": 0, "2018-03-31": "", "2017-12-31": 0, "2017-09-30": 0, "2017-06-30": 0, "2017-03-31": "", "2016-12-31": 0, "2016-09-30": 0, "2016-06-30": 0, "2016-03-31": "", "2015-12-31": 0, "2015-09-30": 0, "2015-06-30": 0, "2015-03-31": "", "2014-12-31": 0, "2014-09-30": 0, "2014-06-30": 0, "2014-03-31": "", "2013-12-31": 0, "2013-09-30": 0, "2013-06-30": 0, "2013-03-31": "", "2012-12-31": 0, "2012-09-30": 0, "2012-06-30": 0, "2012-03-31": "", "2011-12-31": 0, "2011-09-30": 0, "2011-06-30": 0, "2011-03-31": "", "2010-12-31": 0, "2010-09-30": 0, "2010-06-30": 0, "2010-03-31": "", "2009-12-31": 0, "2009-09-30": 0, "2009-06-30": 0, "2009-03-31": "", "2008-12-31": 0, "2008-09-30": 0, "2008-06-30": 0, "2008-03-31": "", "2007-12-31": 0, "2007-09-30": 0, "2007-06-30": 0, "2007-03-31": "", "2006-12-31": 0, "2006-09-30": 0, "2006-06-30": 0, "2006-03-31": "", "2005-12-31": 0, "2005-09-30": 0, "2005-06-30": 0, "2005-03-31": ""}, "Change In Assets/Liabilities": {"2020-09-30": -6.471, "2020-06-30": -1.423, "2020-03-31": "3.08300", "2019-12-31": 1.063, "2019-09-30": -5.345, "2019-06-30": 1.904, "2019-03-31": "-2.37900", "2018-12-31": -0.07, "2018-09-30": -2.234, "2018-06-30": -2.044, "2018-03-31": "-0.24700", "2017-12-31": -0.6, "2017-09-30": -4.996, "2017-06-30": -2.962, "2017-03-31": "-0.71700", "2016-12-31": 1.078, "2016-09-30": -3.16, "2016-06-30": -2.934, "2016-03-31": "1.23600", "2015-12-31": 1.057, "2015-09-30": 0.836, "2015-06-30": -2.752, "2015-03-31": "0.56300", "2014-12-31": 2.082, "2014-09-30": -0.597, "2014-06-30": -2.455, "2014-03-31": "2.76800", "2013-12-31": 0.481, "2013-09-30": -0.093, "2013-06-30": -2.252, "2013-03-31": "2.37000", "2012-12-31": 0.886, "2012-09-30": -3.28, "2012-06-30": 4.327, "2012-03-31": "-0.35900", "2011-12-31": 0.425, "2011-09-30": -0.091, "2011-06-30": -3.434, "2011-03-31": "0.98400", "2010-12-31": 4.415, "2010-09-30": 1.5, "2010-06-30": -3.455, "2010-03-31": "1.22900", "2009-12-31": 3.093, "2009-09-30": -1.998, "2009-06-30": -3.093, "2009-03-31": "1.63900", "2008-12-31": -1.552, "2008-09-30": 0.602, "2008-06-30": -1.441, "2008-03-31": "3.62000", "2007-12-31": -0.398, "2007-09-30": 1.997, "2007-06-30": -4.929, "2007-03-31": "0.92000", "2006-12-31": 0.88, "2006-09-30": -0.595, "2006-06-30": 0.316, "2006-03-31": "-1.96200", "2005-12-31": 1.985, "2005-09-30": -3.253, "2005-06-30": -1.475, "2005-03-31": "0.02700"}, "Total Change In Assets/Liabilities": {"2020-09-30": -8.557, "2020-06-30": 26.26, "2020-03-31": "-0.66000", "2019-12-31": -12.231, "2019-09-30": -5.418, "2019-06-30": 19.507, "2019-03-31": "-0.57300", "2018-12-31": -8.238, "2018-09-30": -1.729, "2018-06-30": 13.83, "2018-03-31": "-5.80500", "2017-12-31": -8.342, "2017-09-30": 0.819, "2017-06-30": 7.216, "2017-03-31": "1.87800", "2016-12-31": -8.621, "2016-09-30": 8.51, "2016-06-30": -2.056, "2016-03-31": "6.24900", "2015-12-31": -5.467, "2015-09-30": 3.616, "2015-06-30": 3.953, "2015-03-31": "-2.83600", "2014-12-31": 2.25, "2014-09-30": 4.124, "2014-06-30": 2.155, "2014-03-31": "-4.03200", "2013-12-31": 3.494, "2013-09-30": 0.359, "2013-06-30": 5.247, "2013-03-31": "-4.03000", "2012-12-31": 0.391, "2012-09-30": 6.532, "2012-06-30": 5.698, "2012-03-31": "-4.14800", "2011-12-31": -1.771, "2011-09-30": 4.127, "2011-06-30": 1.162, "2011-03-31": "-3.00000", "2010-12-31": 0.954, "2010-09-30": 6.58, "2010-06-30": 2.359, "2010-03-31": "-4.76700", "2009-12-31": -0.609, "2009-09-30": 3.281, "2009-06-30": 1.058, "2009-03-31": "-5.88600", "2008-12-31": -1.565, "2008-09-30": 6.513, "2008-06-30": 0.822, "2008-03-31": "-4.54800", "2007-12-31": 2.764, "2007-09-30": 6.386, "2007-06-30": -4.132, "2007-03-31": "-0.76800", "2006-12-31": 3.414, "2006-09-30": 2.642, "2006-06-30": 4.62, "2006-03-31": "-6.30400", "2005-12-31": -1.042, "2005-09-30": 1.958, "2005-06-30": 0.622, "2005-03-31": "-1.06700"}, "Cash Flow From Operating Activities": {"2020-09-30": 79.316, "2020-06-30": 107.566, "2020-03-31": "80.94900", "2019-12-31": 71.916, "2019-09-30": 82.588, "2019-06-30": 101.806, "2019-03-31": "75.45800", "2018-12-31": 69.773, "2018-09-30": 78.88, "2018-06-30": 89.55, "2018-03-31": "66.13200", "2017-12-31": 68.252, "2017-09-30": 76.614, "2017-06-30": 79.141, "2017-03-31": "67.90700", "2016-12-31": 60.222, "2016-09-30": 77.465, "2016-06-30": 62.055, "2016-03-31": "63.53200", "2015-12-31": 54.781, "2015-09-30": 61.803, "2015-06-30": 57.263, "2015-03-31": "43.42500", "2014-12-31": 47.1, "2014-09-30": 47.353, "2014-06-30": 40.998, "2014-03-31": "30.58100", "2013-12-31": 38.971, "2013-09-30": 38.58, "2013-06-30": 38.85, "2013-03-31": "26.46100", "2012-12-31": 32.359, "2012-09-30": 33.474, "2012-06-30": 31.842, "2012-03-31": "20.75300", "2011-12-31": 19.952, "2011-09-30": 26.208, "2011-06-30": 22.92, "2011-03-31": "15.24700", "2010-12-31": 20.57, "2010-09-30": 23.509, "2010-06-30": 16.554, "2010-03-31": "10.88400", "2009-12-31": 15.232, "2009-09-30": 19.82, "2009-06-30": 15.873, "2009-03-31": "11.28900", "2008-12-31": 13.807, "2008-09-30": 24.315, "2008-06-30": 17.155, "2008-03-31": "11.73500", "2007-12-31": 17.162, "2007-09-30": 20.981, "2007-06-30": 11.612, "2007-03-31": "12.94400", "2006-12-31": 16.305, "2006-09-30": 18.322, "2006-06-30": 21.614, "2006-03-31": "8.32600", "2005-12-31": 9.346, "2005-09-30": 15.292, "2005-06-30": 12.249, "2005-03-31": "9.21900"}, "Net Change In Property, Plant, And Equipment": {"2020-09-30": -21.35, "2020-06-30": -82.573, "2020-03-31": "-21.01300", "2019-12-31": -63.548, "2019-09-30": -30.118, "2019-06-30": -30.651, "2019-03-31": "-31.25000", "2018-12-31": -139.563, "2018-09-30": -64.985, "2018-06-30": -28.16, "2018-03-31": "-9.42800", "2017-12-31": -60.647, "2017-09-30": -7.581, "2017-06-30": -21.508, "2017-03-31": "-7.27100", "2016-12-31": -81.287, "2016-09-30": -88.188, "2016-06-30": -83.772, "2016-03-31": "-165.06600", "2015-12-31": 155.493, "2015-09-30": -168.314, "2015-06-30": 34.421, "2015-03-31": "-46.29500", "2014-12-31": 6.378, "2014-09-30": 193.858, "2014-06-30": -201.616, "2014-03-31": "-5.11200", "2013-12-31": 90.82, "2013-09-30": -7.998, "2013-06-30": -103.049, "2013-03-31": "-0.09300", "2012-12-31": 212.47, "2012-09-30": -108.932, "2012-06-30": -69.836, "2012-03-31": "-3.46700", "2011-12-31": -387.549, "2011-09-30": 17.2, "2011-06-30": -48.336, "2011-03-31": "-8.04300", "2010-12-31": -22.1, "2010-09-30": -35.093, "2010-06-30": -7.332, "2010-03-31": "-2.61200", "2009-12-31": 2.29, "2009-09-30": 45.244, "2009-06-30": 3.19, "2009-03-31": "-0.34900", "2008-12-31": 8.74, "2008-09-30": 23.829, "2008-06-30": 11.715, "2008-03-31": "-18.15500", "2007-12-31": -30.279, "2007-09-30": -126.023, "2007-06-30": 9.013, "2007-03-31": "-22.35500", "2006-12-31": -6.979, "2006-09-30": -75.115, "2006-06-30": -46.754, "2006-03-31": "-220.91800", "2005-12-31": -112.873, "2005-09-30": -162.515, "2005-06-30": -61.618, "2005-03-31": "-54.96600"}, "Net Change In Intangible Assets": {"2020-09-30": 0, "2020-06-30": 0, "2020-03-31": "", "2019-12-31": 0, "2019-09-30": 0, "2019-06-30": 0, "2019-03-31": "", "2018-12-31": 0, "2018-09-30": 0, "2018-06-30": 0, "2018-03-31": "", "2017-12-31": 0, "2017-09-30": 0, "2017-06-30": 0, "2017-03-31": "", "2016-12-31": 0, "2016-09-30": 0, "2016-06-30": 0, "2016-03-31": "", "2015-12-31": 0, "2015-09-30": 0, "2015-06-30": 0, "2015-03-31": "", "2014-12-31": 0, "2014-09-30": 0, "2014-06-30": 0, "2014-03-31": "", "2013-12-31": 0, "2013-09-30": 0, "2013-06-30": 0, "2013-03-31": "", "2012-12-31": 0, "2012-09-30": 0, "2012-06-30": 0, "2012-03-31": "", "2011-12-31": 0, "2011-09-30": 0, "2011-06-30": 0, "2011-03-31": "", "2010-12-31": 0, "2010-09-30": 0, "2010-06-30": 0, "2010-03-31": "", "2009-12-31": 0, "2009-09-30": 0, "2009-06-30": 0, "2009-03-31": "", "2008-12-31": 0, "2008-09-30": 0, "2008-06-30": 0, "2008-03-31": "", "2007-12-31": 0, "2007-09-30": 0, "2007-06-30": 0, "2007-03-31": "", "2006-12-31": 0, "2006-09-30": 0, "2006-06-30": 0, "2006-03-31": "", "2005-12-31": 0, "2005-09-30": 0, "2005-06-30": 0, "2005-03-31": ""}, "Net Acquisitions/Divestitures": {"2020-09-30": 0, "2020-06-30": 0, "2020-03-31": "", "2019-12-31": 0, "2019-09-30": 0, "2019-06-30": 0, "2019-03-31": "", "2018-12-31": 0, "2018-09-30": 0, "2018-06-30": 0, "2018-03-31": "", "2017-12-31": 0, "2017-09-30": 0, "2017-06-30": 0, "2017-03-31": "", "2016-12-31": 0, "2016-09-30": 0, "2016-06-30": 0, "2016-03-31": "", "2015-12-31": -275.726, "2015-09-30": 85.627, "2015-06-30": -85.627, "2015-03-31": "", "2014-12-31": -291.65, "2014-09-30": -255.865, "2014-06-30": 76.619, "2014-03-31": "-76.61900", "2013-12-31": -181.612, "2013-09-30": 0, "2013-06-30": 0, "2013-03-31": "", "2012-12-31": -220.791, "2012-09-30": 0, "2012-06-30": 49.84, "2012-03-31": "-49.84000", "2011-12-31": 0, "2011-09-30": 0, "2011-06-30": 0, "2011-03-31": "", "2010-12-31": 0, "2010-09-30": 0, "2010-06-30": 0, "2010-03-31": "", "2009-12-31": 0, "2009-09-30": 0, "2009-06-30": 0, "2009-03-31": "", "2008-12-31": 0, "2008-09-30": 0, "2008-06-30": 0, "2008-03-31": "", "2007-12-31": 0, "2007-09-30": 0, "2007-06-30": 0, "2007-03-31": "", "2006-12-31": 0, "2006-09-30": 0, "2006-06-30": 0, "2006-03-31": "", "2005-12-31": 0, "2005-09-30": 0, "2005-06-30": 0, "2005-03-31": ""}, "Net Change In Short-term Investments": {"2020-09-30": 0, "2020-06-30": 0, "2020-03-31": "", "2019-12-31": 0, "2019-09-30": 0, "2019-06-30": 0, "2019-03-31": "", "2018-12-31": 0, "2018-09-30": 0, "2018-06-30": 0, "2018-03-31": "", "2017-12-31": 0, "2017-09-30": 0, "2017-06-30": 0, "2017-03-31": "", "2016-12-31": 0, "2016-09-30": 0, "2016-06-30": 0, "2016-03-31": "", "2015-12-31": 0, "2015-09-30": 0, "2015-06-30": 0, "2015-03-31": "", "2014-12-31": 0, "2014-09-30": 0, "2014-06-30": 0, "2014-03-31": "", "2013-12-31": 0, "2013-09-30": 0, "2013-06-30": 0, "2013-03-31": "", "2012-12-31": 0, "2012-09-30": 0, "2012-06-30": 0, "2012-03-31": "", "2011-12-31": 0, "2011-09-30": 0, "2011-06-30": 0, "2011-03-31": "", "2010-12-31": 0, "2010-09-30": 0, "2010-06-30": 0, "2010-03-31": "", "2009-12-31": 0, "2009-09-30": 0, "2009-06-30": 0, "2009-03-31": "", "2008-12-31": 0, "2008-09-30": 0, "2008-06-30": 0, "2008-03-31": "", "2007-12-31": 0, "2007-09-30": 0, "2007-06-30": 0, "2007-03-31": "", "2006-12-31": 0, "2006-09-30": 0, "2006-06-30": 0, "2006-03-31": "95.17000", "2005-12-31": -95.17, "2005-09-30": 0, "2005-06-30": 0, "2005-03-31": ""}, "Net Change In Long-Term Investments": {"2020-09-30": 1.411, "2020-06-30": 1.303, "2020-03-31": "-4.06200", "2019-12-31": -2.123, "2019-09-30": -1.746, "2019-06-30": -119.223, "2019-03-31": "1.96500", "2018-12-31": 2.225, "2018-09-30": -2.834, "2018-06-30": 0.419, "2018-03-31": "-10.32000", "2017-12-31": 9.56, "2017-09-30": 2.022, "2017-06-30": 1.926, "2017-03-31": "1.97400", "2016-12-31": -10.235, "2016-09-30": 1.929, "2016-06-30": -0.163, "2016-03-31": "-3.70700", "2015-12-31": -1.982, "2015-09-30": -3, "2015-06-30": 1.447, "2015-03-31": "1.55300", "2014-12-31": 56.696, "2014-09-30": -54.549, "2014-06-30": 53.249, "2014-03-31": "-1.05000", "2013-12-31": -157.461, "2013-09-30": 0, "2013-06-30": 0, "2013-03-31": "", "2012-12-31": 0, "2012-09-30": -81.158, "2012-06-30": 0, "2012-03-31": "", "2011-12-31": -0.048, "2011-09-30": -15.414, "2011-06-30": 0, "2011-03-31": "", "2010-12-31": 0, "2010-09-30": 0, "2010-06-30": 0, "2010-03-31": "", "2009-12-31": 0, "2009-09-30": 0, "2009-06-30": 0, "2009-03-31": "", "2008-12-31": 0, "2008-09-30": 0, "2008-06-30": 0, "2008-03-31": "", "2007-12-31": 0, "2007-09-30": 0, "2007-06-30": 0, "2007-03-31": "", "2006-12-31": 0, "2006-09-30": 0, "2006-06-30": 0, "2006-03-31": "", "2005-12-31": 0, "2005-09-30": 0, "2005-06-30": 0, "2005-03-31": ""}, "Net Change In Investments - Total": {"2020-09-30": 1.411, "2020-06-30": 1.303, "2020-03-31": "-4.06200", "2019-12-31": -2.123, "2019-09-30": -1.746, "2019-06-30": -119.223, "2019-03-31": "1.96500", "2018-12-31": 2.225, "2018-09-30": -2.834, "2018-06-30": 0.419, "2018-03-31": "-10.32000", "2017-12-31": 9.56, "2017-09-30": 2.022, "2017-06-30": 1.926, "2017-03-31": "1.97400", "2016-12-31": -10.235, "2016-09-30": 1.929, "2016-06-30": -0.163, "2016-03-31": "-3.70700", "2015-12-31": -1.982, "2015-09-30": -3, "2015-06-30": 1.447, "2015-03-31": "1.55300", "2014-12-31": 56.696, "2014-09-30": -54.549, "2014-06-30": 53.249, "2014-03-31": "-1.05000", "2013-12-31": -157.461, "2013-09-30": 0, "2013-06-30": 0, "2013-03-31": "", "2012-12-31": 0, "2012-09-30": -81.158, "2012-06-30": 0, "2012-03-31": "", "2011-12-31": -0.048, "2011-09-30": -15.414, "2011-06-30": 0, "2011-03-31": "", "2010-12-31": 0, "2010-09-30": 0, "2010-06-30": 0, "2010-03-31": "", "2009-12-31": 0, "2009-09-30": 0, "2009-06-30": 0, "2009-03-31": "", "2008-12-31": 0, "2008-09-30": 0, "2008-06-30": 0, "2008-03-31": "", "2007-12-31": 0, "2007-09-30": 0, "2007-06-30": 0, "2007-03-31": "", "2006-12-31": 0, "2006-09-30": 0, "2006-06-30": 0, "2006-03-31": "95.17000", "2005-12-31": -95.17, "2005-09-30": 0, "2005-06-30": 0, "2005-03-31": ""}, "Investing Activities - Other": {"2020-09-30": -15.983, "2020-06-30": -8.471, "2020-03-31": "-9.70900", "2019-12-31": -4.719, "2019-09-30": -22.567, "2019-06-30": -21.936, "2019-03-31": "-49.74800", "2018-12-31": 0.102, "2018-09-30": -16.514, "2018-06-30": -15.795, "2018-03-31": "-37.40600", "2017-12-31": -15.065, "2017-09-30": -28.961, "2017-06-30": -8.896, "2017-03-31": "-15.85600", "2016-12-31": 4.367, "2016-09-30": -38.807, "2016-06-30": -66.248, "2016-03-31": "-28.11100", "2015-12-31": -14.49, "2015-09-30": -16.526, "2015-06-30": -32.003, "2015-03-31": "-9.18600", "2014-12-31": -75.15, "2014-09-30": 64.501, "2014-06-30": -6.731, "2014-03-31": "-5.65800", "2013-12-31": 95.602, "2013-09-30": -18.229, "2013-06-30": -3.37, "2013-03-31": "2.46600", "2012-12-31": -2.956, "2012-09-30": 0.312, "2012-06-30": 1.91, "2012-03-31": "0.51200", "2011-12-31": 0.13, "2011-09-30": 0.039, "2011-06-30": 0.048, "2011-03-31": "-0.12700", "2010-12-31": 1.389, "2010-09-30": -1.311, "2010-06-30": 1.836, "2010-03-31": "20.44000", "2009-12-31": 0.11, "2009-09-30": 50.948, "2009-06-30": -2.554, "2009-03-31": "-0.02700", "2008-12-31": 3.848, "2008-09-30": -0.419, "2008-06-30": -6.535, "2008-03-31": "4.15400", "2007-12-31": 21.566, "2007-09-30": -2.584, "2007-06-30": -1.357, "2007-03-31": "-1.38200", "2006-12-31": 5.071, "2006-09-30": 0.539, "2006-06-30": -1.751, "2006-03-31": "2.69000", "2005-12-31": 3.3, "2005-09-30": 0.984, "2005-06-30": -5.085, "2005-03-31": "-1.12000"}, "Cash Flow From Investing Activities": {"2020-09-30": -35.922, "2020-06-30": -89.741, "2020-03-31": "-34.78400", "2019-12-31": -70.39, "2019-09-30": -54.431, "2019-06-30": -171.81, "2019-03-31": "-79.03300", "2018-12-31": -137.236, "2018-09-30": -84.333, "2018-06-30": -43.536, "2018-03-31": "-57.15400", "2017-12-31": -66.152, "2017-09-30": -34.52, "2017-06-30": -28.478, "2017-03-31": "-21.15300", "2016-12-31": -87.155, "2016-09-30": -125.066, "2016-06-30": -150.183, "2016-03-31": "-196.88400", "2015-12-31": -136.705, "2015-09-30": -102.213, "2015-06-30": -81.762, "2015-03-31": "-53.92800", "2014-12-31": -303.726, "2014-09-30": -52.055, "2014-06-30": -78.479, "2014-03-31": "-88.43900", "2013-12-31": -152.651, "2013-09-30": -26.227, "2013-06-30": -106.419, "2013-03-31": "2.37300", "2012-12-31": -11.277, "2012-09-30": -189.778, "2012-06-30": -18.086, "2012-03-31": "-52.79500", "2011-12-31": -387.467, "2011-09-30": 1.825, "2011-06-30": -48.288, "2011-03-31": "-8.17000", "2010-12-31": -20.711, "2010-09-30": -36.404, "2010-06-30": -5.496, "2010-03-31": "17.82800", "2009-12-31": 2.4, "2009-09-30": 96.192, "2009-06-30": 0.636, "2009-03-31": "-0.37600", "2008-12-31": 12.588, "2008-09-30": 23.41, "2008-06-30": 5.18, "2008-03-31": "-14.00100", "2007-12-31": -8.713, "2007-09-30": -128.607, "2007-06-30": 7.656, "2007-03-31": "-23.73700", "2006-12-31": -1.908, "2006-09-30": -74.576, "2006-06-30": -48.505, "2006-03-31": "-123.05800", "2005-12-31": -204.743, "2005-09-30": -161.531, "2005-06-30": -66.703, "2005-03-31": "-56.08600"}, "Net Long-Term Debt": {"2020-09-30": -0.636, "2020-06-30": -0.629, "2020-03-31": "-0.63300", "2019-12-31": 348.055, "2019-09-30": -9.642, "2019-06-30": -0.684, "2019-03-31": "147.04500", "2018-12-31": -0.679, "2018-09-30": -0.658, "2018-06-30": -0.648, "2018-03-31": "-7.83100", "2017-12-31": -0.644, "2017-09-30": -0.622, "2017-06-30": 2.603, "2017-03-31": "-6.81100", "2016-12-31": -0.612, "2016-09-30": 275.523, "2016-06-30": -4.103, "2016-03-31": "-9.55600", "2015-12-31": 241.362, "2015-09-30": -21.478, "2015-06-30": -54.168, "2015-03-31": "-1.28300", "2014-12-31": -19.56, "2014-09-30": -7.936, "2014-06-30": -1.344, "2014-03-31": "-1.30900", "2013-12-31": 132.844, "2013-09-30": -8.5, "2013-06-30": -11.768, "2013-03-31": "-1.58400", "2012-12-31": -29.888, "2012-09-30": -30.489, "2012-06-30": 181.456, "2012-03-31": "-7.78100", "2011-12-31": 98.512, "2011-09-30": -1.416, "2011-06-30": 65.171, "2011-03-31": "1.94900", "2010-12-31": -83.629, "2010-09-30": -9.823, "2010-06-30": -17.363, "2010-03-31": "-85.39000", "2009-12-31": 41.023, "2009-09-30": -111.396, "2009-06-30": 36.866, "2009-03-31": "-2.50800", "2008-12-31": -3.165, "2008-09-30": -5.011, "2008-06-30": 6.941, "2008-03-31": "-1.31600", "2007-12-31": -19.099, "2007-09-30": 44.396, "2007-06-30": -3.282, "2007-03-31": "-2.07700", "2006-12-31": 95.338, "2006-09-30": -4.902, "2006-06-30": -2.261, "2006-03-31": "-2.32500", "2005-12-31": 31.348, "2005-09-30": 158.999, "2005-06-30": -0.506, "2005-03-31": "-0.55900"}, "Net Current Debt": {"2020-09-30": 21.9, "2020-06-30": 15.4, "2020-03-31": "", "2019-12-31": -237.98, "2019-09-30": -19.17, "2019-06-30": 57.067, "2019-03-31": "-99.38000", "2018-12-31": 101.275, "2018-09-30": 46.55, "2018-06-30": -88.7, "2018-03-31": "54.70000", "2017-12-31": 15, "2017-09-30": 6.7, "2017-06-30": 7, "2017-03-31": "9.70000", "2016-12-31": 43.3, "2016-09-30": -150, "2016-06-30": 95.7, "2016-03-31": "54.30000", "2015-12-31": -167.8, "2015-09-30": 6.2, "2015-06-30": 81.6, "2015-03-31": "2.00000", "2014-12-31": 78, "2014-09-30": -56.9, "2014-06-30": -13.7, "2014-03-31": "32.00000", "2013-12-31": -49.7, "2013-09-30": -21.7, "2013-06-30": 80, "2013-03-31": "-15.00000", "2012-12-31": -20.5, "2012-09-30": 65.5, "2012-06-30": -50, "2012-03-31": "50.00000", "2011-12-31": 0, "2011-09-30": -9, "2011-06-30": -31.5, "2011-03-31": "-2.50000", "2010-12-31": 43, "2010-09-30": 0, "2010-06-30": 0, "2010-03-31": "", "2009-12-31": 0, "2009-09-30": -104, "2009-06-30": -59, "2009-03-31": "-9.00000", "2008-12-31": -10.7, "2008-09-30": -29.5, "2008-06-30": -22.8, "2008-03-31": "16.00000", "2007-12-31": 27.5, "2007-09-30": 84, "2007-06-30": 0, "2007-03-31": "17.00000", "2006-12-31": -80, "2006-09-30": 82.5, "2006-06-30": 42, "2006-03-31": "46.00000", "2005-12-31": -108.3, "2005-09-30": 9.8, "2005-06-30": 63.5, "2005-03-31": "35.00000"}, "Debt Issuance/Retirement Net - Total": {"2020-09-30": 21.264, "2020-06-30": 14.771, "2020-03-31": "-0.63300", "2019-12-31": 110.075, "2019-09-30": -28.812, "2019-06-30": 56.383, "2019-03-31": "47.66500", "2018-12-31": 100.5959, "2018-09-30": 45.892, "2018-06-30": -89.348, "2018-03-31": "46.86900", "2017-12-31": 14.356, "2017-09-30": 6.078, "2017-06-30": 9.603, "2017-03-31": "2.88900", "2016-12-31": 42.688, "2016-09-30": 125.523, "2016-06-30": 91.597, "2016-03-31": "44.74400", "2015-12-31": 73.562, "2015-09-30": -15.278, "2015-06-30": 27.432, "2015-03-31": "0.71700", "2014-12-31": 58.44, "2014-09-30": -64.836, "2014-06-30": -15.044, "2014-03-31": "30.69100", "2013-12-31": 83.144, "2013-09-30": -30.2, "2013-06-30": 68.232, "2013-03-31": "-16.58400", "2012-12-31": -50.388, "2012-09-30": 35.011, "2012-06-30": 131.456, "2012-03-31": "42.21900", "2011-12-31": 98.512, "2011-09-30": -10.416, "2011-06-30": 33.671, "2011-03-31": "-0.55100", "2010-12-31": -40.629, "2010-09-30": -9.823, "2010-06-30": -17.363, "2010-03-31": "-85.39000", "2009-12-31": 41.023, "2009-09-30": -215.396, "2009-06-30": -22.134, "2009-03-31": "-11.50800", "2008-12-31": -13.865, "2008-09-30": -34.511, "2008-06-30": -15.859, "2008-03-31": "14.68400", "2007-12-31": 8.401, "2007-09-30": 128.396, "2007-06-30": -3.282, "2007-03-31": "14.92300", "2006-12-31": 15.338, "2006-09-30": 77.598, "2006-06-30": 39.739, "2006-03-31": "43.67500", "2005-12-31": -76.952, "2005-09-30": 168.799, "2005-06-30": 62.994, "2005-03-31": "34.44100"}, "Net Common Equity Issued/Repurchased": {"2020-09-30": 0.447, "2020-06-30": 0.065, "2020-03-31": "-0.11800", "2019-12-31": -0.009, "2019-09-30": 62.887, "2019-06-30": 111.483, "2019-03-31": "25.62900", "2018-12-31": 23.494, "2018-09-30": 12.965, "2018-06-30": 99.247, "2018-03-31": "-0.04100", "2017-12-31": 31.36, "2017-09-30": 0.73, "2017-06-30": -0.041, "2017-03-31": "-0.04200", "2016-12-31": 0.681, "2016-09-30": 47.922, "2016-06-30": 32.024, "2016-03-31": "68.77800", "2015-12-31": 101.492, "2015-09-30": 84.222, "2015-06-30": 27.957, "2015-03-31": "37.88000", "2014-12-31": 191.577, "2014-09-30": 111.141, "2014-06-30": 80.367, "2014-03-31": "46.72300", "2013-12-31": 49.013, "2013-09-30": 33.321, "2013-06-30": 19.367, "2013-03-31": "2.29900", "2012-12-31": 43.204, "2012-09-30": 59.532, "2012-06-30": 0.204, "2012-03-31": "0.76800", "2011-12-31": 202.567, "2011-09-30": 1.452, "2011-06-30": 0.061, "2011-03-31": "0.06000", "2010-12-31": 27.135, "2010-09-30": 20.08, "2010-06-30": 0.372, "2010-03-31": "0.18000", "2009-12-31": 0.001, "2009-09-30": 161.321, "2009-06-30": 9.53, "2009-03-31": "", "2008-12-31": 0, "2008-09-30": 0, "2008-06-30": 0, "2008-03-31": "", "2007-12-31": 0, "2007-09-30": 0, "2007-06-30": 0, "2007-03-31": "", "2006-12-31": 0.646, "2006-09-30": 0.882, "2006-06-30": -0.008, "2006-03-31": "1.46500", "2005-12-31": 378.747, "2005-09-30": 0, "2005-06-30": 0, "2005-03-31": ""}, "Net Total Equity Issued/Repurchased": {"2020-09-30": 0.447, "2020-06-30": 0.065, "2020-03-31": "-0.11800", "2019-12-31": -0.009, "2019-09-30": 62.887, "2019-06-30": 111.483, "2019-03-31": "25.62900", "2018-12-31": 23.494, "2018-09-30": 12.965, "2018-06-30": 99.247, "2018-03-31": "-0.04100", "2017-12-31": 31.36, "2017-09-30": 0.73, "2017-06-30": -0.041, "2017-03-31": "-0.04200", "2016-12-31": -76.893, "2016-09-30": 47.922, "2016-06-30": 32.024, "2016-03-31": "68.77800", "2015-12-31": 101.492, "2015-09-30": 84.222, "2015-06-30": 27.957, "2015-03-31": "37.88000", "2014-12-31": 191.577, "2014-09-30": 111.141, "2014-06-30": 80.367, "2014-03-31": "46.72300", "2013-12-31": 49.013, "2013-09-30": 33.321, "2013-06-30": 19.367, "2013-03-31": "2.29900", "2012-12-31": 43.204, "2012-09-30": 59.532, "2012-06-30": 0.204, "2012-03-31": "0.76800", "2011-12-31": 277.415, "2011-09-30": 1.452, "2011-06-30": 0.061, "2011-03-31": "0.06000", "2010-12-31": 27.135, "2010-09-30": 20.08, "2010-06-30": 0.372, "2010-03-31": "0.18000", "2009-12-31": 0.001, "2009-09-30": 161.321, "2009-06-30": 9.53, "2009-03-31": "", "2008-12-31": 0, "2008-09-30": 0, "2008-06-30": 0, "2008-03-31": "", "2007-12-31": 0, "2007-09-30": 0, "2007-06-30": 0, "2007-03-31": "", "2006-12-31": 0.646, "2006-09-30": 0.882, "2006-06-30": -0.008, "2006-03-31": "1.46500", "2005-12-31": 378.747, "2005-09-30": 0, "2005-06-30": 0, "2005-03-31": ""}, "Total Common And Preferred Stock Dividends Paid": {"2020-09-30": -64.086, "2020-06-30": -64.038, "2020-03-31": "-64.03600", "2019-12-31": -62.048, "2019-09-30": -61.432, "2019-06-30": -60.374, "2019-03-31": "-60.00500", "2018-12-31": -55.971, "2018-09-30": -55.842, "2018-06-30": -54.769, "2018-03-31": "-54.74600", "2017-12-31": -48.899, "2017-09-30": -48.71, "2017-06-30": -48.707, "2017-03-31": "-48.69000", "2016-12-31": -41.694, "2016-09-30": -38.984, "2016-06-30": -38.756, "2016-03-31": "-38.23200", "2015-12-31": -28.889, "2015-09-30": -28.321, "2015-06-30": -28.115, "2015-03-31": "-27.77600", "2014-12-31": -21.507, "2014-09-30": -20.664, "2014-06-30": -20.027, "2014-03-31": "-19.65900", "2013-12-31": -16.568, "2013-09-30": -16.337, "2013-06-30": -16.205, "2013-03-31": "-16.05700", "2012-12-31": -11.757, "2012-09-30": -11.359, "2012-06-30": -11.337, "2012-03-31": "-11.02600", "2011-12-31": -6.976, "2011-09-30": -6.962, "2011-06-30": -6.971, "2011-03-31": "-6.94000", "2010-12-31": -2.401, "2010-09-30": -2.312, "2010-06-30": -2.363, "2010-03-31": "-2.33100", "2009-12-31": -1.939, "2009-09-30": -1.897, "2009-06-30": -1.328, "2009-03-31": "-1.57200", "2008-12-31": -11.326, "2008-09-30": -11.324, "2008-06-30": -11.327, "2008-03-31": "-11.30000", "2007-12-31": -18.236, "2007-09-30": -18.166, "2007-06-30": -18.192, "2007-03-31": "-18.19700", "2006-12-31": -18.183, "2006-09-30": -18.17, "2006-06-30": -18.156, "2006-03-31": "-18.13100", "2005-12-31": -17.233, "2005-09-30": -10.923, "2005-06-30": -10.926, "2005-03-31": "-7.79900"}, "Financial Activities - Other": {"2020-09-30": -0.693, "2020-06-30": -0.71, "2020-03-31": "-1.34000", "2019-12-31": -3.951, "2019-09-30": -3.335, "2019-06-30": -28.646, "2019-03-31": "-9.65500", "2018-12-31": -0.653, "2018-09-30": -0.607, "2018-06-30": -0.602, "2018-03-31": "-1.23600", "2017-12-31": -0.178, "2017-09-30": -2.014, "2017-06-30": -8.914, "2017-03-31": "-2.14000", "2016-12-31": 1.719, "2016-09-30": -2.904, "2016-06-30": 3.932, "2016-03-31": "-2.05300", "2015-12-31": -4.39, "2015-09-30": -0.362, "2015-06-30": -2.625, "2015-03-31": "-0.20200", "2014-12-31": -0.247, "2014-09-30": -0.464, "2014-06-30": -0.261, "2014-03-31": "0.16200", "2013-12-31": -1.673, "2013-09-30": -0.218, "2013-06-30": -2.429, "2013-03-31": "-0.36200", "2012-12-31": -0.353, "2012-09-30": -61.969, "2012-06-30": -3.748, "2012-03-31": "-1.52300", "2011-12-31": -4.858, "2011-09-30": -1.461, "2011-06-30": -3.637, "2011-03-31": "-1.44800", "2010-12-31": -1.276, "2010-09-30": -3.724, "2010-06-30": -1.351, "2010-03-31": "-2.41500", "2009-12-31": -14.916, "2009-09-30": -0.73, "2009-06-30": -2.497, "2009-03-31": "", "2008-12-31": 0, "2008-09-30": -0.001, "2008-06-30": -0.123, "2008-03-31": "-0.01000", "2007-12-31": 0, "2007-09-30": -0.144, "2007-06-30": 0, "2007-03-31": "", "2006-12-31": -1.161, "2006-09-30": -0.261, "2006-06-30": -0.031, "2006-03-31": "-0.94500", "2005-12-31": -1.994, "2005-09-30": -2.631, "2005-06-30": -0.057, "2005-03-31": "-0.00900"}, "Cash Flow From Financial Activities": {"2020-09-30": -43.068, "2020-06-30": -49.912, "2020-03-31": "-66.12700", "2019-12-31": 44.067, "2019-09-30": -30.692, "2019-06-30": 78.846, "2019-03-31": "3.63400", "2018-12-31": 67.466, "2018-09-30": 2.408, "2018-06-30": -45.472, "2018-03-31": "-9.15400", "2017-12-31": -3.361, "2017-09-30": -43.916, "2017-06-30": -48.059, "2017-03-31": "-47.98300", "2016-12-31": -74.18, "2016-09-30": 131.557, "2016-06-30": 88.797, "2016-03-31": "73.23700", "2015-12-31": 141.775, "2015-09-30": 40.261, "2015-06-30": 24.649, "2015-03-31": "10.61900", "2014-12-31": 228.263, "2014-09-30": 25.177, "2014-06-30": 45.035, "2014-03-31": "57.91700", "2013-12-31": 113.916, "2013-09-30": -13.434, "2013-06-30": 68.965, "2013-03-31": "-30.70400", "2012-12-31": -19.294, "2012-09-30": 21.215, "2012-06-30": 116.575, "2012-03-31": "30.43800", "2011-12-31": 364.093, "2011-09-30": -17.387, "2011-06-30": 23.124, "2011-03-31": "-8.87900", "2010-12-31": -17.171, "2010-09-30": 4.221, "2010-06-30": -20.705, "2010-03-31": "-89.95600", "2009-12-31": 24.169, "2009-09-30": -56.702, "2009-06-30": -16.429, "2009-03-31": "-13.08000", "2008-12-31": -25.191, "2008-09-30": -45.836, "2008-06-30": -27.309, "2008-03-31": "3.37400", "2007-12-31": -9.835, "2007-09-30": 110.086, "2007-06-30": -21.474, "2007-03-31": "-3.27400", "2006-12-31": -3.36, "2006-09-30": 60.049, "2006-06-30": 21.544, "2006-03-31": "26.06400", "2005-12-31": 282.568, "2005-09-30": 155.245, "2005-06-30": 52.011, "2005-03-31": "26.63300"}, "Net Cash Flow": {"2020-09-30": 0.326, "2020-06-30": -32.087, "2020-03-31": "-19.96200", "2019-12-31": 45.593, "2019-09-30": -2.535, "2019-06-30": 8.842, "2019-03-31": "0.05900", "2018-12-31": 0.003, "2018-09-30": -3.045, "2018-06-30": 0.542, "2018-03-31": "-0.17600", "2017-12-31": -1.261, "2017-09-30": -1.822, "2017-06-30": 2.604, "2017-03-31": "-1.22900", "2016-12-31": -101.113, "2016-09-30": 83.956, "2016-06-30": 0.669, "2016-03-31": "-60.11500", "2015-12-31": 59.851, "2015-09-30": -0.149, "2015-06-30": 0.15, "2015-03-31": "0.11600", "2014-12-31": -28.363, "2014-09-30": 20.475, "2014-06-30": 7.554, "2014-03-31": "0.05900", "2013-12-31": 0.236, "2013-09-30": -1.081, "2013-06-30": 1.396, "2013-03-31": "-1.87000", "2012-12-31": 1.788, "2012-09-30": -135.089, "2012-06-30": 130.331, "2012-03-31": "-1.60400", "2011-12-31": -3.422, "2011-09-30": 10.646, "2011-06-30": -2.244, "2011-03-31": "-1.80200", "2010-12-31": -17.312, "2010-09-30": -8.674, "2010-06-30": -9.647, "2010-03-31": "-61.24400", "2009-12-31": 41.801, "2009-09-30": 59.31, "2009-06-30": 0.08, "2009-03-31": "-2.16700", "2008-12-31": 1.204, "2008-09-30": 1.889, "2008-06-30": -4.974, "2008-03-31": "1.10800", "2007-12-31": -1.386, "2007-09-30": 2.46, "2007-06-30": -2.206, "2007-03-31": "-14.06700", "2006-12-31": 11.037, "2006-09-30": 3.795, "2006-06-30": -5.347, "2006-03-31": "-88.66800", "2005-12-31": 87.171, "2005-09-30": 9.006, "2005-06-30": -2.443, "2005-03-31": "-20.23400"}, "Stock-Based Compensation": {"2020-09-30": 1.771, "2020-06-30": 1.732, "2020-03-31": "1.87100", "2019-12-31": 1.704, "2019-09-30": 1.676, "2019-06-30": 1.695, "2019-03-31": "1.61900", "2018-12-31": 1.376, "2018-09-30": 1.382, "2018-06-30": 1.222, "2018-03-31": "1.59200", "2017-12-31": 1.407, "2017-09-30": 1.406, "2017-06-30": 1.418, "2017-03-31": "1.35500", "2016-12-31": 1.236, "2016-09-30": 1.21, "2016-06-30": 1.213, "2016-03-31": "1.19100", "2015-12-31": 2.472, "2015-09-30": 0.795, "2015-06-30": 1, "2015-03-31": "-0.54500", "2014-12-31": 1.32, "2014-09-30": 1.037, "2014-06-30": -0.985, "2014-03-31": "0.36300", "2013-12-31": 1.566, "2013-09-30": 1.484, "2013-06-30": 1.538, "2013-03-31": "1.02900", "2012-12-31": 1.481, "2012-09-30": 1.431, "2012-06-30": 1.155, "2012-03-31": "0.48300", "2011-12-31": 0.966, "2011-09-30": 0.756, "2011-06-30": 0.9, "2011-03-31": "0.58200", "2010-12-31": 0.955, "2010-09-30": 0.952, "2010-06-30": 0.695, "2010-03-31": "1.03900", "2009-12-31": 0.807, "2009-09-30": 0.875, "2009-06-30": 0.856, "2009-03-31": "0.85800", "2008-12-31": -2.545, "2008-09-30": 0.876, "2008-06-30": 0.813, "2008-03-31": "0.85600", "2007-12-31": 0.544, "2007-09-30": 0.542, "2007-06-30": 0.526, "2007-03-31": "0.22800", "2006-12-31": 0.285, "2006-09-30": 0.634, "2006-06-30": 0.143, "2006-03-31": "0.21000", "2005-12-31": 1.635, "2005-09-30": 0.196, "2005-06-30": 0.198, "2005-03-31": "0.21500"}, "Common Stock Dividends Paid": {"2020-09-30": -64.086, "2020-06-30": -64.038, "2020-03-31": "-64.03600", "2019-12-31": -62.048, "2019-09-30": -61.432, "2019-06-30": -60.374, "2019-03-31": "-60.00500", "2018-12-31": -55.971, "2018-09-30": -55.842, "2018-06-30": -54.769, "2018-03-31": "-54.74600", "2017-12-31": -48.899, "2017-09-30": -48.71, "2017-06-30": -48.707, "2017-03-31": "-48.69000", "2016-12-31": -39.655, "2016-09-30": -37.482, "2016-06-30": -37.254, "2016-03-31": "-36.73000", "2015-12-31": -27.387, "2015-09-30": -26.819, "2015-06-30": -26.613, "2015-03-31": "-26.27400", "2014-12-31": -20.005, "2014-09-30": -19.162, "2014-06-30": -18.525, "2014-03-31": "-18.15700", "2013-12-31": -15.066, "2013-09-30": -14.835, "2013-06-30": -14.703, "2013-03-31": "-14.55500", "2012-12-31": -10.255, "2012-09-30": -9.857, "2012-06-30": -9.835, "2012-03-31": "-9.80800", "2011-12-31": -6.976, "2011-09-30": -6.962, "2011-06-30": -6.971, "2011-03-31": "-6.94000", "2010-12-31": -2.401, "2010-09-30": -2.312, "2010-06-30": -2.363, "2010-03-31": "-2.33100", "2009-12-31": -1.939, "2009-09-30": -1.897, "2009-06-30": -1.328, "2009-03-31": "-1.57200", "2008-12-31": -11.326, "2008-09-30": -11.324, "2008-06-30": -11.327, "2008-03-31": "-11.30000", "2007-12-31": -18.236, "2007-09-30": -18.166, "2007-06-30": -18.192, "2007-03-31": "-18.19700", "2006-12-31": -18.183, "2006-09-30": -18.17, "2006-06-30": -18.156, "2006-03-31": "-18.13100", "2005-12-31": -17.233, "2005-09-30": -10.923, "2005-06-30": -10.926, "2005-03-31": "-7.79900"}}, "financial ratios": {"Current Ratio": {"2019-12-31": "", "2018-12-31": "", "2017-12-31": "", "2016-12-31": "", "2015-12-31": "", "2014-12-31": "", "2013-12-31": "", "2012-12-31": "", "2011-12-31": "", "2010-12-31": "", "2009-12-31": "", "2008-12-31": "", "2007-12-31": "", "2006-12-31": "", "2005-12-31": ""}, "Long-term Debt / Capital": {"2019-12-31": "0.51660", "2018-12-31": "0.50440", "2017-12-31": "0.49990", "2016-12-31": "0.48990", "2015-12-31": "0.43210", "2014-12-31": "0.44740", "2013-12-31": "0.51020", "2012-12-31": "0.50840", "2011-12-31": "0.43250", "2010-12-31": "0.44570", "2009-12-31": "0.50980", "2008-12-31": "0.65150", "2007-12-31": "0.64900", "2006-12-31": "0.58360", "2005-12-31": "0.48930"}, "Debt/Equity Ratio": {"2019-12-31": "1.06880", "2018-12-31": "1.01790", "2017-12-31": "0.99980", "2016-12-31": "0.96060", "2015-12-31": "0.76090", "2014-12-31": "0.80980", "2013-12-31": "1.04170", "2012-12-31": "1.03420", "2011-12-31": "0.76200", "2010-12-31": "0.80410", "2009-12-31": "1.04020", "2008-12-31": "1.86930", "2007-12-31": "1.84930", "2006-12-31": "1.40150", "2005-12-31": "0.95820"}, "Gross Margin": {"2019-12-31": "", "2018-12-31": "", "2017-12-31": "", "2016-12-31": "", "2015-12-31": "", "2014-12-31": "", "2013-12-31": "", "2012-12-31": "", "2011-12-31": "", "2010-12-31": "", "2009-12-31": "", "2008-12-31": "", "2007-12-31": "", "2006-12-31": "", "2005-12-31": ""}, "Operating Margin": {"2019-12-31": "36.04030", "2018-12-31": "36.79540", "2017-12-31": "35.01520", "2016-12-31": "28.02770", "2015-12-31": "24.27060", "2014-12-31": "21.63160", "2013-12-31": "17.10080", "2012-12-31": "8.93170", "2011-12-31": "17.42570", "2010-12-31": "14.83790", "2009-12-31": "12.60650", "2008-12-31": "12.81880", "2007-12-31": "14.90180", "2006-12-31": "17.11320", "2005-12-31": "22.48880"}, "EBIT Margin": {"2019-12-31": "36.04030", "2018-12-31": "36.79540", "2017-12-31": "35.01520", "2016-12-31": "28.02770", "2015-12-31": "24.27060", "2014-12-31": "21.63160", "2013-12-31": "17.10080", "2012-12-31": "8.93170", "2011-12-31": "17.42570", "2010-12-31": "14.83790", "2009-12-31": "12.60650", "2008-12-31": "12.81880", "2007-12-31": "14.90180", "2006-12-31": "17.11320", "2005-12-31": "22.48880"}, "EBITDA Margin": {"2019-12-31": "61.87700", "2018-12-31": "61.15610", "2017-12-31": "61.55080", "2016-12-31": "60.26870", "2015-12-31": "58.94010", "2014-12-31": "55.85320", "2013-12-31": "53.87080", "2012-12-31": "53.45410", "2011-12-31": "52.35490", "2010-12-31": "50.31770", "2009-12-31": "49.88630", "2008-12-31": "49.68990", "2007-12-31": "49.62710", "2006-12-31": "50.36930", "2005-12-31": "51.45940"}, "Pre-Tax Profit Margin": {"2019-12-31": "26.52070", "2018-12-31": "27.67620", "2017-12-31": "24.26200", "2016-12-31": "17.32730", "2015-12-31": "17.71710", "2014-12-31": "6.99430", "2013-12-31": "3.26920", "2012-12-31": "-4.98490", "2011-12-31": "-6.35060", "2010-12-31": "-7.51160", "2009-12-31": "-10.45640", "2008-12-31": "-11.88840", "2007-12-31": "-11.71810", "2006-12-31": "-6.95150", "2005-12-31": "0.72130"}, "Net Profit Margin": {"2019-12-31": "26.26390", "2018-12-31": "27.40880", "2017-12-31": "24.02540", "2016-12-31": "15.67000", "2015-12-31": "16.13060", "2014-12-31": "5.40400", "2013-12-31": "11.13080", "2012-12-31": "-1.57370", "2011-12-31": "-0.76590", "2010-12-31": "-3.70220", "2009-12-31": "-0.46020", "2008-12-31": "1.28470", "2007-12-31": "-6.28800", "2006-12-31": "-4.26170", "2005-12-31": "1.07710"}, "Asset Turnover": {"2019-12-31": "0.15980", "2018-12-31": "0.15930", "2017-12-31": "0.15770", "2016-12-31": "0.14680", "2015-12-31": "0.14320", "2014-12-31": "0.13530", "2013-12-31": "0.13500", "2012-12-31": "0.12390", "2011-12-31": "0.11250", "2010-12-31": "0.13500", "2009-12-31": "0.12740", "2008-12-31": "0.13600", "2007-12-31": "0.12320", "2006-12-31": "0.12420", "2005-12-31": "0.09860"}, "Inventory Turnover Ratio": {"2019-12-31": "", "2018-12-31": "", "2017-12-31": "", "2016-12-31": "", "2015-12-31": "", "2014-12-31": "", "2013-12-31": "", "2012-12-31": "", "2011-12-31": "", "2010-12-31": "", "2009-12-31": "", "2008-12-31": "", "2007-12-31": "", "2006-12-31": "", "2005-12-31": ""}, "Receiveable Turnover": {"2019-12-31": "", "2018-12-31": "", "2017-12-31": "", "2016-12-31": "", "2015-12-31": "", "2014-12-31": "", "2013-12-31": "", "2012-12-31": "", "2011-12-31": "", "2010-12-31": "", "2009-12-31": "", "2008-12-31": "", "2007-12-31": "", "2006-12-31": "", "2005-12-31": ""}, "Days Sales In Receivables": {"2019-12-31": "", "2018-12-31": "", "2017-12-31": "", "2016-12-31": "", "2015-12-31": "", "2014-12-31": "", "2013-12-31": "", "2012-12-31": "", "2011-12-31": "", "2010-12-31": "", "2009-12-31": "", "2008-12-31": "", "2007-12-31": "", "2006-12-31": "", "2005-12-31": ""}, "ROE - Return On Equity": {"2019-12-31": "9.44880", "2018-12-31": "9.64130", "2017-12-31": "8.29240", "2016-12-31": "5.31990", "2015-12-31": "4.78810", "2014-12-31": "1.81890", "2013-12-31": "0.95220", "2012-12-31": "-1.34120", "2011-12-31": "-1.34630", "2010-12-31": "-1.95970", "2009-12-31": "-2.87980", "2008-12-31": "-4.94080", "2007-12-31": "-4.38610", "2006-12-31": "-2.15520", "2005-12-31": "0.14020"}, "Return On Tangible Equity": {"2019-12-31": "9.44880", "2018-12-31": "9.64130", "2017-12-31": "8.29240", "2016-12-31": "5.31990", "2015-12-31": "4.78800", "2014-12-31": "1.81880", "2013-12-31": "0.95220", "2012-12-31": "-1.34110", "2011-12-31": "-1.34630", "2010-12-31": "-1.95970", "2009-12-31": "-2.87980", "2008-12-31": "-4.94080", "2007-12-31": "-4.38610", "2006-12-31": "-2.15520", "2005-12-31": "0.14020"}, "ROA - Return On Assets": {"2019-12-31": "4.23800", "2018-12-31": "4.40950", "2017-12-31": "3.82510", "2016-12-31": "2.54320", "2015-12-31": "2.53710", "2014-12-31": "0.94630", "2013-12-31": "0.44130", "2012-12-31": "-0.61740", "2011-12-31": "-0.71430", "2010-12-31": "-1.01430", "2009-12-31": "-1.33160", "2008-12-31": "-1.61720", "2007-12-31": "-1.44390", "2006-12-31": "-0.83720", "2005-12-31": "0.06630"}, "ROI - Return On Investment": {"2019-12-31": "4.56720", "2018-12-31": "4.77800", "2017-12-31": "4.14670", "2016-12-31": "2.71340", "2015-12-31": "2.71910", "2014-12-31": "1.00500", "2013-12-31": "0.46630", "2012-12-31": "-0.65930", "2011-12-31": "-0.76410", "2010-12-31": "-1.08630", "2009-12-31": "-1.41150", "2008-12-31": "-1.72200", "2007-12-31": "-1.53940", "2006-12-31": "-0.89750", "2005-12-31": "0.07160"}, "Book Value Per Share": {"2019-12-31": "9.33750", "2018-12-31": "9.17180", "2017-12-31": "8.97490", "2016-12-31": "9.22480", "2015-12-31": "9.41700", "2014-12-31": "8.84150", "2013-12-31": "7.84630", "2012-12-31": "7.51100", "2011-12-31": "8.15440", "2010-12-31": "7.76300", "2009-12-31": "7.97940", "2008-12-31": "9.07500", "2007-12-31": "9.65000", "2006-12-31": "10.94430", "2005-12-31": "12.25170"}, "Operating Cash Flow Per Share": {"2019-12-31": 0.0911, "2018-12-31": 0.0319, "2017-12-31": 0.1424, "2016-12-31": 0.1898, "2015-12-31": 0.1761, "2014-12-31": 0.0633, "2013-12-31": 0.0863, "2012-12-31": 0.132, "2011-12-31": 0.0581, "2010-12-31": -0.1156, "2009-12-31": -0.2866, "2008-12-31": 0.0725, "2007-12-31": -0.0366, "2006-12-31": 0.0346, "2005-12-31": 1.0925}, "Free Cash Flow Per Share": {"2019-12-31": 0.5844, "2018-12-31": -0.7389, "2017-12-31": 1.9378, "2016-12-31": -1.9951, "2015-12-31": 0.074, "2014-12-31": 0.1679, "2013-12-31": -0.304, "2012-12-31": 4.5187, "2011-12-31": -3.3717, "2010-12-31": -1.5394, "2009-12-31": -0.0304, "2008-12-31": 3.4764, "2007-12-31": 3.1184, "2006-12-31": 3.2169, "2005-12-31": -8.1953}}, "financial ratios, quarterly": {"Current Ratio": {"2020-09-30": "", "2020-06-30": "", "2020-03-31": "", "2019-12-31": "", "2019-09-30": "", "2019-06-30": "", "2019-03-31": "", "2018-12-31": "", "2018-09-30": "", "2018-06-30": "", "2018-03-31": "", "2017-12-31": "", "2017-09-30": "", "2017-06-30": "", "2017-03-31": "", "2016-12-31": "", "2016-09-30": "", "2016-06-30": "", "2016-03-31": "", "2015-12-31": "", "2015-09-30": "", "2015-06-30": "", "2015-03-31": "", "2014-12-31": "", "2014-09-30": "", "2014-06-30": "", "2014-03-31": "", "2013-12-31": "", "2013-09-30": "", "2013-06-30": "", "2013-03-31": "", "2012-12-31": "", "2012-09-30": "", "2012-06-30": "", "2012-03-31": "", "2011-12-31": "", "2011-09-30": "", "2011-06-30": "", "2011-03-31": "", "2010-12-31": "", "2010-09-30": "", "2010-06-30": "", "2010-03-31": "", "2009-12-31": "", "2009-09-30": "", "2009-06-30": "", "2009-03-31": "", "2008-12-31": "", "2008-09-30": "", "2008-06-30": "", "2008-03-31": "", "2007-12-31": "", "2007-09-30": "", "2007-06-30": "", "2007-03-31": "", "2006-12-31": "", "2006-09-30": "", "2006-06-30": "", "2006-03-31": "", "2005-12-31": "", "2005-09-30": "", "2005-06-30": "", "2005-03-31": ""}, "Long-term Debt / Capital": {"2020-09-30": "0.53010", "2020-06-30": "0.52390", "2020-03-31": "0.51900", "2019-12-31": "0.51660", "2019-09-30": "0.50040", "2019-06-30": "0.51000", "2019-03-31": "0.51190", "2018-12-31": "0.50440", "2018-09-30": "0.49170", "2018-06-30": "0.48580", "2018-03-31": "0.51090", "2017-12-31": "0.49990", "2017-09-30": "0.49960", "2017-06-30": "0.49890", "2017-03-31": "0.49380", "2016-12-31": "0.48990", "2016-09-30": "0.46990", "2016-06-30": "0.45570", "2016-03-31": "0.43500", "2015-12-31": "0.43210", "2015-09-30": "0.43460", "2015-06-30": "0.44860", "2015-03-31": "0.44610", "2014-12-31": "0.44740", "2014-09-30": "0.46410", "2014-06-30": "0.49880", "2014-03-31": "0.51580", "2013-12-31": "0.51020", "2013-09-30": "0.50290", "2013-06-30": "0.51720", "2013-03-31": "0.50430", "2012-12-31": "0.50840", "2012-09-30": "0.53070", "2012-06-30": "0.50770", "2012-03-31": "0.46210", "2011-12-31": "0.43250", "2011-09-30": "0.46360", "2011-06-30": "0.46730", "2011-03-31": "0.45260", "2010-12-31": "0.44570", "2010-09-30": "0.46840", "2010-06-30": "0.47800", "2010-03-31": "0.48220", "2009-12-31": "0.50980", "2009-09-30": "0.49500", "2009-06-30": "0.64050", "2009-03-31": "0.64940", "2008-12-31": "0.65150", "2008-09-30": "0.65220", "2008-06-30": "0.65800", "2008-03-31": "0.65850", "2007-12-31": "0.64900", "2007-09-30": "0.64040", "2007-06-30": "0.60060", "2007-03-31": "0.59540", "2006-12-31": "0.58360", "2006-09-30": "0.57080", "2006-06-30": "0.53580", "2006-03-31": "0.51180", "2005-12-31": "0.48930", "2005-09-30": "0.68940", "2005-06-30": "0.58820", "2005-03-31": "0.54580"}, "Debt/Equity Ratio": {"2020-09-30": "1.12830", "2020-06-30": "1.10060", "2020-03-31": "1.07890", "2019-12-31": "1.06880", "2019-09-30": "1.00140", "2019-06-30": "1.04090", "2019-03-31": "1.04890", "2018-12-31": "1.01790", "2018-09-30": "0.96720", "2018-06-30": "0.94490", "2018-03-31": "1.04450", "2017-12-31": "0.99980", "2017-09-30": "0.99850", "2017-06-30": "0.99550", "2017-03-31": "0.97530", "2016-12-31": "0.96060", "2016-09-30": "0.88640", "2016-06-30": "0.83710", "2016-03-31": "0.77000", "2015-12-31": "0.76090", "2015-09-30": "0.76870", "2015-06-30": "0.81370", "2015-03-31": "0.80530", "2014-12-31": "0.80980", "2014-09-30": "0.86590", "2014-06-30": "0.99530", "2014-03-31": "1.06540", "2013-12-31": "1.04170", "2013-09-30": "1.01160", "2013-06-30": "1.07130", "2013-03-31": "1.01740", "2012-12-31": "1.03420", "2012-09-30": "1.13080", "2012-06-30": "1.03140", "2012-03-31": "0.85890", "2011-12-31": "0.76200", "2011-09-30": "0.86430", "2011-06-30": "0.87710", "2011-03-31": "0.82670", "2010-12-31": "0.80410", "2010-09-30": "0.88130", "2010-06-30": "0.91560", "2010-03-31": "0.93110", "2009-12-31": "1.04020", "2009-09-30": "0.98030", "2009-06-30": "1.78170", "2009-03-31": "1.85220", "2008-12-31": "1.86930", "2008-09-30": "1.87540", "2008-06-30": "1.92370", "2008-03-31": "1.92800", "2007-12-31": "1.84930", "2007-09-30": "1.78070", "2007-06-30": "1.50370", "2007-03-31": "1.47150", "2006-12-31": "1.40150", "2006-09-30": "1.32990", "2006-06-30": "1.15420", "2006-03-31": "1.04840", "2005-12-31": "0.95820", "2005-09-30": "2.21930", "2005-06-30": "1.42840", "2005-03-31": "1.20190"}, "Gross Margin": {"2020-09-30": "", "2020-06-30": "", "2020-03-31": "", "2019-12-31": "", "2019-09-30": "", "2019-06-30": "", "2019-03-31": "", "2018-12-31": "", "2018-09-30": "", "2018-06-30": "", "2018-03-31": "", "2017-12-31": "", "2017-09-30": "", "2017-06-30": "", "2017-03-31": "", "2016-12-31": "", "2016-09-30": "", "2016-06-30": "", "2016-03-31": "", "2015-12-31": "", "2015-09-30": "", "2015-06-30": "", "2015-03-31": "", "2014-12-31": "", "2014-09-30": "", "2014-06-30": "", "2014-03-31": "", "2013-12-31": "", "2013-09-30": "", "2013-06-30": "", "2013-03-31": "", "2012-12-31": "", "2012-09-30": "", "2012-06-30": "", "2012-03-31": "", "2011-12-31": "", "2011-09-30": "", "2011-06-30": "", "2011-03-31": "", "2010-12-31": "", "2010-09-30": "", "2010-06-30": "", "2010-03-31": "", "2009-12-31": "", "2009-09-30": "", "2009-06-30": "", "2009-03-31": "", "2008-12-31": "", "2008-09-30": "", "2008-06-30": "", "2008-03-31": "", "2007-12-31": "", "2007-09-30": "", "2007-06-30": "", "2007-03-31": "", "2006-12-31": "", "2006-09-30": "", "2006-06-30": "", "2006-03-31": "", "2005-12-31": "", "2005-09-30": "", "2005-06-30": "", "2005-03-31": ""}, "Operating Margin": {"2020-09-30": "38.91520", "2020-06-30": "36.03040", "2020-03-31": "34.82300", "2019-12-31": "36.32010", "2019-09-30": "35.84090", "2019-06-30": "36.74700", "2019-03-31": "35.21930", "2018-12-31": "35.81120", "2018-09-30": "38.85770", "2018-06-30": "37.14100", "2018-03-31": "35.28420", "2017-12-31": "38.68850", "2017-09-30": "36.33890", "2017-06-30": "34.30600", "2017-03-31": "30.36070", "2016-12-31": "31.45930", "2016-09-30": "29.91080", "2016-06-30": "26.09500", "2016-03-31": "24.16570", "2015-12-31": "27.65060", "2015-09-30": "25.61440", "2015-06-30": "23.39840", "2015-03-31": "19.94350", "2014-12-31": "17.76560", "2014-09-30": "23.81870", "2014-06-30": "23.81490", "2014-03-31": "21.32990", "2013-12-31": "18.56830", "2013-09-30": "19.67830", "2013-06-30": "17.77010", "2013-03-31": "11.92020", "2012-12-31": "4.93450", "2012-09-30": "9.66370", "2012-06-30": "10.71240", "2012-03-31": "10.36000", "2011-12-31": "8.05860", "2011-09-30": "22.75640", "2011-06-30": "18.50110", "2011-03-31": "17.51150", "2010-12-31": "15.37840", "2010-09-30": "17.22570", "2010-06-30": "12.47860", "2010-03-31": "14.34920", "2009-12-31": "8.81090", "2009-09-30": "14.94290", "2009-06-30": "11.02110", "2009-03-31": "14.59780", "2008-12-31": "8.95380", "2008-09-30": "14.45550", "2008-06-30": "12.51840", "2008-03-31": "14.42270", "2007-12-31": "4.41150", "2007-09-30": "15.48970", "2007-06-30": "20.26540", "2007-03-31": "16.88680", "2006-12-31": "6.54440", "2006-09-30": "18.62610", "2006-06-30": "22.71400", "2006-03-31": "18.74090", "2005-12-31": "7.31120", "2005-09-30": "29.26420", "2005-06-30": "28.99890", "2005-03-31": "26.49500"}, "EBIT Margin": {"2020-09-30": "38.91520", "2020-06-30": "36.03040", "2020-03-31": "34.82300", "2019-12-31": "36.32010", "2019-09-30": "35.84090", "2019-06-30": "36.74700", "2019-03-31": "35.21930", "2018-12-31": "35.81120", "2018-09-30": "38.85770", "2018-06-30": "37.14100", "2018-03-31": "35.28420", "2017-12-31": "38.68850", "2017-09-30": "36.33890", "2017-06-30": "34.30600", "2017-03-31": "30.36070", "2016-12-31": "31.45930", "2016-09-30": "29.91080", "2016-06-30": "26.09500", "2016-03-31": "24.16570", "2015-12-31": "27.65060", "2015-09-30": "25.61440", "2015-06-30": "23.39840", "2015-03-31": "19.94350", "2014-12-31": "17.76560", "2014-09-30": "23.81870", "2014-06-30": "23.81490", "2014-03-31": "21.32990", "2013-12-31": "18.56830", "2013-09-30": "19.67830", "2013-06-30": "17.77010", "2013-03-31": "11.92020", "2012-12-31": "4.93450", "2012-09-30": "9.66370", "2012-06-30": "10.71240", "2012-03-31": "10.36000", "2011-12-31": "8.05860", "2011-09-30": "22.75640", "2011-06-30": "18.50110", "2011-03-31": "17.51150", "2010-12-31": "15.37840", "2010-09-30": "17.22570", "2010-06-30": "12.47860", "2010-03-31": "14.34920", "2009-12-31": "8.81090", "2009-09-30": "14.94290", "2009-06-30": "11.02110", "2009-03-31": "14.59780", "2008-12-31": "8.95380", "2008-09-30": "14.45550", "2008-06-30": "12.51840", "2008-03-31": "14.42270", "2007-12-31": "4.41150", "2007-09-30": "15.48970", "2007-06-30": "20.26540", "2007-03-31": "16.88680", "2006-12-31": "6.54440", "2006-09-30": "18.62610", "2006-06-30": "22.71400", "2006-03-31": "18.74090", "2005-12-31": "7.31120", "2005-09-30": "29.26420", "2005-06-30": "28.99890", "2005-03-31": "26.49500"}, "EBITDA Margin": {"2020-09-30": "", "2020-06-30": "", "2020-03-31": "", "2019-12-31": "", "2019-09-30": "", "2019-06-30": "", "2019-03-31": "", "2018-12-31": "", "2018-09-30": "", "2018-06-30": "", "2018-03-31": "", "2017-12-31": "", "2017-09-30": "", "2017-06-30": "", "2017-03-31": "", "2016-12-31": "", "2016-09-30": "", "2016-06-30": "", "2016-03-31": "", "2015-12-31": "", "2015-09-30": "", "2015-06-30": "", "2015-03-31": "", "2014-12-31": "", "2014-09-30": "", "2014-06-30": "", "2014-03-31": "", "2013-12-31": "", "2013-09-30": "", "2013-06-30": "", "2013-03-31": "", "2012-12-31": "", "2012-09-30": "", "2012-06-30": "", "2012-03-31": "", "2011-12-31": "", "2011-09-30": "", "2011-06-30": "", "2011-03-31": "", "2010-12-31": "", "2010-09-30": "", "2010-06-30": "", "2010-03-31": "", "2009-12-31": "", "2009-09-30": "", "2009-06-30": "", "2009-03-31": "", "2008-12-31": "", "2008-09-30": "", "2008-06-30": "", "2008-03-31": "", "2007-12-31": "", "2007-09-30": "", "2007-06-30": "", "2007-03-31": "", "2006-12-31": "", "2006-09-30": "", "2006-06-30": "", "2006-03-31": "", "2005-12-31": "", "2005-09-30": "", "2005-06-30": "", "2005-03-31": ""}, "Pre-Tax Profit Margin": {"2020-09-30": "27.47880", "2020-06-30": "23.76830", "2020-03-31": "23.35250", "2019-12-31": "25.68490", "2019-09-30": "25.57660", "2019-06-30": "31.36650", "2019-03-31": "23.41330", "2018-12-31": "31.60600", "2018-09-30": "28.23370", "2018-06-30": "26.21590", "2018-03-31": "24.35590", "2017-12-31": "27.77910", "2017-09-30": "26.21140", "2017-06-30": "23.69970", "2017-03-31": "18.94660", "2016-12-31": "20.40580", "2016-09-30": "18.99450", "2016-06-30": "16.10970", "2016-03-31": "13.33800", "2015-12-31": "32.82050", "2015-09-30": "16.05590", "2015-06-30": "12.62660", "2015-03-31": "8.21890", "2014-12-31": "5.52720", "2014-09-30": "8.84830", "2014-06-30": "8.65630", "2014-03-31": "4.85870", "2013-12-31": "6.92830", "2013-09-30": "6.91740", "2013-06-30": "1.26710", "2013-03-31": "-2.72850", "2012-12-31": "-8.27250", "2012-09-30": "0.41810", "2012-06-30": "-5.67580", "2012-03-31": "-6.74290", "2011-12-31": "-37.94440", "2011-09-30": "5.74980", "2011-06-30": "-2.46090", "2011-03-31": "-0.15960", "2010-12-31": "-10.33560", "2010-09-30": "-4.01810", "2010-06-30": "-9.18680", "2010-03-31": "-7.16970", "2009-12-31": "-18.45660", "2009-09-30": "-7.65910", "2009-06-30": "-11.01740", "2009-03-31": "-6.89200", "2008-12-31": "-20.72760", "2008-09-30": "-8.55920", "2008-06-30": "-10.34950", "2008-03-31": "-10.05440", "2007-12-31": "-31.15540", "2007-09-30": "-9.52640", "2007-06-30": "-3.72610", "2007-03-31": "-7.19380", "2006-12-31": "-24.40290", "2006-09-30": "-4.01110", "2006-06-30": "1.29710", "2006-03-31": "-3.67970", "2005-12-31": "-11.74060", "2005-09-30": "4.50330", "2005-06-30": "6.80800", "2005-03-31": "5.64360"}, "Net Profit Margin": {"2020-09-30": "27.18150", "2020-06-30": "23.50760", "2020-03-31": "23.09590", "2019-12-31": "25.40390", "2019-09-30": "25.31060", "2019-06-30": "31.07840", "2019-03-31": "23.22480", "2018-12-31": "31.29410", "2018-09-30": "27.97160", "2018-06-30": "25.98520", "2018-03-31": "24.09280", "2017-12-31": "27.56230", "2017-09-30": "25.92500", "2017-06-30": "23.42540", "2017-03-31": "18.78120", "2016-12-31": "17.63240", "2016-09-30": "17.70080", "2016-06-30": "14.95500", "2016-03-31": "11.98610", "2015-12-31": "30.97090", "2015-09-30": "14.60380", "2015-06-30": "11.12400", "2015-03-31": "6.68540", "2014-12-31": "3.97040", "2014-09-30": "7.18700", "2014-06-30": "6.91380", "2014-03-31": "3.46980", "2013-12-31": "25.84980", "2013-09-30": "17.99070", "2013-06-30": "1.33860", "2013-03-31": "-2.53700", "2012-12-31": "-0.03200", "2012-09-30": "0.19320", "2012-06-30": "1.54750", "2012-03-31": "-8.33700", "2011-12-31": "-22.91210", "2011-09-30": "11.67400", "2011-06-30": "1.59690", "2011-03-31": "-0.20990", "2010-12-31": "5.05500", "2010-09-30": "-2.75310", "2010-06-30": "-8.50400", "2010-03-31": "-6.73920", "2009-12-31": "-7.04570", "2009-09-30": "12.48080", "2009-06-30": "-5.23880", "2009-03-31": "-3.83920", "2008-12-31": "5.69720", "2008-09-30": "7.01490", "2008-06-30": "0.45060", "2008-03-31": "-6.88140", "2007-12-31": "-14.06140", "2007-09-30": "-7.37610", "2007-06-30": "0.53180", "2007-03-31": "-6.14370", "2006-12-31": "-13.07500", "2006-09-30": "-3.50540", "2006-06-30": "1.36700", "2006-03-31": "-3.37070", "2005-12-31": "-9.60930", "2005-09-30": "4.03120", "2005-06-30": "6.52380", "2005-03-31": "5.44170"}, "Asset Turnover": {"2020-09-30": "0.04280", "2020-06-30": "0.04070", "2020-03-31": "0.04100", "2019-12-31": "0.04110", "2019-09-30": "0.04220", "2019-06-30": "0.04030", "2019-03-31": "0.04010", "2018-12-31": "0.04100", "2018-09-30": "0.04210", "2018-06-30": "0.04120", "2018-03-31": "0.04010", "2017-12-31": "0.04050", "2017-09-30": "0.04110", "2017-06-30": "0.03970", "2017-03-31": "0.03840", "2016-12-31": "0.03810", "2016-09-30": "0.03750", "2016-06-30": "0.03760", "2016-03-31": "0.03710", "2015-12-31": "0.03700", "2015-09-30": "0.03960", "2015-06-30": "0.03840", "2015-03-31": "0.03690", "2014-12-31": "0.03600", "2014-09-30": "0.03820", "2014-06-30": "0.03690", "2014-03-31": "0.03570", "2013-12-31": "0.03520", "2013-09-30": "0.03740", "2013-06-30": "0.03560", "2013-03-31": "0.03530", "2012-12-31": "0.03050", "2012-09-30": "0.03200", "2012-06-30": "0.03220", "2012-03-31": "0.03310", "2011-12-31": "0.02150", "2011-09-30": "0.03890", "2011-06-30": "0.03740", "2011-03-31": "0.03780", "2010-12-31": "0.02790", "2010-09-30": "0.03590", "2010-06-30": "0.03580", "2010-03-31": "0.03430", "2009-12-31": "0.02490", "2009-09-30": "0.03480", "2009-06-30": "0.03470", "2009-03-31": "0.03490", "2008-12-31": "0.02740", "2008-09-30": "0.03530", "2008-06-30": "0.03520", "2008-03-31": "0.03440", "2007-12-31": "0.02480", "2007-09-30": "0.03300", "2007-06-30": "0.03490", "2007-03-31": "0.03400", "2006-12-31": "0.02690", "2006-09-30": "0.03440", "2006-06-30": "0.03410", "2006-03-31": "0.03190", "2005-12-31": "0.02760", "2005-09-30": "0.03460", "2005-06-30": "0.03840", "2005-03-31": "0.03630"}, "Inventory Turnover Ratio": {"2020-09-30": "", "2020-06-30": "", "2020-03-31": "", "2019-12-31": "", "2019-09-30": "", "2019-06-30": "", "2019-03-31": "", "2018-12-31": "", "2018-09-30": "", "2018-06-30": "", "2018-03-31": "", "2017-12-31": "", "2017-09-30": "", "2017-06-30": "", "2017-03-31": "", "2016-12-31": "", "2016-09-30": "", "2016-06-30": "", "2016-03-31": "", "2015-12-31": "", "2015-09-30": "", "2015-06-30": "", "2015-03-31": "", "2014-12-31": "", "2014-09-30": "", "2014-06-30": "", "2014-03-31": "", "2013-12-31": "", "2013-09-30": "", "2013-06-30": "", "2013-03-31": "", "2012-12-31": "", "2012-09-30": "", "2012-06-30": "", "2012-03-31": "", "2011-12-31": "", "2011-09-30": "", "2011-06-30": "", "2011-03-31": "", "2010-12-31": "", "2010-09-30": "", "2010-06-30": "", "2010-03-31": "", "2009-12-31": "", "2009-09-30": "", "2009-06-30": "", "2009-03-31": "", "2008-12-31": "", "2008-09-30": "", "2008-06-30": "", "2008-03-31": "", "2007-12-31": "", "2007-09-30": "", "2007-06-30": "", "2007-03-31": "", "2006-12-31": "", "2006-09-30": "", "2006-06-30": "", "2006-03-31": "", "2005-12-31": "", "2005-09-30": "", "2005-06-30": "", "2005-03-31": ""}, "Receiveable Turnover": {"2020-09-30": "", "2020-06-30": "", "2020-03-31": "", "2019-12-31": "", "2019-09-30": "", "2019-06-30": "", "2019-03-31": "", "2018-12-31": "", "2018-09-30": "", "2018-06-30": "", "2018-03-31": "", "2017-12-31": "", "2017-09-30": "", "2017-06-30": "", "2017-03-31": "", "2016-12-31": "", "2016-09-30": "", "2016-06-30": "", "2016-03-31": "", "2015-12-31": "", "2015-09-30": "", "2015-06-30": "", "2015-03-31": "", "2014-12-31": "", "2014-09-30": "", "2014-06-30": "", "2014-03-31": "", "2013-12-31": "", "2013-09-30": "", "2013-06-30": "", "2013-03-31": "", "2012-12-31": "", "2012-09-30": "", "2012-06-30": "", "2012-03-31": "", "2011-12-31": "", "2011-09-30": "", "2011-06-30": "", "2011-03-31": "", "2010-12-31": "", "2010-09-30": "", "2010-06-30": "", "2010-03-31": "", "2009-12-31": "", "2009-09-30": "", "2009-06-30": "", "2009-03-31": "", "2008-12-31": "", "2008-09-30": "", "2008-06-30": "", "2008-03-31": "", "2007-12-31": "", "2007-09-30": "", "2007-06-30": "", "2007-03-31": "", "2006-12-31": "", "2006-09-30": "", "2006-06-30": "", "2006-03-31": "", "2005-12-31": "", "2005-09-30": "", "2005-06-30": "", "2005-03-31": ""}, "Days Sales In Receivables": {"2020-09-30": "", "2020-06-30": "", "2020-03-31": "", "2019-12-31": "", "2019-09-30": "", "2019-06-30": "", "2019-03-31": "", "2018-12-31": "", "2018-09-30": "", "2018-06-30": "", "2018-03-31": "", "2017-12-31": "", "2017-09-30": "", "2017-06-30": "", "2017-03-31": "", "2016-12-31": "", "2016-09-30": "", "2016-06-30": "", "2016-03-31": "", "2015-12-31": "", "2015-09-30": "", "2015-06-30": "", "2015-03-31": "", "2014-12-31": "", "2014-09-30": "", "2014-06-30": "", "2014-03-31": "", "2013-12-31": "", "2013-09-30": "", "2013-06-30": "", "2013-03-31": "", "2012-12-31": "", "2012-09-30": "", "2012-06-30": "", "2012-03-31": "", "2011-12-31": "", "2011-09-30": "", "2011-06-30": "", "2011-03-31": "", "2010-12-31": "", "2010-09-30": "", "2010-06-30": "", "2010-03-31": "", "2009-12-31": "", "2009-09-30": "", "2009-06-30": "", "2009-03-31": "", "2008-12-31": "", "2008-09-30": "", "2008-06-30": "", "2008-03-31": "", "2007-12-31": "", "2007-09-30": "", "2007-06-30": "", "2007-03-31": "", "2006-12-31": "", "2006-09-30": "", "2006-06-30": "", "2006-03-31": "", "2005-12-31": "", "2005-09-30": "", "2005-06-30": "", "2005-03-31": ""}, "ROE - Return On Equity": {"2020-09-30": "2.71750", "2020-06-30": "2.20110", "2020-03-31": "2.14030", "2019-12-31": "2.35210", "2019-09-30": "2.33840", "2019-06-30": "2.80220", "2019-03-31": "2.09450", "2018-12-31": "2.83350", "2018-09-30": "2.54420", "2018-06-30": "2.28830", "2018-03-31": "2.15160", "2017-12-31": "2.43720", "2017-09-30": "2.32360", "2017-06-30": "2.02540", "2017-03-31": "1.53750", "2016-12-31": "1.62810", "2016-09-30": "1.43240", "2016-06-30": "1.19350", "2016-03-31": "0.94170", "2015-12-31": "2.29450", "2015-09-30": "1.20460", "2015-06-30": "0.93770", "2015-03-31": "0.58310", "2014-12-31": "0.38230", "2014-09-30": "0.66670", "2014-06-30": "0.67350", "2014-03-31": "0.37750", "2013-12-31": "0.52580", "2013-09-30": "0.55270", "2013-06-30": "0.09890", "2013-03-31": "-0.20590", "2012-12-31": "-0.54800", "2012-09-30": "0.03050", "2012-06-30": "-0.39590", "2012-03-31": "-0.44320", "2011-12-31": "-1.53560", "2011-09-30": "0.44990", "2011-06-30": "-0.18570", "2011-03-31": "-0.01180", "2010-12-31": "-0.55640", "2010-09-30": "-0.29010", "2010-06-30": "-0.67160", "2010-03-31": "-0.50380", "2009-12-31": "-0.99280", "2009-09-30": "-0.56330", "2009-06-30": "-1.12930", "2009-03-31": "-0.72600", "2008-12-31": "-1.73450", "2008-09-30": "-0.92790", "2008-06-30": "-1.13260", "2008-03-31": "-1.07700", "2007-12-31": "-2.51310", "2007-09-30": "-0.85640", "2007-06-30": "-0.32050", "2007-03-31": "-0.59330", "2006-12-31": "-1.66870", "2006-09-30": "-0.31670", "2006-06-30": "0.09400", "2006-03-31": "-0.23670", "2005-12-31": "-0.64530", "2005-09-30": "0.49860", "2005-06-30": "0.64320", "2005-03-31": "0.46110"}, "Return On Tangible Equity": {"2020-09-30": "2.71750", "2020-06-30": "2.20110", "2020-03-31": "2.14030", "2019-12-31": "2.35210", "2019-09-30": "2.33840", "2019-06-30": "2.80220", "2019-03-31": "2.09450", "2018-12-31": "2.83350", "2018-09-30": "2.54420", "2018-06-30": "2.28830", "2018-03-31": "2.15160", "2017-12-31": "2.43720", "2017-09-30": "2.32360", "2017-06-30": "2.02540", "2017-03-31": "1.53750", "2016-12-31": "1.62810", "2016-09-30": "1.43240", "2016-06-30": "1.19350", "2016-03-31": "0.94160", "2015-12-31": "2.29450", "2015-09-30": "1.20460", "2015-06-30": "0.93760", "2015-03-31": "0.58310", "2014-12-31": "0.38230", "2014-09-30": "0.66660", "2014-06-30": "0.67350", "2014-03-31": "0.37750", "2013-12-31": "0.52580", "2013-09-30": "0.55270", "2013-06-30": "0.09890", "2013-03-31": "-0.20590", "2012-12-31": "-0.54800", "2012-09-30": "0.03050", "2012-06-30": "-0.39590", "2012-03-31": "-0.44320", "2011-12-31": "-1.53560", "2011-09-30": "0.44990", "2011-06-30": "-0.18570", "2011-03-31": "-0.01180", "2010-12-31": "-0.55640", "2010-09-30": "-0.29010", "2010-06-30": "-0.67160", "2010-03-31": "-0.50380", "2009-12-31": "-0.99280", "2009-09-30": "-0.56330", "2009-06-30": "-1.12930", "2009-03-31": "-0.72600", "2008-12-31": "-1.73450", "2008-09-30": "-0.92790", "2008-06-30": "-1.13260", "2008-03-31": "-1.07700", "2007-12-31": "-2.51310", "2007-09-30": "-0.85640", "2007-06-30": "-0.32050", "2007-03-31": "-0.59330", "2006-12-31": "-1.66870", "2006-09-30": "-0.31670", "2006-06-30": "0.09400", "2006-03-31": "-0.23670", "2005-12-31": "-0.64530", "2005-09-30": "0.49860", "2005-06-30": "0.64320", "2005-03-31": "0.46110"}, "ROA - Return On Assets": {"2020-09-30": "1.17670", "2020-06-30": "0.96740", "2020-03-31": "0.95730", "2019-12-31": "1.05500", "2019-09-30": "1.07830", "2019-06-30": "1.26350", "2019-03-31": "0.93820", "2018-12-31": "1.29590", "2018-09-30": "1.18960", "2018-06-30": "1.08100", "2018-03-31": "0.97600", "2017-12-31": "1.12420", "2017-09-30": "1.07650", "2017-06-30": "0.94000", "2017-03-31": "0.72720", "2016-12-31": "0.77830", "2016-09-30": "0.71300", "2016-06-30": "0.60620", "2016-03-31": "0.49440", "2015-12-31": "1.21580", "2015-09-30": "0.63550", "2015-06-30": "0.48440", "2015-03-31": "0.30350", "2014-12-31": "0.19890", "2014-09-30": "0.33760", "2014-06-30": "0.31930", "2014-03-31": "0.17360", "2013-12-31": "0.24370", "2013-09-30": "0.25900", "2013-06-30": "0.04510", "2013-03-31": "-0.09640", "2012-12-31": "-0.25230", "2012-09-30": "0.01340", "2012-06-30": "-0.18280", "2012-03-31": "-0.22310", "2011-12-31": "-0.81470", "2011-09-30": "0.22370", "2011-06-30": "-0.09210", "2011-03-31": "-0.00600", "2010-12-31": "-0.28800", "2010-09-30": "-0.14430", "2010-06-30": "-0.32890", "2010-03-31": "-0.24610", "2009-12-31": "-0.45910", "2009-09-30": "-0.26690", "2009-06-30": "-0.38270", "2009-03-31": "-0.24040", "2008-12-31": "-0.56770", "2008-09-30": "-0.30220", "2008-06-30": "-0.36450", "2008-03-31": "-0.34610", "2007-12-31": "-0.82730", "2007-09-30": "-0.28860", "2007-06-30": "-0.11960", "2007-03-31": "-0.22430", "2006-12-31": "-0.64820", "2006-09-30": "-0.12670", "2006-06-30": "0.04060", "2006-03-31": "-0.10750", "2005-12-31": "-0.30530", "2005-09-30": "0.13970", "2005-06-30": "0.25060", "2005-03-31": "0.19750"}, "ROI - Return On Investment": {"2020-09-30": "1.27680", "2020-06-30": "1.04790", "2020-03-31": "1.02950", "2019-12-31": "1.13690", "2019-09-30": "1.16840", "2019-06-30": "1.37300", "2019-03-31": "1.02230", "2018-12-31": "1.40420", "2018-09-30": "1.29330", "2018-06-30": "1.17660", "2018-03-31": "1.05240", "2017-12-31": "1.21880", "2017-09-30": "1.16270", "2017-06-30": "1.01490", "2017-03-31": "0.77840", "2016-12-31": "0.83040", "2016-09-30": "0.75930", "2016-06-30": "0.64970", "2016-03-31": "0.53200", "2015-12-31": "1.30300", "2015-09-30": "0.68100", "2015-06-30": "0.51700", "2015-03-31": "0.32300", "2014-12-31": "0.21120", "2014-09-30": "0.35730", "2014-06-30": "0.33760", "2014-03-31": "0.18280", "2013-12-31": "0.25750", "2013-09-30": "0.27470", "2013-06-30": "0.04780", "2013-03-31": "-0.10210", "2012-12-31": "-0.26940", "2012-09-30": "0.01430", "2012-06-30": "-0.19490", "2012-03-31": "-0.23840", "2011-12-31": "-0.87150", "2011-09-30": "0.24130", "2011-06-30": "-0.09890", "2011-03-31": "-0.00650", "2010-12-31": "-0.30840", "2010-09-30": "-0.15420", "2010-06-30": "-0.35060", "2010-03-31": "-0.26090", "2009-12-31": "-0.48660", "2009-09-30": "-0.28450", "2009-06-30": "-0.40600", "2009-03-31": "-0.25450", "2008-12-31": "-0.60450", "2008-09-30": "-0.32270", "2008-06-30": "-0.38740", "2008-03-31": "-0.36780", "2007-12-31": "-0.88200", "2007-09-30": "-0.30800", "2007-06-30": "-0.12800", "2007-03-31": "-0.24010", "2006-12-31": "-0.69490", "2006-09-30": "-0.13590", "2006-06-30": "0.04360", "2006-03-31": "-0.11550", "2005-12-31": "-0.32950", "2005-09-30": "0.15490", "2005-06-30": "0.26490", "2005-03-31": "0.20940"}, "Book Value Per Share": {"2020-09-30": "9.00350", "2020-06-30": "9.12990", "2020-03-31": "9.24800", "2019-12-31": "9.33750", "2019-09-30": "9.41150", "2019-06-30": "9.28890", "2019-03-31": "9.08150", "2018-12-31": "9.17180", "2018-09-30": "9.13570", "2018-06-30": "9.11050", "2018-03-31": "8.87280", "2017-12-31": "8.97490", "2017-09-30": "8.97220", "2017-06-30": "8.99750", "2017-03-31": "9.09910", "2016-12-31": "9.22480", "2016-09-30": "9.73950", "2016-06-30": "9.58110", "2016-03-31": "9.50590", "2015-12-31": "9.41700", "2015-09-30": "9.04350", "2015-06-30": "8.83640", "2015-03-31": "8.79590", "2014-12-31": "8.84150", "2014-09-30": "8.41000", "2014-06-30": "8.06870", "2014-03-31": "7.89830", "2013-12-31": "7.84630", "2013-09-30": "7.56450", "2013-06-30": "7.46060", "2013-03-31": "7.42650", "2012-12-31": "7.51100", "2012-09-30": "7.45540", "2012-06-30": "7.86160", "2012-03-31": "7.96940", "2011-12-31": "8.15440", "2011-09-30": "7.54990", "2011-06-30": "7.57320", "2011-03-31": "7.62580", "2010-12-31": "7.76300", "2010-09-30": "7.80180", "2010-06-30": "7.82350", "2010-03-31": "7.89970", "2009-12-31": "7.97940", "2009-09-30": "8.03970", "2009-06-30": "8.80700", "2009-03-31": "9.03970", "2008-12-31": "9.07500", "2008-09-30": "9.17180", "2008-06-30": "9.25700", "2008-03-31": "9.38470", "2007-12-31": "9.65000", "2007-09-30": "9.94150", "2007-06-30": "10.30480", "2007-03-31": "10.58640", "2006-12-31": "10.94430", "2006-09-30": "11.34090", "2006-06-30": "11.71340", "2006-03-31": "12.00880", "2005-12-31": "12.25170", "2005-09-30": "8.94130", "2005-06-30": "9.17550", "2005-03-31": "9.39120"}, "Operating Cash Flow Per Share": {"2020-09-30": 0.4059, "2020-06-30": 0.5541, "2020-03-31": "0.41670", "2019-12-31": 0.3911, "2019-09-30": 0.4104, "2019-06-30": 0.5289, "2019-03-31": "0.40140", "2018-12-31": 0.3858, "2018-09-30": 0.4112, "2018-06-30": 0.4828, "2018-03-31": "0.36090", "2017-12-31": 0.375, "2017-09-30": 0.4222, "2017-06-30": 0.437, "2017-03-31": "0.37460", "2016-12-31": 0.3413, "2016-09-30": 0.4244, "2016-06-30": 0.3423, "2016-03-31": "0.35840", "2015-12-31": 0.3258, "2015-09-30": 0.3523, "2015-06-30": 0.3387, "2015-03-31": "0.25980", "2014-12-31": 0.3181, "2014-09-30": 0.2955, "2014-06-30": 0.2727, "2014-03-31": "0.21420", "2013-12-31": 0.2849, "2013-09-30": 0.2637, "2013-06-30": 0.2896, "2013-03-31": "0.19900", "2012-12-31": 0.2577, "2012-09-30": 0.2642, "2012-06-30": 0.2593, "2012-03-31": "0.16970", "2011-12-31": 0.177, "2011-09-30": 0.2558, "2011-06-30": 0.2317, "2011-03-31": "0.15440", "2010-12-31": 0.2172, "2010-09-30": 0.2483, "2010-06-30": 0.1781, "2010-03-31": "0.11720", "2009-12-31": 0.252, "2009-09-30": 0.1574, "2009-06-30": 0.2713, "2009-03-31": "0.19570", "2008-12-31": 0.2399, "2008-09-30": 0.4217, "2008-06-30": 0.2976, "2008-03-31": "0.20380", "2007-12-31": 0.2991, "2007-09-30": 0.3639, "2007-06-30": 0.2021, "2007-03-31": "0.22540", "2006-12-31": 0.2856, "2006-09-30": 0.3199, "2006-06-30": 0.3762, "2006-03-31": "0.14540", "2005-12-31": 0.1157, "2005-09-30": 0.4046, "2005-06-30": 0.3262, "2005-03-31": "0.24600"}, "Free Cash Flow Per Share": {"2020-09-30": 0.2972, "2020-06-30": 0.1288, "2020-03-31": "0.30850", "2019-12-31": 0.0538, "2019-09-30": 0.2605, "2019-06-30": 0.3702, "2019-03-31": "0.23520", "2018-12-31": -0.3708, "2018-09-30": 0.0661, "2018-06-30": 0.3305, "2018-03-31": "0.30950", "2017-12-31": 0.041, "2017-09-30": 0.3805, "2017-06-30": 0.3182, "2017-03-31": "0.33450", "2016-12-31": -0.1213, "2016-09-30": -0.0546, "2016-06-30": -0.1149, "2016-03-31": "-0.57280", "2015-12-31": 1.2351, "2015-09-30": -0.6316, "2015-06-30": 0.5452, "2015-03-31": "-0.01720", "2014-12-31": 0.3598, "2014-09-30": 1.6171, "2014-06-30": -1.0978, "2014-03-31": "0.17840", "2013-12-31": 0.9421, "2013-09-30": 0.2305, "2013-06-30": -0.4813, "2013-03-31": "0.19830", "2012-12-31": 1.9681, "2012-09-30": -0.6056, "2012-06-30": -0.3103, "2012-03-31": "0.14140", "2011-12-31": -3.5763, "2011-09-30": 0.4354, "2011-06-30": -0.2571, "2011-03-31": "0.07290", "2010-12-31": -0.0165, "2010-09-30": -0.1252, "2010-06-30": 0.0992, "2010-03-31": "0.08910", "2009-12-31": 0.3226, "2009-09-30": 0.7476, "2009-06-30": 0.3262, "2009-03-31": "0.18960", "2008-12-31": 0.3916, "2008-09-30": 0.8352, "2008-06-30": 0.5011, "2008-03-31": "-0.11150", "2007-12-31": -0.2293, "2007-09-30": -1.8259, "2007-06-30": 0.3591, "2007-03-31": "-0.16390", "2006-12-31": 0.1571, "2006-09-30": -0.9938, "2006-06-30": -0.4288, "2006-03-31": "-3.71290", "2005-12-31": -1.7559, "2005-09-30": -3.9043, "2005-06-30": -1.3146, "2005-03-31": "-1.22050"}}, "revenue": {"CubeSmart Annual Revenue (Millions of US $)": {"2019": "$644", "2018": "$598", "2017": "$559", "2016": "$510", "2015": "$445", "2014": "$377", "2013": "$318", "2012": "$266", "2011": "$211", "2010": "$200", "2009": "$204", "2008": "$217", "2007": "$208", "2006": "$201", "2005": "$146"}, "CubeSmart Quarterly Revenue (Millions of US $)": {"2020-09-30": "$173", "2020-06-30": "$164", "2020-03-31": "$164", "2019-12-31": "$166", "2019-09-30": "$167", "2019-06-30": "$159", "2019-03-31": "$153", "2018-12-31": "$154", "2018-09-30": "$153", "2018-06-30": "$148", "2018-03-31": "$143", "2017-12-31": "$143", "2017-09-30": "$144", "2017-06-30": "$139", "2017-03-31": "$133", "2016-12-31": "$133", "2016-09-30": "$132", "2016-06-30": "$127", "2016-03-31": "$119", "2015-12-31": "$115", "2015-09-30": "$116", "2015-06-30": "$110", "2015-03-31": "$104", "2014-12-31": "$100", "2014-09-30": "$97", "2014-06-30": "$92", "2014-03-31": "$87", "2013-12-31": "$83", "2013-09-30": "$82", "2013-06-30": "$78", "2013-03-31": "$75", "2012-12-31": "$66", "2012-09-30": "$69", "2012-06-30": "$67", "2012-03-31": "$64", "2011-12-31": "$40", "2011-09-30": "$58", "2011-06-30": "$56", "2011-03-31": "$56", "2010-12-31": "$41", "2010-09-30": "$54", "2010-06-30": "$53", "2010-03-31": "$52", "2009-12-31": "$40", "2009-09-30": "$55", "2009-06-30": "$54", "2009-03-31": "$55", "2008-12-31": "$44", "2008-09-30": "$57", "2008-06-30": "$58", "2008-03-31": "$58", "2007-12-31": "$42", "2007-09-30": "$56", "2007-06-30": "$55", "2007-03-31": "$55", "2006-12-31": "$44", "2006-09-30": "$56", "2006-06-30": "$53", "2006-03-31": "$48", "2005-12-31": "$41", "2005-09-30": "$41", "2005-06-30": "$34", "2005-03-31": "$30"}}, "gross-profit": {"CubeSmart Annual Gross Profit (Millions of US $)": {"2019": "$434", "2018": "$401", "2017": "$377", "2016": "$344", "2015": "$291", "2014": "$244", "2013": "$200", "2012": "$163", "2011": "$123", "2010": "$114", "2009": "$115", "2008": "$125", "2007": "$119", "2006": "$119", "2005": "$91"}, "CubeSmart Quarterly Gross Profit (Millions of US $)": {"2020-09-30": "$115", "2020-06-30": "$108", "2020-03-31": "$108", "2019-12-31": "$111", "2019-09-30": "$113", "2019-06-30": "$109", "2019-03-31": "$101", "2018-12-31": "$104", "2018-09-30": "$105", "2018-06-30": "$98", "2018-03-31": "$94", "2017-12-31": "$99", "2017-09-30": "$97", "2017-06-30": "$94", "2017-03-31": "$88", "2016-12-31": "$90", "2016-09-30": "$90", "2016-06-30": "$85", "2016-03-31": "$79", "2015-12-31": "$77", "2015-09-30": "$77", "2015-06-30": "$72", "2015-03-31": "$66", "2014-12-31": "$66", "2014-09-30": "$63", "2014-06-30": "$60", "2014-03-31": "$55", "2013-12-31": "$52", "2013-09-30": "$52", "2013-06-30": "$50", "2013-03-31": "$45", "2012-12-31": "$42", "2012-09-30": "$42", "2012-06-30": "$41", "2012-03-31": "$38", "2011-12-31": "$25", "2011-09-30": "$34", "2011-06-30": "$33", "2011-03-31": "$31", "2010-12-31": "$25", "2010-09-30": "$31", "2010-06-30": "$29", "2010-03-31": "$29", "2009-12-31": "$23", "2009-09-30": "$32", "2009-06-30": "$29", "2009-03-31": "$31", "2008-12-31": "$25", "2008-09-30": "$33", "2008-06-30": "$34", "2008-03-31": "$33", "2007-12-31": "$22", "2007-09-30": "$32", "2007-06-30": "$34", "2007-03-31": "$32", "2006-12-31": "$24", "2006-09-30": "$34", "2006-06-30": "$32", "2006-03-31": "$29", "2005-12-31": "$23", "2005-09-30": "$27", "2005-06-30": "$22", "2005-03-31": "$19"}}, "operating-income": {"CubeSmart Annual Operating Income (Millions of US $)": {"2019": "$232", "2018": "$220", "2017": "$196", "2016": "$143", "2015": "$108", "2014": "$82", "2013": "$54", "2012": "$24", "2011": "$37", "2010": "$30", "2009": "$26", "2008": "$28", "2007": "$31", "2006": "$34", "2005": "$33"}, "CubeSmart Quarterly Operating Income (Millions of US $)": {"2020-09-30": "$67", "2020-06-30": "$59", "2020-03-31": "$57", "2019-12-31": "$60", "2019-09-30": "$60", "2019-06-30": "$58", "2019-03-31": "$54", "2018-12-31": "$55", "2018-09-30": "$60", "2018-06-30": "$55", "2018-03-31": "$50", "2017-12-31": "$56", "2017-09-30": "$52", "2017-06-30": "$48", "2017-03-31": "$40", "2016-12-31": "$42", "2016-09-30": "$40", "2016-06-30": "$33", "2016-03-31": "$29", "2015-12-31": "$32", "2015-09-30": "$30", "2015-06-30": "$26", "2015-03-31": "$21", "2014-12-31": "$18", "2014-09-30": "$23", "2014-06-30": "$22", "2014-03-31": "$19", "2013-12-31": "$15", "2013-09-30": "$16", "2013-06-30": "$14", "2013-03-31": "$9", "2012-12-31": "$3", "2012-09-30": "$7", "2012-06-30": "$7", "2012-03-31": "$7", "2011-12-31": "$3", "2011-09-30": "$13", "2011-06-30": "$10", "2011-03-31": "$10", "2010-12-31": "$6", "2010-09-30": "$9", "2010-06-30": "$7", "2010-03-31": "$7", "2009-12-31": "$4", "2009-09-30": "$8", "2009-06-30": "$6", "2009-03-31": "$8", "2008-12-31": "$4", "2008-09-30": "$8", "2008-06-30": "$7", "2008-03-31": "$8", "2007-12-31": "$2", "2007-09-30": "$9", "2007-06-30": "$11", "2007-03-31": "$9", "2006-12-31": "$3", "2006-09-30": "$10", "2006-06-30": "$12", "2006-03-31": "$9", "2005-12-31": "$3", "2005-09-30": "$12", "2005-06-30": "$10", "2005-03-31": "$8"}}, "ebitda": {"CubeSmart Annual EBITDA (Millions of US $)": {"2019": "$398", "2018": "$366", "2017": "$344", "2016": "$307", "2015": "$262", "2014": "$211", "2013": "$172", "2012": "$142", "2011": "$110", "2010": "$100", "2009": "$102", "2008": "$108", "2007": "$103", "2006": "$101", "2005": "$75"}, "CubeSmart Quarterly EBITDA (Millions of US $)": {"2020-09-30": "$106", "2020-06-30": "$100", "2020-03-31": "$99", "2019-12-31": "$102", "2019-09-30": "$104", "2019-06-30": "$100", "2019-03-31": "$93", "2018-12-31": "$94", "2018-09-30": "$95", "2018-06-30": "$91", "2018-03-31": "$86", "2017-12-31": "$91", "2017-09-30": "$89", "2017-06-30": "$85", "2017-03-31": "$79", "2016-12-31": "$82", "2016-09-30": "$82", "2016-06-30": "$75", "2016-03-31": "$69", "2015-12-31": "$69", "2015-09-30": "$69", "2015-06-30": "$64", "2015-03-31": "$59", "2014-12-31": "$55", "2014-09-30": "$55", "2014-06-30": "$53", "2014-03-31": "$47", "2013-12-31": "$43", "2013-09-30": "$46", "2013-06-30": "$44", "2013-03-31": "$39", "2012-12-31": "$36", "2012-09-30": "$37", "2012-06-30": "$35", "2012-03-31": "$34", "2011-12-31": "$26", "2011-09-30": "$30", "2011-06-30": "$28", "2011-03-31": "$27", "2010-12-31": "$24", "2010-09-30": "$26", "2010-06-30": "$25", "2010-03-31": "$25", "2009-12-31": "$22", "2009-09-30": "$27", "2009-06-30": "$25", "2009-03-31": "$27", "2008-12-31": "$23", "2008-09-30": "$29", "2008-06-30": "$28", "2008-03-31": "$29", "2007-12-31": "$22", "2007-09-30": "$26", "2007-06-30": "$28", "2007-03-31": "$26", "2006-12-31": "$21", "2006-09-30": "$27", "2006-06-30": "$28", "2006-03-31": "$24", "2005-12-31": "$16", "2005-09-30": "$24", "2005-06-30": "$19", "2005-03-31": "$16"}}, "net-income": {"CubeSmart Annual Net Income (Millions of US $)": {"2019": "$169", "2018": "$164", "2017": "$134", "2016": "$80", "2015": "$72", "2014": "$20", "2013": "$35", "2012": "$-4", "2011": "$-2", "2010": "$-7", "2009": "$-1", "2008": "$3", "2007": "$-13", "2006": "$-9", "2005": "$2"}, "CubeSmart Quarterly Net Income (Millions of US $)": {"2020-09-30": "$47", "2020-06-30": "$39", "2020-03-31": "$38", "2019-12-31": "$42", "2019-09-30": "$42", "2019-06-30": "$49", "2019-03-31": "$35", "2018-12-31": "$48", "2018-09-30": "$43", "2018-06-30": "$38", "2018-03-31": "$34", "2017-12-31": "$40", "2017-09-30": "$37", "2017-06-30": "$32", "2017-03-31": "$25", "2016-12-31": "$23", "2016-09-30": "$23", "2016-06-30": "$19", "2016-03-31": "$14", "2015-12-31": "$36", "2015-09-30": "$17", "2015-06-30": "$12", "2015-03-31": "$7", "2014-12-31": "$4", "2014-09-30": "$7", "2014-06-30": "$6", "2014-03-31": "$3", "2013-12-31": "$21", "2013-09-30": "$15", "2013-06-30": "$1", "2013-03-31": "$-2", "2012-12-31": "$-0", "2012-09-30": "$0", "2012-06-30": "$1", "2012-03-31": "$-5", "2011-12-31": "$-9", "2011-09-30": "$7", "2011-06-30": "$1", "2011-03-31": "$-0", "2010-12-31": "$2", "2010-09-30": "$-1", "2010-06-30": "$-5", "2010-03-31": "$-3", "2009-12-31": "$-3", "2009-09-30": "$7", "2009-06-30": "$-3", "2009-03-31": "$-2", "2008-12-31": "$2", "2008-09-30": "$4", "2008-06-30": "$0", "2008-03-31": "$-4", "2007-12-31": "$-6", "2007-09-30": "$-4", "2007-06-30": "$0", "2007-03-31": "$-3", "2006-12-31": "$-6", "2006-09-30": "$-2", "2006-06-30": "$1", "2006-03-31": "$-2", "2005-12-31": "$-4", "2005-09-30": "$2", "2005-06-30": "$2", "2005-03-31": "$2"}}, "eps-earnings-per-share-diluted": {"CubeSmart Annual EPS": {"2019": "$0.88", "2018": "$0.88", "2017": "$0.74", "2016": "$0.45", "2015": "$0.42", "2014": "$0.14", "2013": "$0.26", "2012": "$-0.03", "2011": "$-0.02", "2010": "$-0.08", "2009": "$-0.01", "2008": "$0.05", "2007": "$-0.22", "2006": "$-0.15", "2005": "$0.04"}, "CubeSmart Quarterly EPS": {"2020-09-30": "$0.24", "2020-06-30": "$0.20", "2020-03-31": "$0.20", "2019-12-31": "$0.21", "2019-09-30": "$0.22", "2019-06-30": "$0.26", "2019-03-31": "$0.19", "2018-12-31": "$0.25", "2018-09-30": "$0.23", "2018-06-30": "$0.21", "2018-03-31": "$0.19", "2017-12-31": "$0.21", "2017-09-30": "$0.21", "2017-06-30": "$0.18", "2017-03-31": "$0.14", "2016-12-31": "$0.13", "2016-09-30": "$0.13", "2016-06-30": "$0.11", "2016-03-31": "$0.08", "2015-12-31": "$0.21", "2015-09-30": "$0.10", "2015-06-30": "$0.07", "2015-03-31": "$0.04", "2014-12-31": "$0.03", "2014-09-30": "$0.05", "2014-06-30": "$0.04", "2014-03-31": "$0.02", "2013-12-31": "$0.15", "2013-09-30": "$0.11", "2013-06-30": "$0.01", "2013-03-31": "$-0.01", "2012-12-31": "$0.00", "2012-09-30": "$0.00", "2012-06-30": "$0.01", "2012-03-31": "$-0.04", "2011-12-31": "$-0.10", "2011-09-30": "$0.07", "2011-06-30": "$0.01", "2011-03-31": "$-0.00", "2010-12-31": "$0.03", "2010-09-30": "$-0.02", "2010-06-30": "$-0.05", "2010-03-31": "$-0.04", "2009-12-31": "$-0.02", "2009-09-30": "$0.09", "2009-06-30": "$-0.05", "2009-03-31": "$-0.03", "2008-12-31": "$0.04", "2008-09-30": "$0.07", "2008-06-30": "$0.01", "2008-03-31": "$-0.07", "2007-12-31": "$-0.10", "2007-09-30": "$-0.07", "2007-06-30": "$0.01", "2007-03-31": "$-0.06", "2006-12-31": "$-0.10", "2006-09-30": "$-0.03", "2006-06-30": "$0.01", "2006-03-31": "$-0.03", "2005-12-31": "$-0.10", "2005-09-30": "$0.04", "2005-06-30": "$0.06", "2005-03-31": "$0.04"}}, "shares-outstanding": {"CubeSmart Annual Shares Outstanding (Millions of Shares)": {"2019": "192", "2018": "185", "2017": "181", "2016": "180", "2015": "170", "2014": "151", "2013": "138", "2012": "125", "2011": "103", "2010": "94", "2009": "71", "2008": "58", "2007": "57", "2006": "57", "2005": "42"}, "CubeSmart Quarterly Shares Outstanding (Millions of Shares)": {"2020-09-30": "195", "2020-06-30": "194", "2020-03-31": "194", "2019-12-31": "192", "2019-09-30": "194", "2019-06-30": "191", "2019-03-31": "188", "2018-12-31": "185", "2018-09-30": "187", "2018-06-30": "185", "2018-03-31": "183", "2017-12-31": "181", "2017-09-30": "181", "2017-06-30": "181", "2017-03-31": "181", "2016-12-31": "180", "2016-09-30": "180", "2016-06-30": "179", "2016-03-31": "177", "2015-12-31": "170", "2015-09-30": "171", "2015-06-30": "168", "2015-03-31": "167", "2014-12-31": "151", "2014-09-30": "152", "2014-06-30": "147", "2014-03-31": "143", "2013-12-31": "138", "2013-09-30": "138", "2013-06-30": "134", "2013-03-31": "133", "2012-12-31": "125", "2012-09-30": "124", "2012-06-30": "123", "2012-03-31": "122", "2011-12-31": "103", "2011-09-30": "100", "2011-06-30": "99", "2011-03-31": "99", "2010-12-31": "94", "2010-09-30": "94", "2010-06-30": "93", "2010-03-31": "93", "2009-12-31": "71", "2009-09-30": "75", "2009-06-30": "58", "2009-03-31": "58", "2008-12-31": "58", "2008-09-30": "58", "2008-06-30": "58", "2008-03-31": "58", "2007-12-31": "57", "2007-09-30": "58", "2007-06-30": "57", "2007-03-31": "57", "2006-12-31": "57", "2006-09-30": "57", "2006-06-30": "57", "2006-03-31": "57", "2005-12-31": "42", "2005-09-30": "38", "2005-06-30": "38", "2005-03-31": "37"}}, "total-assets": {"CubeSmart Annual Total Assets (Millions of US $)": {"2019": "$4,030", "2018": "$3,753", "2017": "$3,545", "2016": "$3,475", "2015": "$3,104", "2014": "$2,786", "2013": "$2,359", "2012": "$2,150", "2011": "$1,876", "2010": "$1,479", "2009": "$1,599", "2008": "$1,598", "2007": "$1,688", "2006": "$1,615", "2005": "$1,476"}, "CubeSmart Quarterly Total Assets (Millions of US $)": {"2020-09-30": "$4,029", "2020-06-30": "$4,024", "2020-03-31": "$4,003", "2019-12-31": "$4,030", "2019-09-30": "$3,950", "2019-06-30": "$3,947", "2019-03-31": "$3,814", "2018-12-31": "$3,753", "2018-09-30": "$3,640", "2018-06-30": "$3,585", "2018-03-31": "$3,566", "2017-12-31": "$3,545", "2017-09-30": "$3,503", "2017-06-30": "$3,493", "2017-03-31": "$3,466", "2016-12-31": "$3,475", "2016-09-30": "$3,519", "2016-06-30": "$3,363", "2016-03-31": "$3,207", "2015-12-31": "$3,104", "2015-09-30": "$2,930", "2015-06-30": "$2,864", "2015-03-31": "$2,808", "2014-12-31": "$2,786", "2014-09-30": "$2,545", "2014-06-30": "$2,503", "2014-03-31": "$2,443", "2013-12-31": "$2,359", "2013-09-30": "$2,203", "2013-06-30": "$2,198", "2013-03-31": "$2,113", "2012-12-31": "$2,150", "2012-09-30": "$2,168", "2012-06-30": "$2,089", "2012-03-31": "$1,938", "2011-12-31": "$1,876", "2011-09-30": "$1,503", "2011-06-30": "$1,509", "2011-03-31": "$1,476", "2010-12-31": "$1,479", "2010-09-30": "$1,497", "2010-06-30": "$1,485", "2010-03-31": "$1,502", "2009-12-31": "$1,599", "2009-09-30": "$1,568", "2009-06-30": "$1,563", "2009-03-31": "$1,575", "2008-12-31": "$1,598", "2008-09-30": "$1,623", "2008-06-30": "$1,657", "2008-03-31": "$1,682", "2007-12-31": "$1,688", "2007-09-30": "$1,699", "2007-06-30": "$1,588", "2007-03-31": "$1,607", "2006-12-31": "$1,615", "2006-09-30": "$1,625", "2006-06-30": "$1,551", "2006-03-31": "$1,512", "2005-12-31": "$1,476", "2005-09-30": "$1,192", "2005-06-30": "$880", "2005-03-31": "$819"}}, "cash-on-hand": {"CubeSmart Annual Cash on Hand (Millions of US $)": {"2019": "$58", "2018": "$6", "2017": "$9", "2016": "$11", "2015": "$87", "2014": "$6", "2013": "$7", "2012": "$11", "2011": "$20", "2010": "$16", "2009": "$119", "2008": "$20", "2007": "$20", "2006": "$34", "2005": "$118"}, "CubeSmart Quarterly Cash on Hand (Millions of US $)": {"2020-09-30": "$7", "2020-06-30": "$6", "2020-03-31": "$38", "2019-12-31": "$58", "2019-09-30": "$13", "2019-06-30": "$15", "2019-03-31": "$7", "2018-12-31": "$6", "2018-09-30": "$6", "2018-06-30": "$10", "2018-03-31": "$9", "2017-12-31": "$9", "2017-09-30": "$10", "2017-06-30": "$12", "2017-03-31": "$10", "2016-12-31": "$11", "2016-09-30": "$95", "2016-06-30": "$12", "2016-03-31": "$5", "2015-12-31": "$87", "2015-09-30": "$6", "2015-06-30": "$6", "2015-03-31": "$7", "2014-12-31": "$6", "2014-09-30": "$36", "2014-06-30": "$14", "2014-03-31": "$7", "2013-12-31": "$7", "2013-09-30": "$7", "2013-06-30": "$9", "2013-03-31": "$8", "2012-12-31": "$11", "2012-09-30": "$10", "2012-06-30": "$144", "2012-03-31": "$19", "2011-12-31": "$20", "2011-09-30": "$24", "2011-06-30": "$12", "2011-03-31": "$14", "2010-12-31": "$16", "2010-09-30": "$39", "2010-06-30": "$46", "2010-03-31": "$55", "2009-12-31": "$119", "2009-09-30": "$77", "2009-06-30": "$20", "2009-03-31": "$18", "2008-12-31": "$20", "2008-09-30": "$21", "2008-06-30": "$19", "2008-03-31": "$22", "2007-12-31": "$20", "2007-09-30": "$25", "2007-06-30": "$20", "2007-03-31": "$21", "2006-12-31": "$34", "2006-09-30": "$31", "2006-06-30": "$29", "2006-03-31": "$34", "2005-12-31": "$118", "2005-09-30": "$30", "2005-06-30": "$20", "2005-03-31": "$17"}}, "long-term-debt": {"CubeSmart Annual Long Term Debt (Millions of US $)": {"2019": "$1,932", "2018": "$1,747", "2017": "$1,635", "2016": "$1,596", "2015": "$1,252", "2014": "$1,174", "2013": "$1,139", "2012": "$1,024", "2011": "$758", "2010": "$615", "2009": "$769", "2008": "$978", "2007": "$1,028", "2006": "$879", "2005": "$669"}, "CubeSmart Quarterly Long Term Debt (Millions of US $)": {"2020-09-30": "$1,968", "2020-06-30": "$1,947", "2020-03-31": "$1,931", "2019-12-31": "$1,932", "2019-09-30": "$1,824", "2019-06-30": "$1,853", "2019-03-31": "$1,792", "2018-12-31": "$1,747", "2018-09-30": "$1,646", "2018-06-30": "$1,600", "2018-03-31": "$1,689", "2017-12-31": "$1,635", "2017-09-30": "$1,620", "2017-06-30": "$1,614", "2017-03-31": "$1,599", "2016-12-31": "$1,596", "2016-09-30": "$1,553", "2016-06-30": "$1,430", "2016-03-31": "$1,296", "2015-12-31": "$1,252", "2015-09-30": "$1,188", "2015-06-30": "$1,204", "2015-03-31": "$1,177", "2014-12-31": "$1,174", "2014-09-30": "$1,116", "2014-06-30": "$1,181", "2014-03-31": "$1,197", "2013-12-31": "$1,139", "2013-09-30": "$1,044", "2013-06-30": "$1,074", "2013-03-31": "$1,006", "2012-12-31": "$1,024", "2012-09-30": "$1,074", "2012-06-30": "$995", "2012-03-31": "$838", "2011-12-31": "$758", "2011-09-30": "$646", "2011-06-30": "$657", "2011-03-31": "$623", "2010-12-31": "$615", "2010-09-30": "$656", "2010-06-30": "$666", "2010-03-31": "$683", "2009-12-31": "$769", "2009-09-30": "$728", "2009-06-30": "$944", "2009-03-31": "$966", "2008-12-31": "$978", "2008-09-30": "$991", "2008-06-30": "$1,026", "2008-03-31": "$1,042", "2007-12-31": "$1,028", "2007-09-30": "$1,019", "2007-06-30": "$891", "2007-03-31": "$894", "2006-12-31": "$879", "2006-09-30": "$864", "2006-06-30": "$773", "2006-03-31": "$720", "2005-12-31": "$669", "2005-09-30": "$741", "2005-06-30": "$489", "2005-03-31": "$422"}}, "total-liabilities": {"CubeSmart Annual Total Liabilities (Millions of US $)": {"2019": "$2,222", "2018": "$2,037", "2017": "$1,910", "2016": "$1,814", "2015": "$1,459", "2014": "$1,337", "2013": "$1,265", "2012": "$1,160", "2011": "$881", "2010": "$713", "2009": "$860", "2008": "$1,075", "2007": "$1,132", "2006": "$988", "2005": "$778"}, "CubeSmart Quarterly Total Liabilities (Millions of US $)": {"2020-09-30": "$2,284", "2020-06-30": "$2,256", "2020-03-31": "$2,212", "2019-12-31": "$2,222", "2019-09-30": "$2,129", "2019-06-30": "$2,167", "2019-03-31": "$2,106", "2018-12-31": "$2,037", "2018-09-30": "$1,938", "2018-06-30": "$1,891", "2018-03-31": "$1,948", "2017-12-31": "$1,910", "2017-09-30": "$1,880", "2017-06-30": "$1,872", "2017-03-31": "$1,827", "2016-12-31": "$1,814", "2016-09-30": "$1,767", "2016-06-30": "$1,655", "2016-03-31": "$1,523", "2015-12-31": "$1,459", "2015-09-30": "$1,384", "2015-06-30": "$1,384", "2015-03-31": "$1,347", "2014-12-31": "$1,337", "2014-09-30": "$1,256", "2014-06-30": "$1,316", "2014-03-31": "$1,319", "2013-12-31": "$1,265", "2013-09-30": "$1,171", "2013-06-30": "$1,195", "2013-03-31": "$1,124", "2012-12-31": "$1,160", "2012-09-30": "$1,218", "2012-06-30": "$1,124", "2012-03-31": "$963", "2011-12-31": "$881", "2011-09-30": "$756", "2011-06-30": "$761", "2011-03-31": "$722", "2010-12-31": "$713", "2010-09-30": "$753", "2010-06-30": "$758", "2010-03-31": "$768", "2009-12-31": "$860", "2009-09-30": "$825", "2009-06-30": "$1,033", "2009-03-31": "$1,054", "2008-12-31": "$1,075", "2008-09-30": "$1,094", "2008-06-30": "$1,124", "2008-03-31": "$1,141", "2007-12-31": "$1,132", "2007-09-30": "$1,126", "2007-06-30": "$995", "2007-03-31": "$1,000", "2006-12-31": "$988", "2006-09-30": "$975", "2006-06-30": "$881", "2006-03-31": "$826", "2005-12-31": "$778", "2005-09-30": "$858", "2005-06-30": "$537", "2005-03-31": "$468"}}, "total-share-holder-equity": {"CubeSmart Annual Share Holder Equity (Millions of US $)": {"2019": "$1,807", "2018": "$1,716", "2017": "$1,635", "2016": "$1,661", "2015": "$1,645", "2014": "$1,450", "2013": "$1,093", "2012": "$990", "2011": "$995", "2010": "$765", "2009": "$739", "2008": "$523", "2007": "$556", "2006": "$627", "2005": "$698"}, "CubeSmart Quarterly Share Holder Equity (Millions of US $)": {"2020-09-30": "$1,744", "2020-06-30": "$1,769", "2020-03-31": "$1,790", "2019-12-31": "$1,807", "2019-09-30": "$1,822", "2019-06-30": "$1,780", "2019-03-31": "$1,709", "2018-12-31": "$1,716", "2018-09-30": "$1,702", "2018-06-30": "$1,693", "2018-03-31": "$1,617", "2017-12-31": "$1,635", "2017-09-30": "$1,623", "2017-06-30": "$1,621", "2017-03-31": "$1,639", "2016-12-31": "$1,661", "2016-09-30": "$1,752", "2016-06-30": "$1,708", "2016-03-31": "$1,684", "2015-12-31": "$1,645", "2015-09-30": "$1,546", "2015-06-30": "$1,480", "2015-03-31": "$1,461", "2014-12-31": "$1,450", "2014-09-30": "$1,289", "2014-06-30": "$1,187", "2014-03-31": "$1,123", "2013-12-31": "$1,093", "2013-09-30": "$1,032", "2013-06-30": "$1,003", "2013-03-31": "$989", "2012-12-31": "$990", "2012-09-30": "$950", "2012-06-30": "$964", "2012-03-31": "$975", "2011-12-31": "$995", "2011-09-30": "$747", "2011-06-30": "$749", "2011-03-31": "$754", "2010-12-31": "$765", "2010-09-30": "$745", "2010-06-30": "$727", "2010-03-31": "$734", "2009-12-31": "$739", "2009-09-30": "$743", "2009-06-30": "$530", "2009-03-31": "$521", "2008-12-31": "$523", "2008-09-30": "$529", "2008-06-30": "$533", "2008-03-31": "$540", "2007-12-31": "$556", "2007-09-30": "$572", "2007-06-30": "$592", "2007-03-31": "$608", "2006-12-31": "$627", "2006-09-30": "$650", "2006-06-30": "$670", "2006-03-31": "$687", "2005-12-31": "$698", "2005-09-30": "$334", "2005-06-30": "$343", "2005-03-31": "$351"}}, "profit-margins": {"current": "24.83%"}, "gross margin": {"2020-09-30": "66.27%", "2020-06-30": "66.57%", "2020-03-31": "67.23%", "2019-12-31": "67.29%", "2019-09-30": "67.46%", "2019-06-30": "67.69%", "2019-03-31": "67.11%", "2018-12-31": "67.06%", "2018-09-30": "67.46%", "2018-06-30": "67.13%", "2018-03-31": "67.49%", "2017-12-31": "67.62%", "2017-09-30": "67.21%", "2017-06-30": "67.41%", "2017-03-31": "67.24%", "2016-12-31": "67.32%", "2016-09-30": "67.14%", "2016-06-30": "66.67%", "2016-03-31": "66.30%", "2015-12-31": "65.62%", "2015-09-30": "65.35%", "2015-06-30": "64.96%", "2015-03-31": "64.89%", "2014-12-31": "64.89%", "2014-09-30": "64.07%", "2014-06-30": "63.66%", "2014-03-31": "63.33%", "2013-12-31": "62.58%", "2013-09-30": "62.79%", "2013-06-30": "62.15%", "2013-03-31": "61.37%", "2012-12-31": "61.28%", "2012-09-30": "60.83%", "2012-06-30": "60.26%", "2012-03-31": "59.63%", "2011-12-31": "58.57%", "2011-09-30": "58.29%", "2011-06-30": "57.97%", "2011-03-31": "56.86%", "2010-12-31": "57.00%", "2010-09-30": "56.28%", "2010-06-30": "56.50%", "2010-03-31": "56.22%", "2009-12-31": "56.37%", "2009-09-30": "56.25%", "2009-06-30": "56.19%", "2009-03-31": "57.48%", "2008-12-31": "57.60%", "2008-09-30": "56.74%", "2008-06-30": "56.54%", "2008-03-31": "57.35%", "2007-12-31": "57.69%", "2007-09-30": "58.10%", "2007-06-30": "59.05%", "2007-03-31": "58.65%", "2006-12-31": "59.20%", "2006-09-30": "59.60%", "2006-06-30": "60.66%", "2006-03-31": "61.59%", "2005-12-31": "62.33%"}, "operating margin": {"2020-09-30": "36.43%", "2020-06-30": "35.70%", "2020-03-31": "35.82%", "2019-12-31": "35.97%", "2019-09-30": "35.86%", "2019-06-30": "36.67%", "2019-03-31": "36.84%", "2018-12-31": "36.79%", "2018-09-30": "37.65%", "2018-06-30": "36.85%", "2018-03-31": "36.20%", "2017-12-31": "35.06%", "2017-09-30": "33.15%", "2017-06-30": "31.66%", "2017-03-31": "29.52%", "2016-12-31": "28.18%", "2016-09-30": "27.18%", "2016-06-30": "26.00%", "2016-03-31": "25.43%", "2015-12-31": "24.49%", "2015-09-30": "22.09%", "2015-06-30": "21.41%", "2015-03-31": "21.37%", "2014-12-31": "21.81%", "2014-09-30": "22.01%", "2014-06-30": "20.93%", "2014-03-31": "19.39%", "2013-12-31": "16.98%", "2013-09-30": "13.95%", "2013-06-30": "11.46%", "2013-03-31": "9.39%", "2012-12-31": "9.02%", "2012-09-30": "10.00%", "2012-06-30": "13.10%", "2012-03-31": "15.14%", "2011-12-31": "17.14%", "2011-09-30": "18.48%", "2011-06-30": "16.91%", "2011-03-31": "15.69%", "2010-12-31": "14.50%", "2010-09-30": "13.57%", "2010-06-30": "13.00%", "2010-03-31": "12.44%", "2009-12-31": "12.75%", "2009-09-30": "12.50%", "2009-06-30": "12.38%", "2009-03-31": "12.62%", "2008-12-31": "12.44%", "2008-09-30": "11.63%", "2008-06-30": "12.15%", "2008-03-31": "14.22%", "2007-12-31": "14.90%", "2007-09-30": "15.24%", "2007-06-30": "15.71%", "2007-03-31": "16.35%", "2006-12-31": "16.92%", "2006-09-30": "17.17%", "2006-06-30": "19.67%", "2006-03-31": "20.73%", "2005-12-31": "22.60%"}, "ebitda margin": {"2020-09-30": "61.02%", "2020-06-30": "61.27%", "2020-03-31": "61.74%", "2019-12-31": "61.86%", "2019-09-30": "61.77%", "2019-06-30": "61.71%", "2019-03-31": "61.35%", "2018-12-31": "61.20%", "2018-09-30": "61.84%", "2018-06-30": "61.76%", "2018-03-31": "61.69%", "2017-12-31": "61.54%", "2017-09-30": "61.02%", "2017-06-30": "61.08%", "2017-03-31": "60.57%", "2016-12-31": "60.27%", "2016-09-30": "59.84%", "2016-06-30": "59.12%", "2016-03-31": "58.91%", "2015-12-31": "58.65%", "2015-09-30": "57.44%", "2015-06-30": "56.69%", "2015-03-31": "56.49%", "2014-12-31": "55.85%", "2014-09-30": "55.15%", "2014-06-30": "54.94%", "2014-03-31": "54.55%", "2013-12-31": "54.09%", "2013-09-30": "54.82%", "2013-06-30": "54.17%", "2013-03-31": "53.07%", "2012-12-31": "53.38%", "2012-09-30": "55.00%", "2012-06-30": "54.59%", "2012-03-31": "54.13%", "2011-12-31": "52.86%", "2011-09-30": "51.66%", "2011-06-30": "50.72%", "2011-03-31": "50.00%", "2010-12-31": "50.00%", "2010-09-30": "49.25%", "2010-06-30": "49.50%", "2010-03-31": "49.25%", "2009-12-31": "49.51%", "2009-09-30": "49.04%", "2009-06-30": "49.52%", "2009-03-31": "50.00%", "2008-12-31": "50.23%", "2008-09-30": "50.23%", "2008-06-30": "49.07%", "2008-03-31": "49.76%", "2007-12-31": "49.04%", "2007-09-30": "48.10%", "2007-06-30": "48.57%", "2007-03-31": "49.04%", "2006-12-31": "49.75%", "2006-09-30": "47.98%", "2006-06-30": "50.27%", "2006-03-31": "50.61%", "2005-12-31": "51.37%"}, "pre tax profit margin": {"2020-09-30": "25.04%", "2020-06-30": "24.66%", "2020-03-31": "26.52%", "2019-12-31": "26.67%", "2019-09-30": "28.12%", "2019-06-30": "28.76%", "2019-03-31": "27.47%", "2018-12-31": "27.76%", "2018-09-30": "26.75%", "2018-06-30": "26.30%", "2018-03-31": "25.66%", "2017-12-31": "24.33%", "2017-09-30": "22.40%", "2017-06-30": "20.48%", "2017-03-31": "18.48%", "2016-12-31": "17.22%", "2016-09-30": "20.08%", "2016-06-30": "19.50%", "2016-03-31": "18.91%", "2015-12-31": "17.98%", "2015-09-30": "11.16%", "2015-06-30": "9.25%", "2015-03-31": "8.14%", "2014-12-31": "7.18%", "2014-09-30": "7.52%", "2014-06-30": "6.98%", "2014-03-31": "5.15%", "2013-12-31": "3.46%", "2013-09-30": "0.00%", "2013-06-30": "-2.08%", "2013-03-31": "-3.97%", "2012-12-31": "-4.89%", "2012-09-30": "-9.58%", "2012-06-30": "-8.73%", "2012-03-31": "-7.80%", "2011-12-31": "-6.19%", "2011-09-30": "-0.95%", "2011-06-30": "-3.38%", "2011-03-31": "-5.39%", "2010-12-31": "-7.50%", "2010-09-30": "-9.05%", "2010-06-30": "-10.00%", "2010-03-31": "-10.45%", "2009-12-31": "-10.29%", "2009-09-30": "-11.06%", "2009-06-30": "-11.43%", "2009-03-31": "-11.21%", "2008-12-31": "-11.98%", "2008-09-30": "-13.95%", "2008-06-30": "-14.02%", "2008-03-31": "-12.32%", "2007-12-31": "-11.54%", "2007-09-30": "-10.48%", "2007-06-30": "-9.05%", "2007-03-31": "-7.69%", "2006-12-31": "-6.97%", "2006-09-30": "-4.04%", "2006-06-30": "-2.19%", "2006-03-31": "-1.83%", "2005-12-31": "0.68%"}, "net profit margin": {"2020-09-30": "24.89%", "2020-06-30": "24.36%", "2020-03-31": "26.07%", "2019-12-31": "26.05%", "2019-09-30": "27.49%", "2019-06-30": "28.27%", "2019-03-31": "26.97%", "2018-12-31": "27.26%", "2018-09-30": "26.41%", "2018-06-30": "25.78%", "2018-03-31": "25.13%", "2017-12-31": "23.97%", "2017-09-30": "21.31%", "2017-06-30": "19.18%", "2017-03-31": "17.14%", "2016-12-31": "15.46%", "2016-09-30": "18.66%", "2016-06-30": "18.03%", "2016-03-31": "17.17%", "2015-12-31": "16.18%", "2015-09-30": "9.30%", "2015-06-30": "7.30%", "2015-03-31": "6.11%", "2014-12-31": "5.32%", "2014-09-30": "10.31%", "2014-06-30": "13.08%", "2014-03-31": "12.12%", "2013-12-31": "11.01%", "2013-09-30": "4.65%", "2013-06-30": "-0.35%", "2013-03-31": "-0.36%", "2012-12-31": "-1.50%", "2012-09-30": "-5.42%", "2012-06-30": "-2.62%", "2012-03-31": "-2.75%", "2011-12-31": "-0.48%", "2011-09-30": "4.74%", "2011-06-30": "0.97%", "2011-03-31": "-1.96%", "2010-12-31": "-3.50%", "2010-09-30": "-6.03%", "2010-06-30": "-2.00%", "2010-03-31": "-1.00%", "2009-12-31": "-0.49%", "2009-09-30": "1.92%", "2009-06-30": "0.48%", "2009-03-31": "1.87%", "2008-12-31": "0.92%", "2008-09-30": "-2.79%", "2008-06-30": "-6.54%", "2008-03-31": "-6.64%", "2007-12-31": "-6.25%", "2007-09-30": "-6.19%", "2007-06-30": "-5.24%", "2007-03-31": "-4.81%", "2006-12-31": "-4.48%", "2006-09-30": "-3.54%", "2006-06-30": "-1.64%", "2006-03-31": "-1.22%", "2005-12-31": "1.37%"}, "pe ratio": {"current": "21.01", "2021-02-05": "41.03", "2020-09-30": "37.19", "2020-06-30": "31.49", "2020-03-31": "28.82", "2019-12-31": "33.83", "2019-09-30": "35.52", "2019-06-30": "33.36", "2019-03-31": "33.44", "2018-12-31": "29.65", "2018-09-30": "30.87", "2018-06-30": "35.33", "2018-03-31": "31.79", "2017-12-31": "34.41", "2017-09-30": "34.74", "2017-06-30": "36.23", "2017-03-31": "43.99", "2016-12-31": "50.88", "2016-09-30": "44.38", "2016-06-30": "52.96", "2016-03-31": "61.76", "2015-12-31": "61.93", "2015-09-30": "97.45", "2015-06-30": "105.36", "2015-03-31": "130.92", "2014-12-31": "137.14", "2014-09-30": "55.47", "2014-06-30": "45.59", "2014-03-31": "46.79", "2013-12-31": "48.11", "2013-09-30": "126.24", "2013-06-30": "0.00", "2013-03-31": "0.00", "2012-12-31": "0.00", "2012-09-30": "0.00", "2012-06-30": "0.00", "2012-03-31": "0.00", "2011-12-31": "0.00", "2011-09-30": "62.31", "2011-06-30": "763.49", "2011-03-31": "0.00", "2010-12-31": "0.00", "2010-09-30": "0.00", "2010-06-30": "0.00", "2010-03-31": "0.00", "2009-12-31": "0.00", "2009-09-30": "87.94", "2009-06-30": "114.29", "2009-03-31": "15.54", "2008-12-31": "61.26", "2008-09-30": "0.00", "2008-06-30": "0.00", "2008-03-31": "0.00", "2007-12-31": "0.00", "2007-09-30": "0.00", "2007-06-30": "0.00", "2007-03-31": "0.00", "2006-12-31": "0.00"}, "price sales": {"2021-02-05": "10.26", "2020-09-30": "9.30", "2020-06-30": "7.75", "2020-03-31": "7.62", "2019-12-31": "8.93", "2019-09-30": "9.90", "2019-06-30": "9.51", "2019-03-31": "9.12", "2018-12-31": "8.17", "2018-09-30": "8.22", "2018-06-30": "9.27", "2018-03-31": "8.13", "2017-12-31": "8.37", "2017-09-30": "7.57", "2017-06-30": "7.08", "2017-03-31": "7.71", "2016-12-31": "8.04", "2016-09-30": "8.29", "2016-06-30": "9.50", "2016-03-31": "10.38", "2015-12-31": "9.66", "2015-09-30": "8.57", "2015-06-30": "7.36", "2015-03-31": "7.70", "2014-12-31": "7.01", "2014-09-30": "5.81", "2014-06-30": "5.98", "2014-03-31": "5.66", "2013-12-31": "5.33", "2013-09-30": "6.11", "2013-06-30": "5.54", "2013-03-31": "5.53", "2012-12-31": "5.15", "2012-09-30": "4.82", "2012-06-30": "4.29", "2012-03-31": "4.27", "2011-12-31": "3.71", "2011-09-30": "2.89", "2011-06-30": "3.55", "2011-03-31": "3.53", "2010-12-31": "3.19", "2010-09-30": "2.63", "2010-06-30": "2.20", "2010-03-31": "1.84", "2009-12-31": "1.63", "2009-09-30": "1.30", "2009-06-30": "0.94", "2009-03-31": "0.38", "2008-12-31": "0.81", "2008-09-30": "2.22", "2008-06-30": "2.14", "2008-03-31": "2.02", "2007-12-31": "1.63", "2007-09-30": "2.28", "2007-06-30": "2.77", "2007-03-31": "3.40", "2006-12-31": "3.53"}, "price book": {"current": "3.92", "2021-02-05": "3.92", "2020-09-30": "3.55", "2020-06-30": "2.90", "2020-03-31": "2.80", "2019-12-31": "3.22", "2019-09-30": "3.51", "2019-06-30": "3.38", "2019-03-31": "3.28", "2018-12-31": "2.88", "2018-09-30": "2.87", "2018-06-30": "3.22", "2018-03-31": "2.87", "2017-12-31": "2.88", "2017-09-30": "2.56", "2017-06-30": "2.34", "2017-03-31": "2.47", "2016-12-31": "2.48", "2016-09-30": "2.37", "2016-06-30": "2.71", "2016-03-31": "2.92", "2015-12-31": "2.70", "2015-09-30": "2.48", "2015-06-30": "2.15", "2015-03-31": "2.23", "2014-12-31": "2.02", "2014-09-30": "1.71", "2014-06-30": "1.81", "2014-03-31": "1.72", "2013-12-31": "1.59", "2013-09-30": "1.84", "2013-06-30": "1.66", "2013-03-31": "1.63", "2012-12-31": "1.48", "2012-09-30": "1.31", "2012-06-30": "1.12", "2012-03-31": "1.11", "2011-12-31": "0.96", "2011-09-30": "0.83", "2011-06-30": "1.01", "2011-03-31": "0.99", "2010-12-31": "0.88", "2010-09-30": "0.76", "2010-06-30": "0.68", "2010-03-31": "0.65", "2009-12-31": "0.65", "2009-09-30": "0.55", "2009-06-30": "0.39", "2009-03-31": "0.15", "2008-12-31": "0.34", "2008-09-30": "0.90", "2008-06-30": "0.86", "2008-03-31": "0.79", "2007-12-31": "0.61", "2007-09-30": "0.84", "2007-06-30": "0.98", "2007-03-31": "1.16", "2006-12-31": "1.13", "2006-09-30": "1.12", "2006-06-30": "0.94", "2006-03-31": "0.97"}, "price fcf": {"2021-02-05": "", "2020-09-30": "$0.79", "2020-06-30": "$0.75", "2020-03-31": "$0.99", "2019-12-31": "$0.92", "2019-09-30": "$0.50", "2019-06-30": "$0.30", "2019-03-31": "$0.26", "2018-12-31": "$0.34", "2018-09-30": "$0.75", "2018-06-30": "$1.06", "2018-03-31": "$1.05", "2017-12-31": "$1.07", "2017-09-30": "$0.91", "2017-06-30": "$0.48", "2017-03-31": "$0.04", "2016-12-31": "$-0.86", "2016-09-30": "$0.49", "2016-06-30": "$-0.08", "2016-03-31": "$0.58", "2015-12-31": "$1.13", "2015-09-30": "$0.26", "2015-06-30": "$2.50", "2015-03-31": "$0.86", "2014-12-31": "$1.06", "2014-09-30": "$1.64", "2014-06-30": "$0.25", "2014-03-31": "$0.87", "2013-12-31": "$0.89", "2013-09-30": "$1.92", "2013-06-30": "$1.08", "2013-03-31": "$1.25", "2012-12-31": "$1.19", "2012-09-30": "$-4.35", "2012-06-30": "$-3.31", "2012-03-31": "$-3.26", "2011-12-31": "$-3.33", "2011-09-30": "$0.23", "2011-06-30": "$-0.33", "2011-03-31": "$0.03", "2010-12-31": "$0.05", "2010-09-30": "$0.39", "2010-06-30": "$1.26", "2010-03-31": "$1.49", "2009-12-31": "$1.59", "2009-09-30": "$1.66", "2009-06-30": "$1.74", "2009-03-31": "$1.92", "2008-12-31": "$1.62", "2008-09-30": "$1.00", "2008-06-30": "$-1.67", "2008-03-31": "$-1.81", "2007-12-31": "$-1.86", "2007-09-30": "$-1.47", "2007-06-30": "$-0.64", "2007-03-31": "$-1.43", "2006-12-31": "$-4.98"}, "net worth": {"value": "$6.89B"}, "current ratio": {"2020-09-30": "0.04", "2020-06-30": "0.04", "2020-03-31": "0.28", "2019-12-31": "0.42", "2019-09-30": "0.09", "2019-06-30": "0.09", "2019-03-31": "0.04", "2018-12-31": "0.04", "2018-09-30": "0.04", "2018-06-30": "0.07", "2018-03-31": "0.07", "2017-12-31": "0.06", "2017-09-30": "0.08", "2017-06-30": "0.10", "2017-03-31": "0.09", "2016-12-31": "0.12", "2016-09-30": "1.02", "2016-06-30": "0.13", "2016-03-31": "0.06", "2015-12-31": "1.03", "2015-09-30": "0.07", "2015-06-30": "0.08", "2015-03-31": "0.10", "2014-12-31": "0.09", "2014-09-30": "0.56", "2014-06-30": "0.25", "2014-03-31": "0.15", "2013-12-31": "0.13", "2013-09-30": "0.13", "2013-06-30": "0.16", "2013-03-31": "0.16", "2012-12-31": "0.17", "2012-09-30": "0.16", "2012-06-30": "2.60", "2012-03-31": "0.41", "2011-12-31": "0.40", "2011-09-30": "0.47", "2011-06-30": "0.31", "2011-03-31": "0.43", "2010-12-31": "0.45", "2010-09-30": "0.95", "2010-06-30": "1.30", "2010-03-31": "2.08", "2009-12-31": "4.12", "2009-09-30": "1.99", "2009-06-30": "0.64", "2009-03-31": "0.60", "2008-12-31": "0.51", "2008-09-30": "0.63", "2008-06-30": "0.67", "2008-03-31": "0.76", "2007-12-31": "0.60", "2007-09-30": "0.92", "2007-06-30": "0.99", "2007-03-31": "1.03", "2006-12-31": "1.50", "2006-09-30": "1.37", "2006-06-30": "1.51", "2006-03-31": "2.12", "2005-12-31": "6.87", "2005-09-30": "1.63", "2005-06-30": "1.63", "2005-03-31": "1.72"}, "quick ratio": {"2020-09-30": "0.00", "2020-06-30": "0.00", "2020-03-31": "0.00", "2019-12-31": "0.00", "2019-09-30": "0.00", "2019-06-30": "0.00", "2019-03-31": "0.00", "2018-12-31": "0.00", "2018-09-30": "0.00", "2018-06-30": "0.00", "2018-03-31": "0.00", "2017-12-31": "0.00", "2017-09-30": "0.00", "2017-06-30": "0.00", "2017-03-31": "0.00", "2016-12-31": "0.00", "2016-09-30": "0.00", "2016-06-30": "0.00", "2016-03-31": "0.00", "2015-12-31": "0.00", "2015-09-30": "0.00", "2015-06-30": "0.00", "2015-03-31": "0.00", "2014-12-31": "0.00", "2014-09-30": "0.00", "2014-06-30": "0.00", "2014-03-31": "0.00", "2013-12-31": "0.00", "2013-09-30": "0.00", "2013-06-30": "0.00", "2013-03-31": "0.00", "2012-12-31": "0.00", "2012-09-30": "0.00", "2012-06-30": "0.00", "2012-03-31": "0.00", "2011-12-31": "0.00", "2011-09-30": "0.00", "2011-06-30": "0.00", "2011-03-31": "0.00", "2010-12-31": "0.00", "2010-09-30": "0.00", "2010-06-30": "0.00", "2010-03-31": "0.00", "2009-12-31": "0.00", "2009-09-30": "0.00", "2009-06-30": "0.00", "2009-03-31": "0.00", "2008-12-31": "0.00", "2008-09-30": "0.00", "2008-06-30": "0.00", "2008-03-31": "0.00", "2007-12-31": "0.00", "2007-09-30": "0.00", "2007-06-30": "0.00", "2007-03-31": "0.00", "2006-12-31": "0.00", "2006-09-30": "0.00", "2006-06-30": "0.00", "2006-03-31": "0.00", "2005-12-31": "0.00", "2005-09-30": "0.00", "2005-06-30": "0.00", "2005-03-31": "0.00"}, "debt equity ratio": {"current": "1.13", "2020-09-30": "1.31", "2020-06-30": "1.28", "2020-03-31": "1.24", "2019-12-31": "1.23", "2019-09-30": "1.17", "2019-06-30": "1.22", "2019-03-31": "1.23", "2018-12-31": "1.19", "2018-09-30": "1.14", "2018-06-30": "1.12", "2018-03-31": "1.21", "2017-12-31": "1.17", "2017-09-30": "1.16", "2017-06-30": "1.16", "2017-03-31": "1.11", "2016-12-31": "1.09", "2016-09-30": "1.01", "2016-06-30": "0.97", "2016-03-31": "0.90", "2015-12-31": "0.89", "2015-09-30": "0.90", "2015-06-30": "0.94", "2015-03-31": "0.92", "2014-12-31": "0.92", "2014-09-30": "0.98", "2014-06-30": "1.11", "2014-03-31": "1.18", "2013-12-31": "1.16", "2013-09-30": "1.13", "2013-06-30": "1.19", "2013-03-31": "1.14", "2012-12-31": "1.17", "2012-09-30": "1.28", "2012-06-30": "1.17", "2012-03-31": "0.99", "2011-12-31": "0.89", "2011-09-30": "1.01", "2011-06-30": "1.02", "2011-03-31": "0.96", "2010-12-31": "0.93", "2010-09-30": "1.01", "2010-06-30": "1.04", "2010-03-31": "1.05", "2009-12-31": "1.16", "2009-09-30": "1.11", "2009-06-30": "1.95", "2009-03-31": "2.02", "2008-12-31": "2.06", "2008-09-30": "2.07", "2008-06-30": "2.11", "2008-03-31": "2.11", "2007-12-31": "2.04", "2007-09-30": "1.97", "2007-06-30": "1.68", "2007-03-31": "1.65", "2006-12-31": "1.57", "2006-09-30": "1.50", "2006-06-30": "1.32", "2006-03-31": "1.20", "2005-12-31": "1.11", "2005-09-30": "2.57", "2005-06-30": "1.57", "2005-03-31": "1.33"}, "return on equity": {"2020-09-30": "9.34%", "2020-06-30": "8.96%", "2020-03-31": "9.50%", "2019-12-31": "9.44%", "2019-09-30": "9.90%", "2019-06-30": "10.13%", "2019-03-31": "9.62%", "2018-12-31": "9.69%", "2018-09-30": "9.33%", "2018-06-30": "9.07%", "2018-03-31": "8.81%", "2017-12-31": "8.22%", "2017-09-30": "7.15%", "2017-06-30": "6.17%", "2017-03-31": "5.33%", "2016-12-31": "4.64%", "2016-09-30": "5.42%", "2016-06-30": "5.23%", "2016-03-31": "4.97%", "2015-12-31": "4.70%", "2015-09-30": "2.69%", "2015-06-30": "2.11%", "2015-03-31": "1.78%", "2014-12-31": "1.58%", "2014-09-30": "3.15%", "2014-06-30": "4.06%", "2014-03-31": "3.76%", "2013-12-31": "3.40%", "2013-09-30": "1.40%", "2013-06-30": "-0.10%", "2013-03-31": "-0.10%", "2012-12-31": "-0.41%", "2012-09-30": "-1.34%", "2012-06-30": "-0.65%", "2012-03-31": "-0.69%", "2011-12-31": "-0.12%", "2011-09-30": "1.33%", "2011-06-30": "0.27%", "2011-03-31": "-0.53%", "2010-12-31": "-0.94%", "2010-09-30": "-1.63%", "2010-06-30": "-0.54%", "2010-03-31": "-0.29%", "2009-12-31": "-0.16%", "2009-09-30": "0.69%", "2009-06-30": "0.19%", "2009-03-31": "0.76%", "2008-12-31": "0.38%", "2008-09-30": "-1.11%", "2008-06-30": "-2.54%", "2008-03-31": "-2.48%", "2007-12-31": "-2.23%", "2007-09-30": "-2.17%", "2007-06-30": "-1.78%", "2007-03-31": "-1.57%", "2006-12-31": "-1.37%", "2006-09-30": "-1.04%", "2006-06-30": "-0.50%", "2006-03-31": "-0.39%", "2005-12-31": "0.46%"}, "return on assets": {"2020-09-30": "4.13%", "2020-06-30": "4.02%", "2020-03-31": "4.29%", "2019-12-31": "4.27%", "2019-09-30": "4.50%", "2019-06-30": "4.62%", "2019-03-31": "4.43%", "2018-12-31": "4.48%", "2018-09-30": "4.32%", "2018-06-30": "4.20%", "2018-03-31": "4.05%", "2017-12-31": "3.83%", "2017-09-30": "3.36%", "2017-06-30": "2.95%", "2017-03-31": "2.60%", "2016-12-31": "2.33%", "2016-09-30": "2.79%", "2016-06-30": "2.73%", "2016-03-31": "2.61%", "2015-12-31": "2.46%", "2015-09-30": "1.40%", "2015-06-30": "1.09%", "2015-03-31": "0.90%", "2014-12-31": "0.78%", "2014-09-30": "1.50%", "2014-06-30": "1.89%", "2014-03-31": "1.74%", "2013-12-31": "1.58%", "2013-09-30": "0.65%", "2013-06-30": "-0.05%", "2013-03-31": "-0.05%", "2012-12-31": "-0.19%", "2012-09-30": "-0.64%", "2012-06-30": "-0.32%", "2012-03-31": "-0.35%", "2011-12-31": "-0.06%", "2011-09-30": "0.67%", "2011-06-30": "0.13%", "2011-03-31": "-0.27%", "2010-12-31": "-0.47%", "2010-09-30": "-0.79%", "2010-06-30": "-0.26%", "2010-03-31": "-0.13%", "2009-12-31": "-0.06%", "2009-09-30": "0.25%", "2009-06-30": "0.06%", "2009-03-31": "0.25%", "2008-12-31": "0.12%", "2008-09-30": "-0.36%", "2008-06-30": "-0.83%", "2008-03-31": "-0.84%", "2007-12-31": "-0.79%", "2007-09-30": "-0.80%", "2007-06-30": "-0.68%", "2007-03-31": "-0.63%", "2006-12-31": "-0.57%", "2006-09-30": "-0.45%", "2006-06-30": "-0.21%", "2006-03-31": "-0.16%", "2005-12-31": "0.18%"}, "return on investments": {"2020-09-30": "6.53%", "2020-06-30": "6.37%", "2020-03-31": "6.38%", "2019-12-31": "6.39%", "2019-09-30": "6.37%", "2019-06-30": "6.51%", "2019-03-31": "6.58%", "2018-12-31": "6.56%", "2018-09-30": "6.69%", "2018-06-30": "6.50%", "2018-03-31": "6.31%", "2017-12-31": "6.04%", "2017-09-30": "5.61%", "2017-06-30": "5.22%", "2017-03-31": "4.79%", "2016-12-31": "4.54%", "2016-09-30": "4.35%", "2016-06-30": "4.22%", "2016-03-31": "4.14%", "2015-12-31": "3.98%", "2015-09-30": "3.56%", "2015-06-30": "3.40%", "2015-03-31": "3.35%", "2014-12-31": "3.38%", "2014-09-30": "3.39%", "2014-06-30": "3.20%", "2014-03-31": "2.94%", "2013-12-31": "2.58%", "2013-09-30": "2.06%", "2013-06-30": "1.63%", "2013-03-31": "1.30%", "2012-12-31": "1.23%", "2012-09-30": "1.27%", "2012-06-30": "1.73%", "2012-03-31": "2.07%", "2011-12-31": "2.43%", "2011-09-30": "2.81%", "2011-06-30": "2.52%", "2011-03-31": "2.31%", "2010-12-31": "2.07%", "2010-09-30": "1.89%", "2010-06-30": "1.80%", "2010-03-31": "1.70%", "2009-12-31": "1.75%", "2009-09-30": "1.75%", "2009-06-30": "1.74%", "2009-03-31": "1.78%", "2008-12-31": "1.75%", "2008-09-30": "1.60%", "2008-06-30": "1.65%", "2008-03-31": "1.92%", "2007-12-31": "2.01%", "2007-09-30": "2.10%", "2007-06-30": "2.20%", "2007-03-31": "2.28%", "2006-12-31": "2.32%", "2006-09-30": "2.37%", "2006-06-30": "2.72%", "2006-03-31": "2.91%", "2005-12-31": "3.26%"}, "return on tangible equity": {"2020-09-30": "9.34%", "2020-06-30": "8.96%", "2020-03-31": "9.50%", "2019-12-31": "9.44%", "2019-09-30": "9.90%", "2019-06-30": "10.13%", "2019-03-31": "9.62%", "2018-12-31": "9.69%", "2018-09-30": "9.33%", "2018-06-30": "9.07%", "2018-03-31": "8.81%", "2017-12-31": "8.22%", "2017-09-30": "7.15%", "2017-06-30": "6.17%", "2017-03-31": "5.33%", "2016-12-31": "4.64%", "2016-09-30": "5.42%", "2016-06-30": "5.23%", "2016-03-31": "4.97%", "2015-12-31": "4.70%", "2015-09-30": "2.69%", "2015-06-30": "2.11%", "2015-03-31": "1.78%", "2014-12-31": "1.58%", "2014-09-30": "3.15%", "2014-06-30": "4.06%", "2014-03-31": "3.76%", "2013-12-31": "3.40%", "2013-09-30": "1.40%", "2013-06-30": "-0.10%", "2013-03-31": "-0.10%", "2012-12-31": "-0.41%", "2012-09-30": "-1.34%", "2012-06-30": "-0.65%", "2012-03-31": "-0.69%", "2011-12-31": "-0.12%", "2011-09-30": "1.33%", "2011-06-30": "0.27%", "2011-03-31": "-0.53%", "2010-12-31": "-0.94%", "2010-09-30": "-1.63%", "2010-06-30": "-0.54%", "2010-03-31": "-0.29%", "2009-12-31": "-0.16%", "2009-09-30": "0.69%", "2009-06-30": "0.19%", "2009-03-31": "0.76%", "2008-12-31": "0.38%", "2008-09-30": "-1.11%", "2008-06-30": "-2.54%", "2008-03-31": "-2.48%", "2007-12-31": "-2.23%", "2007-09-30": "-2.17%", "2007-06-30": "-1.78%", "2007-03-31": "-1.57%", "2006-12-31": "-1.37%", "2006-09-30": "-1.04%", "2006-06-30": "-0.50%", "2006-03-31": "-0.39%", "2005-12-31": "0.46%"}, "dividend yield history": {"last payout": "$1.36", "last yield": "3.85%"}}