{"ticker": "CMI", "price": {"title": "Cummins Historical Annual Stock Price Data", "value": 229.63, "historical": {"2021": {"Average Stock Price": "237.1408", "Year Open": "221.3700", "Year High": "248.0300", "Year Low": "221.3700", "Year Close": "229.6300", "Annual % Change": "1.11%"}, "2020": {"Average Stock Price": "185.2022", "Year Open": "179.3200", "Year High": "236.5500", "Year Low": "102.7600", "Year Close": "227.1000", "Annual % Change": "26.90%"}, "2019": {"Average Stock Price": "162.5721", "Year Open": "133.3800", "Year High": "186.4400", "Year Low": "130.7400", "Year Close": "178.9600", "Annual % Change": "33.91%"}, "2018": {"Average Stock Price": "150.7095", "Year Open": "177.0600", "Year High": "192.5000", "Year Low": "125.4900", "Year Close": "133.6400", "Annual % Change": "-24.34%"}, "2017": {"Average Stock Price": "159.0514", "Year Open": "139.7900", "Year High": "180.3500", "Year Low": "137.4200", "Year Close": "176.6400", "Annual % Change": "29.25%"}, "2016": {"Average Stock Price": "116.4603", "Year Open": "89.9700", "Year High": "146.4600", "Year Low": "83.5200", "Year Close": "136.6700", "Annual % Change": "55.29%"}, "2015": {"Average Stock Price": "125.2315", "Year Open": "146.4200", "Year High": "147.8500", "Year Low": "85.2100", "Year Close": "88.0100", "Annual % Change": "-38.95%"}, "2014": {"Average Stock Price": "144.0095", "Year Open": "138.5600", "Year High": "160.5500", "Year Low": "123.7000", "Year Close": "144.1700", "Annual % Change": "2.27%"}, "2013": {"Average Stock Price": "121.3912", "Year Open": "113.3700", "Year High": "140.9700", "Year Low": "103.6600", "Year Close": "140.9700", "Annual % Change": "30.11%"}, "2012": {"Average Stock Price": "103.0748", "Year Open": "91.0500", "Year High": "128.0000", "Year Low": "83.5300", "Year Close": "108.3500", "Annual % Change": "23.10%"}, "2011": {"Average Stock Price": "100.1723", "Year Open": "111.7500", "Year High": "120.1800", "Year Low": "79.9100", "Year Close": "88.0200", "Annual % Change": "-19.99%"}, "2010": {"Average Stock Price": "75.5767", "Year Open": "46.9400", "Year High": "111.2500", "Year Low": "45.1600", "Year Close": "110.0100", "Annual % Change": "139.88%"}, "2009": {"Average Stock Price": "36.6659", "Year Open": "29.2400", "Year High": "50.5500", "Year Low": "18.4500", "Year Close": "45.8600", "Annual % Change": "71.57%"}, "2008": {"Average Stock Price": "51.0216", "Year Open": "61.7800", "Year High": "73.8700", "Year Low": "17.7800", "Year Close": "26.7300", "Annual % Change": "-58.03%"}, "2007": {"Average Stock Price": "49.8021", "Year Open": "29.4775", "Year High": "70.0800", "Year Low": "28.5750", "Year Close": "63.6850", "Annual % Change": "115.55%"}, "2006": {"Average Stock Price": "28.2367", "Year Open": "22.7175", "Year High": "34.4850", "Year Low": "22.7175", "Year Close": "29.5450", "Annual % Change": "31.71%"}, "2005": {"Average Stock Price": "19.7027", "Year Open": "20.5750", "Year High": "23.3100", "Year Low": "15.9625", "Year Close": "22.4325", "Annual % Change": "7.09%"}, "2004": {"Average Stock Price": "16.0823", "Year Open": "12.1925", "Year High": "21.1050", "Year Low": "12.1750", "Year Close": "20.9475", "Annual % Change": "71.21%"}, "2003": {"Average Stock Price": "9.3846", "Year Open": "7.2500", "Year High": "13.0750", "Year Low": "5.5525", "Year Close": "12.2350", "Annual % Change": "73.98%"}, "2002": {"Average Stock Price": "8.5265", "Year Open": "9.7425", "Year High": "12.5475", "Year Low": "4.9225", "Year Close": "7.0325", "Annual % Change": "-27.01%"}, "2001": {"Average Stock Price": "9.5573", "Year Open": "9.4375", "Year High": "11.3300", "Year Low": "7.3275", "Year Close": "9.6350", "Annual % Change": "1.58%"}, "2000": {"Average Stock Price": "8.6695", "Year Open": "11.8275", "Year High": "12.4075", "Year Low": "6.8075", "Year Close": "9.4850", "Annual % Change": "-21.47%"}, "1999": {"Average Stock Price": "12.1051", "Year Open": "9.0475", "Year High": "16.2175", "Year Low": "8.8125", "Year Close": "12.0775", "Annual % Change": "36.08%"}, "1998": {"Average Stock Price": "11.9034", "Year Open": "14.9525", "Year High": "15.5150", "Year Low": "7.2350", "Year Close": "8.8750", "Annual % Change": "-39.89%"}, "1997": {"Average Stock Price": "15.9565", "Year Open": "11.1875", "Year High": "20.6100", "Year Low": "11.1875", "Year Close": "14.7650", "Annual % Change": "28.39%"}, "1996": {"Average Stock Price": "10.3425", "Year Open": "9.6550", "Year High": "11.9375", "Year Low": "8.9688", "Year Close": "11.5000", "Annual % Change": "24.32%"}, "1995": {"Average Stock Price": "10.4729", "Year Open": "11.4075", "Year High": "12.1575", "Year Low": "8.6875", "Year Close": "9.2500", "Annual % Change": "-18.23%"}, "1994": {"Average Stock Price": "11.1966", "Year Open": "13.3450", "Year High": "14.3750", "Year Low": "9.1250", "Year Close": "11.3125", "Annual % Change": "-15.81%"}, "1993": {"Average Stock Price": "10.9717", "Year Open": "9.5625", "Year High": "13.5325", "Year Low": "9.5000", "Year Close": "13.4375", "Annual % Change": "37.82%"}, "1992": {"Average Stock Price": "8.2389", "Year Open": "6.7188", "Year High": "9.9838", "Year Low": "6.7188", "Year Close": "9.7500", "Annual % Change": "43.78%"}, "1991": {"Average Stock Price": "5.0559", "Year Open": "4.5788", "Year High": "6.7975", "Year Low": "4.0788", "Year Close": "6.7813", "Annual % Change": "45.64%"}, "1990": {"Average Stock Price": "5.5496", "Year Open": "6.4375", "Year High": "6.9375", "Year Low": "3.9063", "Year Close": "4.6563", "Annual % Change": "-26.60%"}, "1989": {"Average Stock Price": "7.6286", "Year Open": "7.9375", "Year High": "8.9375", "Year Low": "6.0163", "Year Close": "6.3438", "Annual % Change": "-21.01%"}, "1988": {"Average Stock Price": "6.4631", "Year Open": "6.3125", "Year High": "8.3750", "Year Low": "5.4375", "Year Close": "8.0313", "Annual % Change": "35.98%"}, "1987": {"Average Stock Price": "9.4680", "Year Open": "8.5000", "Year High": "11.7338", "Year Low": "5.1250", "Year Close": "5.9063", "Annual % Change": "-29.60%"}, "1986": {"Average Stock Price": "8.3705", "Year Open": "9.1563", "Year High": "9.7338", "Year Low": "6.5163", "Year Close": "8.3900", "Annual % Change": "-6.78%"}, "1985": {"Average Stock Price": "8.7276", "Year Open": "9.5775", "Year High": "11.0000", "Year Low": "7.3600", "Year Close": "9.0000", "Annual % Change": "-7.24%"}}}, "market cap": {"value": "$33.99B"}, "income statement": {"Revenue": {"2020-12-31": "19811.00000", "2019-12-31": "23571.00000", "2018-12-31": "23771.00000", "2017-12-31": "20428.00000", "2016-12-31": "17509.00000", "2015-12-31": "19110.00000", "2014-12-31": "19221.00000", "2013-12-31": "17301.00000", "2012-12-31": "17334.00000", "2011-12-31": "18048.00000", "2010-12-31": "13226.00000", "2009-12-31": "10800.00000", "2008-12-31": "14342.00000", "2007-12-31": "13048.00000", "2006-12-31": "11362.00000", "2005-12-31": "9918.00000"}, "Cost Of Goods Sold": {"2020-12-31": "14917.00000", "2019-12-31": "17591.00000", "2018-12-31": "18034.00000", "2017-12-31": "15328.00000", "2016-12-31": "13051.00000", "2015-12-31": "14163.00000", "2014-12-31": "14360.00000", "2013-12-31": "13021.00000", "2012-12-31": "12918.00000", "2011-12-31": "13459.00000", "2010-12-31": "10058.00000", "2009-12-31": "8631.00000", "2008-12-31": "11402.00000", "2007-12-31": "10492.00000", "2006-12-31": "8897.00000", "2005-12-31": "7874.00000"}, "Gross Profit": {"2020-12-31": "4894.00000", "2019-12-31": "5980.00000", "2018-12-31": "5737.00000", "2017-12-31": "5100.00000", "2016-12-31": "4458.00000", "2015-12-31": "4947.00000", "2014-12-31": "4861.00000", "2013-12-31": "4280.00000", "2012-12-31": "4416.00000", "2011-12-31": "4589.00000", "2010-12-31": "3168.00000", "2009-12-31": "2169.00000", "2008-12-31": "2940.00000", "2007-12-31": "2556.00000", "2006-12-31": "2465.00000", "2005-12-31": "2044.00000"}, "Research And Development Expenses": {"2020-12-31": "906.00000", "2019-12-31": "1001.00000", "2018-12-31": "902.00000", "2017-12-31": "754.00000", "2016-12-31": "637.00000", "2015-12-31": "735.00000", "2014-12-31": "754.00000", "2013-12-31": "713.00000", "2012-12-31": "728.00000", "2011-12-31": "629.00000", "2010-12-31": "414.00000", "2009-12-31": "362.00000", "2008-12-31": "422.00000", "2007-12-31": "329.00000", "2006-12-31": "321.00000", "2005-12-31": "278.00000"}, "SG&A Expenses": {"2020-12-31": "2125.00000", "2019-12-31": "2454.00000", "2018-12-31": "2437.00000", "2017-12-31": "2429.00000", "2016-12-31": "2099.00000", "2015-12-31": "2092.00000", "2014-12-31": "2095.00000", "2013-12-31": "1817.00000", "2012-12-31": "1808.00000", "2011-12-31": "1837.00000", "2010-12-31": "1487.00000", "2009-12-31": "1239.00000", "2008-12-31": "1450.00000", "2007-12-31": "1296.00000", "2006-12-31": "1153.00000", "2005-12-31": "1003.00000"}, "Other Operating Income Or Expenses": {"2020-12-31": "406.00000", "2019-12-31": "294.00000", "2018-12-31": "388.00000", "2017-12-31": "417.00000", "2016-12-31": "158.00000", "2015-12-31": "27.00000", "2014-12-31": "353.00000", "2013-12-31": "351.00000", "2012-12-31": "374.00000", "2011-12-31": "558.00000", "2010-12-31": "335.00000", "2009-12-31": "213.00000", "2008-12-31": "241.00000", "2007-12-31": "227.00000", "2006-12-31": "140.00000", "2005-12-31": "131.00000"}, "Operating Expenses": {"2020-12-31": "17542.00000", "2019-12-31": "20871.00000", "2018-12-31": "20985.00000", "2017-12-31": "18094.00000", "2016-12-31": "15629.00000", "2015-12-31": "17053.00000", "2014-12-31": "16856.00000", "2013-12-31": "15200.00000", "2012-12-31": "15080.00000", "2011-12-31": "15367.00000", "2010-12-31": "11624.00000", "2009-12-31": "10118.00000", "2008-12-31": "13070.00000", "2007-12-31": "11890.00000", "2006-12-31": "10231.00000", "2005-12-31": "9024.00000"}, "Operating Income": {"2020-12-31": "2269.00000", "2019-12-31": "2700.00000", "2018-12-31": "2786.00000", "2017-12-31": "2334.00000", "2016-12-31": "1880.00000", "2015-12-31": "2057.00000", "2014-12-31": "2365.00000", "2013-12-31": "2101.00000", "2012-12-31": "2254.00000", "2011-12-31": "2681.00000", "2010-12-31": "1602.00000", "2009-12-31": "682.00000", "2008-12-31": "1272.00000", "2007-12-31": "1158.00000", "2006-12-31": "1131.00000", "2005-12-31": "894.00000"}, "Total Non-Operating Income/Expense": {"2020-12-31": "69.00000", "2019-12-31": "134.00000", "2018-12-31": "-33.00000", "2017-12-31": "31.00000", "2016-12-31": "50.00000", "2015-12-31": "-32.00000", "2014-12-31": "69.00000", "2013-12-31": "18.00000", "2012-12-31": "17.00000", "2011-12-31": "-10.00000", "2010-12-31": "15.00000", "2009-12-31": "-42.00000", "2008-12-31": "-94.00000", "2007-12-31": "11.00000", "2006-12-31": "-48.00000", "2005-12-31": "-96.00000"}, "Pre-Tax Income": {"2020-12-31": "2338.00000", "2019-12-31": "2834.00000", "2018-12-31": "2753.00000", "2017-12-31": "2365.00000", "2016-12-31": "1930.00000", "2015-12-31": "2025.00000", "2014-12-31": "2434.00000", "2013-12-31": "2119.00000", "2012-12-31": "2271.00000", "2011-12-31": "2671.00000", "2010-12-31": "1617.00000", "2009-12-31": "640.00000", "2008-12-31": "1178.00000", "2007-12-31": "1169.00000", "2006-12-31": "1083.00000", "2005-12-31": "798.00000"}, "Income Taxes": {"2020-12-31": "527.00000", "2019-12-31": "566.00000", "2018-12-31": "566.00000", "2017-12-31": "1371.00000", "2016-12-31": "474.00000", "2015-12-31": "555.00000", "2014-12-31": "698.00000", "2013-12-31": "531.00000", "2012-12-31": "533.00000", "2011-12-31": "725.00000", "2010-12-31": "477.00000", "2009-12-31": "156.00000", "2008-12-31": "360.00000", "2007-12-31": "381.00000", "2006-12-31": "324.00000", "2005-12-31": "216.00000"}, "Income After Taxes": {"2020-12-31": "1811.00000", "2019-12-31": "2268.00000", "2018-12-31": "2187.00000", "2017-12-31": "994.00000", "2016-12-31": "1456.00000", "2015-12-31": "1470.00000", "2014-12-31": "1736.00000", "2013-12-31": "1588.00000", "2012-12-31": "1738.00000", "2011-12-31": "1946.00000", "2010-12-31": "1140.00000", "2009-12-31": "484.00000", "2008-12-31": "818.00000", "2007-12-31": "788.00000", "2006-12-31": "759.00000", "2005-12-31": "582.00000"}, "Other Income": {"2020-12-31": "", "2019-12-31": "", "2018-12-31": "", "2017-12-31": "", "2016-12-31": "", "2015-12-31": "", "2014-12-31": "", "2013-12-31": "", "2012-12-31": "", "2011-12-31": "", "2010-12-31": "", "2009-12-31": "", "2008-12-31": "", "2007-12-31": "", "2006-12-31": "", "2005-12-31": ""}, "Income From Continuous Operations": {"2020-12-31": "1811.00000", "2019-12-31": "2268.00000", "2018-12-31": "2187.00000", "2017-12-31": "994.00000", "2016-12-31": "1456.00000", "2015-12-31": "1470.00000", "2014-12-31": "1736.00000", "2013-12-31": "1588.00000", "2012-12-31": "1738.00000", "2011-12-31": "1946.00000", "2010-12-31": "1140.00000", "2009-12-31": "484.00000", "2008-12-31": "818.00000", "2007-12-31": "788.00000", "2006-12-31": "715.00000", "2005-12-31": "550.00000"}, "Income From Discontinued Operations": {"2020-12-31": "", "2019-12-31": "", "2018-12-31": "", "2017-12-31": "", "2016-12-31": "", "2015-12-31": "", "2014-12-31": "", "2013-12-31": "", "2012-12-31": "", "2011-12-31": "", "2010-12-31": "", "2009-12-31": "", "2008-12-31": "", "2007-12-31": "", "2006-12-31": "", "2005-12-31": ""}, "Net Income": {"2020-12-31": "1789.00000", "2019-12-31": "2260.00000", "2018-12-31": "2141.00000", "2017-12-31": "999.00000", "2016-12-31": "1394.00000", "2015-12-31": "1399.00000", "2014-12-31": "1651.00000", "2013-12-31": "1483.00000", "2012-12-31": "1645.00000", "2011-12-31": "1848.00000", "2010-12-31": "1040.00000", "2009-12-31": "428.00000", "2008-12-31": "755.00000", "2007-12-31": "739.00000", "2006-12-31": "715.00000", "2005-12-31": "550.00000"}, "EBITDA": {"2020-12-31": "2269.00000", "2019-12-31": "3372.00000", "2018-12-31": "3397.00000", "2017-12-31": "2917.00000", "2016-12-31": "2410.00000", "2015-12-31": "2571.00000", "2014-12-31": "2820.00000", "2013-12-31": "2508.00000", "2012-12-31": "2615.00000", "2011-12-31": "3006.00000", "2010-12-31": "1922.00000", "2009-12-31": "1008.00000", "2008-12-31": "1586.00000", "2007-12-31": "1448.00000", "2006-12-31": "1427.00000", "2005-12-31": "1189.00000"}, "EBIT": {"2020-12-31": "2269.00000", "2019-12-31": "2700.00000", "2018-12-31": "2786.00000", "2017-12-31": "2334.00000", "2016-12-31": "1880.00000", "2015-12-31": "2057.00000", "2014-12-31": "2365.00000", "2013-12-31": "2101.00000", "2012-12-31": "2254.00000", "2011-12-31": "2681.00000", "2010-12-31": "1602.00000", "2009-12-31": "682.00000", "2008-12-31": "1272.00000", "2007-12-31": "1158.00000", "2006-12-31": "1131.00000", "2005-12-31": "894.00000"}, "Basic Shares Outstanding": {"2020-12-31": "148.20000", "2019-12-31": "155.40000", "2018-12-31": "162.20000", "2017-12-31": "166.70000", "2016-12-31": "169.03800", "2015-12-31": "178.03800", "2014-12-31": "182.63800", "2013-12-31": "186.99400", "2012-12-31": "189.28700", "2011-12-31": "192.97200", "2010-12-31": "196.69900", "2009-12-31": "197.44600", "2008-12-31": "194.95800", "2007-12-31": "198.44400", "2006-12-31": "190.50500", "2005-12-31": "177.00000"}, "Shares Outstanding": {"2020-12-31": "149.00000", "2019-12-31": "156.10000", "2018-12-31": "162.80000", "2017-12-31": "167.30000", "2016-12-31": "169.33700", "2015-12-31": "178.40700", "2014-12-31": "183.07900", "2013-12-31": "187.41800", "2012-12-31": "189.66900", "2011-12-31": "193.59800", "2010-12-31": "197.14800", "2009-12-31": "197.69500", "2008-12-31": "196.53100", "2007-12-31": "199.89800", "2006-12-31": "203.10700", "2005-12-31": "204.40000"}, "Basic EPS": {"2020-12-31": "12.07000", "2019-12-31": "14.54000", "2018-12-31": "13.20000", "2017-12-31": "5.99000", "2016-12-31": "8.25000", "2015-12-31": "7.86000", "2014-12-31": "9.04000", "2013-12-31": "7.93000", "2012-12-31": "8.69000", "2011-12-31": "9.58000", "2010-12-31": "5.29000", "2009-12-31": "2.17000", "2008-12-31": "3.87000", "2007-12-31": "3.72000", "2006-12-31": "3.76000", "2005-12-31": "3.11000"}, "EPS - Earnings Per Share": {"2020-12-31": "12.01000", "2019-12-31": "14.48000", "2018-12-31": "13.15000", "2017-12-31": "5.97000", "2016-12-31": "8.23000", "2015-12-31": "7.84000", "2014-12-31": "9.02000", "2013-12-31": "7.91000", "2012-12-31": "8.67000", "2011-12-31": "9.55000", "2010-12-31": "5.28000", "2009-12-31": "2.16000", "2008-12-31": "3.84000", "2007-12-31": "3.70000", "2006-12-31": "3.55000", "2005-12-31": "2.75000"}}, "income statement, quarterly": {"Revenue": {"2020-12-31": "5830.00000", "2020-09-30": "5118.00000", "2020-06-30": "3852.00000", "2020-03-31": "5011.00000", "2019-12-31": "5578.00000", "2019-09-30": "5768.00000", "2019-06-30": "6221.00000", "2019-03-31": "6004.00000", "2018-12-31": "6126.00000", "2018-09-30": "5943.00000", "2018-06-30": "6132.00000", "2018-03-31": "5570.00000", "2017-12-31": "5476.00000", "2017-09-30": "5285.00000", "2017-06-30": "5078.00000", "2017-03-31": "4589.00000", "2016-12-31": "4503.00000", "2016-09-30": "4187.00000", "2016-06-30": "4528.00000", "2016-03-31": "4291.00000", "2015-12-31": "4766.00000", "2015-09-30": "4620.00000", "2015-06-30": "5015.00000", "2015-03-31": "4709.00000", "2014-12-31": "5090.00000", "2014-09-30": "4890.00000", "2014-06-30": "4835.00000", "2014-03-31": "4406.00000", "2013-12-31": "4588.00000", "2013-09-30": "4266.00000", "2013-06-30": "4525.00000", "2013-03-31": "3922.00000", "2012-12-31": "4292.00000", "2012-09-30": "4118.00000", "2012-06-30": "4452.00000", "2012-03-31": "4472.00000", "2011-12-31": "4921.00000", "2011-09-30": "4626.00000", "2011-06-30": "4641.00000", "2011-03-31": "3860.00000", "2010-12-31": "4139.00000", "2010-09-30": "3401.00000", "2010-06-30": "3208.00000", "2010-03-31": "2478.00000", "2009-12-31": "3400.00000", "2009-09-30": "2530.00000", "2009-06-30": "2431.00000", "2009-03-31": "2439.00000", "2008-12-31": "3288.00000", "2008-09-30": "3693.00000", "2008-06-30": "3887.00000", "2008-03-31": "3474.00000", "2007-12-31": "3516.00000", "2007-09-30": "3372.00000", "2007-06-30": "3343.00000", "2007-03-31": "2817.00000", "2006-12-31": "3033.00000", "2006-09-30": "2809.00000", "2006-06-30": "2842.00000", "2006-03-31": "2678.00000", "2005-12-31": "2753.00000", "2005-09-30": "2467.00000", "2005-06-30": "2490.00000", "2005-03-31": "2208.00000"}, "Cost Of Goods Sold": {"2020-12-31": "4469.00000", "2020-09-30": "3769.00000", "2020-06-30": "2962.00000", "2020-03-31": "3717.00000", "2019-12-31": "4265.00000", "2019-09-30": "4274.00000", "2019-06-30": "4580.00000", "2019-03-31": "4472.00000", "2018-12-31": "4580.00000", "2018-09-30": "4392.00000", "2018-06-30": "4692.00000", "2018-03-31": "4370.00000", "2017-12-31": "4100.00000", "2017-09-30": "3944.00000", "2017-06-30": "3827.00000", "2017-03-31": "3457.00000", "2016-12-31": "3377.00000", "2016-09-30": "3108.00000", "2016-06-30": "3331.00000", "2016-03-31": "3235.00000", "2015-12-31": "3554.00000", "2015-09-30": "3412.00000", "2015-06-30": "3683.00000", "2015-03-31": "3514.00000", "2014-12-31": "3817.00000", "2014-09-30": "3606.00000", "2014-06-30": "3630.00000", "2014-03-31": "3307.00000", "2013-12-31": "3499.00000", "2013-09-30": "3185.00000", "2013-06-30": "3372.00000", "2013-03-31": "2965.00000", "2012-12-31": "3326.00000", "2012-09-30": "3076.00000", "2012-06-30": "3242.00000", "2012-03-31": "3274.00000", "2011-12-31": "3680.00000", "2011-09-30": "3438.00000", "2011-06-30": "3438.00000", "2011-03-31": "2903.00000", "2010-12-31": "3155.00000", "2010-09-30": "2571.00000", "2010-06-30": "2455.00000", "2010-03-31": "1877.00000", "2009-12-31": "2627.00000", "2009-09-30": "2027.00000", "2009-06-30": "1983.00000", "2009-03-31": "1994.00000", "2008-12-31": "2754.00000", "2008-09-30": "2873.00000", "2008-06-30": "3008.00000", "2008-03-31": "2767.00000", "2007-12-31": "2834.00000", "2007-09-30": "2720.00000", "2007-06-30": "2673.00000", "2007-03-31": "2265.00000", "2006-12-31": "2397.00000", "2006-09-30": "2192.00000", "2006-06-30": "2196.00000", "2006-03-31": "2112.00000", "2005-12-31": "2276.00000", "2005-09-30": "1906.00000", "2005-06-30": "1940.00000", "2005-03-31": "1752.00000"}, "Gross Profit": {"2020-12-31": "1361.00000", "2020-09-30": "1349.00000", "2020-06-30": "890.00000", "2020-03-31": "1294.00000", "2019-12-31": "1313.00000", "2019-09-30": "1494.00000", "2019-06-30": "1641.00000", "2019-03-31": "1532.00000", "2018-12-31": "1546.00000", "2018-09-30": "1551.00000", "2018-06-30": "1440.00000", "2018-03-31": "1200.00000", "2017-12-31": "1376.00000", "2017-09-30": "1341.00000", "2017-06-30": "1251.00000", "2017-03-31": "1132.00000", "2016-12-31": "1126.00000", "2016-09-30": "1079.00000", "2016-06-30": "1197.00000", "2016-03-31": "1056.00000", "2015-12-31": "1212.00000", "2015-09-30": "1208.00000", "2015-06-30": "1332.00000", "2015-03-31": "1195.00000", "2014-12-31": "1273.00000", "2014-09-30": "1284.00000", "2014-06-30": "1205.00000", "2014-03-31": "1099.00000", "2013-12-31": "1089.00000", "2013-09-30": "1081.00000", "2013-06-30": "1153.00000", "2013-03-31": "957.00000", "2012-12-31": "966.00000", "2012-09-30": "1042.00000", "2012-06-30": "1210.00000", "2012-03-31": "1198.00000", "2011-12-31": "1241.00000", "2011-09-30": "1188.00000", "2011-06-30": "1203.00000", "2011-03-31": "957.00000", "2010-12-31": "984.00000", "2010-09-30": "830.00000", "2010-06-30": "753.00000", "2010-03-31": "601.00000", "2009-12-31": "773.00000", "2009-09-30": "503.00000", "2009-06-30": "448.00000", "2009-03-31": "445.00000", "2008-12-31": "534.00000", "2008-09-30": "820.00000", "2008-06-30": "879.00000", "2008-03-31": "707.00000", "2007-12-31": "682.00000", "2007-09-30": "652.00000", "2007-06-30": "670.00000", "2007-03-31": "552.00000", "2006-12-31": "636.00000", "2006-09-30": "617.00000", "2006-06-30": "646.00000", "2006-03-31": "566.00000", "2005-12-31": "477.00000", "2005-09-30": "561.00000", "2005-06-30": "550.00000", "2005-03-31": "456.00000"}, "Research And Development Expenses": {"2020-12-31": "255.00000", "2020-09-30": "224.00000", "2020-06-30": "189.00000", "2020-03-31": "238.00000", "2019-12-31": "271.00000", "2019-09-30": "242.00000", "2019-06-30": "251.00000", "2019-03-31": "237.00000", "2018-12-31": "244.00000", "2018-09-30": "229.00000", "2018-06-30": "219.00000", "2018-03-31": "210.00000", "2017-12-31": "208.00000", "2017-09-30": "213.00000", "2017-06-30": "175.00000", "2017-03-31": "158.00000", "2016-12-31": "159.00000", "2016-09-30": "157.00000", "2016-06-30": "155.00000", "2016-03-31": "166.00000", "2015-12-31": "177.00000", "2015-09-30": "197.00000", "2015-06-30": "166.00000", "2015-03-31": "195.00000", "2014-12-31": "187.00000", "2014-09-30": "198.00000", "2014-06-30": "179.00000", "2014-03-31": "190.00000", "2013-12-31": "181.00000", "2013-09-30": "173.00000", "2013-06-30": "177.00000", "2013-03-31": "182.00000", "2012-12-31": "174.00000", "2012-09-30": "186.00000", "2012-06-30": "187.00000", "2012-03-31": "181.00000", "2011-12-31": "179.00000", "2011-09-30": "164.00000", "2011-06-30": "157.00000", "2011-03-31": "129.00000", "2010-12-31": "123.00000", "2010-09-30": "103.00000", "2010-06-30": "96.00000", "2010-03-31": "92.00000", "2009-12-31": "108.00000", "2009-09-30": "90.00000", "2009-06-30": "79.00000", "2009-03-31": "85.00000", "2008-12-31": "102.00000", "2008-09-30": "113.00000", "2008-06-30": "104.00000", "2008-03-31": "103.00000", "2007-12-31": "93.00000", "2007-09-30": "82.00000", "2007-06-30": "74.00000", "2007-03-31": "80.00000", "2006-12-31": "78.00000", "2006-09-30": "81.00000", "2006-06-30": "80.00000", "2006-03-31": "82.00000", "2005-12-31": "71.00000", "2005-09-30": "71.00000", "2005-06-30": "73.00000", "2005-03-31": "63.00000"}, "SG&A Expenses": {"2020-12-31": "576.00000", "2020-09-30": "533.00000", "2020-06-30": "470.00000", "2020-03-31": "546.00000", "2019-12-31": "632.00000", "2019-09-30": "600.00000", "2019-06-30": "629.00000", "2019-03-31": "593.00000", "2018-12-31": "643.00000", "2018-09-30": "604.00000", "2018-06-30": "613.00000", "2018-03-31": "577.00000", "2017-12-31": "643.00000", "2017-09-30": "633.00000", "2017-06-30": "606.00000", "2017-03-31": "547.00000", "2016-12-31": "572.00000", "2016-09-30": "513.00000", "2016-06-30": "524.00000", "2016-03-31": "490.00000", "2015-12-31": "508.00000", "2015-09-30": "530.00000", "2015-06-30": "537.00000", "2015-03-31": "517.00000", "2014-12-31": "568.00000", "2014-09-30": "529.00000", "2014-06-30": "513.00000", "2014-03-31": "485.00000", "2013-12-31": "425.00000", "2013-09-30": "464.00000", "2013-06-30": "484.00000", "2013-03-31": "444.00000", "2012-12-31": "390.00000", "2012-09-30": "456.00000", "2012-06-30": "487.00000", "2012-03-31": "475.00000", "2011-12-31": "496.00000", "2011-09-30": "489.00000", "2011-06-30": "463.00000", "2011-03-31": "389.00000", "2010-12-31": "423.00000", "2010-09-30": "375.00000", "2010-06-30": "354.00000", "2010-03-31": "335.00000", "2009-12-31": "348.00000", "2009-09-30": "304.00000", "2009-06-30": "287.00000", "2009-03-31": "300.00000", "2008-12-31": "341.00000", "2008-09-30": "388.00000", "2008-06-30": "370.00000", "2008-03-31": "351.00000", "2007-12-31": "359.00000", "2007-09-30": "340.00000", "2007-06-30": "314.00000", "2007-03-31": "283.00000", "2006-12-31": "300.00000", "2006-09-30": "291.00000", "2006-06-30": "294.00000", "2006-03-31": "268.00000", "2005-12-31": "171.00000", "2005-09-30": "286.00000", "2005-06-30": "287.00000", "2005-03-31": "259.00000"}, "Other Operating Income Or Expenses": {"2020-12-31": "99.00000", "2020-09-30": "78.00000", "2020-06-30": "105.00000", "2020-03-31": "124.00000", "2019-12-31": "63.00000", "2019-09-30": "47.00000", "2019-06-30": "87.00000", "2019-03-31": "97.00000", "2018-12-31": "72.00000", "2018-09-30": "85.00000", "2018-06-30": "114.00000", "2018-03-31": "117.00000", "2017-12-31": "61.00000", "2017-09-30": "127.00000", "2017-06-30": "116.00000", "2017-03-31": "113.00000", "2016-12-31": "64.00000", "2016-09-30": "-25.00000", "2016-06-30": "49.00000", "2016-03-31": "70.00000", "2015-12-31": "-208.00000", "2015-09-30": "76.00000", "2015-06-30": "94.00000", "2015-03-31": "65.00000", "2014-12-31": "63.00000", "2014-09-30": "102.00000", "2014-06-30": "99.00000", "2014-03-31": "89.00000", "2013-12-31": "70.00000", "2013-09-30": "80.00000", "2013-06-30": "118.00000", "2013-03-31": "83.00000", "2012-12-31": "63.00000", "2012-09-30": "93.00000", "2012-06-30": "112.00000", "2012-03-31": "106.00000", "2011-12-31": "179.00000", "2011-09-30": "104.00000", "2011-06-30": "185.00000", "2011-03-31": "90.00000", "2010-12-31": "87.00000", "2010-09-30": "83.00000", "2010-06-30": "93.00000", "2010-03-31": "72.00000", "2009-12-31": "72.00000", "2009-09-30": "60.00000", "2009-06-30": "46.00000", "2009-03-31": "35.00000", "2008-12-31": "48.00000", "2008-09-30": "64.00000", "2008-06-30": "63.00000", "2008-03-31": "66.00000", "2007-12-31": "75.00000", "2007-09-30": "59.00000", "2007-06-30": "59.00000", "2007-03-31": "34.00000", "2006-12-31": "38.00000", "2006-09-30": "33.00000", "2006-06-30": "37.00000", "2006-03-31": "32.00000", "2005-12-31": "28.00000", "2005-09-30": "28.00000", "2005-06-30": "41.00000", "2005-03-31": "34.00000"}, "Operating Expenses": {"2020-12-31": "5201.00000", "2020-09-30": "4448.00000", "2020-06-30": "3516.00000", "2020-03-31": "4377.00000", "2019-12-31": "5224.00000", "2019-09-30": "5069.00000", "2019-06-30": "5373.00000", "2019-03-31": "5205.00000", "2018-12-31": "5395.00000", "2018-09-30": "5140.00000", "2018-06-30": "5410.00000", "2018-03-31": "5040.00000", "2017-12-31": "4890.00000", "2017-09-30": "4663.00000", "2017-06-30": "4492.00000", "2017-03-31": "4049.00000", "2016-12-31": "4044.00000", "2016-09-30": "3803.00000", "2016-06-30": "3961.00000", "2016-03-31": "3821.00000", "2015-12-31": "4537.00000", "2015-09-30": "4063.00000", "2015-06-30": "4292.00000", "2015-03-31": "4161.00000", "2014-12-31": "4509.00000", "2014-09-30": "4231.00000", "2014-06-30": "4223.00000", "2014-03-31": "3893.00000", "2013-12-31": "4035.00000", "2013-09-30": "3742.00000", "2013-06-30": "3915.00000", "2013-03-31": "3508.00000", "2012-12-31": "3827.00000", "2012-09-30": "3625.00000", "2012-06-30": "3804.00000", "2012-03-31": "3824.00000", "2011-12-31": "4176.00000", "2011-09-30": "3987.00000", "2011-06-30": "3873.00000", "2011-03-31": "3331.00000", "2010-12-31": "3614.00000", "2010-09-30": "2966.00000", "2010-06-30": "2812.00000", "2010-03-31": "2232.00000", "2009-12-31": "3015.00000", "2009-09-30": "2383.00000", "2009-06-30": "2310.00000", "2009-03-31": "2410.00000", "2008-12-31": "3186.00000", "2008-09-30": "3310.00000", "2008-06-30": "3419.00000", "2008-03-31": "3155.00000", "2007-12-31": "3211.00000", "2007-09-30": "3083.00000", "2007-06-30": "3002.00000", "2007-03-31": "2594.00000", "2006-12-31": "2737.00000", "2006-09-30": "2531.00000", "2006-06-30": "2533.00000", "2006-03-31": "2430.00000", "2005-12-31": "2490.00000", "2005-09-30": "2235.00000", "2005-06-30": "2259.00000", "2005-03-31": "2040.00000"}, "Operating Income": {"2020-12-31": "629.00000", "2020-09-30": "670.00000", "2020-06-30": "336.00000", "2020-03-31": "634.00000", "2019-12-31": "354.00000", "2019-09-30": "699.00000", "2019-06-30": "848.00000", "2019-03-31": "799.00000", "2018-12-31": "731.00000", "2018-09-30": "803.00000", "2018-06-30": "722.00000", "2018-03-31": "530.00000", "2017-12-31": "586.00000", "2017-09-30": "622.00000", "2017-06-30": "586.00000", "2017-03-31": "540.00000", "2016-12-31": "459.00000", "2016-09-30": "384.00000", "2016-06-30": "567.00000", "2016-03-31": "470.00000", "2015-12-31": "229.00000", "2015-09-30": "557.00000", "2015-06-30": "723.00000", "2015-03-31": "548.00000", "2014-12-31": "581.00000", "2014-09-30": "659.00000", "2014-06-30": "612.00000", "2014-03-31": "513.00000", "2013-12-31": "553.00000", "2013-09-30": "524.00000", "2013-06-30": "610.00000", "2013-03-31": "414.00000", "2012-12-31": "465.00000", "2012-09-30": "493.00000", "2012-06-30": "648.00000", "2012-03-31": "648.00000", "2011-12-31": "745.00000", "2011-09-30": "639.00000", "2011-06-30": "768.00000", "2011-03-31": "529.00000", "2010-12-31": "525.00000", "2010-09-30": "435.00000", "2010-06-30": "396.00000", "2010-03-31": "246.00000", "2009-12-31": "385.00000", "2009-09-30": "147.00000", "2009-06-30": "121.00000", "2009-03-31": "29.00000", "2008-12-31": "102.00000", "2008-09-30": "383.00000", "2008-06-30": "468.00000", "2008-03-31": "319.00000", "2007-12-31": "305.00000", "2007-09-30": "289.00000", "2007-06-30": "341.00000", "2007-03-31": "223.00000", "2006-12-31": "296.00000", "2006-09-30": "278.00000", "2006-06-30": "309.00000", "2006-03-31": "248.00000", "2005-12-31": "263.00000", "2005-09-30": "232.00000", "2005-06-30": "231.00000", "2005-03-31": "168.00000"}, "Total Non-Operating Income/Expense": {"2020-12-31": "6.00000", "2020-09-30": "16.00000", "2020-06-30": "26.00000", "2020-03-31": "21.00000", "2019-12-31": "9.00000", "2019-09-30": "56.00000", "2019-06-30": "23.00000", "2019-03-31": "46.00000", "2018-12-31": "-21.00000", "2018-09-30": "2.00000", "2018-06-30": "-7.00000", "2018-03-31": "-7.00000", "2017-12-31": "10.00000", "2017-09-30": "", "2017-06-30": "13.00000", "2017-03-31": "8.00000", "2016-12-31": "49.00000", "2016-09-30": "-2.00000", "2016-06-30": "8.00000", "2016-03-31": "-5.00000", "2015-12-31": "-17.00000", "2015-09-30": "4.00000", "2015-06-30": "-19.00000", "2015-03-31": "", "2014-12-31": "31.00000", "2014-09-30": "10.00000", "2014-06-30": "30.00000", "2014-03-31": "-2.00000", "2013-12-31": "-6.00000", "2013-09-30": "4.00000", "2013-06-30": "3.00000", "2013-03-31": "17.00000", "2012-12-31": "8.00000", "2012-09-30": "-6.00000", "2012-06-30": "13.00000", "2012-03-31": "2.00000", "2011-12-31": "13.00000", "2011-09-30": "-10.00000", "2011-06-30": "-6.00000", "2011-03-31": "-7.00000", "2010-12-31": "5.00000", "2010-09-30": "3.00000", "2010-06-30": "-4.00000", "2010-03-31": "11.00000", "2009-12-31": "-11.00000", "2009-09-30": "-1.00000", "2009-06-30": "-22.00000", "2009-03-31": "-8.00000", "2008-12-31": "-55.00000", "2008-09-30": "-13.00000", "2008-06-30": "-11.00000", "2008-03-31": "-15.00000", "2007-12-31": "5.00000", "2007-09-30": "3.00000", "2007-06-30": "-1.00000", "2007-03-31": "4.00000", "2006-12-31": "-13.00000", "2006-09-30": "-5.00000", "2006-06-30": "-10.00000", "2006-03-31": "-20.00000", "2005-12-31": "-20.00000", "2005-09-30": "-19.00000", "2005-06-30": "-24.00000", "2005-03-31": "-33.00000"}, "Pre-Tax Income": {"2020-12-31": "635.00000", "2020-09-30": "686.00000", "2020-06-30": "362.00000", "2020-03-31": "655.00000", "2019-12-31": "363.00000", "2019-09-30": "755.00000", "2019-06-30": "871.00000", "2019-03-31": "845.00000", "2018-12-31": "710.00000", "2018-09-30": "805.00000", "2018-06-30": "715.00000", "2018-03-31": "523.00000", "2017-12-31": "596.00000", "2017-09-30": "622.00000", "2017-06-30": "599.00000", "2017-03-31": "548.00000", "2016-12-31": "508.00000", "2016-09-30": "382.00000", "2016-06-30": "575.00000", "2016-03-31": "465.00000", "2015-12-31": "212.00000", "2015-09-30": "561.00000", "2015-06-30": "704.00000", "2015-03-31": "548.00000", "2014-12-31": "612.00000", "2014-09-30": "669.00000", "2014-06-30": "642.00000", "2014-03-31": "511.00000", "2013-12-31": "547.00000", "2013-09-30": "528.00000", "2013-06-30": "613.00000", "2013-03-31": "431.00000", "2012-12-31": "473.00000", "2012-09-30": "487.00000", "2012-06-30": "661.00000", "2012-03-31": "650.00000", "2011-12-31": "758.00000", "2011-09-30": "629.00000", "2011-06-30": "762.00000", "2011-03-31": "522.00000", "2010-12-31": "530.00000", "2010-09-30": "438.00000", "2010-06-30": "392.00000", "2010-03-31": "257.00000", "2009-12-31": "374.00000", "2009-09-30": "146.00000", "2009-06-30": "99.00000", "2009-03-31": "21.00000", "2008-12-31": "47.00000", "2008-09-30": "370.00000", "2008-06-30": "457.00000", "2008-03-31": "304.00000", "2007-12-31": "310.00000", "2007-09-30": "292.00000", "2007-06-30": "340.00000", "2007-03-31": "227.00000", "2006-12-31": "283.00000", "2006-09-30": "273.00000", "2006-06-30": "299.00000", "2006-03-31": "228.00000", "2005-12-31": "243.00000", "2005-09-30": "213.00000", "2005-06-30": "207.00000", "2005-03-31": "135.00000"}, "Income Taxes": {"2020-12-31": "125.00000", "2020-09-30": "182.00000", "2020-06-30": "93.00000", "2020-03-31": "127.00000", "2019-12-31": "65.00000", "2019-09-30": "139.00000", "2019-06-30": "186.00000", "2019-03-31": "176.00000", "2018-12-31": "100.00000", "2018-09-30": "107.00000", "2018-06-30": "161.00000", "2018-03-31": "198.00000", "2017-12-31": "905.00000", "2017-09-30": "165.00000", "2017-06-30": "158.00000", "2017-03-31": "143.00000", "2016-12-31": "112.00000", "2016-09-30": "82.00000", "2016-06-30": "148.00000", "2016-03-31": "132.00000", "2015-12-31": "34.00000", "2015-09-30": "169.00000", "2015-06-30": "208.00000", "2015-03-31": "144.00000", "2014-12-31": "145.00000", "2014-09-30": "230.00000", "2014-06-30": "170.00000", "2014-03-31": "153.00000", "2013-12-31": "86.00000", "2013-09-30": "154.00000", "2013-06-30": "172.00000", "2013-03-31": "119.00000", "2012-12-31": "75.00000", "2012-09-30": "117.00000", "2012-06-30": "166.00000", "2012-03-31": "175.00000", "2011-12-31": "186.00000", "2011-09-30": "157.00000", "2011-06-30": "225.00000", "2011-03-31": "157.00000", "2010-12-31": "139.00000", "2010-09-30": "129.00000", "2010-06-30": "122.00000", "2010-03-31": "87.00000", "2009-12-31": "84.00000", "2009-09-30": "36.00000", "2009-06-30": "29.00000", "2009-03-31": "7.00000", "2008-12-31": "-12.00000", "2008-09-30": "123.00000", "2008-06-30": "147.00000", "2008-03-31": "102.00000", "2007-12-31": "97.00000", "2007-09-30": "97.00000", "2007-06-30": "112.00000", "2007-03-31": "75.00000", "2006-12-31": "80.00000", "2006-09-30": "92.00000", "2006-06-30": "67.00000", "2006-03-31": "85.00000", "2005-12-31": "63.00000", "2005-09-30": "61.00000", "2005-06-30": "58.00000", "2005-03-31": "34.00000"}, "Income After Taxes": {"2020-12-31": "510.00000", "2020-09-30": "504.00000", "2020-06-30": "269.00000", "2020-03-31": "528.00000", "2019-12-31": "298.00000", "2019-09-30": "616.00000", "2019-06-30": "685.00000", "2019-03-31": "669.00000", "2018-12-31": "610.00000", "2018-09-30": "698.00000", "2018-06-30": "554.00000", "2018-03-31": "325.00000", "2017-12-31": "-309.00000", "2017-09-30": "457.00000", "2017-06-30": "441.00000", "2017-03-31": "405.00000", "2016-12-31": "396.00000", "2016-09-30": "300.00000", "2016-06-30": "427.00000", "2016-03-31": "333.00000", "2015-12-31": "178.00000", "2015-09-30": "392.00000", "2015-06-30": "496.00000", "2015-03-31": "404.00000", "2014-12-31": "467.00000", "2014-09-30": "439.00000", "2014-06-30": "472.00000", "2014-03-31": "358.00000", "2013-12-31": "461.00000", "2013-09-30": "374.00000", "2013-06-30": "441.00000", "2013-03-31": "312.00000", "2012-12-31": "398.00000", "2012-09-30": "370.00000", "2012-06-30": "495.00000", "2012-03-31": "475.00000", "2011-12-31": "572.00000", "2011-09-30": "472.00000", "2011-06-30": "537.00000", "2011-03-31": "365.00000", "2010-12-31": "391.00000", "2010-09-30": "309.00000", "2010-06-30": "270.00000", "2010-03-31": "170.00000", "2009-12-31": "290.00000", "2009-09-30": "110.00000", "2009-06-30": "70.00000", "2009-03-31": "14.00000", "2008-12-31": "59.00000", "2008-09-30": "247.00000", "2008-06-30": "310.00000", "2008-03-31": "202.00000", "2007-12-31": "213.00000", "2007-09-30": "195.00000", "2007-06-30": "228.00000", "2007-03-31": "152.00000", "2006-12-31": "203.00000", "2006-09-30": "181.00000", "2006-06-30": "232.00000", "2006-03-31": "143.00000", "2005-12-31": "180.00000", "2005-09-30": "152.00000", "2005-06-30": "149.00000", "2005-03-31": "101.00000"}, "Other Income": {"2020-12-31": "", "2020-09-30": "", "2020-06-30": "", "2020-03-31": "", "2019-12-31": "", "2019-09-30": "", "2019-06-30": "", "2019-03-31": "", "2018-12-31": "", "2018-09-30": "", "2018-06-30": "", "2018-03-31": "", "2017-12-31": "", "2017-09-30": "", "2017-06-30": "", "2017-03-31": "", "2016-12-31": "", "2016-09-30": "", "2016-06-30": "", "2016-03-31": "", "2015-12-31": "", "2015-09-30": "", "2015-06-30": "", "2015-03-31": "", "2014-12-31": "", "2014-09-30": "", "2014-06-30": "", "2014-03-31": "", "2013-12-31": "", "2013-09-30": "", "2013-06-30": "", "2013-03-31": "", "2012-12-31": "", "2012-09-30": "", "2012-06-30": "", "2012-03-31": "", "2011-12-31": "", "2011-09-30": "", "2011-06-30": "", "2011-03-31": "", "2010-12-31": "", "2010-09-30": "", "2010-06-30": "", "2010-03-31": "", "2009-12-31": "", "2009-09-30": "", "2009-06-30": "", "2009-03-31": "", "2008-12-31": "", "2008-09-30": "", "2008-06-30": "", "2008-03-31": "", "2007-12-31": "", "2007-09-30": "", "2007-06-30": "", "2007-03-31": "", "2006-12-31": "", "2006-09-30": "", "2006-06-30": "", "2006-03-31": "", "2005-12-31": "", "2005-09-30": "", "2005-06-30": "", "2005-03-31": ""}, "Income From Continuous Operations": {"2020-12-31": "510.00000", "2020-09-30": "504.00000", "2020-06-30": "269.00000", "2020-03-31": "528.00000", "2019-12-31": "298.00000", "2019-09-30": "616.00000", "2019-06-30": "685.00000", "2019-03-31": "669.00000", "2018-12-31": "610.00000", "2018-09-30": "698.00000", "2018-06-30": "554.00000", "2018-03-31": "325.00000", "2017-12-31": "-309.00000", "2017-09-30": "457.00000", "2017-06-30": "441.00000", "2017-03-31": "405.00000", "2016-12-31": "396.00000", "2016-09-30": "300.00000", "2016-06-30": "427.00000", "2016-03-31": "333.00000", "2015-12-31": "178.00000", "2015-09-30": "392.00000", "2015-06-30": "496.00000", "2015-03-31": "404.00000", "2014-12-31": "467.00000", "2014-09-30": "439.00000", "2014-06-30": "472.00000", "2014-03-31": "358.00000", "2013-12-31": "461.00000", "2013-09-30": "374.00000", "2013-06-30": "441.00000", "2013-03-31": "312.00000", "2012-12-31": "398.00000", "2012-09-30": "370.00000", "2012-06-30": "495.00000", "2012-03-31": "475.00000", "2011-12-31": "572.00000", "2011-09-30": "472.00000", "2011-06-30": "537.00000", "2011-03-31": "365.00000", "2010-12-31": "391.00000", "2010-09-30": "309.00000", "2010-06-30": "270.00000", "2010-03-31": "170.00000", "2009-12-31": "290.00000", "2009-09-30": "110.00000", "2009-06-30": "70.00000", "2009-03-31": "14.00000", "2008-12-31": "59.00000", "2008-09-30": "247.00000", "2008-06-30": "310.00000", "2008-03-31": "202.00000", "2007-12-31": "247.00000", "2007-09-30": "184.00000", "2007-06-30": "214.00000", "2007-03-31": "143.00000", "2006-12-31": "189.00000", "2006-09-30": "171.00000", "2006-06-30": "220.00000", "2006-03-31": "135.00000", "2005-12-31": "167.00000", "2005-09-30": "145.00000", "2005-06-30": "141.00000", "2005-03-31": "97.00000"}, "Income From Discontinued Operations": {"2020-12-31": "", "2020-09-30": "", "2020-06-30": "", "2020-03-31": "", "2019-12-31": "", "2019-09-30": "", "2019-06-30": "", "2019-03-31": "", "2018-12-31": "", "2018-09-30": "", "2018-06-30": "", "2018-03-31": "", "2017-12-31": "", "2017-09-30": "", "2017-06-30": "", "2017-03-31": "", "2016-12-31": "", "2016-09-30": "", "2016-06-30": "", "2016-03-31": "", "2015-12-31": "", "2015-09-30": "", "2015-06-30": "", "2015-03-31": "", "2014-12-31": "", "2014-09-30": "", "2014-06-30": "", "2014-03-31": "", "2013-12-31": "", "2013-09-30": "", "2013-06-30": "", "2013-03-31": "", "2012-12-31": "", "2012-09-30": "", "2012-06-30": "", "2012-03-31": "", "2011-12-31": "", "2011-09-30": "", "2011-06-30": "", "2011-03-31": "", "2010-12-31": "", "2010-09-30": "", "2010-06-30": "", "2010-03-31": "", "2009-12-31": "", "2009-09-30": "", "2009-06-30": "", "2009-03-31": "", "2008-12-31": "", "2008-09-30": "", "2008-06-30": "", "2008-03-31": "", "2007-12-31": "", "2007-09-30": "", "2007-06-30": "", "2007-03-31": "", "2006-12-31": "", "2006-09-30": "", "2006-06-30": "", "2006-03-31": "", "2005-12-31": "", "2005-09-30": "", "2005-06-30": "", "2005-03-31": ""}, "Net Income": {"2020-12-31": "501.00000", "2020-09-30": "501.00000", "2020-06-30": "276.00000", "2020-03-31": "511.00000", "2019-12-31": "300.00000", "2019-09-30": "622.00000", "2019-06-30": "675.00000", "2019-03-31": "663.00000", "2018-12-31": "579.00000", "2018-09-30": "692.00000", "2018-06-30": "545.00000", "2018-03-31": "325.00000", "2017-12-31": "-274.00000", "2017-09-30": "453.00000", "2017-06-30": "424.00000", "2017-03-31": "396.00000", "2016-12-31": "378.00000", "2016-09-30": "289.00000", "2016-06-30": "406.00000", "2016-03-31": "321.00000", "2015-12-31": "161.00000", "2015-09-30": "380.00000", "2015-06-30": "471.00000", "2015-03-31": "387.00000", "2014-12-31": "444.00000", "2014-09-30": "423.00000", "2014-06-30": "446.00000", "2014-03-31": "338.00000", "2013-12-31": "432.00000", "2013-09-30": "355.00000", "2013-06-30": "414.00000", "2013-03-31": "282.00000", "2012-12-31": "369.00000", "2012-09-30": "352.00000", "2012-06-30": "469.00000", "2012-03-31": "455.00000", "2011-12-31": "548.00000", "2011-09-30": "452.00000", "2011-06-30": "505.00000", "2011-03-31": "343.00000", "2010-12-31": "362.00000", "2010-09-30": "283.00000", "2010-06-30": "246.00000", "2010-03-31": "149.00000", "2009-12-31": "270.00000", "2009-09-30": "95.00000", "2009-06-30": "56.00000", "2009-03-31": "7.00000", "2008-12-31": "43.00000", "2008-09-30": "229.00000", "2008-06-30": "293.00000", "2008-03-31": "190.00000", "2007-12-31": "198.00000", "2007-09-30": "184.00000", "2007-06-30": "214.00000", "2007-03-31": "143.00000", "2006-12-31": "189.00000", "2006-09-30": "171.00000", "2006-06-30": "220.00000", "2006-03-31": "135.00000", "2005-12-31": "167.00000", "2005-09-30": "145.00000", "2005-06-30": "141.00000", "2005-03-31": "97.00000"}, "EBITDA": {"2020-12-31": "", "2020-09-30": "836.00000", "2020-06-30": "501.00000", "2020-03-31": "802.00000", "2019-12-31": "533.00000", "2019-09-30": "877.00000", "2019-06-30": "1006.00000", "2019-03-31": "956.00000", "2018-12-31": "886.00000", "2018-09-30": "951.00000", "2018-06-30": "876.00000", "2018-03-31": "684.00000", "2017-12-31": "736.00000", "2017-09-30": "771.00000", "2017-06-30": "731.00000", "2017-03-31": "679.00000", "2016-12-31": "598.00000", "2016-09-30": "516.00000", "2016-06-30": "698.00000", "2016-03-31": "598.00000", "2015-12-31": "360.00000", "2015-09-30": "686.00000", "2015-06-30": "849.00000", "2015-03-31": "676.00000", "2014-12-31": "706.00000", "2014-09-30": "772.00000", "2014-06-30": "724.00000", "2014-03-31": "618.00000", "2013-12-31": "655.00000", "2013-09-30": "629.00000", "2013-06-30": "712.00000", "2013-03-31": "512.00000", "2012-12-31": "564.00000", "2012-09-30": "584.00000", "2012-06-30": "734.00000", "2012-03-31": "733.00000", "2011-12-31": "827.00000", "2011-09-30": "723.00000", "2011-06-30": "848.00000", "2011-03-31": "608.00000", "2010-12-31": "606.00000", "2010-09-30": "513.00000", "2010-06-30": "478.00000", "2010-03-31": "325.00000", "2009-12-31": "473.00000", "2009-09-30": "231.00000", "2009-06-30": "199.00000", "2009-03-31": "105.00000", "2008-12-31": "183.00000", "2008-09-30": "458.00000", "2008-06-30": "551.00000", "2008-03-31": "394.00000", "2007-12-31": "380.00000", "2007-09-30": "362.00000", "2007-06-30": "415.00000", "2007-03-31": "291.00000", "2006-12-31": "370.00000", "2006-09-30": "352.00000", "2006-06-30": "383.00000", "2006-03-31": "322.00000", "2005-12-31": "342.00000", "2005-09-30": "304.00000", "2005-06-30": "304.00000", "2005-03-31": "239.00000"}, "EBIT": {"2020-12-31": "629.00000", "2020-09-30": "670.00000", "2020-06-30": "336.00000", "2020-03-31": "634.00000", "2019-12-31": "354.00000", "2019-09-30": "699.00000", "2019-06-30": "848.00000", "2019-03-31": "799.00000", "2018-12-31": "731.00000", "2018-09-30": "803.00000", "2018-06-30": "722.00000", "2018-03-31": "530.00000", "2017-12-31": "586.00000", "2017-09-30": "622.00000", "2017-06-30": "586.00000", "2017-03-31": "540.00000", "2016-12-31": "459.00000", "2016-09-30": "384.00000", "2016-06-30": "567.00000", "2016-03-31": "470.00000", "2015-12-31": "229.00000", "2015-09-30": "557.00000", "2015-06-30": "723.00000", "2015-03-31": "548.00000", "2014-12-31": "581.00000", "2014-09-30": "659.00000", "2014-06-30": "612.00000", "2014-03-31": "513.00000", "2013-12-31": "553.00000", "2013-09-30": "524.00000", "2013-06-30": "610.00000", "2013-03-31": "414.00000", "2012-12-31": "465.00000", "2012-09-30": "493.00000", "2012-06-30": "648.00000", "2012-03-31": "648.00000", "2011-12-31": "745.00000", "2011-09-30": "639.00000", "2011-06-30": "768.00000", "2011-03-31": "529.00000", "2010-12-31": "525.00000", "2010-09-30": "435.00000", "2010-06-30": "396.00000", "2010-03-31": "246.00000", "2009-12-31": "385.00000", "2009-09-30": "147.00000", "2009-06-30": "121.00000", "2009-03-31": "29.00000", "2008-12-31": "102.00000", "2008-09-30": "383.00000", "2008-06-30": "468.00000", "2008-03-31": "319.00000", "2007-12-31": "305.00000", "2007-09-30": "289.00000", "2007-06-30": "341.00000", "2007-03-31": "223.00000", "2006-12-31": "296.00000", "2006-09-30": "278.00000", "2006-06-30": "309.00000", "2006-03-31": "248.00000", "2005-12-31": "263.00000", "2005-09-30": "232.00000", "2005-06-30": "231.00000", "2005-03-31": "168.00000"}, "Basic Shares Outstanding": {"2020-12-31": "148.00000", "2020-09-30": "147.90000", "2020-06-30": "147.60000", "2020-03-31": "149.30000", "2019-12-31": "155.40000", "2019-09-30": "155.90000", "2019-06-30": "157.40000", "2019-03-31": "157.20000", "2018-12-31": "162.20000", "2018-09-30": "161.30000", "2018-06-30": "163.80000", "2018-03-31": "164.90000", "2017-12-31": "166.70000", "2017-09-30": "166.30000", "2017-06-30": "167.30000", "2017-03-31": "167.50000", "2016-12-31": "169.03800", "2016-09-30": "167.80000", "2016-06-30": "168.80000", "2016-03-31": "171.80000", "2015-12-31": "178.03800", "2015-09-30": "177.00000", "2015-06-30": "179.20000", "2015-03-31": "180.60000", "2014-12-31": "182.63800", "2014-09-30": "182.20000", "2014-06-30": "182.80000", "2014-03-31": "184.30000", "2013-12-31": "186.99400", "2013-09-30": "186.00000", "2013-06-30": "187.80000", "2013-03-31": "188.40000", "2012-12-31": "189.28700", "2012-09-30": "188.60000", "2012-06-30": "189.80000", "2012-03-31": "190.40000", "2011-12-31": "192.97200", "2011-09-30": "192.10000", "2011-06-30": "193.80000", "2011-03-31": "195.50000", "2010-12-31": "196.69900", "2010-09-30": "195.80000", "2010-06-30": "196.90000", "2010-03-31": "198.40000", "2009-12-31": "197.44600", "2009-09-30": "197.40000", "2009-06-30": "197.10000", "2009-03-31": "196.80000", "2008-12-31": "194.95800", "2008-09-30": "194.90000", "2008-06-30": "195.20000", "2008-03-31": "195.10000", "2007-12-31": "198.44400", "2007-09-30": "198.20000", "2007-06-30": "199.90000", "2007-03-31": "200.00000", "2006-12-31": "190.50500", "2006-09-30": "201.40000", "2006-06-30": "183.00000", "2006-03-31": "177.40000", "2005-12-31": "177.00000", "2005-09-30": "177.60000", "2005-06-30": "176.40000", "2005-03-31": "175.60000"}, "Shares Outstanding": {"2020-12-31": "149.30000", "2020-09-30": "148.90000", "2020-06-30": "148.00000", "2020-03-31": "149.70000", "2019-12-31": "156.10000", "2019-09-30": "156.60000", "2019-06-30": "158.00000", "2019-03-31": "157.70000", "2018-12-31": "162.80000", "2018-09-30": "161.80000", "2018-06-30": "164.30000", "2018-03-31": "165.70000", "2017-12-31": "167.30000", "2017-09-30": "167.00000", "2017-06-30": "167.80000", "2017-03-31": "168.00000", "2016-12-31": "169.33700", "2016-09-30": "168.20000", "2016-06-30": "169.00000", "2016-03-31": "172.00000", "2015-12-31": "178.40700", "2015-09-30": "177.40000", "2015-06-30": "179.60000", "2015-03-31": "181.00000", "2014-12-31": "183.07900", "2014-09-30": "182.70000", "2014-06-30": "183.20000", "2014-03-31": "184.70000", "2013-12-31": "187.41800", "2013-09-30": "186.50000", "2013-06-30": "188.20000", "2013-03-31": "188.80000", "2012-12-31": "189.66900", "2012-09-30": "189.00000", "2012-06-30": "190.10000", "2012-03-31": "190.80000", "2011-12-31": "193.59800", "2011-09-30": "192.70000", "2011-06-30": "194.40000", "2011-03-31": "196.10000", "2010-12-31": "197.14800", "2010-09-30": "196.30000", "2010-06-30": "197.30000", "2010-03-31": "198.70000", "2009-12-31": "197.69500", "2009-09-30": "197.80000", "2009-06-30": "197.40000", "2009-03-31": "197.00000", "2008-12-31": "196.53100", "2008-09-30": "196.50000", "2008-06-30": "196.60000", "2008-03-31": "196.40000", "2007-12-31": "199.89800", "2007-09-30": "199.80000", "2007-06-30": "201.30000", "2007-03-31": "201.10000", "2006-12-31": "203.10700", "2006-09-30": "203.00000", "2006-06-30": "203.40000", "2006-03-31": "204.00000", "2005-12-31": "204.40000", "2005-09-30": "204.80000", "2005-06-30": "204.00000", "2005-03-31": "203.20000"}, "Basic EPS": {"2020-12-31": "3.39000", "2020-09-30": "3.39000", "2020-06-30": "1.87000", "2020-03-31": "3.42000", "2019-12-31": "2.04000", "2019-09-30": "3.99000", "2019-06-30": "4.29000", "2019-03-31": "4.22000", "2018-12-31": "3.61000", "2018-09-30": "4.29000", "2018-06-30": "3.33000", "2018-03-31": "1.97000", "2017-12-31": "-1.62000", "2017-09-30": "2.72000", "2017-06-30": "2.53000", "2017-03-31": "2.36000", "2016-12-31": "2.25000", "2016-09-30": "1.72000", "2016-06-30": "2.41000", "2016-03-31": "1.87000", "2015-12-31": "0.94000", "2015-09-30": "2.15000", "2015-06-30": "2.63000", "2015-03-31": "2.14000", "2014-12-31": "2.45000", "2014-09-30": "2.32000", "2014-06-30": "2.44000", "2014-03-31": "1.83000", "2013-12-31": "2.32000", "2013-09-30": "1.91000", "2013-06-30": "2.20000", "2013-03-31": "1.50000", "2012-12-31": "1.96000", "2012-09-30": "1.87000", "2012-06-30": "2.47000", "2012-03-31": "2.39000", "2011-12-31": "2.87000", "2011-09-30": "2.35000", "2011-06-30": "2.61000", "2011-03-31": "1.75000", "2010-12-31": "1.84000", "2010-09-30": "1.45000", "2010-06-30": "1.25000", "2010-03-31": "0.75000", "2009-12-31": "1.37000", "2009-09-30": "0.48000", "2009-06-30": "0.28000", "2009-03-31": "0.04000", "2008-12-31": "0.22000", "2008-09-30": "1.18000", "2008-06-30": "1.50000", "2008-03-31": "0.97000", "2007-12-31": "1.00000", "2007-09-30": "0.93000", "2007-06-30": "1.07000", "2007-03-31": "0.72000", "2006-12-31": "0.95000", "2006-09-30": "0.85000", "2006-06-30": "1.20000", "2006-03-31": "0.76000", "2005-12-31": "0.94250", "2005-09-30": "0.81750", "2005-06-30": "0.80000", "2005-03-31": "0.55000"}, "EPS - Earnings Per Share": {"2020-12-31": "3.36000", "2020-09-30": "3.36000", "2020-06-30": "1.86000", "2020-03-31": "3.41000", "2019-12-31": "2.04000", "2019-09-30": "3.97000", "2019-06-30": "4.27000", "2019-03-31": "4.20000", "2018-12-31": "3.59000", "2018-09-30": "4.28000", "2018-06-30": "3.32000", "2018-03-31": "1.96000", "2017-12-31": "-1.63000", "2017-09-30": "2.71000", "2017-06-30": "2.53000", "2017-03-31": "2.36000", "2016-12-31": "2.24000", "2016-09-30": "1.72000", "2016-06-30": "2.40000", "2016-03-31": "1.87000", "2015-12-31": "0.94000", "2015-09-30": "2.14000", "2015-06-30": "2.62000", "2015-03-31": "2.14000", "2014-12-31": "2.44000", "2014-09-30": "2.32000", "2014-06-30": "2.43000", "2014-03-31": "1.83000", "2013-12-31": "2.32000", "2013-09-30": "1.90000", "2013-06-30": "2.20000", "2013-03-31": "1.49000", "2012-12-31": "1.96000", "2012-09-30": "1.86000", "2012-06-30": "2.47000", "2012-03-31": "2.38000", "2011-12-31": "2.85000", "2011-09-30": "2.35000", "2011-06-30": "2.60000", "2011-03-31": "1.75000", "2010-12-31": "1.84000", "2010-09-30": "1.44000", "2010-06-30": "1.25000", "2010-03-31": "0.75000", "2009-12-31": "1.36000", "2009-09-30": "0.48000", "2009-06-30": "0.28000", "2009-03-31": "0.04000", "2008-12-31": "0.21000", "2008-09-30": "1.17000", "2008-06-30": "1.49000", "2008-03-31": "0.97000", "2007-12-31": "1.01000", "2007-09-30": "0.92000", "2007-06-30": "1.06000", "2007-03-31": "0.71000", "2006-12-31": "0.93500", "2006-09-30": "0.84500", "2006-06-30": "1.09500", "2006-03-31": "0.67500", "2005-12-31": "0.82750", "2005-09-30": "0.72500", "2005-06-30": "0.70750", "2005-03-31": "0.49000"}}, "balance sheet": {"Cash On Hand": {"2020-12-31": "3862.00000", "2019-12-31": "1470.00000", "2018-12-31": "1525.00000", "2017-12-31": "1567.00000", "2016-12-31": "1380.00000", "2015-12-31": "1811.00000", "2014-12-31": "2394.00000", "2013-12-31": "2849.00000", "2012-12-31": "1616.00000", "2011-12-31": "1761.00000", "2010-12-31": "1362.00000", "2009-12-31": "1120.00000", "2008-12-31": "503.00000", "2007-12-31": "697.00000", "2006-12-31": "935.00000", "2005-12-31": "840.00000"}, "Receivables": {"2020-12-31": "3820.00000", "2019-12-31": "3670.00000", "2018-12-31": "3866.00000", "2017-12-31": "3618.00000", "2016-12-31": "3025.00000", "2015-12-31": "2820.00000", "2014-12-31": "2946.00000", "2013-12-31": "2649.00000", "2012-12-31": "2475.00000", "2011-12-31": "2526.00000", "2010-12-31": "2243.00000", "2009-12-31": "2004.00000", "2008-12-31": "1782.00000", "2007-12-31": "1998.00000", "2006-12-31": "1767.00000", "2005-12-31": "1423.00000"}, "Inventory": {"2020-12-31": "3425.00000", "2019-12-31": "3486.00000", "2018-12-31": "3759.00000", "2017-12-31": "3166.00000", "2016-12-31": "2675.00000", "2015-12-31": "2707.00000", "2014-12-31": "2866.00000", "2013-12-31": "2381.00000", "2012-12-31": "2221.00000", "2011-12-31": "2141.00000", "2010-12-31": "1977.00000", "2009-12-31": "1341.00000", "2008-12-31": "1783.00000", "2007-12-31": "1692.00000", "2006-12-31": "1393.00000", "2005-12-31": "1174.00000"}, "Pre-Paid Expenses": {"2020-12-31": "790.00000", "2019-12-31": "761.00000", "2018-12-31": "668.00000", "2017-12-31": "577.00000", "2016-12-31": "627.00000", "2015-12-31": "609.00000", "2014-12-31": "849.00000", "2013-12-31": "760.00000", "2012-12-31": "855.00000", "2011-12-31": "663.00000", "2010-12-31": "393.00000", "2009-12-31": "294.00000", "2008-12-31": "298.00000", "2007-12-31": "152.00000", "2006-12-31": "116.00000", "2005-12-31": "116.00000"}, "Other Current Assets": {"2020-12-31": "", "2019-12-31": "", "2018-12-31": "", "2017-12-31": "", "2016-12-31": "", "2015-12-31": "", "2014-12-31": "", "2013-12-31": "", "2012-12-31": "", "2011-12-31": "", "2010-12-31": "", "2009-12-31": "", "2008-12-31": "", "2007-12-31": "", "2006-12-31": "", "2005-12-31": ""}, "Total Current Assets": {"2020-12-31": "11897.00000", "2019-12-31": "9387.00000", "2018-12-31": "9818.00000", "2017-12-31": "8928.00000", "2016-12-31": "7707.00000", "2015-12-31": "7947.00000", "2014-12-31": "9055.00000", "2013-12-31": "8639.00000", "2012-12-31": "7167.00000", "2011-12-31": "7091.00000", "2010-12-31": "6289.00000", "2009-12-31": "5003.00000", "2008-12-31": "4713.00000", "2007-12-31": "4815.00000", "2006-12-31": "4488.00000", "2005-12-31": "3916.00000"}, "Property, Plant, And Equipment": {"2020-12-31": "4255.00000", "2019-12-31": "4245.00000", "2018-12-31": "4096.00000", "2017-12-31": "3927.00000", "2016-12-31": "3800.00000", "2015-12-31": "3745.00000", "2014-12-31": "3686.00000", "2013-12-31": "3156.00000", "2012-12-31": "2724.00000", "2011-12-31": "2288.00000", "2010-12-31": "2041.00000", "2009-12-31": "1886.00000", "2008-12-31": "1841.00000", "2007-12-31": "1645.00000", "2006-12-31": "1574.00000", "2005-12-31": "1557.00000"}, "Long-Term Investments": {"2020-12-31": "1441.00000", "2019-12-31": "1237.00000", "2018-12-31": "1222.00000", "2017-12-31": "1156.00000", "2016-12-31": "946.00000", "2015-12-31": "975.00000", "2014-12-31": "981.00000", "2013-12-31": "931.00000", "2012-12-31": "897.00000", "2011-12-31": "838.00000", "2010-12-31": "734.00000", "2009-12-31": "574.00000", "2008-12-31": "588.00000", "2007-12-31": "514.00000", "2006-12-31": "345.00000", "2005-12-31": "278.00000"}, "Goodwill And Intangible Assets": {"2020-12-31": "2256.00000", "2019-12-31": "2289.00000", "2018-12-31": "2035.00000", "2017-12-31": "2055.00000", "2016-12-31": "812.00000", "2015-12-31": "810.00000", "2014-12-31": "822.00000", "2013-12-31": "818.00000", "2012-12-31": "814.00000", "2011-12-31": "566.00000", "2010-12-31": "589.00000", "2009-12-31": "592.00000", "2008-12-31": "585.00000", "2007-12-31": "538.00000", "2006-12-31": "484.00000", "2005-12-31": "458.00000"}, "Other Long-Term Assets": {"2020-12-31": "1733.00000", "2019-12-31": "1578.00000", "2018-12-31": "962.00000", "2017-12-31": "966.00000", "2016-12-31": "1015.00000", "2015-12-31": "922.00000", "2014-12-31": "583.00000", "2013-12-31": "670.00000", "2012-12-31": "764.00000", "2011-12-31": "885.00000", "2010-12-31": "749.00000", "2009-12-31": "325.00000", "2008-12-31": "301.00000", "2007-12-31": "412.00000", "2006-12-31": "141.00000", "2005-12-31": "176.00000"}, "Total Long-Term Assets": {"2020-12-31": "10727.00000", "2019-12-31": "10350.00000", "2018-12-31": "9244.00000", "2017-12-31": "9147.00000", "2016-12-31": "7304.00000", "2015-12-31": "7187.00000", "2014-12-31": "6709.00000", "2013-12-31": "6089.00000", "2012-12-31": "5381.00000", "2011-12-31": "4577.00000", "2010-12-31": "4113.00000", "2009-12-31": "3813.00000", "2008-12-31": "3806.00000", "2007-12-31": "3380.00000", "2006-12-31": "2977.00000", "2005-12-31": "2969.00000"}, "Total Assets": {"2020-12-31": "22624.00000", "2019-12-31": "19737.00000", "2018-12-31": "19062.00000", "2017-12-31": "18075.00000", "2016-12-31": "15011.00000", "2015-12-31": "15134.00000", "2014-12-31": "15764.00000", "2013-12-31": "14728.00000", "2012-12-31": "12548.00000", "2011-12-31": "11668.00000", "2010-12-31": "10402.00000", "2009-12-31": "8816.00000", "2008-12-31": "8519.00000", "2007-12-31": "8195.00000", "2006-12-31": "7465.00000", "2005-12-31": "6885.00000"}, "Total Current Liabilities": {"2020-12-31": "6335.00000", "2019-12-31": "6260.00000", "2018-12-31": "6384.00000", "2017-12-31": "5677.00000", "2016-12-31": "4325.00000", "2015-12-31": "3803.00000", "2014-12-31": "4021.00000", "2013-12-31": "3368.00000", "2012-12-31": "3136.00000", "2011-12-31": "3657.00000", "2010-12-31": "3260.00000", "2009-12-31": "2432.00000", "2008-12-31": "2639.00000", "2007-12-31": "2711.00000", "2006-12-31": "2399.00000", "2005-12-31": "2218.00000"}, "Long Term Debt": {"2020-12-31": "3610.00000", "2019-12-31": "1576.00000", "2018-12-31": "1597.00000", "2017-12-31": "1588.00000", "2016-12-31": "1568.00000", "2015-12-31": "1576.00000", "2014-12-31": "1577.00000", "2013-12-31": "1672.00000", "2012-12-31": "698.00000", "2011-12-31": "658.00000", "2010-12-31": "709.00000", "2009-12-31": "637.00000", "2008-12-31": "629.00000", "2007-12-31": "555.00000", "2006-12-31": "647.00000", "2005-12-31": "1213.00000"}, "Other Non-Current Liabilities": {"2020-12-31": "2220.00000", "2019-12-31": "2024.00000", "2018-12-31": "1632.00000", "2017-12-31": "1423.00000", "2016-12-31": "1289.00000", "2015-12-31": "1358.00000", "2014-12-31": "1415.00000", "2013-12-31": "1230.00000", "2012-12-31": "1064.00000", "2011-12-31": "1090.00000", "2010-12-31": "803.00000", "2009-12-31": "760.00000", "2008-12-31": "745.00000", "2007-12-31": "594.00000", "2006-12-31": "473.00000", "2005-12-31": "415.00000"}, "Total Long Term Liabilities": {"2020-12-31": "7300.00000", "2019-12-31": "5012.00000", "2018-12-31": "4419.00000", "2017-12-31": "4234.00000", "2016-12-31": "3512.00000", "2015-12-31": "3581.00000", "2014-12-31": "3650.00000", "2013-12-31": "3490.00000", "2012-12-31": "2438.00000", "2011-12-31": "2180.00000", "2010-12-31": "2146.00000", "2009-12-31": "2364.00000", "2008-12-31": "2400.00000", "2007-12-31": "2075.00000", "2006-12-31": "2264.00000", "2005-12-31": "2803.00000"}, "Total Liabilities": {"2020-12-31": "13635.00000", "2019-12-31": "11272.00000", "2018-12-31": "10803.00000", "2017-12-31": "9911.00000", "2016-12-31": "7837.00000", "2015-12-31": "7384.00000", "2014-12-31": "7671.00000", "2013-12-31": "6858.00000", "2012-12-31": "5574.00000", "2011-12-31": "5837.00000", "2010-12-31": "5406.00000", "2009-12-31": "4796.00000", "2008-12-31": "5039.00000", "2007-12-31": "4786.00000", "2006-12-31": "4663.00000", "2005-12-31": "5021.00000"}, "Common Stock Net": {"2020-12-31": "2404.00000", "2019-12-31": "2346.00000", "2018-12-31": "2271.00000", "2017-12-31": "2210.00000", "2016-12-31": "2153.00000", "2015-12-31": "2178.00000", "2014-12-31": "2139.00000", "2013-12-31": "2099.00000", "2012-12-31": "2058.00000", "2011-12-31": "2001.00000", "2010-12-31": "1934.00000", "2009-12-31": "1860.00000", "2008-12-31": "1793.00000", "2007-12-31": "1719.00000", "2006-12-31": "137.00000", "2005-12-31": "121.00000"}, "Retained Earnings (Accumulated Deficit)": {"2020-12-31": "15419.00000", "2019-12-31": "14416.00000", "2018-12-31": "12917.00000", "2017-12-31": "11464.00000", "2016-12-31": "11040.00000", "2015-12-31": "10322.00000", "2014-12-31": "9545.00000", "2013-12-31": "8406.00000", "2012-12-31": "7343.00000", "2011-12-31": "6038.00000", "2010-12-31": "4445.00000", "2009-12-31": "3575.00000", "2008-12-31": "3288.00000", "2007-12-31": "2660.00000", "2006-12-31": "2009.00000", "2005-12-31": "1360.00000"}, "Comprehensive Income": {"2020-12-31": "-1982.00000", "2019-12-31": "-2028.00000", "2018-12-31": "-1807.00000", "2017-12-31": "-1503.00000", "2016-12-31": "-1821.00000", "2015-12-31": "-1348.00000", "2014-12-31": "-1078.00000", "2013-12-31": "-784.00000", "2012-12-31": "-950.00000", "2011-12-31": "-938.00000", "2010-12-31": "-720.00000", "2009-12-31": "-895.00000", "2008-12-31": "-1066.00000", "2007-12-31": "-287.00000", "2006-12-31": "-526.00000", "2005-12-31": "-603.00000"}, "Other Share Holders Equity": {"2020-12-31": "", "2019-12-31": "", "2018-12-31": "", "2017-12-31": "", "2016-12-31": "", "2015-12-31": "", "2014-12-31": "", "2013-12-31": "", "2012-12-31": "", "2011-12-31": "", "2010-12-31": "", "2009-12-31": "", "2008-12-31": "", "2007-12-31": "", "2006-12-31": "", "2005-12-31": ""}, "Share Holder Equity": {"2020-12-31": "8989.00000", "2019-12-31": "8465.00000", "2018-12-31": "8259.00000", "2017-12-31": "8164.00000", "2016-12-31": "7174.00000", "2015-12-31": "7750.00000", "2014-12-31": "8093.00000", "2013-12-31": "7870.00000", "2012-12-31": "6974.00000", "2011-12-31": "5831.00000", "2010-12-31": "4996.00000", "2009-12-31": "4020.00000", "2008-12-31": "3480.00000", "2007-12-31": "3409.00000", "2006-12-31": "2802.00000", "2005-12-31": "1864.00000"}, "Total Liabilities And Share Holders Equity": {"2020-12-31": "22624.00000", "2019-12-31": "19737.00000", "2018-12-31": "19062.00000", "2017-12-31": "18075.00000", "2016-12-31": "15011.00000", "2015-12-31": "15134.00000", "2014-12-31": "15764.00000", "2013-12-31": "14728.00000", "2012-12-31": "12548.00000", "2011-12-31": "11668.00000", "2010-12-31": "10402.00000", "2009-12-31": "8816.00000", "2008-12-31": "8519.00000", "2007-12-31": "8195.00000", "2006-12-31": "7465.00000", "2005-12-31": "6885.00000"}}, "balance sheet, quarterly": {"Cash On Hand": {"2020-12-31": "3862.00000", "2020-09-30": "3312.00000", "2020-06-30": "2104.00000", "2020-03-31": "2030.00000", "2019-12-31": "1470.00000", "2019-09-30": "1863.00000", "2019-06-30": "1732.00000", "2019-03-31": "1574.00000", "2018-12-31": "1525.00000", "2018-09-30": "1407.00000", "2018-06-30": "1532.00000", "2018-03-31": "1387.00000", "2017-12-31": "1567.00000", "2017-09-30": "1444.00000", "2017-06-30": "1467.00000", "2017-03-31": "1467.00000", "2016-12-31": "1380.00000", "2016-09-30": "1501.00000", "2016-06-30": "1280.00000", "2016-03-31": "1274.00000", "2015-12-31": "1811.00000", "2015-09-30": "1723.00000", "2015-06-30": "1849.00000", "2015-03-31": "2112.00000", "2014-12-31": "2394.00000", "2014-09-30": "2381.00000", "2014-06-30": "2377.00000", "2014-03-31": "2307.00000", "2013-12-31": "2849.00000", "2013-09-30": "2661.00000", "2013-06-30": "1587.00000", "2013-03-31": "1679.00000", "2012-12-31": "1616.00000", "2012-09-30": "1272.00000", "2012-06-30": "1406.00000", "2012-03-31": "1569.00000", "2011-12-31": "1761.00000", "2011-09-30": "1438.00000", "2011-06-30": "1474.00000", "2011-03-31": "1086.00000", "2010-12-31": "1362.00000", "2010-09-30": "1245.00000", "2010-06-30": "1193.00000", "2010-03-31": "1102.00000", "2009-12-31": "1120.00000", "2009-09-30": "834.00000", "2009-06-30": "551.00000", "2009-03-31": "418.00000", "2008-12-31": "503.00000", "2008-09-30": "655.00000", "2008-06-30": "629.00000", "2008-03-31": "554.00000", "2007-12-31": "697.00000", "2007-09-30": "744.00000", "2007-06-30": "731.00000", "2007-03-31": "590.00000", "2006-12-31": "935.00000", "2006-09-30": "1109.00000", "2006-06-30": "944.00000", "2006-03-31": "734.00000", "2005-12-31": "840.00000", "2005-09-30": "614.00000", "2005-06-30": "457.00000", "2005-03-31": "309.00000"}, "Receivables": {"2020-12-31": "3820.00000", "2020-09-30": "3628.00000", "2020-06-30": "3441.00000", "2020-03-31": "3505.00000", "2019-12-31": "3670.00000", "2019-09-30": "3934.00000", "2019-06-30": "4179.00000", "2019-03-31": "4025.00000", "2018-12-31": "3866.00000", "2018-09-30": "3929.00000", "2018-06-30": "4095.00000", "2018-03-31": "3845.00000", "2017-12-31": "3618.00000", "2017-09-30": "3810.00000", "2017-06-30": "3553.00000", "2017-03-31": "3247.00000", "2016-12-31": "3025.00000", "2016-09-30": "2873.00000", "2016-06-30": "3023.00000", "2016-03-31": "2921.00000", "2015-12-31": "2820.00000", "2015-09-30": "3159.00000", "2015-06-30": "3422.00000", "2015-03-31": "3240.00000", "2014-12-31": "2946.00000", "2014-09-30": "3059.00000", "2014-06-30": "3188.00000", "2014-03-31": "2949.00000", "2013-12-31": "2649.00000", "2013-09-30": "2709.00000", "2013-06-30": "2745.00000", "2013-03-31": "2496.00000", "2012-12-31": "2475.00000", "2012-09-30": "2503.00000", "2012-06-30": "2620.00000", "2012-03-31": "2684.00000", "2011-12-31": "2526.00000", "2011-09-30": "2666.00000", "2011-06-30": "2780.00000", "2011-03-31": "2570.00000", "2010-12-31": "2243.00000", "2010-09-30": "2235.00000", "2010-06-30": "2052.00000", "2010-03-31": "1727.00000", "2009-12-31": "2004.00000", "2009-09-30": "1731.00000", "2009-06-30": "1725.00000", "2009-03-31": "1729.00000", "2008-12-31": "1782.00000", "2008-09-30": "2303.00000", "2008-06-30": "2377.00000", "2008-03-31": "2224.00000", "2007-12-31": "1998.00000", "2007-09-30": "2025.00000", "2007-06-30": "2071.00000", "2007-03-31": "1917.00000", "2006-12-31": "1767.00000", "2006-09-30": "1689.00000", "2006-06-30": "1691.00000", "2006-03-31": "1620.00000", "2005-12-31": "1423.00000", "2005-09-30": "1538.00000", "2005-06-30": "1487.00000", "2005-03-31": "1437.00000"}, "Inventory": {"2020-12-31": "3425.00000", "2020-09-30": "3470.00000", "2020-06-30": "3655.00000", "2020-03-31": "3579.00000", "2019-12-31": "3486.00000", "2019-09-30": "3821.00000", "2019-06-30": "3896.00000", "2019-03-31": "3893.00000", "2018-12-31": "3759.00000", "2018-09-30": "3831.00000", "2018-06-30": "3559.00000", "2018-03-31": "3411.00000", "2017-12-31": "3166.00000", "2017-09-30": "3146.00000", "2017-06-30": "2982.00000", "2017-03-31": "2894.00000", "2016-12-31": "2675.00000", "2016-09-30": "2820.00000", "2016-06-30": "2778.00000", "2016-03-31": "2759.00000", "2015-12-31": "2707.00000", "2015-09-30": "3059.00000", "2015-06-30": "2986.00000", "2015-03-31": "2936.00000", "2014-12-31": "2866.00000", "2014-09-30": "2833.00000", "2014-06-30": "2745.00000", "2014-03-31": "2580.00000", "2013-12-31": "2381.00000", "2013-09-30": "2513.00000", "2013-06-30": "2475.00000", "2013-03-31": "2387.00000", "2012-12-31": "2221.00000", "2012-09-30": "2570.00000", "2012-06-30": "2581.00000", "2012-03-31": "2382.00000", "2011-12-31": "2141.00000", "2011-09-30": "2295.00000", "2011-06-30": "2275.00000", "2011-03-31": "2202.00000", "2010-12-31": "1977.00000", "2010-09-30": "1910.00000", "2010-06-30": "1652.00000", "2010-03-31": "1549.00000", "2009-12-31": "1341.00000", "2009-09-30": "1461.00000", "2009-06-30": "1535.00000", "2009-03-31": "1738.00000", "2008-12-31": "1783.00000", "2008-09-30": "1991.00000", "2008-06-30": "1924.00000", "2008-03-31": "1877.00000", "2007-12-31": "1692.00000", "2007-09-30": "1770.00000", "2007-06-30": "1652.00000", "2007-03-31": "1563.00000", "2006-12-31": "1393.00000", "2006-09-30": "1405.00000", "2006-06-30": "1314.00000", "2006-03-31": "1251.00000", "2005-12-31": "1174.00000", "2005-09-30": "1198.00000", "2005-06-30": "1095.00000", "2005-03-31": "1065.00000"}, "Pre-Paid Expenses": {"2020-12-31": "790.00000", "2020-09-30": "652.00000", "2020-06-30": "634.00000", "2020-03-31": "676.00000", "2019-12-31": "761.00000", "2019-09-30": "610.00000", "2019-06-30": "643.00000", "2019-03-31": "599.00000", "2018-12-31": "668.00000", "2018-09-30": "696.00000", "2018-06-30": "649.00000", "2018-03-31": "558.00000", "2017-12-31": "577.00000", "2017-09-30": "656.00000", "2017-06-30": "600.00000", "2017-03-31": "551.00000", "2016-12-31": "627.00000", "2016-09-30": "600.00000", "2016-06-30": "549.00000", "2016-03-31": "514.00000", "2015-12-31": "609.00000", "2015-09-30": "921.00000", "2015-06-30": "746.00000", "2015-03-31": "712.00000", "2014-12-31": "849.00000", "2014-09-30": "795.00000", "2014-06-30": "770.00000", "2014-03-31": "663.00000", "2013-12-31": "760.00000", "2013-09-30": "643.00000", "2013-06-30": "597.00000", "2013-03-31": "658.00000", "2012-12-31": "855.00000", "2012-09-30": "770.00000", "2012-06-30": "639.00000", "2012-03-31": "682.00000", "2011-12-31": "663.00000", "2011-09-30": "350.00000", "2011-06-30": "303.00000", "2011-03-31": "329.00000", "2010-12-31": "393.00000", "2010-09-30": "260.00000", "2010-06-30": "236.00000", "2010-03-31": "240.00000", "2009-12-31": "294.00000", "2009-09-30": "254.00000", "2009-06-30": "198.00000", "2009-03-31": "196.00000", "2008-12-31": "298.00000", "2008-09-30": "191.00000", "2008-06-30": "186.00000", "2008-03-31": "189.00000", "2007-12-31": "152.00000", "2007-09-30": "143.00000", "2007-06-30": "128.00000", "2007-03-31": "119.00000", "2006-12-31": "116.00000", "2006-09-30": "146.00000", "2006-06-30": "139.00000", "2006-03-31": "118.00000", "2005-12-31": "116.00000", "2005-09-30": "97.00000", "2005-06-30": "103.00000", "2005-03-31": "102.00000"}, "Other Current Assets": {"2020-12-31": "", "2020-09-30": "", "2020-06-30": "", "2020-03-31": "", "2019-12-31": "", "2019-09-30": "", "2019-06-30": "", "2019-03-31": "", "2018-12-31": "", "2018-09-30": "", "2018-06-30": "", "2018-03-31": "", "2017-12-31": "", "2017-09-30": "", "2017-06-30": "", "2017-03-31": "", "2016-12-31": "", "2016-09-30": "", "2016-06-30": "", "2016-03-31": "", "2015-12-31": "", "2015-09-30": "", "2015-06-30": "", "2015-03-31": "", "2014-12-31": "", "2014-09-30": "", "2014-06-30": "", "2014-03-31": "", "2013-12-31": "", "2013-09-30": "", "2013-06-30": "", "2013-03-31": "", "2012-12-31": "", "2012-09-30": "", "2012-06-30": "", "2012-03-31": "", "2011-12-31": "", "2011-09-30": "", "2011-06-30": "", "2011-03-31": "", "2010-12-31": "", "2010-09-30": "", "2010-06-30": "", "2010-03-31": "", "2009-12-31": "", "2009-09-30": "", "2009-06-30": "", "2009-03-31": "", "2008-12-31": "", "2008-09-30": "", "2008-06-30": "", "2008-03-31": "", "2007-12-31": "", "2007-09-30": "", "2007-06-30": "", "2007-03-31": "", "2006-12-31": "", "2006-09-30": "", "2006-06-30": "", "2006-03-31": "", "2005-12-31": "", "2005-09-30": "", "2005-06-30": "", "2005-03-31": ""}, "Total Current Assets": {"2020-12-31": "11897.00000", "2020-09-30": "11062.00000", "2020-06-30": "9834.00000", "2020-03-31": "9790.00000", "2019-12-31": "9387.00000", "2019-09-30": "10228.00000", "2019-06-30": "10450.00000", "2019-03-31": "10091.00000", "2018-12-31": "9818.00000", "2018-09-30": "9863.00000", "2018-06-30": "9835.00000", "2018-03-31": "9201.00000", "2017-12-31": "8928.00000", "2017-09-30": "9056.00000", "2017-06-30": "8602.00000", "2017-03-31": "8159.00000", "2016-12-31": "7707.00000", "2016-09-30": "7794.00000", "2016-06-30": "7630.00000", "2016-03-31": "7468.00000", "2015-12-31": "7947.00000", "2015-09-30": "8862.00000", "2015-06-30": "9003.00000", "2015-03-31": "9000.00000", "2014-12-31": "9055.00000", "2014-09-30": "9068.00000", "2014-06-30": "9080.00000", "2014-03-31": "8499.00000", "2013-12-31": "8639.00000", "2013-09-30": "8526.00000", "2013-06-30": "7404.00000", "2013-03-31": "7220.00000", "2012-12-31": "7167.00000", "2012-09-30": "7115.00000", "2012-06-30": "7246.00000", "2012-03-31": "7317.00000", "2011-12-31": "7091.00000", "2011-09-30": "7026.00000", "2011-06-30": "7137.00000", "2011-03-31": "6494.00000", "2010-12-31": "6289.00000", "2010-09-30": "5978.00000", "2010-06-30": "5445.00000", "2010-03-31": "4920.00000", "2009-12-31": "5003.00000", "2009-09-30": "4643.00000", "2009-06-30": "4373.00000", "2009-03-31": "4434.00000", "2008-12-31": "4713.00000", "2008-09-30": "5448.00000", "2008-06-30": "5412.00000", "2008-03-31": "5132.00000", "2007-12-31": "4815.00000", "2007-09-30": "4947.00000", "2007-06-30": "4852.00000", "2007-03-31": "4463.00000", "2006-12-31": "4488.00000", "2006-09-30": "4662.00000", "2006-06-30": "4421.00000", "2006-03-31": "4088.00000", "2005-12-31": "3916.00000", "2005-09-30": "3686.00000", "2005-06-30": "3397.00000", "2005-03-31": "3202.00000"}, "Property, Plant, And Equipment": {"2020-12-31": "4255.00000", "2020-09-30": "4087.00000", "2020-06-30": "4067.00000", "2020-03-31": "4128.00000", "2019-12-31": "4245.00000", "2019-09-30": "4056.00000", "2019-06-30": "4077.00000", "2019-03-31": "4066.00000", "2018-12-31": "4096.00000", "2018-09-30": "3870.00000", "2018-06-30": "3824.00000", "2018-03-31": "3892.00000", "2017-12-31": "3927.00000", "2017-09-30": "3816.00000", "2017-06-30": "3787.00000", "2017-03-31": "3802.00000", "2016-12-31": "3800.00000", "2016-09-30": "3677.00000", "2016-06-30": "3703.00000", "2016-03-31": "3712.00000", "2015-12-31": "3745.00000", "2015-09-30": "3717.00000", "2015-06-30": "3653.00000", "2015-03-31": "3637.00000", "2014-12-31": "3686.00000", "2014-09-30": "3464.00000", "2014-06-30": "3329.00000", "2014-03-31": "3232.00000", "2013-12-31": "3156.00000", "2013-09-30": "2948.00000", "2013-06-30": "2882.00000", "2013-03-31": "2769.00000", "2012-12-31": "2724.00000", "2012-09-30": "2557.00000", "2012-06-30": "2424.00000", "2012-03-31": "2391.00000", "2011-12-31": "2288.00000", "2011-09-30": "2168.00000", "2011-06-30": "2117.00000", "2011-03-31": "2064.00000", "2010-12-31": "2041.00000", "2010-09-30": "1891.00000", "2010-06-30": "1838.00000", "2010-03-31": "1862.00000", "2009-12-31": "1886.00000", "2009-09-30": "1859.00000", "2009-06-30": "1860.00000", "2009-03-31": "1833.00000", "2008-12-31": "1841.00000", "2008-09-30": "1740.00000", "2008-06-30": "1700.00000", "2008-03-31": "1672.00000", "2007-12-31": "1645.00000", "2007-09-30": "1544.00000", "2007-06-30": "1536.00000", "2007-03-31": "1541.00000", "2006-12-31": "1574.00000", "2006-09-30": "1545.00000", "2006-06-30": "1519.00000", "2006-03-31": "1535.00000", "2005-12-31": "1557.00000", "2005-09-30": "1555.00000", "2005-06-30": "1577.00000", "2005-03-31": "1606.00000"}, "Long-Term Investments": {"2020-12-31": "1441.00000", "2020-09-30": "1418.00000", "2020-06-30": "1362.00000", "2020-03-31": "1304.00000", "2019-12-31": "1237.00000", "2019-09-30": "1250.00000", "2019-06-30": "1274.00000", "2019-03-31": "1303.00000", "2018-12-31": "1222.00000", "2018-09-30": "1255.00000", "2018-06-30": "1303.00000", "2018-03-31": "1288.00000", "2017-12-31": "1156.00000", "2017-09-30": "1213.00000", "2017-06-30": "1162.00000", "2017-03-31": "1059.00000", "2016-12-31": "946.00000", "2016-09-30": "1077.00000", "2016-06-30": "1073.00000", "2016-03-31": "1053.00000", "2015-12-31": "975.00000", "2015-09-30": "959.00000", "2015-06-30": "995.00000", "2015-03-31": "968.00000", "2014-12-31": "981.00000", "2014-09-30": "981.00000", "2014-06-30": "934.00000", "2014-03-31": "966.00000", "2013-12-31": "931.00000", "2013-09-30": "966.00000", "2013-06-30": "924.00000", "2013-03-31": "944.00000", "2012-12-31": "897.00000", "2012-09-30": "962.00000", "2012-06-30": "890.00000", "2012-03-31": "903.00000", "2011-12-31": "838.00000", "2011-09-30": "830.00000", "2011-06-30": "761.00000", "2011-03-31": "822.00000", "2010-12-31": "734.00000", "2010-09-30": "689.00000", "2010-06-30": "622.00000", "2010-03-31": "638.00000", "2009-12-31": "574.00000", "2009-09-30": "538.00000", "2009-06-30": "527.00000", "2009-03-31": "526.00000", "2008-12-31": "588.00000", "2008-09-30": "590.00000", "2008-06-30": "629.00000", "2008-03-31": "588.00000", "2007-12-31": "514.00000", "2007-09-30": "448.00000", "2007-06-30": "406.00000", "2007-03-31": "378.00000", "2006-12-31": "345.00000", "2006-09-30": "331.00000", "2006-06-30": "304.00000", "2006-03-31": "287.00000", "2005-12-31": "278.00000", "2005-09-30": "291.00000", "2005-06-30": "276.00000", "2005-03-31": "303.00000"}, "Goodwill And Intangible Assets": {"2020-12-31": "2256.00000", "2020-09-30": "2278.00000", "2020-06-30": "2301.00000", "2020-03-31": "2248.00000", "2019-12-31": "2289.00000", "2019-09-30": "2310.00000", "2019-06-30": "2026.00000", "2019-03-31": "2020.00000", "2018-12-31": "2035.00000", "2018-09-30": "2060.00000", "2018-06-30": "2019.00000", "2018-03-31": "2045.00000", "2017-12-31": "2055.00000", "2017-09-30": "2000.00000", "2017-06-30": "827.00000", "2017-03-31": "827.00000", "2016-12-31": "812.00000", "2016-09-30": "801.00000", "2016-06-30": "809.00000", "2016-03-31": "829.00000", "2015-12-31": "810.00000", "2015-09-30": "818.00000", "2015-06-30": "812.00000", "2015-03-31": "810.00000", "2014-12-31": "822.00000", "2014-09-30": "811.00000", "2014-06-30": "818.00000", "2014-03-31": "821.00000", "2013-12-31": "818.00000", "2013-09-30": "819.00000", "2013-06-30": "810.00000", "2013-03-31": "810.00000", "2012-12-31": "814.00000", "2012-09-30": "808.00000", "2012-06-30": "613.00000", "2012-03-31": "592.00000", "2011-12-31": "566.00000", "2011-09-30": "561.00000", "2011-06-30": "564.00000", "2011-03-31": "585.00000", "2010-12-31": "589.00000", "2010-09-30": "584.00000", "2010-06-30": "588.00000", "2010-03-31": "604.00000", "2009-12-31": "592.00000", "2009-09-30": "592.00000", "2009-06-30": "603.00000", "2009-03-31": "607.00000", "2008-12-31": "585.00000", "2008-09-30": "577.00000", "2008-06-30": "572.00000", "2008-03-31": "555.00000", "2007-12-31": "538.00000", "2007-09-30": "531.00000", "2007-06-30": "517.00000", "2007-03-31": "510.00000", "2006-12-31": "484.00000", "2006-09-30": "472.00000", "2006-06-30": "467.00000", "2006-03-31": "463.00000", "2005-12-31": "458.00000", "2005-09-30": "451.00000", "2005-06-30": "449.00000", "2005-03-31": "445.00000"}, "Other Long-Term Assets": {"2020-12-31": "1733.00000", "2020-09-30": "1713.00000", "2020-06-30": "1752.00000", "2020-03-31": "1617.00000", "2019-12-31": "1578.00000", "2019-09-30": "1532.00000", "2019-06-30": "1467.00000", "2019-03-31": "1427.00000", "2018-12-31": "962.00000", "2018-09-30": "922.00000", "2018-06-30": "912.00000", "2018-03-31": "908.00000", "2017-12-31": "966.00000", "2017-09-30": "995.00000", "2017-06-30": "1030.00000", "2017-03-31": "1002.00000", "2016-12-31": "1015.00000", "2016-09-30": "1014.00000", "2016-06-30": "1041.00000", "2016-03-31": "1002.00000", "2015-12-31": "922.00000", "2015-09-30": "656.00000", "2015-06-30": "631.00000", "2015-03-31": "607.00000", "2014-12-31": "583.00000", "2014-09-30": "619.00000", "2014-06-30": "668.00000", "2014-03-31": "611.00000", "2013-12-31": "670.00000", "2013-09-30": "1077.00000", "2013-06-30": "1028.00000", "2013-03-31": "1013.00000", "2012-12-31": "764.00000", "2012-09-30": "972.00000", "2012-06-30": "996.00000", "2012-03-31": "916.00000", "2011-12-31": "885.00000", "2011-09-30": "628.00000", "2011-06-30": "619.00000", "2011-03-31": "574.00000", "2010-12-31": "749.00000", "2010-09-30": "417.00000", "2010-06-30": "340.00000", "2010-03-31": "332.00000", "2009-12-31": "325.00000", "2009-09-30": "323.00000", "2009-06-30": "259.00000", "2009-03-31": "271.00000", "2008-12-31": "301.00000", "2008-09-30": "", "2008-06-30": "", "2008-03-31": "", "2007-12-31": "412.00000", "2007-09-30": "196.00000", "2007-06-30": "142.00000", "2007-03-31": "141.00000", "2006-12-31": "141.00000", "2006-09-30": "169.00000", "2006-06-30": "182.00000", "2006-03-31": "175.00000", "2005-12-31": "176.00000", "2005-09-30": "190.00000", "2005-06-30": "192.00000", "2005-03-31": "180.00000"}, "Total Long-Term Assets": {"2020-12-31": "10727.00000", "2020-09-30": "10506.00000", "2020-06-30": "10480.00000", "2020-03-31": "10286.00000", "2019-12-31": "10350.00000", "2019-09-30": "10118.00000", "2019-06-30": "9804.00000", "2019-03-31": "9755.00000", "2018-12-31": "9244.00000", "2018-09-30": "9129.00000", "2018-06-30": "9080.00000", "2018-03-31": "9191.00000", "2017-12-31": "9147.00000", "2017-09-30": "8936.00000", "2017-06-30": "7658.00000", "2017-03-31": "7475.00000", "2016-12-31": "7304.00000", "2016-09-30": "7342.00000", "2016-06-30": "7390.00000", "2016-03-31": "7359.00000", "2015-12-31": "7187.00000", "2015-09-30": "6935.00000", "2015-06-30": "6875.00000", "2015-03-31": "6736.00000", "2014-12-31": "6709.00000", "2014-09-30": "6576.00000", "2014-06-30": "6420.00000", "2014-03-31": "6252.00000", "2013-12-31": "6089.00000", "2013-09-30": "5810.00000", "2013-06-30": "5644.00000", "2013-03-31": "5536.00000", "2012-12-31": "5381.00000", "2012-09-30": "5299.00000", "2012-06-30": "4923.00000", "2012-03-31": "4802.00000", "2011-12-31": "4577.00000", "2011-09-30": "4312.00000", "2011-06-30": "4176.00000", "2011-03-31": "4232.00000", "2010-12-31": "4113.00000", "2010-09-30": "3894.00000", "2010-06-30": "3765.00000", "2010-03-31": "3849.00000", "2009-12-31": "3813.00000", "2009-09-30": "3712.00000", "2009-06-30": "3748.00000", "2009-03-31": "3744.00000", "2008-12-31": "3806.00000", "2008-09-30": "3537.00000", "2008-06-30": "3543.00000", "2008-03-31": "3493.00000", "2007-12-31": "3380.00000", "2007-09-30": "3085.00000", "2007-06-30": "2992.00000", "2007-03-31": "2985.00000", "2006-12-31": "2977.00000", "2006-09-30": "2917.00000", "2006-06-30": "2916.00000", "2006-03-31": "2909.00000", "2005-12-31": "2969.00000", "2005-09-30": "3176.00000", "2005-06-30": "3183.00000", "2005-03-31": "3223.00000"}, "Total Assets": {"2020-12-31": "22624.00000", "2020-09-30": "21568.00000", "2020-06-30": "20314.00000", "2020-03-31": "20076.00000", "2019-12-31": "19737.00000", "2019-09-30": "20346.00000", "2019-06-30": "20254.00000", "2019-03-31": "19846.00000", "2018-12-31": "19062.00000", "2018-09-30": "18992.00000", "2018-06-30": "18915.00000", "2018-03-31": "18392.00000", "2017-12-31": "18075.00000", "2017-09-30": "17992.00000", "2017-06-30": "16260.00000", "2017-03-31": "15634.00000", "2016-12-31": "15011.00000", "2016-09-30": "15136.00000", "2016-06-30": "15020.00000", "2016-03-31": "14827.00000", "2015-12-31": "15134.00000", "2015-09-30": "15797.00000", "2015-06-30": "15878.00000", "2015-03-31": "15736.00000", "2014-12-31": "15764.00000", "2014-09-30": "15644.00000", "2014-06-30": "15500.00000", "2014-03-31": "14751.00000", "2013-12-31": "14728.00000", "2013-09-30": "14336.00000", "2013-06-30": "13048.00000", "2013-03-31": "12756.00000", "2012-12-31": "12548.00000", "2012-09-30": "12414.00000", "2012-06-30": "12169.00000", "2012-03-31": "12119.00000", "2011-12-31": "11668.00000", "2011-09-30": "11338.00000", "2011-06-30": "11313.00000", "2011-03-31": "10726.00000", "2010-12-31": "10402.00000", "2010-09-30": "9872.00000", "2010-06-30": "9210.00000", "2010-03-31": "8769.00000", "2009-12-31": "8816.00000", "2009-09-30": "8355.00000", "2009-06-30": "8121.00000", "2009-03-31": "8178.00000", "2008-12-31": "8519.00000", "2008-09-30": "8985.00000", "2008-06-30": "8955.00000", "2008-03-31": "8625.00000", "2007-12-31": "8195.00000", "2007-09-30": "8032.00000", "2007-06-30": "7844.00000", "2007-03-31": "7448.00000", "2006-12-31": "7465.00000", "2006-09-30": "7579.00000", "2006-06-30": "7337.00000", "2006-03-31": "6997.00000", "2005-12-31": "6885.00000", "2005-09-30": "6862.00000", "2005-06-30": "6580.00000", "2005-03-31": "6425.00000"}, "Total Current Liabilities": {"2020-12-31": "6335.00000", "2020-09-30": "5709.00000", "2020-06-30": "6916.00000", "2020-03-31": "6982.00000", "2019-12-31": "6260.00000", "2019-09-30": "6725.00000", "2019-06-30": "6289.00000", "2019-03-31": "6427.00000", "2018-12-31": "6384.00000", "2018-09-30": "6416.00000", "2018-06-30": "6104.00000", "2018-03-31": "5832.00000", "2017-12-31": "5677.00000", "2017-09-30": "5758.00000", "2017-06-30": "4894.00000", "2017-03-31": "4662.00000", "2016-12-31": "4325.00000", "2016-09-30": "4308.00000", "2016-06-30": "4150.00000", "2016-03-31": "3917.00000", "2015-12-31": "3803.00000", "2015-09-30": "3968.00000", "2015-06-30": "4053.00000", "2015-03-31": "4057.00000", "2014-12-31": "4021.00000", "2014-09-30": "4038.00000", "2014-06-30": "3809.00000", "2014-03-31": "3555.00000", "2013-12-31": "3368.00000", "2013-09-30": "3390.00000", "2013-06-30": "3462.00000", "2013-03-31": "3257.00000", "2012-12-31": "3136.00000", "2012-09-30": "3309.00000", "2012-06-30": "3570.00000", "2012-03-31": "3630.00000", "2011-12-31": "3657.00000", "2011-09-30": "3742.00000", "2011-06-30": "3713.00000", "2011-03-31": "3451.00000", "2010-12-31": "3260.00000", "2010-09-30": "3071.00000", "2010-06-30": "2807.00000", "2010-03-31": "2486.00000", "2009-12-31": "2432.00000", "2009-09-30": "2311.00000", "2009-06-30": "2114.00000", "2009-03-31": "2281.00000", "2008-12-31": "2639.00000", "2008-09-30": "2978.00000", "2008-06-30": "2936.00000", "2008-03-31": "2862.00000", "2007-12-31": "2711.00000", "2007-09-30": "2704.00000", "2007-06-30": "2543.00000", "2007-03-31": "2285.00000", "2006-12-31": "2399.00000", "2006-09-30": "2609.00000", "2006-06-30": "2612.00000", "2006-03-31": "2256.00000", "2005-12-31": "2218.00000", "2005-09-30": "2228.00000", "2005-06-30": "2083.00000", "2005-03-31": "2007.00000"}, "Long Term Debt": {"2020-12-31": "3610.00000", "2020-09-30": "3609.00000", "2020-06-30": "1639.00000", "2020-03-31": "1580.00000", "2019-12-31": "1576.00000", "2019-09-30": "1619.00000", "2019-06-30": "1624.00000", "2019-03-31": "1605.00000", "2018-12-31": "1597.00000", "2018-09-30": "1563.00000", "2018-06-30": "1556.00000", "2018-03-31": "1571.00000", "2017-12-31": "1588.00000", "2017-09-30": "1615.00000", "2017-06-30": "1564.00000", "2017-03-31": "1576.00000", "2016-12-31": "1568.00000", "2016-09-30": "1593.00000", "2016-06-30": "1614.00000", "2016-03-31": "1614.00000", "2015-12-31": "1576.00000", "2015-09-30": "1595.00000", "2015-06-30": "1576.00000", "2015-03-31": "1602.00000", "2014-12-31": "1577.00000", "2014-09-30": "1584.00000", "2014-06-30": "1627.00000", "2014-03-31": "1632.00000", "2013-12-31": "1672.00000", "2013-09-30": "1731.00000", "2013-06-30": "754.00000", "2013-03-31": "736.00000", "2012-12-31": "698.00000", "2012-09-30": "670.00000", "2012-06-30": "653.00000", "2012-03-31": "650.00000", "2011-12-31": "658.00000", "2011-09-30": "665.00000", "2011-06-30": "702.00000", "2011-03-31": "685.00000", "2010-12-31": "709.00000", "2010-09-30": "732.00000", "2010-06-30": "669.00000", "2010-03-31": "640.00000", "2009-12-31": "637.00000", "2009-09-30": "621.00000", "2009-06-30": "617.00000", "2009-03-31": "651.00000", "2008-12-31": "629.00000", "2008-09-30": "587.00000", "2008-06-30": "586.00000", "2008-03-31": "578.00000", "2007-12-31": "555.00000", "2007-09-30": "549.00000", "2007-06-30": "544.00000", "2007-03-31": "613.00000", "2006-12-31": "647.00000", "2006-09-30": "813.00000", "2006-06-30": "739.00000", "2006-03-31": "1164.00000", "2005-12-31": "1213.00000", "2005-09-30": "1252.00000", "2005-06-30": "1247.00000", "2005-03-31": "1255.00000"}, "Other Non-Current Liabilities": {"2020-12-31": "2220.00000", "2020-09-30": "2201.00000", "2020-06-30": "2222.00000", "2020-03-31": "2071.00000", "2019-12-31": "2024.00000", "2019-09-30": "1959.00000", "2019-06-30": "1897.00000", "2019-03-31": "1870.00000", "2018-12-31": "1632.00000", "2018-09-30": "2341.00000", "2018-06-30": "2441.00000", "2018-03-31": "2078.00000", "2017-12-31": "1423.00000", "2017-09-30": "1411.00000", "2017-06-30": "1335.00000", "2017-03-31": "1278.00000", "2016-12-31": "1289.00000", "2016-09-30": "1344.00000", "2016-06-30": "1434.00000", "2016-03-31": "1399.00000", "2015-12-31": "1358.00000", "2015-09-30": "1514.00000", "2015-06-30": "1393.00000", "2015-03-31": "1359.00000", "2014-12-31": "1415.00000", "2014-09-30": "1358.00000", "2014-06-30": "1332.00000", "2014-03-31": "1251.00000", "2013-12-31": "1230.00000", "2013-09-30": "1344.00000", "2013-06-30": "1325.00000", "2013-03-31": "1296.00000", "2012-12-31": "1064.00000", "2012-09-30": "1184.00000", "2012-06-30": "966.00000", "2012-03-31": "896.00000", "2011-12-31": "1090.00000", "2011-09-30": "866.00000", "2011-06-30": "839.00000", "2011-03-31": "810.00000", "2010-12-31": "803.00000", "2010-09-30": "765.00000", "2010-06-30": "743.00000", "2010-03-31": "719.00000", "2009-12-31": "760.00000", "2009-09-30": "740.00000", "2009-06-30": "792.00000", "2009-03-31": "781.00000", "2008-12-31": "745.00000", "2008-09-30": "704.00000", "2008-06-30": "673.00000", "2008-03-31": "635.00000", "2007-12-31": "594.00000", "2007-09-30": "542.00000", "2007-06-30": "526.00000", "2007-03-31": "518.00000", "2006-12-31": "473.00000", "2006-09-30": "455.00000", "2006-06-30": "447.00000", "2006-03-31": "428.00000", "2005-12-31": "415.00000", "2005-09-30": "432.00000", "2005-06-30": "432.00000", "2005-03-31": "396.00000"}, "Total Long Term Liabilities": {"2020-12-31": "7300.00000", "2020-09-30": "7218.00000", "2020-06-30": "5268.00000", "2020-03-31": "5076.00000", "2019-12-31": "5012.00000", "2019-09-30": "4868.00000", "2019-06-30": "4769.00000", "2019-03-31": "4692.00000", "2018-12-31": "4419.00000", "2018-09-30": "4516.00000", "2018-06-30": "4617.00000", "2018-03-31": "4264.00000", "2017-12-31": "4234.00000", "2017-09-30": "3673.00000", "2017-06-30": "3544.00000", "2017-03-31": "3496.00000", "2016-12-31": "3512.00000", "2016-09-30": "3564.00000", "2016-06-30": "3675.00000", "2016-03-31": "3650.00000", "2015-12-31": "3581.00000", "2015-09-30": "3748.00000", "2015-06-30": "3611.00000", "2015-03-31": "3610.00000", "2014-12-31": "3650.00000", "2014-09-30": "3509.00000", "2014-06-30": "3533.00000", "2014-03-31": "3462.00000", "2013-12-31": "3490.00000", "2013-09-30": "3482.00000", "2013-06-30": "2493.00000", "2013-03-31": "2454.00000", "2012-12-31": "2438.00000", "2012-09-30": "2271.00000", "2012-06-30": "2162.00000", "2012-03-31": "2131.00000", "2011-12-31": "2180.00000", "2011-09-30": "2052.00000", "2011-06-30": "2083.00000", "2011-03-31": "2076.00000", "2010-12-31": "2146.00000", "2010-09-30": "2307.00000", "2010-06-30": "2243.00000", "2010-03-31": "2231.00000", "2009-12-31": "2364.00000", "2009-09-30": "2241.00000", "2009-06-30": "2412.00000", "2009-03-31": "2470.00000", "2008-12-31": "2400.00000", "2008-09-30": "2115.00000", "2008-06-30": "2187.00000", "2008-03-31": "2155.00000", "2007-12-31": "2075.00000", "2007-09-30": "2133.00000", "2007-06-30": "2142.00000", "2007-03-31": "2226.00000", "2006-12-31": "2264.00000", "2006-09-30": "2299.00000", "2006-06-30": "2222.00000", "2006-03-31": "2763.00000", "2005-12-31": "2803.00000", "2005-09-30": "2873.00000", "2005-06-30": "2893.00000", "2005-03-31": "2924.00000"}, "Total Liabilities": {"2020-12-31": "13635.00000", "2020-09-30": "12927.00000", "2020-06-30": "12184.00000", "2020-03-31": "12058.00000", "2019-12-31": "11272.00000", "2019-09-30": "11593.00000", "2019-06-30": "11058.00000", "2019-03-31": "11119.00000", "2018-12-31": "10803.00000", "2018-09-30": "10932.00000", "2018-06-30": "10721.00000", "2018-03-31": "10096.00000", "2017-12-31": "9911.00000", "2017-09-30": "9431.00000", "2017-06-30": "8438.00000", "2017-03-31": "8158.00000", "2016-12-31": "7837.00000", "2016-09-30": "7872.00000", "2016-06-30": "7825.00000", "2016-03-31": "7567.00000", "2015-12-31": "7384.00000", "2015-09-30": "7716.00000", "2015-06-30": "7664.00000", "2015-03-31": "7667.00000", "2014-12-31": "7671.00000", "2014-09-30": "7547.00000", "2014-06-30": "7342.00000", "2014-03-31": "7017.00000", "2013-12-31": "6858.00000", "2013-09-30": "6872.00000", "2013-06-30": "5955.00000", "2013-03-31": "5711.00000", "2012-12-31": "5574.00000", "2012-09-30": "5580.00000", "2012-06-30": "5732.00000", "2012-03-31": "5761.00000", "2011-12-31": "5837.00000", "2011-09-30": "5794.00000", "2011-06-30": "5796.00000", "2011-03-31": "5527.00000", "2010-12-31": "5406.00000", "2010-09-30": "5378.00000", "2010-06-30": "5050.00000", "2010-03-31": "4717.00000", "2009-12-31": "4796.00000", "2009-09-30": "4552.00000", "2009-06-30": "4526.00000", "2009-03-31": "4751.00000", "2008-12-31": "5039.00000", "2008-09-30": "5093.00000", "2008-06-30": "5123.00000", "2008-03-31": "5017.00000", "2007-12-31": "4786.00000", "2007-09-30": "4837.00000", "2007-06-30": "4685.00000", "2007-03-31": "4511.00000", "2006-12-31": "4663.00000", "2006-09-30": "4908.00000", "2006-06-30": "4834.00000", "2006-03-31": "5019.00000", "2005-12-31": "5021.00000", "2005-09-30": "5101.00000", "2005-06-30": "4976.00000", "2005-03-31": "4931.00000"}, "Common Stock Net": {"2020-12-31": "2404.00000", "2020-09-30": "2385.00000", "2020-06-30": "2353.00000", "2020-03-31": "2335.00000", "2019-12-31": "2346.00000", "2019-09-30": "2322.00000", "2019-06-30": "2307.00000", "2019-03-31": "2273.00000", "2018-12-31": "2271.00000", "2018-09-30": "2151.00000", "2018-06-30": "2239.00000", "2018-03-31": "2217.00000", "2017-12-31": "2210.00000", "2017-09-30": "2198.00000", "2017-06-30": "2184.00000", "2017-03-31": "2163.00000", "2016-12-31": "2153.00000", "2016-09-30": "2209.00000", "2016-06-30": "2196.00000", "2016-03-31": "2076.00000", "2015-12-31": "2178.00000", "2015-09-30": "2173.00000", "2015-06-30": "2164.00000", "2015-03-31": "2146.00000", "2014-12-31": "2139.00000", "2014-09-30": "2125.00000", "2014-06-30": "2113.00000", "2014-03-31": "2101.00000", "2013-12-31": "2099.00000", "2013-09-30": "2095.00000", "2013-06-30": "2082.00000", "2013-03-31": "2064.00000", "2012-12-31": "2058.00000", "2012-09-30": "2046.00000", "2012-06-30": "2036.00000", "2012-03-31": "2017.00000", "2011-12-31": "2001.00000", "2011-09-30": "1982.00000", "2011-06-30": "1968.00000", "2011-03-31": "1949.00000", "2010-12-31": "1934.00000", "2010-09-30": "1922.00000", "2010-06-30": "1868.00000", "2010-03-31": "1862.00000", "2009-12-31": "1860.00000", "2009-09-30": "1842.00000", "2009-06-30": "1796.00000", "2009-03-31": "1790.00000", "2008-12-31": "1793.00000", "2008-09-30": "1784.00000", "2008-06-30": "1734.00000", "2008-03-31": "1726.00000", "2007-12-31": "1719.00000", "2007-09-30": "276.00000", "2007-06-30": "276.00000", "2007-03-31": "275.00000", "2006-12-31": "137.00000", "2006-09-30": "137.00000", "2006-06-30": "137.00000", "2006-03-31": "122.00000", "2005-12-31": "121.00000", "2005-09-30": "121.00000", "2005-06-30": "121.00000", "2005-03-31": "121.00000"}, "Retained Earnings (Accumulated Deficit)": {"2020-12-31": "15419.00000", "2020-09-30": "15118.00000", "2020-06-30": "14811.00000", "2020-03-31": "14728.00000", "2019-12-31": "14416.00000", "2019-09-30": "14315.00000", "2019-06-30": "13897.00000", "2019-03-31": "13401.00000", "2018-12-31": "12917.00000", "2018-09-30": "12519.00000", "2018-06-30": "12009.00000", "2018-03-31": "11641.00000", "2017-12-31": "11464.00000", "2017-09-30": "11791.00000", "2017-06-30": "11517.00000", "2017-03-31": "11265.00000", "2016-12-31": "11040.00000", "2016-09-30": "10833.00000", "2016-06-30": "10716.00000", "2016-03-31": "10473.00000", "2015-12-31": "10322.00000", "2015-09-30": "10331.00000", "2015-06-30": "10123.00000", "2015-03-31": "9792.00000", "2014-12-31": "9545.00000", "2014-09-30": "9243.00000", "2014-06-30": "8961.00000", "2014-03-31": "8629.00000", "2013-12-31": "8406.00000", "2013-09-30": "8089.00000", "2013-06-30": "7850.00000", "2013-03-31": "7530.00000", "2012-12-31": "7343.00000", "2012-09-30": "7068.00000", "2012-06-30": "6810.00000", "2012-03-31": "6416.00000", "2011-12-31": "6038.00000", "2011-09-30": "5567.00000", "2011-06-30": "5191.00000", "2011-03-31": "4737.00000", "2010-12-31": "4445.00000", "2010-09-30": "4135.00000", "2010-06-30": "3900.00000", "2010-03-31": "3689.00000", "2009-12-31": "3575.00000", "2009-09-30": "3340.00000", "2009-06-30": "3280.00000", "2009-03-31": "3260.00000", "2008-12-31": "3288.00000", "2008-09-30": "3281.00000", "2008-06-30": "3087.00000", "2008-03-31": "2820.00000", "2007-12-31": "2660.00000", "2007-09-30": "2488.00000", "2007-06-30": "2329.00000", "2007-03-31": "2134.00000", "2006-12-31": "2009.00000", "2006-09-30": "1839.00000", "2006-06-30": "1686.00000", "2006-03-31": "1480.00000", "2005-12-31": "1360.00000", "2005-09-30": "1207.00000", "2005-06-30": "1076.00000", "2005-03-31": "948.00000"}, "Comprehensive Income": {"2020-12-31": "-1982.00000", "2020-09-30": "-2107.00000", "2020-06-30": "-2242.00000", "2020-03-31": "-2250.00000", "2019-12-31": "-2028.00000", "2019-09-30": "-2040.00000", "2019-06-30": "-1840.00000", "2019-03-31": "-1739.00000", "2018-12-31": "-1807.00000", "2018-09-30": "-1799.00000", "2018-06-30": "-1667.00000", "2018-03-31": "-1397.00000", "2017-12-31": "-1503.00000", "2017-09-30": "-1504.00000", "2017-06-30": "-1615.00000", "2017-03-31": "-1732.00000", "2016-12-31": "-1821.00000", "2016-09-30": "-1632.00000", "2016-06-30": "-1620.00000", "2016-03-31": "-1417.00000", "2015-12-31": "-1348.00000", "2015-09-30": "-1258.00000", "2015-06-30": "-1071.00000", "2015-03-31": "-1245.00000", "2014-12-31": "-1078.00000", "2014-09-30": "-827.00000", "2014-06-30": "-669.00000", "2014-03-31": "-755.00000", "2013-12-31": "-784.00000", "2013-09-30": "-968.00000", "2013-06-30": "-1099.00000", "2013-03-31": "-1095.00000", "2012-12-31": "-950.00000", "2012-09-30": "-808.00000", "2012-06-30": "-946.00000", "2012-03-31": "-813.00000", "2011-12-31": "-938.00000", "2011-09-30": "-811.00000", "2011-06-30": "-645.00000", "2011-03-31": "-642.00000", "2010-12-31": "-720.00000", "2010-09-30": "-864.00000", "2010-06-30": "-960.00000", "2010-03-31": "-955.00000", "2009-12-31": "-895.00000", "2009-09-30": "-862.00000", "2009-06-30": "-931.00000", "2009-03-31": "-1052.00000", "2008-12-31": "-1066.00000", "2008-09-30": "-388.00000", "2008-06-30": "-269.00000", "2008-03-31": "-248.00000", "2007-12-31": "-287.00000", "2007-09-30": "-432.00000", "2007-06-30": "-473.00000", "2007-03-31": "-513.00000", "2006-12-31": "-526.00000", "2006-09-30": "-526.00000", "2006-06-30": "-545.00000", "2006-03-31": "-588.00000", "2005-12-31": "-603.00000", "2005-09-30": "-582.00000", "2005-06-30": "-580.00000", "2005-03-31": "-549.00000"}, "Other Share Holders Equity": {"2020-12-31": "", "2020-09-30": "", "2020-06-30": "", "2020-03-31": "", "2019-12-31": "", "2019-09-30": "", "2019-06-30": "", "2019-03-31": "", "2018-12-31": "", "2018-09-30": "", "2018-06-30": "", "2018-03-31": "", "2017-12-31": "", "2017-09-30": "", "2017-06-30": "", "2017-03-31": "", "2016-12-31": "", "2016-09-30": "", "2016-06-30": "", "2016-03-31": "", "2015-12-31": "", "2015-09-30": "", "2015-06-30": "", "2015-03-31": "", "2014-12-31": "", "2014-09-30": "", "2014-06-30": "", "2014-03-31": "", "2013-12-31": "", "2013-09-30": "", "2013-06-30": "", "2013-03-31": "", "2012-12-31": "", "2012-09-30": "", "2012-06-30": "", "2012-03-31": "", "2011-12-31": "", "2011-09-30": "", "2011-06-30": "", "2011-03-31": "", "2010-12-31": "", "2010-09-30": "", "2010-06-30": "", "2010-03-31": "", "2009-12-31": "", "2009-09-30": "", "2009-06-30": "", "2009-03-31": "", "2008-12-31": "", "2008-09-30": "", "2008-06-30": "", "2008-03-31": "", "2007-12-31": "", "2007-09-30": "", "2007-06-30": "", "2007-03-31": "", "2006-12-31": "", "2006-09-30": "", "2006-06-30": "", "2006-03-31": "", "2005-12-31": "", "2005-09-30": "", "2005-06-30": "", "2005-03-31": ""}, "Share Holder Equity": {"2020-12-31": "8989.00000", "2020-09-30": "8641.00000", "2020-06-30": "8130.00000", "2020-03-31": "8018.00000", "2019-12-31": "8465.00000", "2019-09-30": "8753.00000", "2019-06-30": "9196.00000", "2019-03-31": "8727.00000", "2018-12-31": "8259.00000", "2018-09-30": "8060.00000", "2018-06-30": "8194.00000", "2018-03-31": "8296.00000", "2017-12-31": "8164.00000", "2017-09-30": "8561.00000", "2017-06-30": "7822.00000", "2017-03-31": "7476.00000", "2016-12-31": "7174.00000", "2016-09-30": "7264.00000", "2016-06-30": "7195.00000", "2016-03-31": "7260.00000", "2015-12-31": "7750.00000", "2015-09-30": "8081.00000", "2015-06-30": "8214.00000", "2015-03-31": "8069.00000", "2014-12-31": "8093.00000", "2014-09-30": "8097.00000", "2014-06-30": "8158.00000", "2014-03-31": "7734.00000", "2013-12-31": "7870.00000", "2013-09-30": "7464.00000", "2013-06-30": "7093.00000", "2013-03-31": "7045.00000", "2012-12-31": "6974.00000", "2012-09-30": "6834.00000", "2012-06-30": "6437.00000", "2012-03-31": "6358.00000", "2011-12-31": "5831.00000", "2011-09-30": "5544.00000", "2011-06-30": "5517.00000", "2011-03-31": "5199.00000", "2010-12-31": "4996.00000", "2010-09-30": "4494.00000", "2010-06-30": "4160.00000", "2010-03-31": "4052.00000", "2009-12-31": "4020.00000", "2009-09-30": "3803.00000", "2009-06-30": "3595.00000", "2009-03-31": "3427.00000", "2008-12-31": "3480.00000", "2008-09-30": "3892.00000", "2008-06-30": "3832.00000", "2008-03-31": "3608.00000", "2007-12-31": "3409.00000", "2007-09-30": "3195.00000", "2007-06-30": "3159.00000", "2007-03-31": "2937.00000", "2006-12-31": "2802.00000", "2006-09-30": "2671.00000", "2006-06-30": "2503.00000", "2006-03-31": "1978.00000", "2005-12-31": "1864.00000", "2005-09-30": "1761.00000", "2005-06-30": "1604.00000", "2005-03-31": "1494.00000"}, "Total Liabilities And Share Holders Equity": {"2020-12-31": "22624.00000", "2020-09-30": "21568.00000", "2020-06-30": "20314.00000", "2020-03-31": "20076.00000", "2019-12-31": "19737.00000", "2019-09-30": "20346.00000", "2019-06-30": "20254.00000", "2019-03-31": "19846.00000", "2018-12-31": "19062.00000", "2018-09-30": "18992.00000", "2018-06-30": "18915.00000", "2018-03-31": "18392.00000", "2017-12-31": "18075.00000", "2017-09-30": "17992.00000", "2017-06-30": "16260.00000", "2017-03-31": "15634.00000", "2016-12-31": "15011.00000", "2016-09-30": "15136.00000", "2016-06-30": "15020.00000", "2016-03-31": "14827.00000", "2015-12-31": "15134.00000", "2015-09-30": "15797.00000", "2015-06-30": "15878.00000", "2015-03-31": "15736.00000", "2014-12-31": "15764.00000", "2014-09-30": "15644.00000", "2014-06-30": "15500.00000", "2014-03-31": "14751.00000", "2013-12-31": "14728.00000", "2013-09-30": "14336.00000", "2013-06-30": "13048.00000", "2013-03-31": "12756.00000", "2012-12-31": "12548.00000", "2012-09-30": "12414.00000", "2012-06-30": "12169.00000", "2012-03-31": "12119.00000", "2011-12-31": "11668.00000", "2011-09-30": "11338.00000", "2011-06-30": "11313.00000", "2011-03-31": "10726.00000", "2010-12-31": "10402.00000", "2010-09-30": "9872.00000", "2010-06-30": "9210.00000", "2010-03-31": "8769.00000", "2009-12-31": "8816.00000", "2009-09-30": "8355.00000", "2009-06-30": "8121.00000", "2009-03-31": "8178.00000", "2008-12-31": "8519.00000", "2008-09-30": "8985.00000", "2008-06-30": "8955.00000", "2008-03-31": "8625.00000", "2007-12-31": "8195.00000", "2007-09-30": "8032.00000", "2007-06-30": "7844.00000", "2007-03-31": "7448.00000", "2006-12-31": "7465.00000", "2006-09-30": "7579.00000", "2006-06-30": "7337.00000", "2006-03-31": "6997.00000", "2005-12-31": "6885.00000", "2005-09-30": "6862.00000", "2005-06-30": "6580.00000", "2005-03-31": "6425.00000"}}, "cash flow statement": {"Net Income/Loss": {"2020-12-31": "0.00000", "2019-12-31": "2268.00000", "2018-12-31": "2187.00000", "2017-12-31": "994.00000", "2016-12-31": "1456.00000", "2015-12-31": "1470.00000", "2014-12-31": "1736.00000", "2013-12-31": "1588.00000", "2012-12-31": "1738.00000", "2011-12-31": "1946.00000", "2010-12-31": "1140.00000", "2009-12-31": "484.00000", "2008-12-31": "818.00000", "2007-12-31": "788.00000", "2006-12-31": "715.00000", "2005-12-31": "550.00000"}, "Total Depreciation And Amortization - Cash Flow": {"2020-12-31": "", "2019-12-31": "672.00000", "2018-12-31": "611.00000", "2017-12-31": "583.00000", "2016-12-31": "530.00000", "2015-12-31": "514.00000", "2014-12-31": "455.00000", "2013-12-31": "407.00000", "2012-12-31": "361.00000", "2011-12-31": "325.00000", "2010-12-31": "320.00000", "2009-12-31": "326.00000", "2008-12-31": "314.00000", "2007-12-31": "290.00000", "2006-12-31": "296.00000", "2005-12-31": "295.00000"}, "Other Non-Cash Items": {"2020-12-31": "", "2019-12-31": "32.00000", "2018-12-31": "52.00000", "2017-12-31": "364.00000", "2016-12-31": "-36.00000", "2015-12-31": "43.00000", "2014-12-31": "-275.00000", "2013-12-31": "-52.00000", "2012-12-31": "-6.00000", "2011-12-31": "-183.00000", "2010-12-31": "-342.00000", "2009-12-31": "45.00000", "2008-12-31": "13.00000", "2007-12-31": "-224.00000", "2006-12-31": "-3.00000", "2005-12-31": "114.00000"}, "Total Non-Cash Items": {"2020-12-31": "", "2019-12-31": "704.00000", "2018-12-31": "663.00000", "2017-12-31": "947.00000", "2016-12-31": "494.00000", "2015-12-31": "557.00000", "2014-12-31": "180.00000", "2013-12-31": "355.00000", "2012-12-31": "355.00000", "2011-12-31": "142.00000", "2010-12-31": "-22.00000", "2009-12-31": "371.00000", "2008-12-31": "327.00000", "2007-12-31": "66.00000", "2006-12-31": "293.00000", "2005-12-31": "409.00000"}, "Change In Accounts Receivable": {"2020-12-31": "", "2019-12-31": "195.00000", "2018-12-31": "-363.00000", "2017-12-31": "-508.00000", "2016-12-31": "-265.00000", "2015-12-31": "103.00000", "2014-12-31": "-89.00000", "2013-12-31": "-148.00000", "2012-12-31": "87.00000", "2011-12-31": "", "2010-12-31": "", "2009-12-31": "", "2008-12-31": "", "2007-12-31": "", "2006-12-31": "", "2005-12-31": "-309.00000"}, "Change In Inventories": {"2020-12-31": "", "2019-12-31": "291.00000", "2018-12-31": "-695.00000", "2017-12-31": "-407.00000", "2016-12-31": "-4.00000", "2015-12-31": "150.00000", "2014-12-31": "-256.00000", "2013-12-31": "-46.00000", "2012-12-31": "-32.00000", "2011-12-31": "", "2010-12-31": "", "2009-12-31": "", "2008-12-31": "", "2007-12-31": "", "2006-12-31": "", "2005-12-31": "-187.00000"}, "Change In Accounts Payable": {"2020-12-31": "", "2019-12-31": "-310.00000", "2018-12-31": "302.00000", "2017-12-31": "639.00000", "2016-12-31": "188.00000", "2015-12-31": "-130.00000", "2014-12-31": "244.00000", "2013-12-31": "163.00000", "2012-12-31": "-256.00000", "2011-12-31": "", "2010-12-31": "", "2009-12-31": "", "2008-12-31": "", "2007-12-31": "", "2006-12-31": "", "2005-12-31": "108.00000"}, "Change In Assets/Liabilities": {"2020-12-31": "", "2019-12-31": "145.00000", "2018-12-31": "-87.00000", "2017-12-31": "229.00000", "2016-12-31": "265.00000", "2015-12-31": "141.00000", "2014-12-31": "283.00000", "2013-12-31": "423.00000", "2012-12-31": "154.00000", "2011-12-31": "-15.00000", "2010-12-31": "-112.00000", "2009-12-31": "282.00000", "2008-12-31": "-158.00000", "2007-12-31": "-44.00000", "2006-12-31": "-168.00000", "2005-12-31": "79.00000"}, "Total Change In Assets/Liabilities": {"2020-12-31": "", "2019-12-31": "209.00000", "2018-12-31": "-472.00000", "2017-12-31": "336.00000", "2016-12-31": "-11.00000", "2015-12-31": "38.00000", "2014-12-31": "350.00000", "2013-12-31": "146.00000", "2012-12-31": "-561.00000", "2011-12-31": "-15.00000", "2010-12-31": "-112.00000", "2009-12-31": "282.00000", "2008-12-31": "-158.00000", "2007-12-31": "-44.00000", "2006-12-31": "-168.00000", "2005-12-31": "-199.00000"}, "Cash Flow From Operating Activities": {"2020-12-31": "2722.00000", "2019-12-31": "3181.00000", "2018-12-31": "2378.00000", "2017-12-31": "2277.00000", "2016-12-31": "1939.00000", "2015-12-31": "2065.00000", "2014-12-31": "2266.00000", "2013-12-31": "2089.00000", "2012-12-31": "1532.00000", "2011-12-31": "2073.00000", "2010-12-31": "1006.00000", "2009-12-31": "1137.00000", "2008-12-31": "987.00000", "2007-12-31": "810.00000", "2006-12-31": "840.00000", "2005-12-31": "760.00000"}, "Net Change In Property, Plant, And Equipment": {"2020-12-31": "-528.00000", "2019-12-31": "-677.00000", "2018-12-31": "-689.00000", "2017-12-31": "-396.00000", "2016-12-31": "-517.00000", "2015-12-31": "-719.00000", "2014-12-31": "-743.00000", "2013-12-31": "-676.00000", "2012-12-31": "-690.00000", "2011-12-31": "-614.00000", "2010-12-31": "-309.00000", "2009-12-31": "-300.00000", "2008-12-31": "-514.00000", "2007-12-31": "-309.00000", "2006-12-31": "-200.00000", "2005-12-31": "-165.00000"}, "Net Change In Intangible Assets": {"2020-12-31": "", "2019-12-31": "", "2018-12-31": "", "2017-12-31": "", "2016-12-31": "", "2015-12-31": "", "2014-12-31": "", "2013-12-31": "", "2012-12-31": "", "2011-12-31": "", "2010-12-31": "", "2009-12-31": "", "2008-12-31": "", "2007-12-31": "", "2006-12-31": "", "2005-12-31": ""}, "Net Acquisitions/Divestitures": {"2020-12-31": "", "2019-12-31": "-237.00000", "2018-12-31": "-70.00000", "2017-12-31": "-662.00000", "2016-12-31": "-94.00000", "2015-12-31": "-117.00000", "2014-12-31": "-436.00000", "2013-12-31": "-147.00000", "2012-12-31": "-215.00000", "2011-12-31": "199.00000", "2010-12-31": "-104.00000", "2009-12-31": "-2.00000", "2008-12-31": "-78.00000", "2007-12-31": "-51.00000", "2006-12-31": "4.00000", "2005-12-31": "-2.00000"}, "Net Change In Short-term Investments": {"2020-12-31": "-120.00000", "2019-12-31": "-150.00000", "2018-12-31": "-139.00000", "2017-12-31": "148.00000", "2016-12-31": "-274.00000", "2015-12-31": "-4.00000", "2014-12-31": "47.00000", "2013-12-31": "108.00000", "2012-12-31": "36.00000", "2011-12-31": "3.00000", "2010-12-31": "-131.00000", "2009-12-31": "-114.00000", "2008-12-31": "-34.00000", "2007-12-31": "-24.00000", "2006-12-31": "-38.00000", "2005-12-31": "3.00000"}, "Net Change In Long-Term Investments": {"2020-12-31": "-98.00000", "2019-12-31": "-95.00000", "2018-12-31": "-112.00000", "2017-12-31": "-147.00000", "2016-12-31": "-44.00000", "2015-12-31": "-62.00000", "2014-12-31": "-111.00000", "2013-12-31": "-106.00000", "2012-12-31": "-157.00000", "2011-12-31": "-141.00000", "2010-12-31": "-45.00000", "2009-12-31": "-38.00000", "2008-12-31": "-171.00000", "2007-12-31": "-67.00000", "2006-12-31": "-52.00000", "2005-12-31": "-52.00000"}, "Net Change In Investments - Total": {"2020-12-31": "-218.00000", "2019-12-31": "-245.00000", "2018-12-31": "-251.00000", "2017-12-31": "1.00000", "2016-12-31": "-318.00000", "2015-12-31": "-66.00000", "2014-12-31": "-64.00000", "2013-12-31": "2.00000", "2012-12-31": "-121.00000", "2011-12-31": "-138.00000", "2010-12-31": "-176.00000", "2009-12-31": "-152.00000", "2008-12-31": "-205.00000", "2007-12-31": "-91.00000", "2006-12-31": "-90.00000", "2005-12-31": "-49.00000"}, "Investing Activities - Other": {"2020-12-31": "27.00000", "2019-12-31": "9.00000", "2018-12-31": "36.00000", "2017-12-31": "5.00000", "2016-12-31": "12.00000", "2015-12-31": "-16.00000", "2014-12-31": "9.00000", "2013-12-31": "-25.00000", "2012-12-31": "44.00000", "2011-12-31": "1.00000", "2010-12-31": "-62.00000", "2009-12-31": "-55.00000", "2008-12-31": "-51.00000", "2007-12-31": "-64.00000", "2006-12-31": "9.00000", "2005-12-31": "4.00000"}, "Cash Flow From Investing Activities": {"2020-12-31": "-719.00000", "2019-12-31": "-1150.00000", "2018-12-31": "-974.00000", "2017-12-31": "-1052.00000", "2016-12-31": "-917.00000", "2015-12-31": "-918.00000", "2014-12-31": "-1234.00000", "2013-12-31": "-846.00000", "2012-12-31": "-982.00000", "2011-12-31": "-552.00000", "2010-12-31": "-651.00000", "2009-12-31": "-509.00000", "2008-12-31": "-848.00000", "2007-12-31": "-515.00000", "2006-12-31": "-277.00000", "2005-12-31": "-212.00000"}, "Net Long-Term Debt": {"2020-12-31": "1941.00000", "2019-12-31": "-96.00000", "2018-12-31": "-62.00000", "2017-12-31": "-60.00000", "2016-12-31": "-52.00000", "2015-12-31": "-32.00000", "2014-12-31": "-39.00000", "2013-12-31": "914.00000", "2012-12-31": "-81.00000", "2011-12-31": "-110.00000", "2010-12-31": "71.00000", "2009-12-31": "-21.00000", "2008-12-31": "-76.00000", "2007-12-31": "-129.00000", "2006-12-31": "-306.00000", "2005-12-31": "-294.00000"}, "Net Current Debt": {"2020-12-31": "-327.00000", "2019-12-31": "-67.00000", "2018-12-31": "483.00000", "2017-12-31": "98.00000", "2016-12-31": "231.00000", "2015-12-31": "-41.00000", "2014-12-31": "-40.00000", "2013-12-31": "-3.00000", "2012-12-31": "", "2011-12-31": "6.00000", "2010-12-31": "9.00000", "2009-12-31": "-2.00000", "2008-12-31": "33.00000", "2007-12-31": "-12.00000", "2006-12-31": "-3.00000", "2005-12-31": "2.00000"}, "Debt Issuance/Retirement Net - Total": {"2020-12-31": "1614.00000", "2019-12-31": "-163.00000", "2018-12-31": "421.00000", "2017-12-31": "38.00000", "2016-12-31": "179.00000", "2015-12-31": "-73.00000", "2014-12-31": "-79.00000", "2013-12-31": "911.00000", "2012-12-31": "-81.00000", "2011-12-31": "-104.00000", "2010-12-31": "80.00000", "2009-12-31": "-23.00000", "2008-12-31": "-43.00000", "2007-12-31": "-141.00000", "2006-12-31": "-309.00000", "2005-12-31": "-292.00000"}, "Net Common Equity Issued/Repurchased": {"2020-12-31": "-553.00000", "2019-12-31": "-1271.00000", "2018-12-31": "-1140.00000", "2017-12-31": "-451.00000", "2016-12-31": "-778.00000", "2015-12-31": "-900.00000", "2014-12-31": "-670.00000", "2013-12-31": "-381.00000", "2012-12-31": "-256.00000", "2011-12-31": "-629.00000", "2010-12-31": "-183.00000", "2009-12-31": "52.00000", "2008-12-31": "-65.00000", "2007-12-31": "-322.00000", "2006-12-31": "-121.00000", "2005-12-31": "-8.00000"}, "Net Total Equity Issued/Repurchased": {"2020-12-31": "-553.00000", "2019-12-31": "-1271.00000", "2018-12-31": "-1140.00000", "2017-12-31": "-451.00000", "2016-12-31": "-778.00000", "2015-12-31": "-900.00000", "2014-12-31": "-670.00000", "2013-12-31": "-381.00000", "2012-12-31": "-256.00000", "2011-12-31": "-629.00000", "2010-12-31": "-183.00000", "2009-12-31": "52.00000", "2008-12-31": "-65.00000", "2007-12-31": "-322.00000", "2006-12-31": "-121.00000", "2005-12-31": "-8.00000"}, "Total Common And Preferred Stock Dividends Paid": {"2020-12-31": "-782.00000", "2019-12-31": "-761.00000", "2018-12-31": "-718.00000", "2017-12-31": "-701.00000", "2016-12-31": "-676.00000", "2015-12-31": "-622.00000", "2014-12-31": "-512.00000", "2013-12-31": "-420.00000", "2012-12-31": "-340.00000", "2011-12-31": "-255.00000", "2010-12-31": "-172.00000", "2009-12-31": "-141.00000", "2008-12-31": "-122.00000", "2007-12-31": "-89.00000", "2006-12-31": "-66.00000", "2005-12-31": "-56.00000"}, "Financial Activities - Other": {"2020-12-31": "1.00000", "2019-12-31": "100.00000", "2018-12-31": "37.00000", "2017-12-31": "40.00000", "2016-12-31": "-138.00000", "2015-12-31": "-55.00000", "2014-12-31": "-82.00000", "2013-12-31": "-58.00000", "2012-12-31": "-17.00000", "2011-12-31": "-37.00000", "2010-12-31": "8.00000", "2009-12-31": "-29.00000", "2008-12-31": "-7.00000", "2007-12-31": "-24.00000", "2006-12-31": "-12.00000", "2005-12-31": "-16.00000"}, "Cash Flow From Financial Activities": {"2020-12-31": "280.00000", "2019-12-31": "-2095.00000", "2018-12-31": "-1400.00000", "2017-12-31": "-1074.00000", "2016-12-31": "-1413.00000", "2015-12-31": "-1650.00000", "2014-12-31": "-1343.00000", "2013-12-31": "52.00000", "2012-12-31": "-694.00000", "2011-12-31": "-1025.00000", "2010-12-31": "-267.00000", "2009-12-31": "-141.00000", "2008-12-31": "-237.00000", "2007-12-31": "-576.00000", "2006-12-31": "-508.00000", "2005-12-31": "-372.00000"}, "Net Cash Flow": {"2020-12-31": "2272.00000", "2019-12-31": "-174.00000", "2018-12-31": "-66.00000", "2017-12-31": "249.00000", "2016-12-31": "-591.00000", "2015-12-31": "-590.00000", "2014-12-31": "-398.00000", "2013-12-31": "1330.00000", "2012-12-31": "-115.00000", "2011-12-31": "461.00000", "2010-12-31": "93.00000", "2009-12-31": "504.00000", "2008-12-31": "-151.00000", "2007-12-31": "-263.00000", "2006-12-31": "61.00000", "2005-12-31": "168.00000"}, "Stock-Based Compensation": {"2020-12-31": "", "2019-12-31": "49.00000", "2018-12-31": "53.00000", "2017-12-31": "41.00000", "2016-12-31": "32.00000", "2015-12-31": "24.00000", "2014-12-31": "36.00000", "2013-12-31": "37.00000", "2012-12-31": "36.00000", "2011-12-31": "42.00000", "2010-12-31": "22.00000", "2009-12-31": "20.00000", "2008-12-31": "28.00000", "2007-12-31": "28.00000", "2006-12-31": "18.00000", "2005-12-31": "16.00000"}, "Common Stock Dividends Paid": {"2020-12-31": "-782.00000", "2019-12-31": "-761.00000", "2018-12-31": "-718.00000", "2017-12-31": "-701.00000", "2016-12-31": "-676.00000", "2015-12-31": "-622.00000", "2014-12-31": "-512.00000", "2013-12-31": "-420.00000", "2012-12-31": "-340.00000", "2011-12-31": "-255.00000", "2010-12-31": "-172.00000", "2009-12-31": "-141.00000", "2008-12-31": "-122.00000", "2007-12-31": "-89.00000", "2006-12-31": "-66.00000", "2005-12-31": "-56.00000"}}, "cash flow statement, quarterly": {"Net Income/Loss": {"2020-12-31": -1301, "2020-09-30": 504, "2020-06-30": 269, "2020-03-31": "528.00000", "2019-12-31": 298, "2019-09-30": 616, "2019-06-30": 685, "2019-03-31": "669.00000", "2018-12-31": 610, "2018-09-30": 698, "2018-06-30": 554, "2018-03-31": "325.00000", "2017-12-31": -309, "2017-09-30": 457, "2017-06-30": 441, "2017-03-31": "405.00000", "2016-12-31": 396, "2016-09-30": 300, "2016-06-30": 427, "2016-03-31": "333.00000", "2015-12-31": 178, "2015-09-30": 392, "2015-06-30": 496, "2015-03-31": "404.00000", "2014-12-31": 467, "2014-09-30": 439, "2014-06-30": 472, "2014-03-31": "358.00000", "2013-12-31": 461, "2013-09-30": 374, "2013-06-30": 441, "2013-03-31": "312.00000", "2012-12-31": 398, "2012-09-30": 370, "2012-06-30": 495, "2012-03-31": "475.00000", "2011-12-31": 572, "2011-09-30": 472, "2011-06-30": 537, "2011-03-31": "365.00000", "2010-12-31": 391, "2010-09-30": 309, "2010-06-30": 270, "2010-03-31": "170.00000", "2009-12-31": 290, "2009-09-30": 110, "2009-06-30": 70, "2009-03-31": "14.00000", "2008-12-31": 59, "2008-09-30": 247, "2008-06-30": 310, "2008-03-31": "202.00000", "2007-12-31": 247, "2007-09-30": 184, "2007-06-30": 214, "2007-03-31": "143.00000", "2006-12-31": 189, "2006-09-30": 171, "2006-06-30": 220, "2006-03-31": "135.00000", "2005-12-31": 167, "2005-09-30": 145, "2005-06-30": 141, "2005-03-31": "97.00000"}, "Total Depreciation And Amortization - Cash Flow": {"2020-12-31": -499, "2020-09-30": 166, "2020-06-30": 165, "2020-03-31": "168.00000", "2019-12-31": 179, "2019-09-30": 178, "2019-06-30": 158, "2019-03-31": "157.00000", "2018-12-31": 155, "2018-09-30": 148, "2018-06-30": 154, "2018-03-31": "154.00000", "2017-12-31": 150, "2017-09-30": 149, "2017-06-30": 145, "2017-03-31": "139.00000", "2016-12-31": 139, "2016-09-30": 132, "2016-06-30": 131, "2016-03-31": "128.00000", "2015-12-31": 131, "2015-09-30": 129, "2015-06-30": 126, "2015-03-31": "128.00000", "2014-12-31": 125, "2014-09-30": 113, "2014-06-30": 112, "2014-03-31": "105.00000", "2013-12-31": 102, "2013-09-30": 105, "2013-06-30": 102, "2013-03-31": "98.00000", "2012-12-31": 99, "2012-09-30": 91, "2012-06-30": 86, "2012-03-31": "85.00000", "2011-12-31": 82, "2011-09-30": 84, "2011-06-30": 80, "2011-03-31": "79.00000", "2010-12-31": 81, "2010-09-30": 78, "2010-06-30": 82, "2010-03-31": "79.00000", "2009-12-31": 88, "2009-09-30": 84, "2009-06-30": 78, "2009-03-31": "76.00000", "2008-12-31": 81, "2008-09-30": 75, "2008-06-30": 83, "2008-03-31": "75.00000", "2007-12-31": 75, "2007-09-30": 73, "2007-06-30": 74, "2007-03-31": "68.00000", "2006-12-31": 74, "2006-09-30": 74, "2006-06-30": 74, "2006-03-31": "74.00000", "2005-12-31": 79, "2005-09-30": 72, "2005-06-30": 73, "2005-03-31": "71.00000"}, "Other Non-Cash Items": {"2020-12-31": 371, "2020-09-30": 0, "2020-06-30": -161, "2020-03-31": "-210.00000", "2019-12-31": 128, "2019-09-30": 5, "2019-06-30": 75, "2019-03-31": "-176.00000", "2018-12-31": 344, "2018-09-30": -109, "2018-06-30": -71, "2018-03-31": "-112.00000", "2017-12-31": 591, "2017-09-30": -66, "2017-06-30": -73, "2017-03-31": "-88.00000", "2016-12-31": -13, "2016-09-30": 157, "2016-06-30": -38, "2016-03-31": "-142.00000", "2015-12-31": 392, "2015-09-30": -125, "2015-06-30": -78, "2015-03-31": "-146.00000", "2014-12-31": 54, "2014-09-30": -4, "2014-06-30": -233, "2014-03-31": "-92.00000", "2013-12-31": 54, "2013-09-30": -25, "2013-06-30": -38, "2013-03-31": "-43.00000", "2012-12-31": 24, "2012-09-30": 103, "2012-06-30": -22, "2012-03-31": "-111.00000", "2011-12-31": -192, "2011-09-30": 68, "2011-06-30": 26, "2011-03-31": "-85.00000", "2010-12-31": -176, "2010-09-30": -58, "2010-06-30": 33, "2010-03-31": "-141.00000", "2009-12-31": -9, "2009-09-30": -61, "2009-06-30": -9, "2009-03-31": "124.00000", "2008-12-31": 83, "2008-09-30": -19, "2008-06-30": -8, "2008-03-31": "-43.00000", "2007-12-31": -160, "2007-09-30": -41, "2007-06-30": -22, "2007-03-31": "-1.00000", "2006-12-31": -87, "2006-09-30": 6, "2006-06-30": 19, "2006-03-31": "59.00000", "2005-12-31": 62, "2005-09-30": -35, "2005-06-30": 50, "2005-03-31": "37.00000"}, "Total Non-Cash Items": {"2020-12-31": -128, "2020-09-30": 166, "2020-06-30": 4, "2020-03-31": "-42.00000", "2019-12-31": 307, "2019-09-30": 183, "2019-06-30": 233, "2019-03-31": "-19.00000", "2018-12-31": 499, "2018-09-30": 39, "2018-06-30": 83, "2018-03-31": "42.00000", "2017-12-31": 741, "2017-09-30": 83, "2017-06-30": 72, "2017-03-31": "51.00000", "2016-12-31": 126, "2016-09-30": 289, "2016-06-30": 93, "2016-03-31": "-14.00000", "2015-12-31": 523, "2015-09-30": 4, "2015-06-30": 48, "2015-03-31": "-18.00000", "2014-12-31": 179, "2014-09-30": 109, "2014-06-30": -121, "2014-03-31": "13.00000", "2013-12-31": 156, "2013-09-30": 80, "2013-06-30": 64, "2013-03-31": "55.00000", "2012-12-31": 123, "2012-09-30": 194, "2012-06-30": 64, "2012-03-31": "-26.00000", "2011-12-31": -110, "2011-09-30": 152, "2011-06-30": 106, "2011-03-31": "-6.00000", "2010-12-31": -95, "2010-09-30": 20, "2010-06-30": 115, "2010-03-31": "-62.00000", "2009-12-31": 79, "2009-09-30": 23, "2009-06-30": 69, "2009-03-31": "200.00000", "2008-12-31": 164, "2008-09-30": 56, "2008-06-30": 75, "2008-03-31": "32.00000", "2007-12-31": -85, "2007-09-30": 32, "2007-06-30": 52, "2007-03-31": "67.00000", "2006-12-31": -13, "2006-09-30": 80, "2006-06-30": 93, "2006-03-31": "133.00000", "2005-12-31": 141, "2005-09-30": 37, "2005-06-30": 123, "2005-03-31": "108.00000"}, "Change In Accounts Receivable": {"2020-12-31": -47, "2020-09-30": -123, "2020-06-30": 63, "2020-03-31": "107.00000", "2019-12-31": 296, "2019-09-30": 211, "2019-06-30": -177, "2019-03-31": "-135.00000", "2018-12-31": 66, "2018-09-30": 126, "2018-06-30": -338, "2018-03-31": "-217.00000", "2017-12-31": 214, "2017-09-30": -234, "2017-06-30": -283, "2017-03-31": "-205.00000", "2016-12-31": -153, "2016-09-30": 140, "2016-06-30": -154, "2016-03-31": "-98.00000", "2015-12-31": 266, "2015-09-30": 263, "2015-06-30": -150, "2015-03-31": "-276.00000", "2014-12-31": 147, "2014-09-30": 85, "2014-06-30": -89, "2014-03-31": "-232.00000", "2013-12-31": 68, "2013-09-30": 49, "2013-06-30": -236, "2013-03-31": "-29.00000", "2012-12-31": 21, "2012-09-30": 182, "2012-06-30": 19, "2012-03-31": "-135.00000", "2011-12-31": 0, "2011-09-30": 513, "2011-06-30": -207, "2011-03-31": "-306.00000", "2010-12-31": 198, "2010-09-30": -141, "2010-06-30": -332, "2010-03-31": "275.00000", "2009-12-31": -89, "2009-09-30": 3, "2009-06-30": 37, "2009-03-31": "49.00000", "2008-12-31": 310, "2008-09-30": 6, "2008-06-30": -123, "2008-03-31": "-193.00000", "2007-12-31": 222, "2007-09-30": 65, "2007-06-30": -134, "2007-03-31": "-153.00000", "2006-12-31": 232, "2006-09-30": 17, "2006-06-30": -55, "2006-03-31": "-194.00000", "2005-12-31": 96, "2005-09-30": -42, "2005-06-30": -80, "2005-03-31": "-283.00000"}, "Change In Inventories": {"2020-12-31": 50, "2020-09-30": 174, "2020-06-30": -53, "2020-03-31": "-171.00000", "2019-12-31": 353, "2019-09-30": 63, "2019-06-30": -18, "2019-03-31": "-107.00000", "2018-12-31": 78, "2018-09-30": -298, "2018-06-30": -216, "2018-03-31": "-259.00000", "2017-12-31": -6, "2017-09-30": -137, "2017-06-30": -62, "2017-03-31": "-202.00000", "2016-12-31": 146, "2016-09-30": -49, "2016-06-30": -47, "2016-03-31": "-54.00000", "2015-12-31": 329, "2015-09-30": -52, "2015-06-30": -29, "2015-03-31": "-98.00000", "2014-12-31": 46, "2014-09-30": -79, "2014-06-30": -88, "2014-03-31": "-135.00000", "2013-12-31": 160, "2013-09-30": -22, "2013-06-30": -7, "2013-03-31": "-177.00000", "2012-12-31": 335, "2012-09-30": 72, "2012-06-30": -230, "2012-03-31": "-209.00000", "2011-12-31": 367, "2011-09-30": -77, "2011-06-30": -80, "2011-03-31": "-210.00000", "2010-12-31": 524, "2010-09-30": -223, "2010-06-30": -112, "2010-03-31": "-189.00000", "2009-12-31": -360, "2009-09-30": 78, "2009-06-30": 238, "2009-03-31": "44.00000", "2008-12-31": 334, "2008-09-30": -132, "2008-06-30": -37, "2008-03-31": "-165.00000", "2007-12-31": 329, "2007-09-30": -93, "2007-06-30": -71, "2007-03-31": "-165.00000", "2006-12-31": 200, "2006-09-30": -75, "2006-06-30": -50, "2006-03-31": "-75.00000", "2005-12-31": 9, "2005-09-30": -108, "2005-06-30": -35, "2005-03-31": "-53.00000"}, "Change In Accounts Payable": {"2020-12-31": -109, "2020-09-30": 329, "2020-06-30": -391, "2020-03-31": "171.00000", "2019-12-31": -307, "2019-09-30": -151, "2019-06-30": -18, "2019-03-31": "166.00000", "2018-12-31": -165, "2018-09-30": 25, "2018-06-30": 196, "2018-03-31": "246.00000", "2017-12-31": 72, "2017-09-30": 164, "2017-06-30": 107, "2017-03-31": "296.00000", "2016-12-31": 87, "2016-09-30": -42, "2016-06-30": 36, "2016-03-31": "107.00000", "2015-12-31": -78, "2015-09-30": -149, "2015-06-30": -50, "2015-03-31": "147.00000", "2014-12-31": -72, "2014-09-30": 27, "2014-06-30": -13, "2014-03-31": "302.00000", "2013-12-31": -89, "2013-09-30": -58, "2013-06-30": 106, "2013-03-31": "204.00000", "2012-12-31": -111, "2012-09-30": -206, "2012-06-30": -87, "2012-03-31": "148.00000", "2011-12-31": -317, "2011-09-30": 10, "2011-06-30": 56, "2011-03-31": "251.00000", "2010-12-31": -336, "2010-09-30": 97, "2010-06-30": 185, "2010-03-31": "54.00000", "2009-12-31": 155, "2009-09-30": 98, "2009-06-30": -150, "2009-03-31": "-103.00000", "2008-12-31": -198, "2008-09-30": 26, "2008-06-30": 8, "2008-03-31": "164.00000", "2007-12-31": -218, "2007-09-30": 3, "2007-06-30": 89, "2007-03-31": "126.00000", "2006-12-31": -132, "2006-09-30": -15, "2006-06-30": 39, "2006-03-31": "108.00000", "2005-12-31": -67, "2005-09-30": 69, "2005-06-30": -14, "2005-03-31": "120.00000"}, "Change In Assets/Liabilities": {"2020-12-31": -281, "2020-09-30": -13, "2020-06-30": 187, "2020-03-31": "107.00000", "2019-12-31": -71, "2019-09-30": 81, "2019-06-30": 4, "2019-03-31": "131.00000", "2018-12-31": -193, "2018-09-30": 143, "2018-06-30": -120, "2018-03-31": "83.00000", "2017-12-31": 80, "2017-09-30": 75, "2017-06-30": -50, "2017-03-31": "124.00000", "2016-12-31": -61, "2016-09-30": 8, "2016-06-30": 42, "2016-03-31": "276.00000", "2015-12-31": -211, "2015-09-30": 236, "2015-06-30": 67, "2015-03-31": "49.00000", "2014-12-31": 105, "2014-09-30": 64, "2014-06-30": 62, "2014-03-31": "52.00000", "2013-12-31": 100, "2013-09-30": 9, "2013-06-30": 109, "2013-03-31": "205.00000", "2012-12-31": 95, "2012-09-30": 3, "2012-06-30": 92, "2012-03-31": "-36.00000", "2011-12-31": -103, "2011-09-30": 19, "2011-06-30": 47, "2011-03-31": "22.00000", "2010-12-31": -193, "2010-09-30": 14, "2010-06-30": 35, "2010-03-31": "32.00000", "2009-12-31": 147, "2009-09-30": 40, "2009-06-30": 50, "2009-03-31": "45.00000", "2008-12-31": -201, "2008-09-30": 12, "2008-06-30": 11, "2008-03-31": "20.00000", "2007-12-31": -87, "2007-09-30": 16, "2007-06-30": 18, "2007-03-31": "9.00000", "2006-12-31": -160, "2006-09-30": -4, "2006-06-30": 18, "2006-03-31": "-22.00000", "2005-12-31": 22, "2005-09-30": 23, "2005-06-30": 11, "2005-03-31": "23.00000"}, "Total Change In Assets/Liabilities": {"2020-12-31": -151, "2020-09-30": 553, "2020-06-30": -295, "2020-03-31": "-107.00000", "2019-12-31": 233, "2019-09-30": 324, "2019-06-30": -110, "2019-03-31": "-238.00000", "2018-12-31": -119, "2018-09-30": 178, "2018-06-30": -47, "2018-03-31": "-484.00000", "2017-12-31": 374, "2017-09-30": 105, "2017-06-30": -66, "2017-03-31": "-77.00000", "2016-12-31": 103, "2016-09-30": -13, "2016-06-30": -49, "2016-03-31": "-52.00000", "2015-12-31": 233, "2015-09-30": 166, "2015-06-30": -148, "2015-03-31": "-213.00000", "2014-12-31": 232, "2014-09-30": 139, "2014-06-30": 87, "2014-03-31": "-108.00000", "2013-12-31": 139, "2013-09-30": -81, "2013-06-30": 27, "2013-03-31": "61.00000", "2012-12-31": 224, "2012-09-30": -174, "2012-06-30": -183, "2012-03-31": "-428.00000", "2011-12-31": 243, "2011-09-30": 0, "2011-06-30": 13, "2011-03-31": "-271.00000", "2010-12-31": 91, "2010-09-30": -137, "2010-06-30": -84, "2010-03-31": "18.00000", "2009-12-31": 38, "2009-09-30": 276, "2009-06-30": 106, "2009-03-31": "-138.00000", "2008-12-31": 39, "2008-09-30": 16, "2008-06-30": -16, "2008-03-31": "-197.00000", "2007-12-31": 125, "2007-09-30": 151, "2007-06-30": 3, "2007-03-31": "-323.00000", "2006-12-31": 51, "2006-09-30": 7, "2006-06-30": 24, "2006-03-31": "-250.00000", "2005-12-31": 67, "2005-09-30": 48, "2005-06-30": -47, "2005-03-31": "-267.00000"}, "Cash Flow From Operating Activities": {"2020-12-31": 1142, "2020-09-30": 1223, "2020-06-30": -22, "2020-03-31": "379.00000", "2019-12-31": 838, "2019-09-30": 1123, "2019-06-30": 808, "2019-03-31": "412.00000", "2018-12-31": 990, "2018-09-30": 915, "2018-06-30": 590, "2018-03-31": "-117.00000", "2017-12-31": 806, "2017-09-30": 645, "2017-06-30": 447, "2017-03-31": "379.00000", "2016-12-31": 625, "2016-09-30": 576, "2016-06-30": 471, "2016-03-31": "267.00000", "2015-12-31": 934, "2015-09-30": 562, "2015-06-30": 396, "2015-03-31": "173.00000", "2014-12-31": 878, "2014-09-30": 687, "2014-06-30": 438, "2014-03-31": "263.00000", "2013-12-31": 756, "2013-09-30": 373, "2013-06-30": 532, "2013-03-31": "428.00000", "2012-12-31": 745, "2012-09-30": 390, "2012-06-30": 376, "2012-03-31": "21.00000", "2011-12-31": 705, "2011-09-30": 624, "2011-06-30": 656, "2011-03-31": "88.00000", "2010-12-31": 387, "2010-09-30": 192, "2010-06-30": 301, "2010-03-31": "126.00000", "2009-12-31": 407, "2009-09-30": 409, "2009-06-30": 245, "2009-03-31": "76.00000", "2008-12-31": 262, "2008-09-30": 319, "2008-06-30": 369, "2008-03-31": "37.00000", "2007-12-31": 287, "2007-09-30": 367, "2007-06-30": 269, "2007-03-31": "-113.00000", "2006-12-31": 227, "2006-09-30": 258, "2006-06-30": 337, "2006-03-31": "18.00000", "2005-12-31": 375, "2005-09-30": 230, "2005-06-30": 217, "2005-03-31": "-62.00000"}, "Net Change In Property, Plant, And Equipment": {"2020-12-31": -260, "2020-09-30": -116, "2020-06-30": -77, "2020-03-31": "-75.00000", "2019-12-31": -282, "2019-09-30": -153, "2019-06-30": -133, "2019-03-31": "-109.00000", "2018-12-31": -328, "2018-09-30": -175, "2018-06-30": -114, "2018-03-31": "-72.00000", "2017-12-31": -218, "2017-09-30": 4, "2017-06-30": -101, "2017-03-31": "-81.00000", "2016-12-31": -216, "2016-09-30": -112, "2016-06-30": -118, "2016-03-31": "-71.00000", "2015-12-31": -326, "2015-09-30": -146, "2015-06-30": -147, "2015-03-31": "-100.00000", "2014-12-31": -334, "2014-09-30": -164, "2014-06-30": -138, "2014-03-31": "-107.00000", "2013-12-31": -259, "2013-09-30": -142, "2013-06-30": -161, "2013-03-31": "-114.00000", "2012-12-31": -266, "2012-09-30": -158, "2012-06-30": -140, "2012-03-31": "-126.00000", "2011-12-31": -237, "2011-09-30": -162, "2011-06-30": -124, "2011-03-31": "-91.00000", "2010-12-31": -185, "2010-09-30": -75, "2010-06-30": -40, "2010-03-31": "-9.00000", "2009-12-31": -104, "2009-09-30": -64, "2009-06-30": -74, "2009-03-31": "-58.00000", "2008-12-31": -204, "2008-09-30": -119, "2008-06-30": -102, "2008-03-31": "-89.00000", "2007-12-31": -160, "2007-09-30": -60, "2007-06-30": -43, "2007-03-31": "-46.00000", "2006-12-31": -80, "2006-09-30": -42, "2006-06-30": -48, "2006-03-31": "-30.00000", "2005-12-31": -57, "2005-09-30": -43, "2005-06-30": -44, "2005-03-31": "-21.00000"}, "Net Change In Intangible Assets": {"2020-12-31": 0, "2020-09-30": 0, "2020-06-30": 0, "2020-03-31": "", "2019-12-31": 0, "2019-09-30": 0, "2019-06-30": 0, "2019-03-31": "", "2018-12-31": 0, "2018-09-30": 0, "2018-06-30": 0, "2018-03-31": "", "2017-12-31": 0, "2017-09-30": 0, "2017-06-30": 0, "2017-03-31": "", "2016-12-31": 0, "2016-09-30": 0, "2016-06-30": 0, "2016-03-31": "", "2015-12-31": 0, "2015-09-30": 0, "2015-06-30": 0, "2015-03-31": "", "2014-12-31": 0, "2014-09-30": 0, "2014-06-30": 0, "2014-03-31": "", "2013-12-31": 0, "2013-09-30": 0, "2013-06-30": 0, "2013-03-31": "", "2012-12-31": 0, "2012-09-30": 0, "2012-06-30": 0, "2012-03-31": "", "2011-12-31": 0, "2011-09-30": 0, "2011-06-30": 0, "2011-03-31": "", "2010-12-31": 0, "2010-09-30": 0, "2010-06-30": 0, "2010-03-31": "", "2009-12-31": 0, "2009-09-30": 0, "2009-06-30": 0, "2009-03-31": "", "2008-12-31": 0, "2008-09-30": 0, "2008-06-30": 0, "2008-03-31": "", "2007-12-31": 0, "2007-09-30": 0, "2007-06-30": 0, "2007-03-31": "", "2006-12-31": 0, "2006-09-30": 0, "2006-06-30": 0, "2006-03-31": "", "2005-12-31": 0, "2005-09-30": 0, "2005-06-30": 0, "2005-03-31": ""}, "Net Acquisitions/Divestitures": {"2020-12-31": 0, "2020-09-30": 0, "2020-06-30": 0, "2020-03-31": "", "2019-12-31": 0, "2019-09-30": -237, "2019-06-30": 0, "2019-03-31": "", "2018-12-31": 0, "2018-09-30": -70, "2018-06-30": 0, "2018-03-31": "", "2017-12-31": 9, "2017-09-30": -671, "2017-06-30": 20, "2017-03-31": "-20.00000", "2016-12-31": -93, "2016-09-30": -1, "2016-06-30": 0, "2016-03-31": "", "2015-12-31": -15, "2015-09-30": -87, "2015-06-30": -4, "2015-03-31": "-11.00000", "2014-12-31": -170, "2014-09-30": -73, "2014-06-30": -103, "2014-03-31": "-90.00000", "2013-12-31": -2, "2013-09-30": -11, "2013-06-30": -117, "2013-03-31": "-17.00000", "2012-12-31": -10, "2012-09-30": -193, "2012-06-30": -7, "2012-03-31": "-5.00000", "2011-12-31": 88, "2011-09-30": 0, "2011-06-30": 111, "2011-03-31": "", "2010-12-31": -27, "2010-09-30": -6, "2010-06-30": 0, "2010-03-31": "-71.00000", "2009-12-31": 0, "2009-09-30": -1, "2009-06-30": -4, "2009-03-31": "3.00000", "2008-12-31": 64, "2008-09-30": -25, "2008-06-30": -68, "2008-03-31": "-49.00000", "2007-12-31": -31, "2007-09-30": 0, "2007-06-30": 0, "2007-03-31": "-20.00000", "2006-12-31": 4, "2006-09-30": 0, "2006-06-30": 0, "2006-03-31": "", "2005-12-31": 0, "2005-09-30": 0, "2005-06-30": -2, "2005-03-31": ""}, "Net Change In Short-term Investments": {"2020-12-31": -91, "2020-09-30": 24, "2020-06-30": -38, "2020-03-31": "-15.00000", "2019-12-31": 7, "2019-09-30": -25, "2019-06-30": -169, "2019-03-31": "37.00000", "2018-12-31": -65, "2018-09-30": -38, "2018-06-30": -78, "2018-03-31": "42.00000", "2017-12-31": 27, "2017-09-30": 9, "2017-06-30": 15, "2017-03-31": "97.00000", "2016-12-31": -54, "2016-09-30": -57, "2016-06-30": 119, "2016-03-31": "-282.00000", "2015-12-31": -74, "2015-09-30": 83, "2015-06-30": 7, "2015-03-31": "-20.00000", "2014-12-31": -56, "2014-09-30": 99, "2014-06-30": -25, "2014-03-31": "29.00000", "2013-12-31": 50, "2013-09-30": 44, "2013-06-30": -10, "2013-03-31": "24.00000", "2012-12-31": -19, "2012-09-30": 50, "2012-06-30": -44, "2012-03-31": "49.00000", "2011-12-31": -35, "2011-09-30": 50, "2011-06-30": -49, "2011-03-31": "37.00000", "2010-12-31": -25, "2010-09-30": -8, "2010-06-30": -62, "2010-03-31": "-36.00000", "2009-12-31": -30, "2009-09-30": -127, "2009-06-30": 67, "2009-03-31": "-24.00000", "2008-12-31": -27, "2008-09-30": 10, "2008-06-30": -14, "2008-03-31": "-3.00000", "2007-12-31": -12, "2007-09-30": -9, "2007-06-30": -29, "2007-03-31": "26.00000", "2006-12-31": -17, "2006-09-30": -14, "2006-06-30": -11, "2006-03-31": "4.00000", "2005-12-31": -6, "2005-09-30": 0, "2005-06-30": -4, "2005-03-31": "13.00000"}, "Net Change In Long-Term Investments": {"2020-12-31": -35, "2020-09-30": -25, "2020-06-30": -23, "2020-03-31": "-15.00000", "2019-12-31": -29, "2019-09-30": -14, "2019-06-30": -22, "2019-03-31": "-30.00000", "2018-12-31": -48, "2018-09-30": -14, "2018-06-30": -19, "2018-03-31": "-31.00000", "2017-12-31": -88, "2017-09-30": 45, "2017-06-30": -77, "2017-03-31": "-27.00000", "2016-12-31": 27, "2016-09-30": -27, "2016-06-30": -6, "2016-03-31": "-38.00000", "2015-12-31": -15, "2015-09-30": -8, "2015-06-30": -41, "2015-03-31": "2.00000", "2014-12-31": -32, "2014-09-30": -42, "2014-06-30": -17, "2014-03-31": "-20.00000", "2013-12-31": -51, "2013-09-30": -27, "2013-06-30": 8, "2013-03-31": "-36.00000", "2012-12-31": -3, "2012-09-30": -74, "2012-06-30": -59, "2012-03-31": "-21.00000", "2011-12-31": -6, "2011-09-30": -93, "2011-06-30": -11, "2011-03-31": "-31.00000", "2010-12-31": 0, "2010-09-30": -22, "2010-06-30": 5, "2010-03-31": "-28.00000", "2009-12-31": -9, "2009-09-30": -10, "2009-06-30": -8, "2009-03-31": "-11.00000", "2008-12-31": -131, "2008-09-30": -4, "2008-06-30": -22, "2008-03-31": "-14.00000", "2007-12-31": 6, "2007-09-30": -17, "2007-06-30": -26, "2007-03-31": "-30.00000", "2006-12-31": -9, "2006-09-30": -18, "2006-06-30": -13, "2006-03-31": "-12.00000", "2005-12-31": -23, "2005-09-30": -10, "2005-06-30": -8, "2005-03-31": "-11.00000"}, "Net Change In Investments - Total": {"2020-12-31": -126, "2020-09-30": -1, "2020-06-30": -61, "2020-03-31": "-30.00000", "2019-12-31": -22, "2019-09-30": -39, "2019-06-30": -191, "2019-03-31": "7.00000", "2018-12-31": -113, "2018-09-30": -52, "2018-06-30": -97, "2018-03-31": "11.00000", "2017-12-31": -61, "2017-09-30": 54, "2017-06-30": -62, "2017-03-31": "70.00000", "2016-12-31": -27, "2016-09-30": -84, "2016-06-30": 113, "2016-03-31": "-320.00000", "2015-12-31": -89, "2015-09-30": 75, "2015-06-30": -34, "2015-03-31": "-18.00000", "2014-12-31": -88, "2014-09-30": 57, "2014-06-30": -42, "2014-03-31": "9.00000", "2013-12-31": -1, "2013-09-30": 17, "2013-06-30": -2, "2013-03-31": "-12.00000", "2012-12-31": -22, "2012-09-30": -24, "2012-06-30": -103, "2012-03-31": "28.00000", "2011-12-31": -41, "2011-09-30": -43, "2011-06-30": -60, "2011-03-31": "6.00000", "2010-12-31": -25, "2010-09-30": -30, "2010-06-30": -57, "2010-03-31": "-64.00000", "2009-12-31": -39, "2009-09-30": -137, "2009-06-30": 59, "2009-03-31": "-35.00000", "2008-12-31": -158, "2008-09-30": 6, "2008-06-30": -36, "2008-03-31": "-17.00000", "2007-12-31": -6, "2007-09-30": -26, "2007-06-30": -55, "2007-03-31": "-4.00000", "2006-12-31": -26, "2006-09-30": -32, "2006-06-30": -24, "2006-03-31": "-8.00000", "2005-12-31": -29, "2005-09-30": -10, "2005-06-30": -12, "2005-03-31": "2.00000"}, "Investing Activities - Other": {"2020-12-31": 4, "2020-09-30": 14, "2020-06-30": 3, "2020-03-31": "6.00000", "2019-12-31": -17, "2019-09-30": 11, "2019-06-30": -16, "2019-03-31": "31.00000", "2018-12-31": -14, "2018-09-30": 14, "2018-06-30": 11, "2018-03-31": "25.00000", "2017-12-31": 4, "2017-09-30": -13, "2017-06-30": 10, "2017-03-31": "4.00000", "2016-12-31": 9, "2016-09-30": -2, "2016-06-30": 2, "2016-03-31": "3.00000", "2015-12-31": -11, "2015-09-30": -19, "2015-06-30": 10, "2015-03-31": "4.00000", "2014-12-31": -2, "2014-09-30": 3, "2014-06-30": 7, "2014-03-31": "1.00000", "2013-12-31": -39, "2013-09-30": 2, "2013-06-30": 12, "2013-03-31": "", "2012-12-31": 35, "2012-09-30": 6, "2012-06-30": 2, "2012-03-31": "1.00000", "2011-12-31": -6, "2011-09-30": 0, "2011-06-30": 0, "2011-03-31": "7.00000", "2010-12-31": -8, "2010-09-30": -52, "2010-06-30": -2, "2010-03-31": "", "2009-12-31": -2, "2009-09-30": -53, "2009-06-30": 0, "2009-03-31": "", "2008-12-31": 2, "2008-09-30": -58, "2008-06-30": 2, "2008-03-31": "3.00000", "2007-12-31": 5, "2007-09-30": -61, "2007-06-30": -5, "2007-03-31": "-3.00000", "2006-12-31": 10, "2006-09-30": -1, "2006-06-30": 0, "2006-03-31": "", "2005-12-31": -1, "2005-09-30": 4, "2005-06-30": 0, "2005-03-31": "1.00000"}, "Cash Flow From Investing Activities": {"2020-12-31": -382, "2020-09-30": -103, "2020-06-30": -135, "2020-03-31": "-99.00000", "2019-12-31": -321, "2019-09-30": -418, "2019-06-30": -340, "2019-03-31": "-71.00000", "2018-12-31": -455, "2018-09-30": -283, "2018-06-30": -200, "2018-03-31": "-36.00000", "2017-12-31": -266, "2017-09-30": -626, "2017-06-30": -133, "2017-03-31": "-27.00000", "2016-12-31": -327, "2016-09-30": -199, "2016-06-30": -3, "2016-03-31": "-388.00000", "2015-12-31": -441, "2015-09-30": -177, "2015-06-30": -175, "2015-03-31": "-125.00000", "2014-12-31": -594, "2014-09-30": -177, "2014-06-30": -276, "2014-03-31": "-187.00000", "2013-12-31": -301, "2013-09-30": -134, "2013-06-30": -268, "2013-03-31": "-143.00000", "2012-12-31": -263, "2012-09-30": -369, "2012-06-30": -248, "2012-03-31": "-102.00000", "2011-12-31": -196, "2011-09-30": -205, "2011-06-30": -73, "2011-03-31": "-78.00000", "2010-12-31": -245, "2010-09-30": -163, "2010-06-30": -99, "2010-03-31": "-144.00000", "2009-12-31": -145, "2009-09-30": -255, "2009-06-30": -19, "2009-03-31": "-90.00000", "2008-12-31": -296, "2008-09-30": -196, "2008-06-30": -204, "2008-03-31": "-152.00000", "2007-12-31": -192, "2007-09-30": -147, "2007-06-30": -103, "2007-03-31": "-73.00000", "2006-12-31": -92, "2006-09-30": -75, "2006-06-30": -72, "2006-03-31": "-38.00000", "2005-12-31": -87, "2005-09-30": -49, "2005-06-30": -58, "2005-03-31": "-18.00000"}, "Net Long-Term Debt": {"2020-12-31": -17, "2020-09-30": 1983, "2020-06-30": -15, "2020-03-31": "-10.00000", "2019-12-31": -59, "2019-09-30": -20, "2019-06-30": -7, "2019-03-31": "-10.00000", "2018-12-31": -8, "2018-09-30": -21, "2018-06-30": -17, "2018-03-31": "-16.00000", "2017-12-31": -22, "2017-09-30": -9, "2017-06-30": -18, "2017-03-31": "-11.00000", "2016-12-31": -7, "2016-09-30": -21, "2016-06-30": -114, "2016-03-31": "90.00000", "2015-12-31": 8, "2015-09-30": -21, "2015-06-30": -3, "2015-03-31": "-16.00000", "2014-12-31": -6, "2014-09-30": -11, "2014-06-30": -4, "2014-03-31": "-18.00000", "2013-12-31": -11, "2013-09-30": 974, "2013-06-30": -22, "2013-03-31": "-27.00000", "2012-12-31": -25, "2012-09-30": -27, "2012-06-30": -3, "2012-03-31": "-26.00000", "2011-12-31": -32, "2011-09-30": -44, "2011-06-30": -27, "2011-03-31": "-7.00000", "2010-12-31": -28, "2010-09-30": 51, "2010-06-30": -2, "2010-03-31": "50.00000", "2009-12-31": 28, "2009-09-30": -15, "2009-06-30": -22, "2009-03-31": "-12.00000", "2008-12-31": -56, "2008-09-30": 4, "2008-06-30": -19, "2008-03-31": "-5.00000", "2007-12-31": -10, "2007-09-30": -8, "2007-06-30": -14, "2007-03-31": "-97.00000", "2006-12-31": -254, "2006-09-30": 5, "2006-06-30": -12, "2006-03-31": "-45.00000", "2005-12-31": -15, "2005-09-30": -1, "2005-06-30": -9, "2005-03-31": "-269.00000"}, "Net Current Debt": {"2020-12-31": 11, "2020-09-30": -1709, "2020-06-30": 389, "2020-03-31": "982.00000", "2019-12-31": -242, "2019-09-30": 464, "2019-06-30": -233, "2019-03-31": "-56.00000", "2018-12-31": -28, "2018-09-30": 8, "2018-06-30": 208, "2018-03-31": "295.00000", "2017-12-31": -223, "2017-09-30": 399, "2017-06-30": -140, "2017-03-31": "62.00000", "2016-12-31": -67, "2016-09-30": 98, "2016-06-30": 150, "2016-03-31": "50.00000", "2015-12-31": -3, "2015-09-30": -38, "2015-06-30": 0, "2015-03-31": "", "2014-12-31": 1, "2014-09-30": 7, "2014-06-30": -48, "2014-03-31": "", "2013-12-31": -37, "2013-09-30": -22, "2013-06-30": 41, "2013-03-31": "15.00000", "2012-12-31": -5, "2012-09-30": 2, "2012-06-30": 3, "2012-03-31": "", "2011-12-31": 11, "2011-09-30": -16, "2011-06-30": 10, "2011-03-31": "1.00000", "2010-12-31": 13, "2010-09-30": -3, "2010-06-30": -6, "2010-03-31": "5.00000", "2009-12-31": 2, "2009-09-30": 1, "2009-06-30": -9, "2009-03-31": "4.00000", "2008-12-31": 28, "2008-09-30": 4, "2008-06-30": -13, "2008-03-31": "14.00000", "2007-12-31": 2, "2007-09-30": -6, "2007-06-30": -6, "2007-03-31": "-2.00000", "2006-12-31": -2, "2006-09-30": -7, "2006-06-30": -7, "2006-03-31": "13.00000", "2005-12-31": 1, "2005-09-30": -19, "2005-06-30": 10, "2005-03-31": "10.00000"}, "Debt Issuance/Retirement Net - Total": {"2020-12-31": -6, "2020-09-30": 274, "2020-06-30": 374, "2020-03-31": "972.00000", "2019-12-31": -301, "2019-09-30": 444, "2019-06-30": -240, "2019-03-31": "-66.00000", "2018-12-31": -36, "2018-09-30": -13, "2018-06-30": 191, "2018-03-31": "279.00000", "2017-12-31": -245, "2017-09-30": 390, "2017-06-30": -158, "2017-03-31": "51.00000", "2016-12-31": -74, "2016-09-30": 77, "2016-06-30": 36, "2016-03-31": "140.00000", "2015-12-31": 5, "2015-09-30": -59, "2015-06-30": -3, "2015-03-31": "-16.00000", "2014-12-31": -5, "2014-09-30": -4, "2014-06-30": -52, "2014-03-31": "-18.00000", "2013-12-31": -48, "2013-09-30": 952, "2013-06-30": 19, "2013-03-31": "-12.00000", "2012-12-31": -30, "2012-09-30": -25, "2012-06-30": 0, "2012-03-31": "-26.00000", "2011-12-31": -21, "2011-09-30": -60, "2011-06-30": -17, "2011-03-31": "-6.00000", "2010-12-31": -15, "2010-09-30": 48, "2010-06-30": -8, "2010-03-31": "55.00000", "2009-12-31": 30, "2009-09-30": -14, "2009-06-30": -31, "2009-03-31": "-8.00000", "2008-12-31": -28, "2008-09-30": 8, "2008-06-30": -32, "2008-03-31": "9.00000", "2007-12-31": -8, "2007-09-30": -14, "2007-06-30": -20, "2007-03-31": "-99.00000", "2006-12-31": -256, "2006-09-30": -2, "2006-06-30": -19, "2006-03-31": "-32.00000", "2005-12-31": -14, "2005-09-30": -20, "2005-06-30": 1, "2005-03-31": "-259.00000"}, "Net Common Equity Issued/Repurchased": {"2020-12-31": -3, "2020-09-30": 0, "2020-06-30": 0, "2020-03-31": "-550.00000", "2019-12-31": -465, "2019-09-30": -706, "2019-06-30": 0, "2019-03-31": "-100.00000", "2018-12-31": -261, "2018-09-30": -500, "2018-06-30": -216, "2018-03-31": "-163.00000", "2017-12-31": -60, "2017-09-30": -271, "2017-06-30": -69, "2017-03-31": "-51.00000", "2016-12-31": -33, "2016-09-30": -50, "2016-06-30": -120, "2016-03-31": "-575.00000", "2015-12-31": -250, "2015-09-30": -136, "2015-06-30": -377, "2015-03-31": "-137.00000", "2014-12-31": -65, "2014-09-30": -175, "2014-06-30": -11, "2014-03-31": "-419.00000", "2013-12-31": -92, "2013-09-30": 0, "2013-06-30": -289, "2013-03-31": "", "2012-12-31": -25, "2012-09-30": -35, "2012-06-30": -188, "2012-03-31": "-8.00000", "2011-12-31": -83, "2011-09-30": -173, "2011-06-30": -183, "2011-03-31": "-190.00000", "2010-12-31": 6, "2010-09-30": -27, "2010-06-30": -123, "2010-03-31": "-39.00000", "2009-12-31": -2, "2009-09-30": 54, "2009-06-30": 0, "2009-03-31": "", "2008-12-31": 6, "2008-09-30": -26, "2008-06-30": -34, "2008-03-31": "-11.00000", "2007-12-31": -112, "2007-09-30": -174, "2007-06-30": -23, "2007-03-31": "-13.00000", "2006-12-31": -53, "2006-09-30": -12, "2006-06-30": -24, "2006-03-31": "-32.00000", "2005-12-31": -35, "2005-09-30": 15, "2005-06-30": 5, "2005-03-31": "7.00000"}, "Net Total Equity Issued/Repurchased": {"2020-12-31": -3, "2020-09-30": 0, "2020-06-30": 0, "2020-03-31": "-550.00000", "2019-12-31": -465, "2019-09-30": -706, "2019-06-30": 0, "2019-03-31": "-100.00000", "2018-12-31": -261, "2018-09-30": -500, "2018-06-30": -216, "2018-03-31": "-163.00000", "2017-12-31": -60, "2017-09-30": -271, "2017-06-30": -69, "2017-03-31": "-51.00000", "2016-12-31": -33, "2016-09-30": -50, "2016-06-30": -120, "2016-03-31": "-575.00000", "2015-12-31": -250, "2015-09-30": -136, "2015-06-30": -377, "2015-03-31": "-137.00000", "2014-12-31": -65, "2014-09-30": -175, "2014-06-30": -11, "2014-03-31": "-419.00000", "2013-12-31": -92, "2013-09-30": 0, "2013-06-30": -289, "2013-03-31": "", "2012-12-31": -25, "2012-09-30": -35, "2012-06-30": -188, "2012-03-31": "-8.00000", "2011-12-31": -83, "2011-09-30": -173, "2011-06-30": -183, "2011-03-31": "-190.00000", "2010-12-31": 6, "2010-09-30": -27, "2010-06-30": -123, "2010-03-31": "-39.00000", "2009-12-31": -2, "2009-09-30": 54, "2009-06-30": 0, "2009-03-31": "", "2008-12-31": 6, "2008-09-30": -26, "2008-06-30": -34, "2008-03-31": "-11.00000", "2007-12-31": -112, "2007-09-30": -174, "2007-06-30": -23, "2007-03-31": "-13.00000", "2006-12-31": -53, "2006-09-30": -12, "2006-06-30": -24, "2006-03-31": "-32.00000", "2005-12-31": -35, "2005-09-30": 15, "2005-06-30": 5, "2005-03-31": "7.00000"}, "Total Common And Preferred Stock Dividends Paid": {"2020-12-31": -200, "2020-09-30": -194, "2020-06-30": -193, "2020-03-31": "-195.00000", "2019-12-31": -199, "2019-09-30": -204, "2019-06-30": -179, "2019-03-31": "-179.00000", "2018-12-31": -181, "2018-09-30": -182, "2018-06-30": -177, "2018-03-31": "-178.00000", "2017-12-31": -179, "2017-09-30": -179, "2017-06-30": -172, "2017-03-31": "-171.00000", "2016-12-31": -171, "2016-09-30": -172, "2016-06-30": -163, "2016-03-31": "-170.00000", "2015-12-31": -170, "2015-09-30": -172, "2015-06-30": -140, "2015-03-31": "-140.00000", "2014-12-31": -142, "2014-09-30": -141, "2014-06-30": -114, "2014-03-31": "-115.00000", "2013-12-31": -115, "2013-09-30": -116, "2013-06-30": -94, "2013-03-31": "-95.00000", "2012-12-31": -94, "2012-09-30": -94, "2012-06-30": -75, "2012-03-31": "-77.00000", "2011-12-31": -77, "2011-09-30": -76, "2011-06-30": -51, "2011-03-31": "-51.00000", "2010-12-31": -52, "2010-09-30": -50, "2010-06-30": -35, "2010-03-31": "-35.00000", "2009-12-31": -35, "2009-09-30": -35, "2009-06-30": -36, "2009-03-31": "-35.00000", "2008-12-31": -36, "2008-09-30": -35, "2008-06-30": -26, "2008-03-31": "-25.00000", "2007-12-31": -26, "2007-09-30": -25, "2007-06-30": -19, "2007-03-31": "-19.00000", "2006-12-31": -19, "2006-09-30": -19, "2006-06-30": -14, "2006-03-31": "-14.00000", "2005-12-31": -14, "2005-09-30": -14, "2005-06-30": -14, "2005-03-31": "-14.00000"}, "Financial Activities - Other": {"2020-12-31": -75, "2020-09-30": 24, "2020-06-30": 45, "2020-03-31": "7.00000", "2019-12-31": 68, "2019-09-30": -21, "2019-06-30": 55, "2019-03-31": "-2.00000", "2018-12-31": 38, "2018-09-30": -12, "2018-06-30": 1, "2018-03-31": "10.00000", "2017-12-31": 10, "2017-09-30": 4, "2017-06-30": 19, "2017-03-31": "7.00000", "2016-12-31": -90, "2016-09-30": -4, "2016-06-30": -13, "2016-03-31": "-31.00000", "2015-12-31": -20, "2015-09-30": -19, "2015-06-30": -13, "2015-03-31": "-3.00000", "2014-12-31": -32, "2014-09-30": -23, "2014-06-30": 23, "2014-03-31": "-50.00000", "2013-12-31": -37, "2013-09-30": -19, "2013-06-30": -6, "2013-03-31": "4.00000", "2012-12-31": 5, "2012-09-30": -10, "2012-06-30": -10, "2012-03-31": "-2.00000", "2011-12-31": -4, "2011-09-30": -18, "2011-06-30": 0, "2011-03-31": "-15.00000", "2010-12-31": 4, "2010-09-30": -8, "2010-06-30": 0, "2010-03-31": "12.00000", "2009-12-31": -14, "2009-09-30": -6, "2009-06-30": 1, "2009-03-31": "-10.00000", "2008-12-31": -8, "2008-09-30": -7, "2008-06-30": 3, "2008-03-31": "5.00000", "2007-12-31": -3, "2007-09-30": -15, "2007-06-30": -2, "2007-03-31": "-4.00000", "2006-12-31": 3, "2006-09-30": -4, "2006-06-30": -5, "2006-03-31": "-6.00000", "2005-12-31": -4, "2005-09-30": -6, "2005-06-30": -4, "2005-03-31": "-2.00000"}, "Cash Flow From Financial Activities": {"2020-12-31": -284, "2020-09-30": 104, "2020-06-30": 226, "2020-03-31": "234.00000", "2019-12-31": -897, "2019-09-30": -487, "2019-06-30": -364, "2019-03-31": "-347.00000", "2018-12-31": -440, "2018-09-30": -707, "2018-06-30": -201, "2018-03-31": "-52.00000", "2017-12-31": -474, "2017-09-30": -56, "2017-06-30": -380, "2017-03-31": "-164.00000", "2016-12-31": -368, "2016-09-30": -149, "2016-06-30": -260, "2016-03-31": "-636.00000", "2015-12-31": -435, "2015-09-30": -386, "2015-06-30": -533, "2015-03-31": "-296.00000", "2014-12-31": -244, "2014-09-30": -343, "2014-06-30": -154, "2014-03-31": "-602.00000", "2013-12-31": -292, "2013-09-30": 817, "2013-06-30": -370, "2013-03-31": "-103.00000", "2012-12-31": -144, "2012-09-30": -164, "2012-06-30": -273, "2012-03-31": "-113.00000", "2011-12-31": -185, "2011-09-30": -327, "2011-06-30": -251, "2011-03-31": "-262.00000", "2010-12-31": -57, "2010-09-30": -37, "2010-06-30": -166, "2010-03-31": "-7.00000", "2009-12-31": -21, "2009-09-30": -1, "2009-06-30": -66, "2009-03-31": "-53.00000", "2008-12-31": -66, "2008-09-30": -60, "2008-06-30": -89, "2008-03-31": "-22.00000", "2007-12-31": -149, "2007-09-30": -228, "2007-06-30": -64, "2007-03-31": "-135.00000", "2006-12-31": -325, "2006-09-30": -37, "2006-06-30": -62, "2006-03-31": "-84.00000", "2005-12-31": -67, "2005-09-30": -25, "2005-06-30": -12, "2005-03-31": "-268.00000"}, "Net Cash Flow": {"2020-12-31": 434, "2020-09-30": 1216, "2020-06-30": 60, "2020-03-31": "562.00000", "2019-12-31": -431, "2019-09-30": 163, "2019-06-30": 69, "2019-03-31": "25.00000", "2018-12-31": 81, "2018-09-30": -96, "2018-06-30": 111, "2018-03-31": "-162.00000", "2017-12-31": 79, "2017-09-30": -3, "2017-06-30": -29, "2017-03-31": "202.00000", "2016-12-31": -131, "2016-09-30": 206, "2016-06-30": 130, "2016-03-31": "-796.00000", "2015-12-31": 23, "2015-09-30": -72, "2015-06-30": -237, "2015-03-31": "-304.00000", "2014-12-31": -27, "2014-09-30": 109, "2014-06-30": 41, "2014-03-31": "-521.00000", "2013-12-31": 200, "2013-09-30": 1117, "2013-06-30": -101, "2013-03-31": "114.00000", "2012-12-31": 336, "2012-09-30": -112, "2012-06-30": -172, "2012-03-31": "-167.00000", "2011-12-31": 319, "2011-09-30": 54, "2011-06-30": 332, "2011-03-31": "-244.00000", "2010-12-31": 86, "2010-09-30": 13, "2010-06-30": 39, "2010-03-31": "-45.00000", "2009-12-31": 244, "2009-09-30": 152, "2009-06-30": 181, "2009-03-31": "-73.00000", "2008-12-31": -146, "2008-09-30": 50, "2008-06-30": 76, "2008-03-31": "-131.00000", "2007-12-31": -47, "2007-09-30": -2, "2007-06-30": 105, "2007-03-31": "-319.00000", "2006-12-31": -187, "2006-09-30": 149, "2006-06-30": 202, "2006-03-31": "-103.00000", "2005-12-31": 218, "2005-09-30": 157, "2005-06-30": 143, "2005-03-31": "-350.00000"}, "Stock-Based Compensation": {"2020-12-31": -22, "2020-09-30": 10, "2020-06-30": 8, "2020-03-31": "4.00000", "2019-12-31": 12, "2019-09-30": 9, "2019-06-30": 19, "2019-03-31": "9.00000", "2018-12-31": 15, "2018-09-30": 10, "2018-06-30": 19, "2018-03-31": "9.00000", "2017-12-31": 7, "2017-09-30": 11, "2017-06-30": 16, "2017-03-31": "7.00000", "2016-12-31": 4, "2016-09-30": 8, "2016-06-30": 15, "2016-03-31": "5.00000", "2015-12-31": 0, "2015-09-30": 7, "2015-06-30": 12, "2015-03-31": "5.00000", "2014-12-31": 9, "2014-09-30": 6, "2014-06-30": 11, "2014-03-31": "10.00000", "2013-12-31": 8, "2013-09-30": 10, "2013-06-30": 12, "2013-03-31": "7.00000", "2012-12-31": 7, "2012-09-30": 8, "2012-06-30": 14, "2012-03-31": "7.00000", "2011-12-31": 14, "2011-09-30": 10, "2011-06-30": 13, "2011-03-31": "5.00000", "2010-12-31": 5, "2010-09-30": 6, "2010-06-30": 5, "2010-03-31": "6.00000", "2009-12-31": 4, "2009-09-30": 4, "2009-06-30": 6, "2009-03-31": "6.00000", "2008-12-31": 1, "2008-09-30": 10, "2008-06-30": 9, "2008-03-31": "8.00000", "2007-12-31": 8, "2007-09-30": 8, "2007-06-30": 6, "2007-03-31": "6.00000", "2006-12-31": 5, "2006-09-30": 6, "2006-06-30": 3, "2006-03-31": "4.00000", "2005-12-31": 5, "2005-09-30": 4, "2005-06-30": 4, "2005-03-31": "3.00000"}, "Common Stock Dividends Paid": {"2020-12-31": -200, "2020-09-30": -194, "2020-06-30": -193, "2020-03-31": "-195.00000", "2019-12-31": -199, "2019-09-30": -204, "2019-06-30": -179, "2019-03-31": "-179.00000", "2018-12-31": -181, "2018-09-30": -182, "2018-06-30": -177, "2018-03-31": "-178.00000", "2017-12-31": -179, "2017-09-30": -179, "2017-06-30": -172, "2017-03-31": "-171.00000", "2016-12-31": -171, "2016-09-30": -172, "2016-06-30": -163, "2016-03-31": "-170.00000", "2015-12-31": -170, "2015-09-30": -172, "2015-06-30": -140, "2015-03-31": "-140.00000", "2014-12-31": -142, "2014-09-30": -141, "2014-06-30": -114, "2014-03-31": "-115.00000", "2013-12-31": -115, "2013-09-30": -116, "2013-06-30": -94, "2013-03-31": "-95.00000", "2012-12-31": -94, "2012-09-30": -94, "2012-06-30": -75, "2012-03-31": "-77.00000", "2011-12-31": -77, "2011-09-30": -76, "2011-06-30": -51, "2011-03-31": "-51.00000", "2010-12-31": -52, "2010-09-30": -50, "2010-06-30": -35, "2010-03-31": "-35.00000", "2009-12-31": -35, "2009-09-30": -35, "2009-06-30": -36, "2009-03-31": "-35.00000", "2008-12-31": -36, "2008-09-30": -35, "2008-06-30": -26, "2008-03-31": "-25.00000", "2007-12-31": -26, "2007-09-30": -25, "2007-06-30": -19, "2007-03-31": "-19.00000", "2006-12-31": -19, "2006-09-30": -19, "2006-06-30": -14, "2006-03-31": "-14.00000", "2005-12-31": -14, "2005-09-30": -14, "2005-06-30": -14, "2005-03-31": "-14.00000"}}, "financial ratios": {"Current Ratio": {"2019-12-31": "1.49950", "2018-12-31": "1.53790", "2017-12-31": "1.57270", "2016-12-31": "1.78200", "2015-12-31": "2.08970", "2014-12-31": "2.25190", "2013-12-31": "2.56500", "2012-12-31": "2.28540", "2011-12-31": "1.93900", "2010-12-31": "1.92910", "2009-12-31": "2.05720", "2008-12-31": "1.78590", "2007-12-31": "1.77610", "2006-12-31": "1.87080", "2005-12-31": "1.76560"}, "Long-term Debt / Capital": {"2019-12-31": "0.15700", "2018-12-31": "0.16200", "2017-12-31": "0.16280", "2016-12-31": "0.17940", "2015-12-31": "0.16900", "2014-12-31": "0.16310", "2013-12-31": "0.17520", "2012-12-31": "0.09100", "2011-12-31": "0.10140", "2010-12-31": "0.12430", "2009-12-31": "0.13680", "2008-12-31": "0.15310", "2007-12-31": "0.14000", "2006-12-31": "0.18760", "2005-12-31": "0.39420"}, "Debt/Equity Ratio": {"2019-12-31": "0.27960", "2018-12-31": "0.29980", "2017-12-31": "0.24570", "2016-12-31": "0.25870", "2015-12-31": "0.21150", "2014-12-31": "0.20830", "2013-12-31": "0.22110", "2012-12-31": "0.11110", "2011-12-31": "0.13430", "2010-12-31": "0.15830", "2009-12-31": "0.16770", "2008-12-31": "0.19200", "2007-12-31": "0.19770", "2006-12-31": "0.28940", "2005-12-31": "0.73340"}, "Gross Margin": {"2019-12-31": "25.37020", "2018-12-31": "24.13450", "2017-12-31": "24.96570", "2016-12-31": "25.46120", "2015-12-31": "25.88700", "2014-12-31": "25.29010", "2013-12-31": "24.73850", "2012-12-31": "25.47590", "2011-12-31": "25.42660", "2010-12-31": "23.95280", "2009-12-31": "20.08330", "2008-12-31": "20.49920", "2007-12-31": "19.58920", "2006-12-31": "21.69510", "2005-12-31": "20.60900"}, "Operating Margin": {"2019-12-31": "11.45480", "2018-12-31": "11.72020", "2017-12-31": "11.42550", "2016-12-31": "10.73730", "2015-12-31": "10.76400", "2014-12-31": "12.30430", "2013-12-31": "12.14380", "2012-12-31": "13.00340", "2011-12-31": "14.85480", "2010-12-31": "12.11250", "2009-12-31": "6.31480", "2008-12-31": "8.86910", "2007-12-31": "8.87490", "2006-12-31": "9.95420", "2005-12-31": "9.01390"}, "EBIT Margin": {"2019-12-31": "11.45480", "2018-12-31": "11.72020", "2017-12-31": "11.42550", "2016-12-31": "10.73730", "2015-12-31": "10.76400", "2014-12-31": "12.30430", "2013-12-31": "12.14380", "2012-12-31": "13.00340", "2011-12-31": "14.85480", "2010-12-31": "12.11250", "2009-12-31": "6.31480", "2008-12-31": "8.86910", "2007-12-31": "8.87490", "2006-12-31": "9.95420", "2005-12-31": "9.01390"}, "EBITDA Margin": {"2019-12-31": "14.30570", "2018-12-31": "14.29050", "2017-12-31": "14.27940", "2016-12-31": "13.76440", "2015-12-31": "13.45370", "2014-12-31": "14.67150", "2013-12-31": "14.49630", "2012-12-31": "15.08600", "2011-12-31": "16.65560", "2010-12-31": "14.53200", "2009-12-31": "9.33330", "2008-12-31": "11.05840", "2007-12-31": "11.09750", "2006-12-31": "12.55940", "2005-12-31": "11.98830"}, "Pre-Tax Profit Margin": {"2019-12-31": "12.02330", "2018-12-31": "11.58130", "2017-12-31": "11.57730", "2016-12-31": "11.02290", "2015-12-31": "10.59660", "2014-12-31": "12.66320", "2013-12-31": "12.24790", "2012-12-31": "13.10140", "2011-12-31": "14.79940", "2010-12-31": "12.22590", "2009-12-31": "5.92590", "2008-12-31": "8.21360", "2007-12-31": "8.95920", "2006-12-31": "9.53180", "2005-12-31": "8.04600"}, "Net Profit Margin": {"2019-12-31": "9.58810", "2018-12-31": "9.00680", "2017-12-31": "4.89030", "2016-12-31": "7.96160", "2015-12-31": "7.32080", "2014-12-31": "8.58960", "2013-12-31": "8.57180", "2012-12-31": "9.49000", "2011-12-31": "10.23940", "2010-12-31": "7.86330", "2009-12-31": "3.96300", "2008-12-31": "5.26430", "2007-12-31": "5.66370", "2006-12-31": "6.29290", "2005-12-31": "5.54550"}, "Asset Turnover": {"2019-12-31": "1.19430", "2018-12-31": "1.24700", "2017-12-31": "1.13020", "2016-12-31": "1.16640", "2015-12-31": "1.26270", "2014-12-31": "1.21930", "2013-12-31": "1.17470", "2012-12-31": "1.38140", "2011-12-31": "1.54680", "2010-12-31": "1.27150", "2009-12-31": "1.22500", "2008-12-31": "1.68350", "2007-12-31": "1.59220", "2006-12-31": "1.52200", "2005-12-31": "1.44050"}, "Inventory Turnover Ratio": {"2019-12-31": "5.04620", "2018-12-31": "4.79760", "2017-12-31": "4.84140", "2016-12-31": "4.87890", "2015-12-31": "5.23200", "2014-12-31": "5.01050", "2013-12-31": "5.46870", "2012-12-31": "5.81630", "2011-12-31": "6.28630", "2010-12-31": "5.08750", "2009-12-31": "6.43620", "2008-12-31": "6.39480", "2007-12-31": "6.20090", "2006-12-31": "6.38690", "2005-12-31": "6.70700"}, "Receiveable Turnover": {"2019-12-31": "6.42260", "2018-12-31": "6.14870", "2017-12-31": "5.64620", "2016-12-31": "5.78810", "2015-12-31": "6.77660", "2014-12-31": "6.52440", "2013-12-31": "6.53110", "2012-12-31": "7.00360", "2011-12-31": "7.14490", "2010-12-31": "5.89660", "2009-12-31": "5.38920", "2008-12-31": "8.04830", "2007-12-31": "6.53050", "2006-12-31": "6.43010", "2005-12-31": "6.96980"}, "Days Sales In Receivables": {"2019-12-31": "56.83040", "2018-12-31": "59.36180", "2017-12-31": "64.64510", "2016-12-31": "63.06040", "2015-12-31": "53.86190", "2014-12-31": "55.94350", "2013-12-31": "55.88610", "2012-12-31": "52.11580", "2011-12-31": "51.08540", "2010-12-31": "61.90040", "2009-12-31": "67.72780", "2008-12-31": "45.35140", "2007-12-31": "55.89130", "2006-12-31": "56.76420", "2005-12-31": "52.36890"}, "ROE - Return On Equity": {"2019-12-31": "26.79270", "2018-12-31": "26.48020", "2017-12-31": "12.17540", "2016-12-31": "20.29550", "2015-12-31": "18.96770", "2014-12-31": "21.45060", "2013-12-31": "20.17790", "2012-12-31": "24.92110", "2011-12-31": "33.37340", "2010-12-31": "22.81830", "2009-12-31": "12.03980", "2008-12-31": "23.50580", "2007-12-31": "23.11530", "2006-12-31": "25.51750", "2005-12-31": "29.50640"}, "Return On Tangible Equity": {"2019-12-31": "36.72280", "2018-12-31": "35.13820", "2017-12-31": "16.27110", "2016-12-31": "22.88590", "2015-12-31": "21.18160", "2014-12-31": "23.87570", "2013-12-31": "22.51840", "2012-12-31": "28.21430", "2011-12-31": "36.96110", "2010-12-31": "25.86790", "2009-12-31": "14.11900", "2008-12-31": "28.25560", "2007-12-31": "27.44690", "2006-12-31": "30.84560", "2005-12-31": "39.11810"}, "ROA - Return On Assets": {"2019-12-31": "11.49110", "2018-12-31": "11.47310", "2017-12-31": "5.49930", "2016-12-31": "9.69960", "2015-12-31": "9.71320", "2014-12-31": "11.01240", "2013-12-31": "10.78220", "2012-12-31": "13.85080", "2011-12-31": "16.67810", "2010-12-31": "10.95940", "2009-12-31": "5.49000", "2008-12-31": "9.60210", "2007-12-31": "9.61560", "2006-12-31": "9.57800", "2005-12-31": "7.98840"}, "ROI - Return On Investment": {"2019-12-31": "22.58740", "2018-12-31": "22.18950", "2017-12-31": "10.19280", "2016-12-31": "16.65520", "2015-12-31": "15.76240", "2014-12-31": "17.95240", "2013-12-31": "16.64220", "2012-12-31": "22.65380", "2011-12-31": "29.98920", "2010-12-31": "19.98250", "2009-12-31": "10.39300", "2008-12-31": "19.90750", "2007-12-31": "19.87890", "2006-12-31": "20.73070", "2005-12-31": "17.87460"}, "Book Value Per Share": {"2019-12-31": "56.17120", "2018-12-31": "52.27220", "2017-12-31": "49.41890", "2016-12-31": "42.82990", "2015-12-31": "44.46360", "2014-12-31": "44.68800", "2013-12-31": "42.15320", "2012-12-31": "36.74390", "2011-12-31": "30.36980", "2010-12-31": "25.25780", "2009-12-31": "19.97020", "2008-12-31": "17.28760", "2007-12-31": "16.85950", "2006-12-31": "13.44530", "2005-12-31": "10.02150"}, "Operating Cash Flow Per Share": {"2019-12-31": 5.7711, "2018-12-31": 0.9966, "2017-12-31": 2.1598, "2016-12-31": -0.1242, "2015-12-31": -0.8025, "2014-12-31": 1.231, "2013-12-31": 3.069, "2012-12-31": -2.6306, "2011-12-31": 5.605, "2010-12-31": -0.6485, "2009-12-31": 0.7292, "2008-12-31": 0.97, "2007-12-31": -0.0837, "2006-12-31": 0.4176, "2005-12-31": 3.7182}, "Free Cash Flow Per Share": {"2019-12-31": 5.6663, "2018-12-31": -0.8686, "2017-12-31": 2.8458, "2016-12-31": 0.853, "2015-12-31": -0.7743, "2014-12-31": 0.7795, "2013-12-31": 3.1, "2012-12-31": -3.0969, "2011-12-31": 4.0008, "2010-12-31": -0.6984, "2009-12-31": 1.8271, "2008-12-31": -0.0996, "2007-12-31": -0.6447, "2006-12-31": 0.24, "2005-12-31": 2.911}}, "financial ratios, quarterly": {"Current Ratio": {"2020-09-30": "1.93760", "2020-06-30": "1.42190", "2020-03-31": "1.40220", "2019-12-31": "1.49950", "2019-09-30": "1.52090", "2019-06-30": "1.66160", "2019-03-31": "1.57010", "2018-12-31": "1.53790", "2018-09-30": "1.53730", "2018-06-30": "1.61120", "2018-03-31": "1.57770", "2017-12-31": "1.57270", "2017-09-30": "1.57280", "2017-06-30": "1.75770", "2017-03-31": "1.75010", "2016-12-31": "1.78200", "2016-09-30": "1.80920", "2016-06-30": "1.83860", "2016-03-31": "1.90660", "2015-12-31": "2.08970", "2015-09-30": "2.23340", "2015-06-30": "2.22130", "2015-03-31": "2.21840", "2014-12-31": "2.25190", "2014-09-30": "2.24570", "2014-06-30": "2.38380", "2014-03-31": "2.39070", "2013-12-31": "2.56500", "2013-09-30": "2.51500", "2013-06-30": "2.13860", "2013-03-31": "2.21680", "2012-12-31": "2.28540", "2012-09-30": "2.15020", "2012-06-30": "2.02970", "2012-03-31": "2.01570", "2011-12-31": "1.93900", "2011-09-30": "1.87760", "2011-06-30": "1.92220", "2011-03-31": "1.88180", "2010-12-31": "1.92910", "2010-09-30": "1.94660", "2010-06-30": "1.93980", "2010-03-31": "1.97910", "2009-12-31": "2.05720", "2009-09-30": "2.00910", "2009-06-30": "2.06860", "2009-03-31": "1.94390", "2008-12-31": "1.78590", "2008-09-30": "1.82940", "2008-06-30": "1.84330", "2008-03-31": "1.79320", "2007-12-31": "1.77610", "2007-09-30": "1.82950", "2007-06-30": "1.90800", "2007-03-31": "1.95320", "2006-12-31": "1.87080", "2006-09-30": "1.78690", "2006-06-30": "1.69260", "2006-03-31": "1.81210", "2005-12-31": "1.76560", "2005-09-30": "1.65440", "2005-06-30": "1.63080", "2005-03-31": "1.59540"}, "Long-term Debt / Capital": {"2020-09-30": "0.29460", "2020-06-30": "0.16780", "2020-03-31": "0.16460", "2019-12-31": "0.15700", "2019-09-30": "0.15610", "2019-06-30": "0.15010", "2019-03-31": "0.15530", "2018-12-31": "0.16200", "2018-09-30": "0.16240", "2018-06-30": "0.15960", "2018-03-31": "0.15920", "2017-12-31": "0.16280", "2017-09-30": "0.15870", "2017-06-30": "0.16660", "2017-03-31": "0.17410", "2016-12-31": "0.17940", "2016-09-30": "0.17990", "2016-06-30": "0.18320", "2016-03-31": "0.18190", "2015-12-31": "0.16900", "2015-09-30": "0.16480", "2015-06-30": "0.16100", "2015-03-31": "0.16560", "2014-12-31": "0.16310", "2014-09-30": "0.16360", "2014-06-30": "0.16630", "2014-03-31": "0.17420", "2013-12-31": "0.17520", "2013-09-30": "0.18830", "2013-06-30": "0.09610", "2013-03-31": "0.09460", "2012-12-31": "0.09100", "2012-09-30": "0.08930", "2012-06-30": "0.09210", "2012-03-31": "0.09280", "2011-12-31": "0.10140", "2011-09-30": "0.10710", "2011-06-30": "0.11290", "2011-03-31": "0.11640", "2010-12-31": "0.12430", "2010-09-30": "0.14010", "2010-06-30": "0.13850", "2010-03-31": "0.13640", "2009-12-31": "0.13680", "2009-09-30": "0.14040", "2009-06-30": "0.14650", "2009-03-31": "0.15960", "2008-12-31": "0.15310", "2008-09-30": "0.13110", "2008-06-30": "0.13260", "2008-03-31": "0.13810", "2007-12-31": "0.14000", "2007-09-30": "0.14660", "2007-06-30": "0.14690", "2007-03-31": "0.17270", "2006-12-31": "0.18760", "2006-09-30": "0.23340", "2006-06-30": "0.22790", "2006-03-31": "0.37050", "2005-12-31": "0.39420", "2005-09-30": "0.41550", "2005-06-30": "0.43740", "2005-03-31": "0.45650"}, "Debt/Equity Ratio": {"2020-09-30": "0.47590", "2020-06-30": "0.47240", "2020-03-31": "0.41790", "2019-12-31": "0.27960", "2019-09-30": "0.30400", "2019-06-30": "0.24170", "2019-03-31": "0.27740", "2018-12-31": "0.29980", "2018-09-30": "0.30580", "2018-06-30": "0.30050", "2018-03-31": "0.27450", "2017-12-31": "0.24570", "2017-09-30": "0.26340", "2017-06-30": "0.22970", "2017-03-31": "0.26020", "2016-12-31": "0.25870", "2016-09-30": "0.26830", "2016-06-30": "0.26000", "2016-03-31": "0.25210", "2015-12-31": "0.21150", "2015-09-30": "0.20460", "2015-06-30": "0.20420", "2015-03-31": "0.21140", "2014-12-31": "0.20830", "2014-09-30": "0.20860", "2014-06-30": "0.20720", "2014-03-31": "0.21890", "2013-12-31": "0.22110", "2013-09-30": "0.24020", "2013-06-30": "0.11800", "2013-03-31": "0.11400", "2012-12-31": "0.11110", "2012-09-30": "0.11720", "2012-06-30": "0.12330", "2012-03-31": "0.10740", "2011-12-31": "0.13430", "2011-09-30": "0.12860", "2011-06-30": "0.13790", "2011-03-31": "0.14750", "2010-12-31": "0.15830", "2010-09-30": "0.18470", "2010-06-30": "0.18170", "2010-03-31": "0.18140", "2009-12-31": "0.16770", "2009-09-30": "0.17910", "2009-06-30": "0.18920", "2009-03-31": "0.21210", "2008-12-31": "0.19200", "2008-09-30": "0.17140", "2008-06-30": "0.17150", "2008-03-31": "0.19320", "2007-12-31": "0.19770", "2007-09-30": "0.20780", "2007-06-30": "0.21080", "2007-03-31": "0.23660", "2006-12-31": "0.28940", "2006-09-30": "0.39720", "2006-06-30": "0.40110", "2006-03-31": "0.67040", "2005-12-31": "0.73340", "2005-09-30": "0.76770", "2005-06-30": "0.85290", "2005-03-31": "0.91570"}, "Gross Margin": {"2020-09-30": "26.35800", "2020-06-30": "23.10490", "2020-03-31": "25.82320", "2019-12-31": "23.53890", "2019-09-30": "25.90150", "2019-06-30": "26.37840", "2019-03-31": "25.51630", "2018-12-31": "25.23670", "2018-09-30": "26.09790", "2018-06-30": "23.48340", "2018-03-31": "21.54400", "2017-12-31": "25.12780", "2017-09-30": "25.37370", "2017-06-30": "24.63570", "2017-03-31": "24.66770", "2016-12-31": "25.00560", "2016-09-30": "25.77020", "2016-06-30": "26.43550", "2016-03-31": "24.60970", "2015-12-31": "25.43010", "2015-09-30": "26.14720", "2015-06-30": "26.56030", "2015-03-31": "25.37690", "2014-12-31": "25.00980", "2014-09-30": "26.25770", "2014-06-30": "24.92240", "2014-03-31": "24.94330", "2013-12-31": "23.73580", "2013-09-30": "25.33990", "2013-06-30": "25.48070", "2013-03-31": "24.40080", "2012-12-31": "22.50700", "2012-09-30": "25.30350", "2012-06-30": "27.17880", "2012-03-31": "26.78890", "2011-12-31": "25.21850", "2011-09-30": "25.68090", "2011-06-30": "25.92110", "2011-03-31": "24.79280", "2010-12-31": "23.77390", "2010-09-30": "24.40460", "2010-06-30": "23.47260", "2010-03-31": "24.25340", "2009-12-31": "22.73530", "2009-09-30": "19.88140", "2009-06-30": "18.42860", "2009-03-31": "18.24520", "2008-12-31": "16.24090", "2008-09-30": "22.20420", "2008-06-30": "22.61380", "2008-03-31": "20.35120", "2007-12-31": "19.39700", "2007-09-30": "19.33570", "2007-06-30": "20.04190", "2007-03-31": "19.59530", "2006-12-31": "20.96930", "2006-09-30": "21.96510", "2006-06-30": "22.73050", "2006-03-31": "21.13520", "2005-12-31": "17.32660", "2005-09-30": "22.74020", "2005-06-30": "22.08840", "2005-03-31": "20.65220"}, "Operating Margin": {"2020-09-30": "13.09110", "2020-06-30": "8.72270", "2020-03-31": "12.65220", "2019-12-31": "6.34640", "2019-09-30": "12.11860", "2019-06-30": "13.63130", "2019-03-31": "13.30780", "2018-12-31": "11.93280", "2018-09-30": "13.51170", "2018-06-30": "11.77430", "2018-03-31": "9.51530", "2017-12-31": "10.70120", "2017-09-30": "11.76920", "2017-06-30": "11.54000", "2017-03-31": "11.76730", "2016-12-31": "10.19320", "2016-09-30": "9.17120", "2016-06-30": "12.52210", "2016-03-31": "10.95320", "2015-12-31": "4.80490", "2015-09-30": "12.05630", "2015-06-30": "14.41680", "2015-03-31": "11.63730", "2014-12-31": "11.41450", "2014-09-30": "13.47650", "2014-06-30": "12.65770", "2014-03-31": "11.64320", "2013-12-31": "12.05320", "2013-09-30": "12.28320", "2013-06-30": "13.48070", "2013-03-31": "10.55580", "2012-12-31": "10.83410", "2012-09-30": "11.97180", "2012-06-30": "14.55530", "2012-03-31": "14.49020", "2011-12-31": "15.13920", "2011-09-30": "13.81320", "2011-06-30": "16.54820", "2011-03-31": "13.70470", "2010-12-31": "12.68420", "2010-09-30": "12.79040", "2010-06-30": "12.34410", "2010-03-31": "9.92740", "2009-12-31": "11.32350", "2009-09-30": "5.81030", "2009-06-30": "4.97740", "2009-03-31": "1.18900", "2008-12-31": "3.10220", "2008-09-30": "10.37100", "2008-06-30": "12.04010", "2008-03-31": "9.18250", "2007-12-31": "8.67460", "2007-09-30": "8.57060", "2007-06-30": "10.20040", "2007-03-31": "7.91620", "2006-12-31": "9.75930", "2006-09-30": "9.89680", "2006-06-30": "10.87260", "2006-03-31": "9.26060", "2005-12-31": "9.55320", "2005-09-30": "9.40410", "2005-06-30": "9.27710", "2005-03-31": "7.60870"}, "EBIT Margin": {"2020-09-30": "13.09110", "2020-06-30": "8.72270", "2020-03-31": "12.65220", "2019-12-31": "6.34640", "2019-09-30": "12.11860", "2019-06-30": "13.63130", "2019-03-31": "13.30780", "2018-12-31": "11.93280", "2018-09-30": "13.51170", "2018-06-30": "11.77430", "2018-03-31": "9.51530", "2017-12-31": "10.70120", "2017-09-30": "11.76920", "2017-06-30": "11.54000", "2017-03-31": "11.76730", "2016-12-31": "10.19320", "2016-09-30": "9.17120", "2016-06-30": "12.52210", "2016-03-31": "10.95320", "2015-12-31": "4.80490", "2015-09-30": "12.05630", "2015-06-30": "14.41680", "2015-03-31": "11.63730", "2014-12-31": "11.41450", "2014-09-30": "13.47650", "2014-06-30": "12.65770", "2014-03-31": "11.64320", "2013-12-31": "12.05320", "2013-09-30": "12.28320", "2013-06-30": "13.48070", "2013-03-31": "10.55580", "2012-12-31": "10.83410", "2012-09-30": "11.97180", "2012-06-30": "14.55530", "2012-03-31": "14.49020", "2011-12-31": "15.13920", "2011-09-30": "13.81320", "2011-06-30": "16.54820", "2011-03-31": "13.70470", "2010-12-31": "12.68420", "2010-09-30": "12.79040", "2010-06-30": "12.34410", "2010-03-31": "9.92740", "2009-12-31": "11.32350", "2009-09-30": "5.81030", "2009-06-30": "4.97740", "2009-03-31": "1.18900", "2008-12-31": "3.10220", "2008-09-30": "10.37100", "2008-06-30": "12.04010", "2008-03-31": "9.18250", "2007-12-31": "8.67460", "2007-09-30": "8.57060", "2007-06-30": "10.20040", "2007-03-31": "7.91620", "2006-12-31": "9.75930", "2006-09-30": "9.89680", "2006-06-30": "10.87260", "2006-03-31": "9.26060", "2005-12-31": "9.55320", "2005-09-30": "9.40410", "2005-06-30": "9.27710", "2005-03-31": "7.60870"}, "EBITDA Margin": {"2020-09-30": "", "2020-06-30": "", "2020-03-31": "", "2019-12-31": "", "2019-09-30": "", "2019-06-30": "", "2019-03-31": "", "2018-12-31": "", "2018-09-30": "", "2018-06-30": "", "2018-03-31": "", "2017-12-31": "", "2017-09-30": "", "2017-06-30": "", "2017-03-31": "", "2016-12-31": "", "2016-09-30": "", "2016-06-30": "", "2016-03-31": "", "2015-12-31": "", "2015-09-30": "", "2015-06-30": "", "2015-03-31": "", "2014-12-31": "", "2014-09-30": "", "2014-06-30": "", "2014-03-31": "", "2013-12-31": "", "2013-09-30": "", "2013-06-30": "", "2013-03-31": "", "2012-12-31": "", "2012-09-30": "", "2012-06-30": "", "2012-03-31": "", "2011-12-31": "", "2011-09-30": "", "2011-06-30": "", "2011-03-31": "", "2010-12-31": "", "2010-09-30": "", "2010-06-30": "", "2010-03-31": "", "2009-12-31": "", "2009-09-30": "", "2009-06-30": "", "2009-03-31": "", "2008-12-31": "", "2008-09-30": "", "2008-06-30": "", "2008-03-31": "", "2007-12-31": "", "2007-09-30": "", "2007-06-30": "", "2007-03-31": "", "2006-12-31": "", "2006-09-30": "", "2006-06-30": "", "2006-03-31": "", "2005-12-31": "", "2005-09-30": "", "2005-06-30": "", "2005-03-31": ""}, "Pre-Tax Profit Margin": {"2020-09-30": "13.40370", "2020-06-30": "9.39770", "2020-03-31": "13.07120", "2019-12-31": "6.50770", "2019-09-30": "13.08950", "2019-06-30": "14.00100", "2019-03-31": "14.07400", "2018-12-31": "11.58990", "2018-09-30": "13.54540", "2018-06-30": "11.66010", "2018-03-31": "9.38960", "2017-12-31": "10.88390", "2017-09-30": "11.76920", "2017-06-30": "11.79600", "2017-03-31": "11.94160", "2016-12-31": "11.28140", "2016-09-30": "9.12350", "2016-06-30": "12.69880", "2016-03-31": "10.83660", "2015-12-31": "4.44820", "2015-09-30": "12.14290", "2015-06-30": "14.03790", "2015-03-31": "11.63730", "2014-12-31": "12.02360", "2014-09-30": "13.68100", "2014-06-30": "13.27820", "2014-03-31": "11.59780", "2013-12-31": "11.92240", "2013-09-30": "12.37690", "2013-06-30": "13.54700", "2013-03-31": "10.98930", "2012-12-31": "11.02050", "2012-09-30": "11.82610", "2012-06-30": "14.84730", "2012-03-31": "14.53490", "2011-12-31": "15.40340", "2011-09-30": "13.59710", "2011-06-30": "16.41890", "2011-03-31": "13.52330", "2010-12-31": "12.80500", "2010-09-30": "12.87860", "2010-06-30": "12.21950", "2010-03-31": "10.37130", "2009-12-31": "11.00000", "2009-09-30": "5.77080", "2009-06-30": "4.07240", "2009-03-31": "0.86100", "2008-12-31": "1.42940", "2008-09-30": "10.01900", "2008-06-30": "11.75710", "2008-03-31": "8.75070", "2007-12-31": "8.81680", "2007-09-30": "8.65950", "2007-06-30": "10.17050", "2007-03-31": "8.05820", "2006-12-31": "9.33070", "2006-09-30": "9.71880", "2006-06-30": "10.52080", "2006-03-31": "8.51380", "2005-12-31": "8.82670", "2005-09-30": "8.63400", "2005-06-30": "8.31330", "2005-03-31": "6.11410"}, "Net Profit Margin": {"2020-09-30": "9.78900", "2020-06-30": "7.16510", "2020-03-31": "10.19760", "2019-12-31": "5.37830", "2019-09-30": "10.78360", "2019-06-30": "10.85040", "2019-03-31": "11.04260", "2018-12-31": "9.45150", "2018-09-30": "11.64400", "2018-06-30": "8.88780", "2018-03-31": "5.83480", "2017-12-31": "-5.00370", "2017-09-30": "8.57140", "2017-06-30": "8.34970", "2017-03-31": "8.62930", "2016-12-31": "8.39440", "2016-09-30": "6.90230", "2016-06-30": "8.96640", "2016-03-31": "7.48080", "2015-12-31": "3.37810", "2015-09-30": "8.22510", "2015-06-30": "9.39180", "2015-03-31": "8.21830", "2014-12-31": "8.72300", "2014-09-30": "8.65030", "2014-06-30": "9.22440", "2014-03-31": "7.67140", "2013-12-31": "9.41590", "2013-09-30": "8.32160", "2013-06-30": "9.14920", "2013-03-31": "7.19020", "2012-12-31": "8.59740", "2012-09-30": "8.54780", "2012-06-30": "10.53460", "2012-03-31": "10.17440", "2011-12-31": "11.13600", "2011-09-30": "9.77090", "2011-06-30": "10.88130", "2011-03-31": "8.88600", "2010-12-31": "8.74610", "2010-09-30": "8.32110", "2010-06-30": "7.66830", "2010-03-31": "6.01290", "2009-12-31": "7.94120", "2009-09-30": "3.75490", "2009-06-30": "2.30360", "2009-03-31": "0.28700", "2008-12-31": "1.30780", "2008-09-30": "6.20090", "2008-06-30": "7.53790", "2008-03-31": "5.46920", "2007-12-31": "5.63140", "2007-09-30": "5.45670", "2007-06-30": "6.40140", "2007-03-31": "5.07630", "2006-12-31": "6.23150", "2006-09-30": "6.08760", "2006-06-30": "7.74100", "2006-03-31": "5.04110", "2005-12-31": "6.06610", "2005-09-30": "5.87760", "2005-06-30": "5.66270", "2005-03-31": "4.39310"}, "Asset Turnover": {"2020-09-30": "0.23730", "2020-06-30": "0.18960", "2020-03-31": "0.24960", "2019-12-31": "0.28260", "2019-09-30": "0.28350", "2019-06-30": "0.30710", "2019-03-31": "0.30250", "2018-12-31": "0.32140", "2018-09-30": "0.31290", "2018-06-30": "0.32420", "2018-03-31": "0.30280", "2017-12-31": "0.30300", "2017-09-30": "0.29370", "2017-06-30": "0.31230", "2017-03-31": "0.29350", "2016-12-31": "0.30000", "2016-09-30": "0.27660", "2016-06-30": "0.30150", "2016-03-31": "0.28940", "2015-12-31": "0.31490", "2015-09-30": "0.29250", "2015-06-30": "0.31580", "2015-03-31": "0.29930", "2014-12-31": "0.32290", "2014-09-30": "0.31260", "2014-06-30": "0.31190", "2014-03-31": "0.29870", "2013-12-31": "0.31150", "2013-09-30": "0.29760", "2013-06-30": "0.34680", "2013-03-31": "0.30750", "2012-12-31": "0.34200", "2012-09-30": "0.33170", "2012-06-30": "0.36580", "2012-03-31": "0.36900", "2011-12-31": "0.42180", "2011-09-30": "0.40800", "2011-06-30": "0.41020", "2011-03-31": "0.35990", "2010-12-31": "0.39790", "2010-09-30": "0.34450", "2010-06-30": "0.34830", "2010-03-31": "0.28260", "2009-12-31": "0.38570", "2009-09-30": "0.30280", "2009-06-30": "0.29930", "2009-03-31": "0.29820", "2008-12-31": "0.38600", "2008-09-30": "0.41100", "2008-06-30": "0.43410", "2008-03-31": "0.40280", "2007-12-31": "0.42900", "2007-09-30": "0.41980", "2007-06-30": "0.42620", "2007-03-31": "0.37820", "2006-12-31": "0.40630", "2006-09-30": "0.37060", "2006-06-30": "0.38740", "2006-03-31": "0.38270", "2005-12-31": "0.39990", "2005-09-30": "0.35950", "2005-06-30": "0.37840", "2005-03-31": "0.34370"}, "Inventory Turnover Ratio": {"2020-09-30": "1.08620", "2020-06-30": "0.81040", "2020-03-31": "1.03860", "2019-12-31": "1.22350", "2019-09-30": "1.11860", "2019-06-30": "1.17560", "2019-03-31": "1.14870", "2018-12-31": "1.21840", "2018-09-30": "1.14640", "2018-06-30": "1.31830", "2018-03-31": "1.28110", "2017-12-31": "1.29500", "2017-09-30": "1.25370", "2017-06-30": "1.28340", "2017-03-31": "1.19450", "2016-12-31": "1.26240", "2016-09-30": "1.10210", "2016-06-30": "1.19910", "2016-03-31": "1.17250", "2015-12-31": "1.31290", "2015-09-30": "1.11540", "2015-06-30": "1.23340", "2015-03-31": "1.19690", "2014-12-31": "1.33180", "2014-09-30": "1.27290", "2014-06-30": "1.32240", "2014-03-31": "1.28180", "2013-12-31": "1.46960", "2013-09-30": "1.26740", "2013-06-30": "1.36240", "2013-03-31": "1.24210", "2012-12-31": "1.49750", "2012-09-30": "1.19690", "2012-06-30": "1.25610", "2012-03-31": "1.37450", "2011-12-31": "1.71880", "2011-09-30": "1.49800", "2011-06-30": "1.51120", "2011-03-31": "1.31830", "2010-12-31": "1.59590", "2010-09-30": "1.34610", "2010-06-30": "1.48610", "2010-03-31": "1.21180", "2009-12-31": "1.95900", "2009-09-30": "1.38740", "2009-06-30": "1.29190", "2009-03-31": "1.14730", "2008-12-31": "1.54460", "2008-09-30": "1.44300", "2008-06-30": "1.56340", "2008-03-31": "1.47420", "2007-12-31": "1.67490", "2007-09-30": "1.53670", "2007-06-30": "1.61800", "2007-03-31": "1.44910", "2006-12-31": "1.72070", "2006-09-30": "1.56010", "2006-06-30": "1.67120", "2006-03-31": "1.68820", "2005-12-31": "1.93870", "2005-09-30": "1.59100", "2005-06-30": "1.77170", "2005-03-31": "1.64510"}, "Receiveable Turnover": {"2020-09-30": "1.41070", "2020-06-30": "1.11940", "2020-03-31": "1.42970", "2019-12-31": "1.51990", "2019-09-30": "1.46620", "2019-06-30": "1.48860", "2019-03-31": "1.49170", "2018-12-31": "1.58460", "2018-09-30": "1.51260", "2018-06-30": "1.49740", "2018-03-31": "1.44860", "2017-12-31": "1.51350", "2017-09-30": "1.38710", "2017-06-30": "1.42920", "2017-03-31": "1.41330", "2016-12-31": "1.48860", "2016-09-30": "1.45740", "2016-06-30": "1.49790", "2016-03-31": "1.46900", "2015-12-31": "1.69010", "2015-09-30": "1.46250", "2015-06-30": "1.46550", "2015-03-31": "1.45340", "2014-12-31": "1.72780", "2014-09-30": "1.59860", "2014-06-30": "1.51660", "2014-03-31": "1.49410", "2013-12-31": "1.73200", "2013-09-30": "1.57480", "2013-06-30": "1.64850", "2013-03-31": "1.57130", "2012-12-31": "1.73410", "2012-09-30": "1.64520", "2012-06-30": "1.69920", "2012-03-31": "1.66620", "2011-12-31": "1.94810", "2011-09-30": "1.73520", "2011-06-30": "1.66940", "2011-03-31": "1.50190", "2010-12-31": "1.84530", "2010-09-30": "1.52170", "2010-06-30": "1.56340", "2010-03-31": "1.43490", "2009-12-31": "1.69660", "2009-09-30": "1.46160", "2009-06-30": "1.40930", "2009-03-31": "1.41060", "2008-12-31": "1.84510", "2008-09-30": "1.60360", "2008-06-30": "1.63530", "2008-03-31": "1.56210", "2007-12-31": "1.75980", "2007-09-30": "1.66520", "2007-06-30": "1.61420", "2007-03-31": "1.46950", "2006-12-31": "1.71650", "2006-09-30": "1.66310", "2006-06-30": "1.68070", "2006-03-31": "1.65310", "2005-12-31": "1.93460", "2005-09-30": "1.60400", "2005-06-30": "1.67450", "2005-03-31": "1.53650"}, "Days Sales In Receivables": {"2020-09-30": "63.79840", "2020-06-30": "80.39720", "2020-03-31": "62.95150", "2019-12-31": "59.21480", "2019-09-30": "61.38350", "2019-06-30": "60.45810", "2019-03-31": "60.33480", "2018-12-31": "56.79730", "2018-09-30": "59.50030", "2018-06-30": "60.10270", "2018-03-31": "62.12750", "2017-12-31": "59.46310", "2017-09-30": "64.88170", "2017-06-30": "62.97170", "2017-03-31": "63.68050", "2016-12-31": "60.45970", "2016-09-30": "61.75540", "2016-06-30": "60.08610", "2016-03-31": "61.26540", "2015-12-31": "53.25220", "2015-09-30": "61.53900", "2015-06-30": "61.41180", "2015-03-31": "61.92400", "2014-12-31": "52.09040", "2014-09-30": "56.30060", "2014-06-30": "59.34230", "2014-03-31": "60.23830", "2013-12-31": "51.96380", "2013-09-30": "57.15190", "2013-06-30": "54.59670", "2013-03-31": "57.27690", "2012-12-31": "51.89890", "2012-09-30": "54.70370", "2012-06-30": "52.96500", "2012-03-31": "54.01610", "2011-12-31": "46.19790", "2011-09-30": "51.86770", "2011-06-30": "53.91080", "2011-03-31": "59.92230", "2010-12-31": "48.77270", "2010-09-30": "59.14440", "2010-06-30": "57.56860", "2010-03-31": "62.72400", "2009-12-31": "53.04710", "2009-09-30": "61.57710", "2009-06-30": "63.86260", "2009-03-31": "63.80070", "2008-12-31": "48.77740", "2008-09-30": "56.12510", "2008-06-30": "55.03730", "2008-03-31": "57.61660", "2007-12-31": "51.14330", "2007-09-30": "54.04800", "2007-06-30": "55.75530", "2007-03-31": "61.24600", "2006-12-31": "52.43320", "2006-09-30": "54.11530", "2006-06-30": "53.55030", "2006-03-31": "54.44360", "2005-12-31": "46.52020", "2005-09-30": "56.10860", "2005-06-30": "53.74700", "2005-03-31": "58.57340"}, "ROE - Return On Equity": {"2020-09-30": "5.83270", "2020-06-30": "3.30870", "2020-03-31": "6.58520", "2019-12-31": "3.52040", "2019-09-30": "7.03760", "2019-06-30": "7.44890", "2019-03-31": "7.66590", "2018-12-31": "7.38590", "2018-09-30": "8.66000", "2018-06-30": "6.76100", "2018-03-31": "3.91760", "2017-12-31": "-3.78490", "2017-09-30": "5.33820", "2017-06-30": "5.63790", "2017-03-31": "5.41730", "2016-12-31": "5.51990", "2016-09-30": "4.13000", "2016-06-30": "5.93470", "2016-03-31": "4.58680", "2015-12-31": "2.29680", "2015-09-30": "4.85090", "2015-06-30": "6.03850", "2015-03-31": "5.00680", "2014-12-31": "5.77040", "2014-09-30": "5.42180", "2014-06-30": "5.78570", "2014-03-31": "4.62890", "2013-12-31": "5.85770", "2013-09-30": "5.01070", "2013-06-30": "6.21740", "2013-03-31": "4.42870", "2012-12-31": "5.70690", "2012-09-30": "5.41410", "2012-06-30": "7.68990", "2012-03-31": "7.47090", "2011-12-31": "9.80960", "2011-09-30": "8.51370", "2011-06-30": "9.73360", "2011-03-31": "7.02060", "2010-12-31": "7.82630", "2010-09-30": "6.87580", "2010-06-30": "6.49040", "2010-03-31": "4.19550", "2009-12-31": "7.21390", "2009-09-30": "2.89250", "2009-06-30": "1.94710", "2009-03-31": "0.40850", "2008-12-31": "1.69540", "2008-09-30": "6.34640", "2008-06-30": "8.08980", "2008-03-31": "5.59870", "2007-12-31": "7.24550", "2007-09-30": "5.75900", "2007-06-30": "6.77430", "2007-03-31": "4.86890", "2006-12-31": "6.74520", "2006-09-30": "6.40210", "2006-06-30": "8.78950", "2006-03-31": "6.82510", "2005-12-31": "8.95920", "2005-09-30": "8.23400", "2005-06-30": "8.79050", "2005-03-31": "6.49260"}, "Return On Tangible Equity": {"2020-09-30": "7.92080", "2020-06-30": "4.61490", "2020-03-31": "9.15080", "2019-12-31": "4.82510", "2019-09-30": "9.56080", "2019-06-30": "9.55370", "2019-03-31": "9.97470", "2018-12-31": "9.80080", "2018-09-30": "11.63330", "2018-06-30": "8.97170", "2018-03-31": "5.19920", "2017-12-31": "-5.05810", "2017-09-30": "6.96540", "2017-06-30": "6.30450", "2017-03-31": "6.09110", "2016-12-31": "6.22450", "2016-09-30": "4.64180", "2016-06-30": "6.68650", "2016-03-31": "5.17800", "2015-12-31": "2.56480", "2015-09-30": "5.39720", "2015-06-30": "6.70090", "2015-03-31": "5.56550", "2014-12-31": "6.42280", "2014-09-30": "6.02530", "2014-06-30": "6.43050", "2014-03-31": "5.17860", "2013-12-31": "6.53720", "2013-09-30": "5.62830", "2013-06-30": "7.01890", "2013-03-31": "5.00400", "2012-12-31": "6.46100", "2012-09-30": "6.14010", "2012-06-30": "8.49930", "2012-03-31": "8.23790", "2011-12-31": "10.86420", "2011-09-30": "9.47220", "2011-06-30": "10.84190", "2011-03-31": "7.91070", "2010-12-31": "8.87220", "2010-09-30": "7.90280", "2010-06-30": "7.55880", "2010-03-31": "4.93040", "2009-12-31": "8.45970", "2009-09-30": "3.42570", "2009-06-30": "2.33960", "2009-03-31": "0.49650", "2008-12-31": "2.03800", "2008-09-30": "7.45100", "2008-06-30": "9.50920", "2008-03-31": "6.61640", "2007-12-31": "8.60330", "2007-09-30": "6.90690", "2007-06-30": "8.09990", "2007-03-31": "5.89200", "2006-12-31": "8.15360", "2006-09-30": "7.77630", "2006-06-30": "10.80550", "2006-03-31": "8.91090", "2005-12-31": "11.87770", "2005-09-30": "11.06870", "2005-06-30": "12.20780", "2005-03-31": "9.24690"}, "ROA - Return On Assets": {"2020-09-30": "2.33680", "2020-06-30": "1.32420", "2020-03-31": "2.63000", "2019-12-31": "1.50990", "2019-09-30": "3.02760", "2019-06-30": "3.38200", "2019-03-31": "3.37100", "2018-12-31": "3.20010", "2018-09-30": "3.67520", "2018-06-30": "2.92890", "2018-03-31": "1.76710", "2017-12-31": "-1.70950", "2017-09-30": "2.54000", "2017-06-30": "2.71220", "2017-03-31": "2.59050", "2016-12-31": "2.63810", "2016-09-30": "1.98200", "2016-06-30": "2.84290", "2016-03-31": "2.24590", "2015-12-31": "1.17620", "2015-09-30": "2.48150", "2015-06-30": "3.12380", "2015-03-31": "2.56740", "2014-12-31": "2.96240", "2014-09-30": "2.80620", "2014-06-30": "3.04520", "2014-03-31": "2.42700", "2013-12-31": "3.13010", "2013-09-30": "2.60880", "2013-06-30": "3.37980", "2013-03-31": "2.44590", "2012-12-31": "3.17180", "2012-09-30": "2.98050", "2012-06-30": "4.06770", "2012-03-31": "3.91950", "2011-12-31": "4.90230", "2011-09-30": "4.16300", "2011-06-30": "4.74680", "2011-03-31": "3.40290", "2010-12-31": "3.75890", "2010-09-30": "3.13010", "2010-06-30": "2.93160", "2010-03-31": "1.93860", "2009-12-31": "3.28950", "2009-09-30": "1.31660", "2009-06-30": "0.86200", "2009-03-31": "0.17120", "2008-12-31": "0.69260", "2008-09-30": "2.74900", "2008-06-30": "3.46180", "2008-03-31": "2.34200", "2007-12-31": "3.01400", "2007-09-30": "2.29080", "2007-06-30": "2.72820", "2007-03-31": "1.92000", "2006-12-31": "2.53180", "2006-09-30": "2.25620", "2006-06-30": "2.99850", "2006-03-31": "1.92940", "2005-12-31": "2.42560", "2005-09-30": "2.11310", "2005-06-30": "2.14290", "2005-03-31": "1.50970"}, "ROI - Return On Investment": {"2020-09-30": "4.11430", "2020-06-30": "2.75360", "2020-03-31": "5.50110", "2019-12-31": "2.96780", "2019-09-30": "5.93910", "2019-06-30": "6.33090", "2019-03-31": "6.47500", "2018-12-31": "6.18910", "2018-09-30": "7.25350", "2018-06-30": "5.68210", "2018-03-31": "3.29380", "2017-12-31": "-3.16860", "2017-09-30": "4.49100", "2017-06-30": "4.69850", "2017-03-31": "4.47410", "2016-12-31": "4.52990", "2016-09-30": "3.38720", "2016-06-30": "4.84730", "2016-03-31": "3.75250", "2015-12-31": "1.90860", "2015-09-30": "4.05130", "2015-06-30": "5.06640", "2015-03-31": "4.17740", "2014-12-31": "4.82940", "2014-09-30": "4.53470", "2014-06-30": "4.82370", "2014-03-31": "3.82230", "2013-12-31": "4.83130", "2013-09-30": "4.06740", "2013-06-30": "5.62000", "2013-03-31": "4.00980", "2012-12-31": "5.18770", "2012-09-30": "4.93070", "2012-06-30": "6.98170", "2012-03-31": "6.77800", "2011-12-31": "8.81490", "2011-09-30": "7.60190", "2011-06-30": "8.63480", "2011-03-31": "6.20330", "2010-12-31": "6.85360", "2010-09-30": "5.91270", "2010-06-30": "5.59120", "2010-03-31": "3.62320", "2009-12-31": "6.22720", "2009-09-30": "2.48640", "2009-06-30": "1.66190", "2009-03-31": "0.34330", "2008-12-31": "1.43590", "2008-09-30": "5.51460", "2008-06-30": "7.01680", "2008-03-31": "4.82560", "2007-12-31": "6.23110", "2007-09-30": "4.91450", "2007-06-30": "5.77910", "2007-03-31": "4.02820", "2006-12-31": "5.47980", "2006-09-30": "4.90820", "2006-06-30": "6.78590", "2006-03-31": "4.29660", "2005-12-31": "5.42740", "2005-09-30": "4.81250", "2005-06-30": "4.94560", "2005-03-31": "3.52860"}, "Book Value Per Share": {"2020-09-30": "58.22780", "2020-06-30": "55.08130", "2020-03-31": "54.39620", "2019-12-31": "56.17120", "2019-09-30": "57.24660", "2019-06-30": "58.38730", "2019-03-31": "55.51530", "2018-12-31": "52.27220", "2018-09-30": "50.37500", "2018-06-30": "50.17760", "2018-03-31": "50.49300", "2017-12-31": "49.41890", "2017-09-30": "51.57230", "2017-06-30": "46.67060", "2017-03-31": "44.52650", "2016-12-31": "42.82990", "2016-09-30": "43.16100", "2016-06-30": "42.64970", "2016-03-31": "42.60560", "2015-12-31": "44.46360", "2015-09-30": "45.75880", "2015-06-30": "45.99100", "2015-03-31": "44.50630", "2014-12-31": "44.68800", "2014-09-30": "44.31860", "2014-06-30": "44.36110", "2014-03-31": "42.05550", "2013-12-31": "42.15320", "2013-09-30": "39.82920", "2013-06-30": "37.86970", "2013-03-31": "37.13760", "2012-12-31": "36.74390", "2012-09-30": "35.94950", "2012-06-30": "33.80780", "2012-03-31": "33.08010", "2011-12-31": "30.36980", "2011-09-30": "28.74030", "2011-06-30": "28.33590", "2011-03-31": "26.48500", "2010-12-31": "25.25780", "2010-09-30": "22.71990", "2010-06-30": "20.92560", "2010-03-31": "20.19940", "2009-12-31": "19.97020", "2009-09-30": "18.84540", "2009-06-30": "17.81470", "2009-03-31": "16.98220", "2008-12-31": "17.28760", "2008-09-30": "19.33430", "2008-06-30": "18.90480", "2008-03-31": "19.53440", "2007-12-31": "16.85950", "2007-09-30": "15.64640", "2007-06-30": "15.18750", "2007-03-31": "14.07960", "2006-12-31": "13.44530", "2006-09-30": "12.71910", "2006-06-30": "11.89640", "2006-03-31": "10.63440", "2005-12-31": "10.02150", "2005-09-30": "9.38700", "2005-06-30": "8.64220", "2005-03-31": "8.06700"}, "Operating Cash Flow Per Share": {"2020-09-30": 8.199, "2020-06-30": -0.1195, "2020-03-31": "2.53170", "2019-12-31": 5.4163, "2019-09-30": 7.2402, "2019-06-30": 5.1089, "2019-03-31": "2.61260", "2018-12-31": 6.0284, "2018-09-30": 5.6996, "2018-06-30": 3.585, "2018-03-31": "-0.70610", "2017-12-31": 4.8019, "2017-09-30": 3.8859, "2017-06-30": 2.6665, "2017-03-31": "2.25600", "2016-12-31": 3.6384, "2016-09-30": 3.4452, "2016-06-30": 2.8146, "2016-03-31": "1.55230", "2015-12-31": 5.1993, "2015-09-30": 3.2072, "2015-06-30": 2.2124, "2015-03-31": "0.95580", "2014-12-31": 4.78, "2014-09-30": 3.7708, "2014-06-30": 2.4025, "2014-03-31": "1.42390", "2013-12-31": 3.9987, "2013-09-30": 2.0465, "2013-06-30": 2.8341, "2013-03-31": "2.26690", "2012-12-31": 3.9132, "2012-09-30": 2.0756, "2012-06-30": 1.9783, "2012-03-31": "0.11010", "2011-12-31": 3.6087, "2011-09-30": 3.2719, "2011-06-30": 3.3784, "2011-03-31": "0.44880", "2010-12-31": 1.9495, "2010-09-30": 0.9891, "2010-06-30": 1.5301, "2010-03-31": "0.63410", "2009-12-31": 2.0607, "2009-09-30": 2.0645, "2009-06-30": 1.2403, "2009-03-31": "0.38580", "2008-12-31": 1.3325, "2008-09-30": 1.6245, "2008-06-30": 1.8767, "2008-03-31": "0.18840", "2007-12-31": 1.4345, "2007-09-30": 1.8426, "2007-06-30": 1.3369, "2007-03-31": "-0.56190", "2006-12-31": 1.1161, "2006-09-30": 1.2744, "2006-06-30": 1.6571, "2006-03-31": "0.08820", "2005-12-31": 1.8383, "2005-09-30": 1.1201, "2005-06-30": 1.0649, "2005-03-31": "-0.30510"}, "Free Cash Flow Per Share": {"2020-09-30": 7.4262, "2020-06-30": -0.6456, "2020-03-31": "2.03070", "2019-12-31": 3.6017, "2019-09-30": 6.2494, "2019-06-30": 4.2685, "2019-03-31": "1.92140", "2018-12-31": 4.0274, "2018-09-30": 4.6005, "2018-06-30": 2.8874, "2018-03-31": "-1.14060", "2017-12-31": 3.5008, "2017-09-30": 3.9046, "2017-06-30": 2.0641, "2017-03-31": "1.77380", "2016-12-31": 2.3749, "2016-09-30": 2.7741, "2016-06-30": 2.109, "2016-03-31": "1.13950", "2015-12-31": 3.3844, "2015-09-30": 2.3672, "2015-06-30": 1.3896, "2015-03-31": "0.40330", "2014-12-31": 2.9603, "2014-09-30": 2.8694, "2014-06-30": 1.6445, "2014-03-31": "0.84460", "2013-12-31": 2.6278, "2013-09-30": 1.2718, "2013-06-30": 1.9766, "2013-03-31": "1.66310", "2012-12-31": 2.5187, "2012-09-30": 1.2315, "2012-06-30": 1.2394, "2012-03-31": "-0.55030", "2011-12-31": 2.3935, "2011-09-30": 2.4215, "2011-06-30": 2.7365, "2011-03-31": "-0.01530", "2010-12-31": 1.0137, "2010-09-30": 0.6058, "2010-06-30": 1.3271, "2010-03-31": "0.58880", "2009-12-31": 1.5341, "2009-09-30": 1.7423, "2009-06-30": 0.866, "2009-03-31": "0.09140", "2008-12-31": 0.2947, "2008-09-30": 1.0184, "2008-06-30": 1.3584, "2008-03-31": "-0.26480", "2007-12-31": 0.6344, "2007-09-30": 1.5391, "2007-06-30": 1.1235, "2007-03-31": "-0.79070", "2006-12-31": 0.7224, "2006-09-30": 1.0668, "2006-06-30": 1.4206, "2006-03-31": "-0.05880", "2005-12-31": 1.5585, "2005-09-30": 0.9113, "2005-06-30": 0.8497, "2005-03-31": "-0.40850"}}, "revenue": {"Cummins Annual Revenue (Millions of US $)": {"2020": "$19,811", "2019": "$23,571", "2018": "$23,771", "2017": "$20,428", "2016": "$17,509", "2015": "$19,110", "2014": "$19,221", "2013": "$17,301", "2012": "$17,334", "2011": "$18,048", "2010": "$13,226", "2009": "$10,800", "2008": "$14,342", "2007": "$13,048", "2006": "$11,362", "2005": "$9,918"}, "Cummins Quarterly Revenue (Millions of US $)": {"2020-12-31": "$5,830", "2020-09-30": "$5,118", "2020-06-30": "$3,852", "2020-03-31": "$5,011", "2019-12-31": "$5,578", "2019-09-30": "$5,768", "2019-06-30": "$6,221", "2019-03-31": "$6,004", "2018-12-31": "$6,126", "2018-09-30": "$5,943", "2018-06-30": "$6,132", "2018-03-31": "$5,570", "2017-12-31": "$5,476", "2017-09-30": "$5,285", "2017-06-30": "$5,078", "2017-03-31": "$4,589", "2016-12-31": "$4,503", "2016-09-30": "$4,187", "2016-06-30": "$4,528", "2016-03-31": "$4,291", "2015-12-31": "$4,766", "2015-09-30": "$4,620", "2015-06-30": "$5,015", "2015-03-31": "$4,709", "2014-12-31": "$5,090", "2014-09-30": "$4,890", "2014-06-30": "$4,835", "2014-03-31": "$4,406", "2013-12-31": "$4,588", "2013-09-30": "$4,266", "2013-06-30": "$4,525", "2013-03-31": "$3,922", "2012-12-31": "$4,292", "2012-09-30": "$4,118", "2012-06-30": "$4,452", "2012-03-31": "$4,472", "2011-12-31": "$4,921", "2011-09-30": "$4,626", "2011-06-30": "$4,641", "2011-03-31": "$3,860", "2010-12-31": "$4,139", "2010-09-30": "$3,401", "2010-06-30": "$3,208", "2010-03-31": "$2,478", "2009-12-31": "$3,400", "2009-09-30": "$2,530", "2009-06-30": "$2,431", "2009-03-31": "$2,439", "2008-12-31": "$3,288", "2008-09-30": "$3,693", "2008-06-30": "$3,887", "2008-03-31": "$3,474", "2007-12-31": "$3,516", "2007-09-30": "$3,372", "2007-06-30": "$3,343", "2007-03-31": "$2,817", "2006-12-31": "$3,033", "2006-09-30": "$2,809", "2006-06-30": "$2,842", "2006-03-31": "$2,678", "2005-12-31": "$2,753", "2005-09-30": "$2,467", "2005-06-30": "$2,490", "2005-03-31": "$2,208"}}, "gross-profit": {"Cummins Annual Gross Profit (Millions of US $)": {"2020": "$4,894", "2019": "$5,980", "2018": "$5,737", "2017": "$5,100", "2016": "$4,458", "2015": "$4,947", "2014": "$4,861", "2013": "$4,280", "2012": "$4,416", "2011": "$4,589", "2010": "$3,168", "2009": "$2,169", "2008": "$2,940", "2007": "$2,556", "2006": "$2,465", "2005": "$2,044"}, "Cummins Quarterly Gross Profit (Millions of US $)": {"2020-12-31": "$1,361", "2020-09-30": "$1,349", "2020-06-30": "$890", "2020-03-31": "$1,294", "2019-12-31": "$1,313", "2019-09-30": "$1,494", "2019-06-30": "$1,641", "2019-03-31": "$1,532", "2018-12-31": "$1,546", "2018-09-30": "$1,551", "2018-06-30": "$1,440", "2018-03-31": "$1,200", "2017-12-31": "$1,376", "2017-09-30": "$1,341", "2017-06-30": "$1,251", "2017-03-31": "$1,132", "2016-12-31": "$1,126", "2016-09-30": "$1,079", "2016-06-30": "$1,197", "2016-03-31": "$1,056", "2015-12-31": "$1,212", "2015-09-30": "$1,208", "2015-06-30": "$1,332", "2015-03-31": "$1,195", "2014-12-31": "$1,273", "2014-09-30": "$1,284", "2014-06-30": "$1,205", "2014-03-31": "$1,099", "2013-12-31": "$1,089", "2013-09-30": "$1,081", "2013-06-30": "$1,153", "2013-03-31": "$957", "2012-12-31": "$966", "2012-09-30": "$1,042", "2012-06-30": "$1,210", "2012-03-31": "$1,198", "2011-12-31": "$1,241", "2011-09-30": "$1,188", "2011-06-30": "$1,203", "2011-03-31": "$957", "2010-12-31": "$984", "2010-09-30": "$830", "2010-06-30": "$753", "2010-03-31": "$601", "2009-12-31": "$773", "2009-09-30": "$503", "2009-06-30": "$448", "2009-03-31": "$445", "2008-12-31": "$534", "2008-09-30": "$820", "2008-06-30": "$879", "2008-03-31": "$707", "2007-12-31": "$682", "2007-09-30": "$652", "2007-06-30": "$670", "2007-03-31": "$552", "2006-12-31": "$636", "2006-09-30": "$617", "2006-06-30": "$646", "2006-03-31": "$566", "2005-12-31": "$477", "2005-09-30": "$561", "2005-06-30": "$550", "2005-03-31": "$456"}}, "operating-income": {"Cummins Annual Operating Income (Millions of US $)": {"2020": "$2,269", "2019": "$2,700", "2018": "$2,786", "2017": "$2,334", "2016": "$1,880", "2015": "$2,057", "2014": "$2,365", "2013": "$2,101", "2012": "$2,254", "2011": "$2,681", "2010": "$1,602", "2009": "$682", "2008": "$1,272", "2007": "$1,158", "2006": "$1,131", "2005": "$894"}, "Cummins Quarterly Operating Income (Millions of US $)": {"2020-12-31": "$629", "2020-09-30": "$670", "2020-06-30": "$336", "2020-03-31": "$634", "2019-12-31": "$354", "2019-09-30": "$699", "2019-06-30": "$848", "2019-03-31": "$799", "2018-12-31": "$731", "2018-09-30": "$803", "2018-06-30": "$722", "2018-03-31": "$530", "2017-12-31": "$586", "2017-09-30": "$622", "2017-06-30": "$586", "2017-03-31": "$540", "2016-12-31": "$459", "2016-09-30": "$384", "2016-06-30": "$567", "2016-03-31": "$470", "2015-12-31": "$229", "2015-09-30": "$557", "2015-06-30": "$723", "2015-03-31": "$548", "2014-12-31": "$581", "2014-09-30": "$659", "2014-06-30": "$612", "2014-03-31": "$513", "2013-12-31": "$553", "2013-09-30": "$524", "2013-06-30": "$610", "2013-03-31": "$414", "2012-12-31": "$465", "2012-09-30": "$493", "2012-06-30": "$648", "2012-03-31": "$648", "2011-12-31": "$745", "2011-09-30": "$639", "2011-06-30": "$768", "2011-03-31": "$529", "2010-12-31": "$525", "2010-09-30": "$435", "2010-06-30": "$396", "2010-03-31": "$246", "2009-12-31": "$385", "2009-09-30": "$147", "2009-06-30": "$121", "2009-03-31": "$29", "2008-12-31": "$102", "2008-09-30": "$383", "2008-06-30": "$468", "2008-03-31": "$319", "2007-12-31": "$305", "2007-09-30": "$289", "2007-06-30": "$341", "2007-03-31": "$223", "2006-12-31": "$296", "2006-09-30": "$278", "2006-06-30": "$309", "2006-03-31": "$248", "2005-12-31": "$263", "2005-09-30": "$232", "2005-06-30": "$231", "2005-03-31": "$168"}}, "ebitda": {"Cummins Annual EBITDA (Millions of US $)": {"2019": "$3,372", "2018": "$3,397", "2017": "$2,917", "2016": "$2,410", "2015": "$2,571", "2014": "$2,820", "2013": "$2,508", "2012": "$2,615", "2011": "$3,006", "2010": "$1,922", "2009": "$1,008", "2008": "$1,586", "2007": "$1,448", "2006": "$1,427", "2005": "$1,189"}, "Cummins Quarterly EBITDA (Millions of US $)": {"2020-09-30": "$836", "2020-06-30": "$501", "2020-03-31": "$802", "2019-12-31": "$533", "2019-09-30": "$877", "2019-06-30": "$1,006", "2019-03-31": "$956", "2018-12-31": "$886", "2018-09-30": "$951", "2018-06-30": "$876", "2018-03-31": "$684", "2017-12-31": "$736", "2017-09-30": "$771", "2017-06-30": "$731", "2017-03-31": "$679", "2016-12-31": "$598", "2016-09-30": "$516", "2016-06-30": "$698", "2016-03-31": "$598", "2015-12-31": "$360", "2015-09-30": "$686", "2015-06-30": "$849", "2015-03-31": "$676", "2014-12-31": "$706", "2014-09-30": "$772", "2014-06-30": "$724", "2014-03-31": "$618", "2013-12-31": "$655", "2013-09-30": "$629", "2013-06-30": "$712", "2013-03-31": "$512", "2012-12-31": "$564", "2012-09-30": "$584", "2012-06-30": "$734", "2012-03-31": "$733", "2011-12-31": "$827", "2011-09-30": "$723", "2011-06-30": "$848", "2011-03-31": "$608", "2010-12-31": "$606", "2010-09-30": "$513", "2010-06-30": "$478", "2010-03-31": "$325", "2009-12-31": "$473", "2009-09-30": "$231", "2009-06-30": "$199", "2009-03-31": "$105", "2008-12-31": "$183", "2008-09-30": "$458", "2008-06-30": "$551", "2008-03-31": "$394", "2007-12-31": "$380", "2007-09-30": "$362", "2007-06-30": "$415", "2007-03-31": "$291", "2006-12-31": "$370", "2006-09-30": "$352", "2006-06-30": "$383", "2006-03-31": "$322", "2005-12-31": "$342", "2005-09-30": "$304", "2005-06-30": "$304", "2005-03-31": "$239"}}, "net-income": {"Cummins Annual Net Income (Millions of US $)": {"2020": "$1,789", "2019": "$2,260", "2018": "$2,141", "2017": "$999", "2016": "$1,394", "2015": "$1,399", "2014": "$1,651", "2013": "$1,483", "2012": "$1,645", "2011": "$1,848", "2010": "$1,040", "2009": "$428", "2008": "$755", "2007": "$739", "2006": "$715", "2005": "$550"}, "Cummins Quarterly Net Income (Millions of US $)": {"2020-12-31": "$501", "2020-09-30": "$501", "2020-06-30": "$276", "2020-03-31": "$511", "2019-12-31": "$300", "2019-09-30": "$622", "2019-06-30": "$675", "2019-03-31": "$663", "2018-12-31": "$579", "2018-09-30": "$692", "2018-06-30": "$545", "2018-03-31": "$325", "2017-12-31": "$-274", "2017-09-30": "$453", "2017-06-30": "$424", "2017-03-31": "$396", "2016-12-31": "$378", "2016-09-30": "$289", "2016-06-30": "$406", "2016-03-31": "$321", "2015-12-31": "$161", "2015-09-30": "$380", "2015-06-30": "$471", "2015-03-31": "$387", "2014-12-31": "$444", "2014-09-30": "$423", "2014-06-30": "$446", "2014-03-31": "$338", "2013-12-31": "$432", "2013-09-30": "$355", "2013-06-30": "$414", "2013-03-31": "$282", "2012-12-31": "$369", "2012-09-30": "$352", "2012-06-30": "$469", "2012-03-31": "$455", "2011-12-31": "$548", "2011-09-30": "$452", "2011-06-30": "$505", "2011-03-31": "$343", "2010-12-31": "$362", "2010-09-30": "$283", "2010-06-30": "$246", "2010-03-31": "$149", "2009-12-31": "$270", "2009-09-30": "$95", "2009-06-30": "$56", "2009-03-31": "$7", "2008-12-31": "$43", "2008-09-30": "$229", "2008-06-30": "$293", "2008-03-31": "$190", "2007-12-31": "$198", "2007-09-30": "$184", "2007-06-30": "$214", "2007-03-31": "$143", "2006-12-31": "$189", "2006-09-30": "$171", "2006-06-30": "$220", "2006-03-31": "$135", "2005-12-31": "$167", "2005-09-30": "$145", "2005-06-30": "$141", "2005-03-31": "$97"}}, "eps-earnings-per-share-diluted": {"Cummins Annual EPS": {"2020": "$12.01", "2019": "$14.48", "2018": "$13.15", "2017": "$5.97", "2016": "$8.23", "2015": "$7.84", "2014": "$9.02", "2013": "$7.91", "2012": "$8.67", "2011": "$9.55", "2010": "$5.28", "2009": "$2.16", "2008": "$3.84", "2007": "$3.70", "2006": "$3.55", "2005": "$2.75"}, "Cummins Quarterly EPS": {"2020-12-31": "$3.36", "2020-09-30": "$3.36", "2020-06-30": "$1.86", "2020-03-31": "$3.41", "2019-12-31": "$2.04", "2019-09-30": "$3.97", "2019-06-30": "$4.27", "2019-03-31": "$4.20", "2018-12-31": "$3.59", "2018-09-30": "$4.28", "2018-06-30": "$3.32", "2018-03-31": "$1.96", "2017-12-31": "$-1.63", "2017-09-30": "$2.71", "2017-06-30": "$2.53", "2017-03-31": "$2.36", "2016-12-31": "$2.24", "2016-09-30": "$1.72", "2016-06-30": "$2.40", "2016-03-31": "$1.87", "2015-12-31": "$0.94", "2015-09-30": "$2.14", "2015-06-30": "$2.62", "2015-03-31": "$2.14", "2014-12-31": "$2.44", "2014-09-30": "$2.32", "2014-06-30": "$2.43", "2014-03-31": "$1.83", "2013-12-31": "$2.32", "2013-09-30": "$1.90", "2013-06-30": "$2.20", "2013-03-31": "$1.49", "2012-12-31": "$1.96", "2012-09-30": "$1.86", "2012-06-30": "$2.47", "2012-03-31": "$2.38", "2011-12-31": "$2.85", "2011-09-30": "$2.35", "2011-06-30": "$2.60", "2011-03-31": "$1.75", "2010-12-31": "$1.84", "2010-09-30": "$1.44", "2010-06-30": "$1.25", "2010-03-31": "$0.75", "2009-12-31": "$1.36", "2009-09-30": "$0.48", "2009-06-30": "$0.28", "2009-03-31": "$0.04", "2008-12-31": "$0.21", "2008-09-30": "$1.17", "2008-06-30": "$1.49", "2008-03-31": "$0.97", "2007-12-31": "$1.01", "2007-09-30": "$0.92", "2007-06-30": "$1.06", "2007-03-31": "$0.71", "2006-12-31": "$0.94", "2006-09-30": "$0.85", "2006-06-30": "$1.10", "2006-03-31": "$0.68", "2005-12-31": "$0.83", "2005-09-30": "$0.73", "2005-06-30": "$0.71", "2005-03-31": "$0.49"}}, "shares-outstanding": {"Cummins Annual Shares Outstanding (Millions of Shares)": {"2020": "149", "2019": "156", "2018": "163", "2017": "167", "2016": "169", "2015": "178", "2014": "183", "2013": "187", "2012": "190", "2011": "194", "2010": "197", "2009": "198", "2008": "197", "2007": "200", "2006": "203", "2005": "204"}, "Cummins Quarterly Shares Outstanding (Millions of Shares)": {"2020-12-31": "149", "2020-09-30": "149", "2020-06-30": "148", "2020-03-31": "150", "2019-12-31": "156", "2019-09-30": "157", "2019-06-30": "158", "2019-03-31": "158", "2018-12-31": "163", "2018-09-30": "162", "2018-06-30": "164", "2018-03-31": "166", "2017-12-31": "167", "2017-09-30": "167", "2017-06-30": "168", "2017-03-31": "168", "2016-12-31": "169", "2016-09-30": "168", "2016-06-30": "169", "2016-03-31": "172", "2015-12-31": "178", "2015-09-30": "177", "2015-06-30": "180", "2015-03-31": "181", "2014-12-31": "183", "2014-09-30": "183", "2014-06-30": "183", "2014-03-31": "185", "2013-12-31": "187", "2013-09-30": "187", "2013-06-30": "188", "2013-03-31": "189", "2012-12-31": "190", "2012-09-30": "189", "2012-06-30": "190", "2012-03-31": "191", "2011-12-31": "194", "2011-09-30": "193", "2011-06-30": "194", "2011-03-31": "196", "2010-12-31": "197", "2010-09-30": "196", "2010-06-30": "197", "2010-03-31": "199", "2009-12-31": "198", "2009-09-30": "198", "2009-06-30": "197", "2009-03-31": "197", "2008-12-31": "197", "2008-09-30": "197", "2008-06-30": "197", "2008-03-31": "196", "2007-12-31": "200", "2007-09-30": "200", "2007-06-30": "201", "2007-03-31": "201", "2006-12-31": "203", "2006-09-30": "203", "2006-06-30": "203", "2006-03-31": "204", "2005-12-31": "204", "2005-09-30": "205", "2005-06-30": "204", "2005-03-31": "203"}}, "total-assets": {"Cummins Annual Total Assets (Millions of US $)": {"2019": "$19,737", "2018": "$19,062", "2017": "$18,075", "2016": "$15,011", "2015": "$15,134", "2014": "$15,764", "2013": "$14,728", "2012": "$12,548", "2011": "$11,668", "2010": "$10,402", "2009": "$8,816", "2008": "$8,519", "2007": "$8,195", "2006": "$7,465", "2005": "$6,885"}, "Cummins Quarterly Total Assets (Millions of US $)": {"2020-09-30": "$21,568", "2020-06-30": "$20,314", "2020-03-31": "$20,076", "2019-12-31": "$19,737", "2019-09-30": "$20,346", "2019-06-30": "$20,254", "2019-03-31": "$19,846", "2018-12-31": "$19,062", "2018-09-30": "$18,992", "2018-06-30": "$18,915", "2018-03-31": "$18,392", "2017-12-31": "$18,075", "2017-09-30": "$17,992", "2017-06-30": "$16,260", "2017-03-31": "$15,634", "2016-12-31": "$15,011", "2016-09-30": "$15,136", "2016-06-30": "$15,020", "2016-03-31": "$14,827", "2015-12-31": "$15,134", "2015-09-30": "$15,797", "2015-06-30": "$15,878", "2015-03-31": "$15,736", "2014-12-31": "$15,764", "2014-09-30": "$15,644", "2014-06-30": "$15,500", "2014-03-31": "$14,751", "2013-12-31": "$14,728", "2013-09-30": "$14,336", "2013-06-30": "$13,048", "2013-03-31": "$12,756", "2012-12-31": "$12,548", "2012-09-30": "$12,414", "2012-06-30": "$12,169", "2012-03-31": "$12,119", "2011-12-31": "$11,668", "2011-09-30": "$11,338", "2011-06-30": "$11,313", "2011-03-31": "$10,726", "2010-12-31": "$10,402", "2010-09-30": "$9,872", "2010-06-30": "$9,210", "2010-03-31": "$8,769", "2009-12-31": "$8,816", "2009-09-30": "$8,355", "2009-06-30": "$8,121", "2009-03-31": "$8,178", "2008-12-31": "$8,519", "2008-09-30": "$8,985", "2008-06-30": "$8,955", "2008-03-31": "$8,625", "2007-12-31": "$8,195", "2007-09-30": "$8,032", "2007-06-30": "$7,844", "2007-03-31": "$7,448", "2006-12-31": "$7,465", "2006-09-30": "$7,579", "2006-06-30": "$7,337", "2006-03-31": "$6,997", "2005-12-31": "$6,885", "2005-09-30": "$6,862", "2005-06-30": "$6,580", "2005-03-31": "$6,425"}}, "cash-on-hand": {"Cummins Annual Cash on Hand (Millions of US $)": {"2019": "$1,470", "2018": "$1,525", "2017": "$1,567", "2016": "$1,380", "2015": "$1,811", "2014": "$2,394", "2013": "$2,849", "2012": "$1,616", "2011": "$1,761", "2010": "$1,362", "2009": "$1,120", "2008": "$503", "2007": "$697", "2006": "$935", "2005": "$840"}, "Cummins Quarterly Cash on Hand (Millions of US $)": {"2020-09-30": "$3,312", "2020-06-30": "$2,104", "2020-03-31": "$2,030", "2019-12-31": "$1,470", "2019-09-30": "$1,863", "2019-06-30": "$1,732", "2019-03-31": "$1,574", "2018-12-31": "$1,525", "2018-09-30": "$1,407", "2018-06-30": "$1,532", "2018-03-31": "$1,387", "2017-12-31": "$1,567", "2017-09-30": "$1,444", "2017-06-30": "$1,467", "2017-03-31": "$1,467", "2016-12-31": "$1,380", "2016-09-30": "$1,501", "2016-06-30": "$1,280", "2016-03-31": "$1,274", "2015-12-31": "$1,811", "2015-09-30": "$1,723", "2015-06-30": "$1,849", "2015-03-31": "$2,112", "2014-12-31": "$2,394", "2014-09-30": "$2,381", "2014-06-30": "$2,377", "2014-03-31": "$2,307", "2013-12-31": "$2,849", "2013-09-30": "$2,661", "2013-06-30": "$1,587", "2013-03-31": "$1,679", "2012-12-31": "$1,616", "2012-09-30": "$1,272", "2012-06-30": "$1,406", "2012-03-31": "$1,569", "2011-12-31": "$1,761", "2011-09-30": "$1,438", "2011-06-30": "$1,474", "2011-03-31": "$1,086", "2010-12-31": "$1,362", "2010-09-30": "$1,245", "2010-06-30": "$1,193", "2010-03-31": "$1,102", "2009-12-31": "$1,120", "2009-09-30": "$834", "2009-06-30": "$551", "2009-03-31": "$418", "2008-12-31": "$503", "2008-09-30": "$655", "2008-06-30": "$629", "2008-03-31": "$554", "2007-12-31": "$697", "2007-09-30": "$744", "2007-06-30": "$731", "2007-03-31": "$590", "2006-12-31": "$935", "2006-09-30": "$1,109", "2006-06-30": "$944", "2006-03-31": "$734", "2005-12-31": "$840", "2005-09-30": "$614", "2005-06-30": "$457", "2005-03-31": "$309"}}, "long-term-debt": {"Cummins Annual Long Term Debt (Millions of US $)": {"2019": "$1,576", "2018": "$1,597", "2017": "$1,588", "2016": "$1,568", "2015": "$1,576", "2014": "$1,577", "2013": "$1,672", "2012": "$698", "2011": "$658", "2010": "$709", "2009": "$637", "2008": "$629", "2007": "$555", "2006": "$647", "2005": "$1,213"}, "Cummins Quarterly Long Term Debt (Millions of US $)": {"2020-09-30": "$3,609", "2020-06-30": "$1,639", "2020-03-31": "$1,580", "2019-12-31": "$1,576", "2019-09-30": "$1,619", "2019-06-30": "$1,624", "2019-03-31": "$1,605", "2018-12-31": "$1,597", "2018-09-30": "$1,563", "2018-06-30": "$1,556", "2018-03-31": "$1,571", "2017-12-31": "$1,588", "2017-09-30": "$1,615", "2017-06-30": "$1,564", "2017-03-31": "$1,576", "2016-12-31": "$1,568", "2016-09-30": "$1,593", "2016-06-30": "$1,614", "2016-03-31": "$1,614", "2015-12-31": "$1,576", "2015-09-30": "$1,595", "2015-06-30": "$1,576", "2015-03-31": "$1,602", "2014-12-31": "$1,577", "2014-09-30": "$1,584", "2014-06-30": "$1,627", "2014-03-31": "$1,632", "2013-12-31": "$1,672", "2013-09-30": "$1,731", "2013-06-30": "$754", "2013-03-31": "$736", "2012-12-31": "$698", "2012-09-30": "$670", "2012-06-30": "$653", "2012-03-31": "$650", "2011-12-31": "$658", "2011-09-30": "$665", "2011-06-30": "$702", "2011-03-31": "$685", "2010-12-31": "$709", "2010-09-30": "$732", "2010-06-30": "$669", "2010-03-31": "$640", "2009-12-31": "$637", "2009-09-30": "$621", "2009-06-30": "$617", "2009-03-31": "$651", "2008-12-31": "$629", "2008-09-30": "$587", "2008-06-30": "$586", "2008-03-31": "$578", "2007-12-31": "$555", "2007-09-30": "$549", "2007-06-30": "$544", "2007-03-31": "$613", "2006-12-31": "$647", "2006-09-30": "$813", "2006-06-30": "$739", "2006-03-31": "$1,164", "2005-12-31": "$1,213", "2005-09-30": "$1,252", "2005-06-30": "$1,247", "2005-03-31": "$1,255"}}, "total-liabilities": {"Cummins Annual Total Liabilities (Millions of US $)": {"2019": "$11,272", "2018": "$10,803", "2017": "$9,911", "2016": "$7,837", "2015": "$7,384", "2014": "$7,671", "2013": "$6,858", "2012": "$5,574", "2011": "$5,837", "2010": "$5,406", "2009": "$4,796", "2008": "$5,039", "2007": "$4,786", "2006": "$4,663", "2005": "$5,021"}, "Cummins Quarterly Total Liabilities (Millions of US $)": {"2020-09-30": "$12,927", "2020-06-30": "$12,184", "2020-03-31": "$12,058", "2019-12-31": "$11,272", "2019-09-30": "$11,593", "2019-06-30": "$11,058", "2019-03-31": "$11,119", "2018-12-31": "$10,803", "2018-09-30": "$10,932", "2018-06-30": "$10,721", "2018-03-31": "$10,096", "2017-12-31": "$9,911", "2017-09-30": "$9,431", "2017-06-30": "$8,438", "2017-03-31": "$8,158", "2016-12-31": "$7,837", "2016-09-30": "$7,872", "2016-06-30": "$7,825", "2016-03-31": "$7,567", "2015-12-31": "$7,384", "2015-09-30": "$7,716", "2015-06-30": "$7,664", "2015-03-31": "$7,667", "2014-12-31": "$7,671", "2014-09-30": "$7,547", "2014-06-30": "$7,342", "2014-03-31": "$7,017", "2013-12-31": "$6,858", "2013-09-30": "$6,872", "2013-06-30": "$5,955", "2013-03-31": "$5,711", "2012-12-31": "$5,574", "2012-09-30": "$5,580", "2012-06-30": "$5,732", "2012-03-31": "$5,761", "2011-12-31": "$5,837", "2011-09-30": "$5,794", "2011-06-30": "$5,796", "2011-03-31": "$5,527", "2010-12-31": "$5,406", "2010-09-30": "$5,378", "2010-06-30": "$5,050", "2010-03-31": "$4,717", "2009-12-31": "$4,796", "2009-09-30": "$4,552", "2009-06-30": "$4,526", "2009-03-31": "$4,751", "2008-12-31": "$5,039", "2008-09-30": "$5,093", "2008-06-30": "$5,123", "2008-03-31": "$5,017", "2007-12-31": "$4,786", "2007-09-30": "$4,837", "2007-06-30": "$4,685", "2007-03-31": "$4,511", "2006-12-31": "$4,663", "2006-09-30": "$4,908", "2006-06-30": "$4,834", "2006-03-31": "$5,019", "2005-12-31": "$5,021", "2005-09-30": "$5,101", "2005-06-30": "$4,976", "2005-03-31": "$4,931"}}, "total-share-holder-equity": {"Cummins Annual Share Holder Equity (Millions of US $)": {"2019": "$8,465", "2018": "$8,259", "2017": "$8,164", "2016": "$7,174", "2015": "$7,750", "2014": "$8,093", "2013": "$7,870", "2012": "$6,974", "2011": "$5,831", "2010": "$4,996", "2009": "$4,020", "2008": "$3,480", "2007": "$3,409", "2006": "$2,802", "2005": "$1,864"}, "Cummins Quarterly Share Holder Equity (Millions of US $)": {"2020-09-30": "$8,641", "2020-06-30": "$8,130", "2020-03-31": "$8,018", "2019-12-31": "$8,465", "2019-09-30": "$8,753", "2019-06-30": "$9,196", "2019-03-31": "$8,727", "2018-12-31": "$8,259", "2018-09-30": "$8,060", "2018-06-30": "$8,194", "2018-03-31": "$8,296", "2017-12-31": "$8,164", "2017-09-30": "$8,561", "2017-06-30": "$7,822", "2017-03-31": "$7,476", "2016-12-31": "$7,174", "2016-09-30": "$7,264", "2016-06-30": "$7,195", "2016-03-31": "$7,260", "2015-12-31": "$7,750", "2015-09-30": "$8,081", "2015-06-30": "$8,214", "2015-03-31": "$8,069", "2014-12-31": "$8,093", "2014-09-30": "$8,097", "2014-06-30": "$8,158", "2014-03-31": "$7,734", "2013-12-31": "$7,870", "2013-09-30": "$7,464", "2013-06-30": "$7,093", "2013-03-31": "$7,045", "2012-12-31": "$6,974", "2012-09-30": "$6,834", "2012-06-30": "$6,437", "2012-03-31": "$6,358", "2011-12-31": "$5,831", "2011-09-30": "$5,544", "2011-06-30": "$5,517", "2011-03-31": "$5,199", "2010-12-31": "$4,996", "2010-09-30": "$4,494", "2010-06-30": "$4,160", "2010-03-31": "$4,052", "2009-12-31": "$4,020", "2009-09-30": "$3,803", "2009-06-30": "$3,595", "2009-03-31": "$3,427", "2008-12-31": "$3,480", "2008-09-30": "$3,892", "2008-06-30": "$3,832", "2008-03-31": "$3,608", "2007-12-31": "$3,409", "2007-09-30": "$3,195", "2007-06-30": "$3,159", "2007-03-31": "$2,937", "2006-12-31": "$2,802", "2006-09-30": "$2,671", "2006-06-30": "$2,503", "2006-03-31": "$1,978", "2005-12-31": "$1,864", "2005-09-30": "$1,761", "2005-06-30": "$1,604", "2005-03-31": "$1,494"}}, "profit-margins": {"current": "9.03%"}, "gross margin": {"2020-12-31": "24.70%", "2020-09-30": "24.78%", "2020-06-30": "24.70%", "2020-03-31": "25.43%", "2019-12-31": "25.37%", "2019-09-30": "25.76%", "2019-06-30": "25.81%", "2019-03-31": "25.07%", "2018-12-31": "24.13%", "2018-09-30": "24.08%", "2018-06-30": "23.85%", "2018-03-31": "24.14%", "2017-12-31": "24.97%", "2017-09-30": "24.93%", "2017-06-30": "24.99%", "2017-03-31": "25.46%", "2016-12-31": "25.46%", "2016-09-30": "25.57%", "2016-06-30": "25.67%", "2016-03-31": "25.72%", "2015-12-31": "25.89%", "2015-09-30": "25.77%", "2015-06-30": "25.80%", "2015-03-31": "25.39%", "2014-12-31": "25.29%", "2014-09-30": "24.99%", "2014-06-30": "24.73%", "2014-03-31": "24.86%", "2013-12-31": "24.74%", "2013-09-30": "24.45%", "2013-06-30": "24.43%", "2013-03-31": "24.87%", "2012-12-31": "25.48%", "2012-09-30": "26.11%", "2012-06-30": "26.19%", "2012-03-31": "25.88%", "2011-12-31": "25.43%", "2011-09-30": "25.09%", "2011-06-30": "24.77%", "2011-03-31": "24.12%", "2010-12-31": "23.95%", "2010-09-30": "23.68%", "2010-06-30": "22.64%", "2010-03-31": "21.45%", "2009-12-31": "20.08%", "2009-09-30": "18.06%", "2009-06-30": "18.96%", "2009-03-31": "20.12%", "2008-12-31": "20.50%", "2008-09-30": "21.19%", "2008-06-30": "20.49%", "2008-03-31": "19.78%", "2007-12-31": "19.59%", "2007-09-30": "19.98%", "2007-06-30": "20.62%", "2007-03-31": "21.31%", "2006-12-31": "21.70%", "2006-09-30": "20.81%", "2006-06-30": "20.95%", "2006-03-31": "20.74%", "2005-12-31": "20.61%"}, "operating margin": {"2020-12-31": "11.45%", "2020-09-30": "10.19%", "2020-06-30": "10.01%", "2020-03-31": "11.23%", "2019-12-31": "11.45%", "2019-09-30": "12.76%", "2019-06-30": "13.09%", "2019-03-31": "12.62%", "2018-12-31": "11.72%", "2018-09-30": "11.42%", "2018-06-30": "10.95%", "2018-03-31": "10.86%", "2017-12-31": "11.43%", "2017-09-30": "11.34%", "2017-06-30": "10.73%", "2017-03-31": "10.95%", "2016-12-31": "10.74%", "2016-09-30": "9.28%", "2016-06-30": "10.01%", "2016-03-31": "10.59%", "2015-12-31": "10.76%", "2015-09-30": "12.40%", "2015-06-30": "12.74%", "2015-03-31": "12.29%", "2014-12-31": "12.30%", "2014-09-30": "12.48%", "2014-06-30": "12.17%", "2014-03-31": "12.37%", "2013-12-31": "12.14%", "2013-09-30": "11.84%", "2013-06-30": "11.76%", "2013-03-31": "12.04%", "2012-12-31": "13.00%", "2012-09-30": "14.11%", "2012-06-30": "14.51%", "2012-03-31": "15.01%", "2011-12-31": "14.85%", "2011-09-30": "14.25%", "2011-06-30": "14.07%", "2011-03-31": "12.90%", "2010-12-31": "12.11%", "2010-09-30": "11.71%", "2010-06-30": "10.11%", "2010-03-31": "8.29%", "2009-12-31": "6.31%", "2009-09-30": "3.73%", "2009-06-30": "5.36%", "2009-03-31": "7.38%", "2008-12-31": "8.87%", "2008-09-30": "10.12%", "2008-06-30": "9.69%", "2008-03-31": "9.15%", "2007-12-31": "8.87%", "2007-09-30": "9.14%", "2007-06-30": "9.48%", "2007-03-31": "9.62%", "2006-12-31": "9.95%", "2006-09-30": "9.91%", "2006-06-30": "9.80%", "2006-03-31": "9.38%", "2005-12-31": "9.01%"}, "ebitda margin": {"2020-09-30": "13.66%", "2020-06-30": "13.42%", "2020-03-31": "14.25%", "2019-12-31": "14.31%", "2019-09-30": "15.44%", "2019-06-30": "15.64%", "2019-03-31": "15.16%", "2018-12-31": "14.29%", "2018-09-30": "14.04%", "2018-06-30": "13.65%", "2018-03-31": "13.65%", "2017-12-31": "14.28%", "2017-09-30": "14.28%", "2017-06-30": "13.75%", "2017-03-31": "13.99%", "2016-12-31": "13.76%", "2016-09-30": "12.22%", "2016-06-30": "12.86%", "2016-03-31": "13.34%", "2015-12-31": "13.45%", "2015-09-30": "15.01%", "2015-06-30": "15.24%", "2015-03-31": "14.74%", "2014-12-31": "14.67%", "2014-09-30": "14.79%", "2014-06-30": "14.51%", "2014-03-31": "14.70%", "2013-12-31": "14.50%", "2013-09-30": "14.21%", "2013-06-30": "14.07%", "2013-03-31": "14.26%", "2012-12-31": "15.09%", "2012-09-30": "16.02%", "2012-06-30": "16.33%", "2012-03-31": "16.78%", "2011-12-31": "16.66%", "2011-09-30": "16.13%", "2011-06-30": "16.05%", "2011-03-31": "15.09%", "2010-12-31": "14.53%", "2010-09-30": "14.33%", "2010-06-30": "12.97%", "2010-03-31": "11.33%", "2009-12-31": "9.33%", "2009-09-30": "6.72%", "2009-06-30": "7.97%", "2009-03-31": "9.75%", "2008-12-31": "11.06%", "2008-09-30": "12.24%", "2008-06-30": "11.84%", "2008-03-31": "11.32%", "2007-12-31": "11.10%", "2007-09-30": "11.44%", "2007-06-30": "11.90%", "2007-03-31": "12.14%", "2006-12-31": "12.56%", "2006-09-30": "12.62%", "2006-06-30": "12.58%", "2006-03-31": "12.24%", "2005-12-31": "11.99%"}, "pre tax profit margin": {"2020-12-31": "11.80%", "2020-09-30": "10.56%", "2020-06-30": "10.56%", "2020-03-31": "11.71%", "2019-12-31": "12.02%", "2019-09-30": "13.19%", "2019-06-30": "13.30%", "2019-03-31": "12.70%", "2018-12-31": "11.58%", "2018-09-30": "11.41%", "2018-06-30": "10.93%", "2018-03-31": "10.93%", "2017-12-31": "11.58%", "2017-09-30": "11.70%", "2017-06-30": "11.10%", "2017-03-31": "11.30%", "2016-12-31": "11.02%", "2016-09-30": "9.19%", "2016-06-30": "9.96%", "2016-03-31": "10.39%", "2015-12-31": "10.60%", "2015-09-30": "12.48%", "2015-06-30": "12.86%", "2015-03-31": "12.66%", "2014-12-31": "12.66%", "2014-09-30": "12.66%", "2014-06-30": "12.31%", "2014-03-31": "12.36%", "2013-12-31": "12.25%", "2013-09-30": "12.03%", "2013-06-30": "11.89%", "2013-03-31": "12.23%", "2012-12-31": "13.10%", "2012-09-30": "14.23%", "2012-06-30": "14.61%", "2012-03-31": "15.00%", "2011-12-31": "14.80%", "2011-09-30": "14.15%", "2011-06-30": "14.04%", "2011-03-31": "12.88%", "2010-12-31": "12.23%", "2010-09-30": "11.70%", "2010-06-30": "10.06%", "2010-03-31": "8.08%", "2009-12-31": "5.93%", "2009-09-30": "2.93%", "2009-06-30": "4.53%", "2009-03-31": "6.73%", "2008-12-31": "8.21%", "2008-09-30": "9.89%", "2008-06-30": "9.57%", "2008-03-31": "9.09%", "2007-12-31": "8.96%", "2007-09-30": "9.09%", "2007-06-30": "9.36%", "2007-03-31": "9.41%", "2006-12-31": "9.53%", "2006-09-30": "9.41%", "2006-06-30": "9.15%", "2006-03-31": "8.58%", "2005-12-31": "8.05%"}, "net profit margin": {"2020-12-31": "9.03%", "2020-09-30": "8.12%", "2020-06-30": "8.46%", "2020-03-31": "9.34%", "2019-12-31": "9.59%", "2019-09-30": "10.53%", "2019-06-30": "10.74%", "2019-03-31": "10.24%", "2018-12-31": "9.01%", "2018-09-30": "5.57%", "2018-06-30": "4.67%", "2018-03-31": "4.33%", "2017-12-31": "4.89%", "2017-09-30": "8.49%", "2017-06-30": "8.10%", "2017-03-31": "8.25%", "2016-12-31": "7.96%", "2016-09-30": "6.62%", "2016-06-30": "6.97%", "2016-03-31": "7.13%", "2015-12-31": "7.32%", "2015-09-30": "8.65%", "2015-06-30": "8.75%", "2015-03-31": "8.71%", "2014-12-31": "8.59%", "2014-09-30": "8.76%", "2014-06-30": "8.68%", "2014-03-31": "8.65%", "2013-12-31": "8.57%", "2013-09-30": "8.35%", "2013-06-30": "8.41%", "2013-03-31": "8.77%", "2012-12-31": "9.49%", "2012-09-30": "10.15%", "2012-06-30": "10.42%", "2012-03-31": "10.50%", "2011-12-31": "10.24%", "2011-09-30": "9.63%", "2011-06-30": "9.31%", "2011-03-31": "8.45%", "2010-12-31": "7.86%", "2010-09-30": "7.59%", "2010-06-30": "6.54%", "2010-03-31": "5.26%", "2009-12-31": "3.96%", "2009-09-30": "1.88%", "2009-06-30": "2.83%", "2009-03-31": "4.30%", "2008-12-31": "5.26%", "2008-09-30": "6.25%", "2008-06-30": "6.07%", "2008-03-31": "5.74%", "2007-12-31": "5.66%", "2007-09-30": "5.81%", "2007-06-30": "5.97%", "2007-03-31": "6.29%", "2006-12-31": "6.29%", "2006-09-30": "6.25%", "2006-06-30": "6.21%", "2006-03-31": "5.66%", "2005-12-31": "5.55%"}, "pe ratio": {"current": "19.04", "2021-02-05": "26.61", "2020-12-31": "26.32", "2020-09-30": "19.81", "2020-06-30": "15.27", "2020-03-31": "9.74", "2019-12-31": "12.07", "2019-09-30": "9.77", "2019-06-30": "10.01", "2019-03-31": "9.72", "2018-12-31": "9.55", "2018-09-30": "17.28", "2018-06-30": "19.47", "2018-03-31": "26.91", "2017-12-31": "27.18", "2017-09-30": "15.52", "2017-06-30": "16.54", "2017-03-31": "15.54", "2016-12-31": "14.78", "2016-09-30": "16.41", "2016-06-30": "13.46", "2016-03-31": "12.67", "2015-12-31": "9.69", "2015-09-30": "9.91", "2015-06-30": "11.66", "2015-03-31": "12.51", "2014-12-31": "13.38", "2014-09-30": "12.35", "2014-06-30": "15.07", "2014-03-31": "14.89", "2013-12-31": "14.63", "2013-09-30": "14.27", "2013-06-30": "11.65", "2013-03-31": "11.96", "2012-12-31": "10.00", "2012-09-30": "7.73", "2012-06-30": "7.69", "2012-03-31": "9.36", "2011-12-31": "7.29", "2011-09-30": "7.54", "2011-06-30": "10.65", "2011-03-31": "13.67", "2010-12-31": "16.28", "2010-09-30": "14.71", "2010-06-30": "13.17", "2010-03-31": "16.72", "2009-12-31": "16.40", "2009-09-30": "27.59", "2009-06-30": "13.91", "2009-03-31": "6.16", "2008-12-31": "4.96", "2008-09-30": "7.08", "2008-06-30": "11.19", "2008-03-31": "8.84", "2007-12-31": "12.84", "2007-09-30": "13.08", "2007-06-30": "10.56", "2007-03-31": "7.47", "2006-12-31": "6.14"}, "price sales": {"2021-02-05": "1.73", "2020-12-31": "1.71", "2020-09-30": "1.62", "2020-06-30": "1.30", "2020-03-31": "0.91", "2019-12-31": "1.16", "2019-09-30": "1.03", "2019-06-30": "1.08", "2019-03-31": "1.00", "2018-12-31": "0.87", "2018-09-30": "0.97", "2018-06-30": "0.91", "2018-03-31": "1.16", "2017-12-31": "1.33", "2017-09-30": "1.32", "2017-06-30": "1.34", "2017-03-31": "1.28", "2016-12-31": "1.18", "2016-09-30": "1.10", "2016-06-30": "0.94", "2016-03-31": "0.91", "2015-12-31": "0.71", "2015-09-30": "0.86", "2015-06-30": "1.02", "2015-03-31": "1.09", "2014-12-31": "1.15", "2014-09-30": "1.08", "2014-06-30": "1.31", "2014-03-31": "1.29", "2013-12-31": "1.26", "2013-09-30": "1.20", "2013-06-30": "0.99", "2013-03-31": "1.06", "2012-12-31": "0.96", "2012-09-30": "0.79", "2012-06-30": "0.80", "2012-03-31": "0.99", "2011-12-31": "0.75", "2011-09-30": "0.73", "2011-06-30": "0.99", "2011-03-31": "1.16", "2010-12-31": "1.28", "2010-09-30": "1.12", "2010-06-30": "0.86", "2010-03-31": "0.88", "2009-12-31": "0.65", "2009-09-30": "0.64", "2009-06-30": "0.45", "2009-03-31": "0.29", "2008-12-31": "0.28", "2008-09-30": "0.44", "2008-06-30": "0.68", "2008-03-31": "0.51", "2007-12-31": "0.73", "2007-09-30": "0.76", "2007-06-30": "0.63", "2007-03-31": "0.47", "2006-12-31": "0.39"}, "price book": {"current": "3.78", "2021-02-05": "3.94", "2020-09-30": "3.61", "2020-06-30": "3.11", "2020-03-31": "2.44", "2019-12-31": "3.10", "2019-09-30": "2.74", "2019-06-30": "2.81", "2019-03-31": "2.70", "2018-12-31": "2.41", "2018-09-30": "2.71", "2018-06-30": "2.46", "2018-03-31": "2.96", "2017-12-31": "3.27", "2017-09-30": "2.96", "2017-06-30": "3.14", "2017-03-31": "3.05", "2016-12-31": "2.84", "2016-09-30": "2.63", "2016-06-30": "2.31", "2016-03-31": "2.24", "2015-12-31": "1.70", "2015-09-30": "2.02", "2015-06-30": "2.41", "2015-03-31": "2.62", "2014-12-31": "2.70", "2014-09-30": "2.48", "2014-06-30": "2.88", "2014-03-31": "2.92", "2013-12-31": "2.75", "2013-09-30": "2.73", "2013-06-30": "2.33", "2013-03-31": "2.52", "2012-12-31": "2.38", "2012-09-30": "2.06", "2012-06-30": "2.29", "2012-03-31": "2.88", "2011-12-31": "2.30", "2011-09-30": "2.24", "2011-06-30": "2.87", "2011-03-31": "3.24", "2010-12-31": "3.40", "2010-09-30": "3.11", "2010-06-30": "2.42", "2010-03-31": "2.38", "2009-12-31": "1.77", "2009-09-30": "1.83", "2009-06-30": "1.52", "2009-03-31": "1.14", "2008-12-31": "1.17", "2008-09-30": "1.70", "2008-06-30": "2.59", "2008-03-31": "1.79", "2007-12-31": "2.81", "2007-09-30": "3.04", "2007-06-30": "2.47", "2007-03-31": "1.90", "2006-12-31": "1.62", "2006-09-30": "1.72", "2006-06-30": "1.89", "2006-03-31": "1.81"}, "price fcf": {"2021-02-05": "", "2020-09-30": "$12.41", "2020-06-30": "$11.24", "2020-03-31": "$16.15", "2019-12-31": "$16.04", "2019-09-30": "$16.47", "2019-06-30": "$14.82", "2019-03-31": "$13.44", "2018-12-31": "$10.37", "2018-09-30": "$9.85", "2018-06-30": "$9.15", "2018-03-31": "$8.33", "2017-12-31": "$11.24", "2017-09-30": "$10.12", "2017-06-30": "$8.99", "2017-03-31": "$9.03", "2016-12-31": "$8.40", "2016-09-30": "$9.41", "2016-06-30": "$9.00", "2016-03-31": "$8.28", "2015-12-31": "$7.54", "2015-09-30": "$7.12", "2015-06-30": "$7.62", "2015-03-31": "$7.88", "2014-12-31": "$8.32", "2014-09-30": "$7.99", "2014-06-30": "$6.39", "2014-03-31": "$6.72", "2013-12-31": "$7.54", "2013-09-30": "$7.43", "2013-06-30": "$7.39", "2013-03-31": "$6.65", "2012-12-31": "$4.44", "2012-09-30": "$4.31", "2012-06-30": "$5.50", "2012-03-31": "$7.00", "2011-12-31": "$7.54", "2011-09-30": "$6.16", "2011-06-30": "$4.34", "2011-03-31": "$2.93", "2010-12-31": "$3.54", "2010-09-30": "$4.06", "2010-06-30": "$5.19", "2010-03-31": "$4.73", "2009-12-31": "$4.23", "2009-09-30": "$2.99", "2009-06-30": "$2.27", "2009-03-31": "$2.76", "2008-12-31": "$2.41", "2008-09-30": "$2.75", "2008-06-30": "$3.27", "2008-03-31": "$3.03", "2007-12-31": "$2.51", "2007-09-30": "$2.59", "2007-06-30": "$2.12", "2007-03-31": "$2.42", "2006-12-31": "$3.15"}, "net worth": {"value": "$33.99B"}, "current ratio": {"2020-12-31": "1.88", "2020-09-30": "1.94", "2020-06-30": "1.42", "2020-03-31": "1.40", "2019-12-31": "1.50", "2019-09-30": "1.52", "2019-06-30": "1.66", "2019-03-31": "1.57", "2018-12-31": "1.54", "2018-09-30": "1.54", "2018-06-30": "1.61", "2018-03-31": "1.58", "2017-12-31": "1.57", "2017-09-30": "1.57", "2017-06-30": "1.76", "2017-03-31": "1.75", "2016-12-31": "1.78", "2016-09-30": "1.81", "2016-06-30": "1.84", "2016-03-31": "1.91", "2015-12-31": "2.09", "2015-09-30": "2.23", "2015-06-30": "2.22", "2015-03-31": "2.22", "2014-12-31": "2.25", "2014-09-30": "2.25", "2014-06-30": "2.38", "2014-03-31": "2.39", "2013-12-31": "2.57", "2013-09-30": "2.52", "2013-06-30": "2.14", "2013-03-31": "2.22", "2012-12-31": "2.29", "2012-09-30": "2.15", "2012-06-30": "2.03", "2012-03-31": "2.02", "2011-12-31": "1.94", "2011-09-30": "1.88", "2011-06-30": "1.92", "2011-03-31": "1.88", "2010-12-31": "1.93", "2010-09-30": "1.95", "2010-06-30": "1.94", "2010-03-31": "1.98", "2009-12-31": "2.06", "2009-09-30": "2.01", "2009-06-30": "2.07", "2009-03-31": "1.94", "2008-12-31": "1.79", "2008-09-30": "1.83", "2008-06-30": "1.84", "2008-03-31": "1.79", "2007-12-31": "1.78", "2007-09-30": "1.83", "2007-06-30": "1.91", "2007-03-31": "1.95", "2006-12-31": "1.87", "2006-09-30": "1.79", "2006-06-30": "1.69", "2006-03-31": "1.81", "2005-12-31": "1.77", "2005-09-30": "1.65", "2005-06-30": "1.63", "2005-03-31": "1.60"}, "quick ratio": {"2020-12-31": "1.34", "2020-09-30": "1.33", "2020-06-30": "0.89", "2020-03-31": "0.89", "2019-12-31": "0.94", "2019-09-30": "0.95", "2019-06-30": "1.04", "2019-03-31": "0.96", "2018-12-31": "0.95", "2018-09-30": "0.94", "2018-06-30": "1.03", "2018-03-31": "0.99", "2017-12-31": "1.02", "2017-09-30": "1.03", "2017-06-30": "1.15", "2017-03-31": "1.13", "2016-12-31": "1.16", "2016-09-30": "1.16", "2016-06-30": "1.17", "2016-03-31": "1.20", "2015-12-31": "1.38", "2015-09-30": "1.46", "2015-06-30": "1.49", "2015-03-31": "1.50", "2014-12-31": "1.54", "2014-09-30": "1.54", "2014-06-30": "1.66", "2014-03-31": "1.67", "2013-12-31": "1.86", "2013-09-30": "1.77", "2013-06-30": "1.42", "2013-03-31": "1.48", "2012-12-31": "1.58", "2012-09-30": "1.37", "2012-06-30": "1.31", "2012-03-31": "1.36", "2011-12-31": "1.35", "2011-09-30": "1.26", "2011-06-30": "1.31", "2011-03-31": "1.24", "2010-12-31": "1.32", "2010-09-30": "1.33", "2010-06-30": "1.35", "2010-03-31": "1.36", "2009-12-31": "1.51", "2009-09-30": "1.38", "2009-06-30": "1.34", "2009-03-31": "1.18", "2008-12-31": "1.11", "2008-09-30": "1.16", "2008-06-30": "1.19", "2008-03-31": "1.14", "2007-12-31": "1.15", "2007-09-30": "1.18", "2007-06-30": "1.26", "2007-03-31": "1.27", "2006-12-31": "1.29", "2006-09-30": "1.25", "2006-06-30": "1.19", "2006-03-31": "1.26", "2005-12-31": "1.24", "2005-09-30": "1.12", "2005-06-30": "1.11", "2005-03-31": "1.07"}, "debt equity ratio": {"current": "0.40", "2020-12-31": "1.52", "2020-09-30": "1.50", "2020-06-30": "1.50", "2020-03-31": "1.50", "2019-12-31": "1.33", "2019-09-30": "1.32", "2019-06-30": "1.20", "2019-03-31": "1.27", "2018-12-31": "1.31", "2018-09-30": "1.36", "2018-06-30": "1.31", "2018-03-31": "1.22", "2017-12-31": "1.21", "2017-09-30": "1.10", "2017-06-30": "1.08", "2017-03-31": "1.09", "2016-12-31": "1.09", "2016-09-30": "1.08", "2016-06-30": "1.09", "2016-03-31": "1.04", "2015-12-31": "0.95", "2015-09-30": "0.96", "2015-06-30": "0.93", "2015-03-31": "0.95", "2014-12-31": "0.95", "2014-09-30": "0.93", "2014-06-30": "0.90", "2014-03-31": "0.91", "2013-12-31": "0.87", "2013-09-30": "0.92", "2013-06-30": "0.84", "2013-03-31": "0.81", "2012-12-31": "0.80", "2012-09-30": "0.82", "2012-06-30": "0.89", "2012-03-31": "0.91", "2011-12-31": "1.00", "2011-09-30": "1.05", "2011-06-30": "1.05", "2011-03-31": "1.06", "2010-12-31": "1.08", "2010-09-30": "1.20", "2010-06-30": "1.21", "2010-03-31": "1.16", "2009-12-31": "1.19", "2009-09-30": "1.20", "2009-06-30": "1.26", "2009-03-31": "1.39", "2008-12-31": "1.45", "2008-09-30": "1.31", "2008-06-30": "1.34", "2008-03-31": "1.39", "2007-12-31": "1.40", "2007-09-30": "1.51", "2007-06-30": "1.48", "2007-03-31": "1.54", "2006-12-31": "1.66", "2006-09-30": "1.84", "2006-06-30": "1.93", "2006-03-31": "2.54", "2005-12-31": "2.69", "2005-09-30": "2.90", "2005-06-30": "3.10", "2005-03-31": "3.30"}, "return on equity": {"2020-12-31": "21.19%", "2020-09-30": "19.10%", "2020-06-30": "20.49%", "2020-03-31": "24.49%", "2019-12-31": "25.72%", "2019-09-30": "29.07%", "2019-06-30": "30.48%", "2019-03-31": "29.83%", "2018-12-31": "26.10%", "2018-09-30": "15.75%", "2018-06-30": "12.63%", "2018-03-31": "11.30%", "2017-12-31": "12.48%", "2017-09-30": "21.28%", "2017-06-30": "20.00%", "2017-03-31": "20.19%", "2016-12-31": "19.30%", "2016-09-30": "15.98%", "2016-06-30": "16.75%", "2016-03-31": "17.03%", "2015-12-31": "17.43%", "2015-09-30": "20.73%", "2015-06-30": "21.25%", "2015-03-31": "20.98%", "2014-12-31": "20.58%", "2014-09-30": "20.58%", "2014-06-30": "20.12%", "2014-03-31": "20.41%", "2013-12-31": "20.13%", "2013-09-30": "19.88%", "2013-06-30": "20.28%", "2013-03-31": "21.58%", "2012-12-31": "24.73%", "2012-09-30": "28.66%", "2012-06-30": "31.84%", "2012-03-31": "33.72%", "2011-12-31": "33.46%", "2011-09-30": "31.28%", "2011-06-30": "29.56%", "2011-03-31": "26.19%", "2010-12-31": "23.50%", "2010-09-30": "22.67%", "2010-06-30": "18.96%", "2010-03-31": "14.74%", "2009-12-31": "11.53%", "2009-09-30": "5.62%", "2009-06-30": "9.31%", "2009-03-31": "15.64%", "2008-12-31": "20.39%", "2008-09-30": "24.69%", "2008-06-30": "24.64%", "2008-03-31": "23.51%", "2007-12-31": "23.28%", "2007-09-30": "24.15%", "2007-06-30": "24.79%", "2007-03-31": "26.50%", "2006-12-31": "28.73%", "2006-09-30": "30.75%", "2006-06-30": "32.91%", "2006-03-31": "32.63%", "2005-12-31": "32.72%"}, "return on assets": {"2020-12-31": "8.46%", "2020-09-30": "7.78%", "2020-06-30": "8.49%", "2020-03-31": "10.49%", "2019-12-31": "11.27%", "2019-09-30": "12.77%", "2019-06-30": "13.35%", "2019-03-31": "12.91%", "2018-12-31": "11.36%", "2018-09-30": "6.93%", "2018-06-30": "5.72%", "2018-03-31": "5.25%", "2017-12-31": "5.88%", "2017-09-30": "10.18%", "2017-06-30": "9.59%", "2017-03-31": "9.66%", "2016-12-31": "9.29%", "2016-09-30": "7.83%", "2016-06-30": "8.35%", "2016-03-31": "8.65%", "2015-12-31": "8.95%", "2015-09-30": "10.65%", "2015-06-30": "10.95%", "2015-03-31": "10.85%", "2014-12-31": "10.71%", "2014-09-30": "10.81%", "2014-06-30": "10.59%", "2014-03-31": "10.83%", "2013-12-31": "10.81%", "2013-09-30": "10.78%", "2013-06-30": "11.16%", "2013-03-31": "11.80%", "2012-12-31": "13.36%", "2012-09-30": "15.08%", "2012-06-30": "16.27%", "2012-03-31": "16.88%", "2011-12-31": "16.41%", "2011-09-30": "15.19%", "2011-06-30": "14.11%", "2011-03-31": "12.28%", "2010-12-31": "10.87%", "2010-09-30": "10.34%", "2010-06-30": "8.65%", "2010-03-31": "6.69%", "2009-12-31": "5.12%", "2009-09-30": "2.42%", "2009-06-30": "3.96%", "2009-03-31": "6.61%", "2008-12-31": "8.61%", "2008-09-30": "10.47%", "2008-06-30": "10.23%", "2008-03-31": "9.62%", "2007-12-31": "9.38%", "2007-09-30": "9.48%", "2007-06-30": "9.45%", "2007-03-31": "9.70%", "2006-12-31": "9.74%", "2006-09-30": "9.63%", "2006-06-30": "9.50%", "2006-03-31": "8.61%", "2005-12-31": "8.22%"}, "return on investments": {"2020-12-31": "20.53%", "2020-09-30": "19.15%", "2020-06-30": "20.34%", "2020-03-31": "24.83%", "2019-12-31": "25.98%", "2019-09-30": "29.74%", "2019-06-30": "31.32%", "2019-03-31": "30.89%", "2018-12-31": "28.50%", "2018-09-30": "27.09%", "2018-06-30": "24.88%", "2018-03-31": "23.73%", "2017-12-31": "24.33%", "2017-09-30": "23.63%", "2017-06-30": "21.86%", "2017-03-31": "22.00%", "2016-12-31": "21.31%", "2016-09-30": "18.40%", "2016-06-30": "19.88%", "2016-03-31": "21.02%", "2015-12-31": "21.39%", "2015-09-30": "24.83%", "2015-06-30": "25.88%", "2015-03-31": "24.74%", "2014-12-31": "24.57%", "2014-09-30": "24.36%", "2014-06-30": "23.25%", "2014-03-31": "24.48%", "2013-12-31": "24.46%", "2013-09-30": "24.78%", "2013-06-30": "25.74%", "2013-03-31": "26.89%", "2012-12-31": "30.80%", "2012-09-30": "36.08%", "2012-06-30": "40.01%", "2012-03-31": "43.20%", "2011-12-31": "43.24%", "2011-09-30": "40.99%", "2011-06-30": "39.19%", "2011-03-31": "34.84%", "2010-12-31": "31.33%", "2010-09-30": "30.14%", "2010-06-30": "25.24%", "2010-03-31": "19.99%", "2009-12-31": "15.70%", "2009-09-30": "9.49%", "2009-06-30": "15.05%", "2009-03-31": "22.99%", "2008-12-31": "29.60%", "2008-09-30": "34.61%", "2008-06-30": "33.86%", "2008-03-31": "32.16%", "2007-12-31": "30.96%", "2007-09-30": "31.82%", "2007-06-30": "32.09%", "2007-03-31": "32.23%", "2006-12-31": "33.97%", "2006-09-30": "33.93%", "2006-06-30": "33.73%", "2006-03-31": "32.24%", "2005-12-31": "30.59%"}, "return on tangible equity": {"2020-09-30": "26.32%", "2020-06-30": "28.23%", "2020-03-31": "32.99%", "2019-12-31": "34.12%", "2019-09-30": "38.26%", "2019-06-30": "39.98%", "2019-03-31": "39.50%", "2018-12-31": "34.74%", "2018-09-30": "21.00%", "2018-06-30": "16.72%", "2018-03-31": "14.32%", "2017-12-31": "15.19%", "2017-09-30": "24.86%", "2017-06-30": "22.47%", "2017-03-31": "22.72%", "2016-12-31": "21.75%", "2016-09-30": "17.96%", "2016-06-30": "18.77%", "2016-03-31": "19.02%", "2015-12-31": "19.39%", "2015-09-30": "23.05%", "2015-06-30": "23.62%", "2015-03-31": "23.32%", "2014-12-31": "22.92%", "2014-09-30": "22.93%", "2014-06-30": "22.48%", "2014-03-31": "22.89%", "2013-12-31": "22.63%", "2013-09-30": "22.43%", "2013-06-30": "22.94%", "2013-03-31": "24.29%", "2012-12-31": "27.67%", "2012-09-30": "31.89%", "2012-06-30": "35.24%", "2012-03-31": "37.39%", "2011-12-31": "37.31%", "2011-09-30": "35.07%", "2011-06-30": "33.39%", "2011-03-31": "29.91%", "2010-12-31": "27.12%", "2010-09-30": "26.41%", "2010-06-30": "22.26%", "2010-03-31": "17.43%", "2009-12-31": "13.75%", "2009-09-30": "6.75%", "2009-06-30": "11.15%", "2009-03-31": "18.62%", "2008-12-31": "24.12%", "2008-09-30": "29.12%", "2008-06-30": "29.20%", "2008-03-31": "28.00%", "2007-12-31": "27.88%", "2007-09-30": "29.05%", "2007-06-30": "29.92%", "2007-03-31": "32.20%", "2006-12-31": "35.45%", "2006-09-30": "38.74%", "2006-06-30": "42.57%", "2006-03-31": "43.67%", "2005-12-31": "44.72%"}, "dividend yield history": {"last payout": "$5.40", "last yield": "2.35%"}}