{"ticker": "CW", "price": {"title": "Curtiss-Wright Historical Annual Stock Price Data", "value": 112.72, "historical": {"2021": {"Average Stock Price": "113.5850", "Year Open": "111.3200", "Year High": "119.4200", "Year Low": "103.7900", "Year Close": "112.7200", "Annual % Change": "-3.12%"}, "2020": {"Average Stock Price": "106.1215", "Year Open": "143.1100", "Year High": "149.2500", "Year Low": "76.5200", "Year Close": "116.3500", "Annual % Change": "-17.42%"}, "2019": {"Average Stock Price": "122.7142", "Year Open": "103.0200", "Year High": "143.4800", "Year Low": "99.4500", "Year Close": "140.8900", "Annual % Change": "37.97%"}, "2018": {"Average Stock Price": "125.9598", "Year Open": "122.6900", "Year High": "142.0600", "Year Low": "97.1500", "Year Close": "102.1200", "Annual % Change": "-16.19%"}, "2017": {"Average Stock Price": "100.4349", "Year Open": "98.4900", "Year High": "124.2000", "Year Low": "83.4100", "Year Close": "121.8500", "Annual % Change": "23.88%"}, "2016": {"Average Stock Price": "83.3589", "Year Open": "67.2700", "Year High": "107.0600", "Year Low": "63.7000", "Year Close": "98.3600", "Annual % Change": "43.59%"}, "2015": {"Average Stock Price": "69.7458", "Year Open": "70.0500", "Year High": "77.0800", "Year Low": "61.9700", "Year Close": "68.5000", "Annual % Change": "-2.96%"}, "2014": {"Average Stock Price": "66.3050", "Year Open": "60.9700", "Year High": "73.1600", "Year Low": "58.7700", "Year Close": "70.5900", "Annual % Change": "13.43%"}, "2013": {"Average Stock Price": "41.2354", "Year Open": "33.9200", "Year High": "62.2300", "Year Low": "31.0500", "Year Close": "62.2300", "Annual % Change": "89.55%"}, "2012": {"Average Stock Price": "33.0711", "Year Open": "35.8400", "Year High": "40.8200", "Year Low": "28.9000", "Year Close": "32.8300", "Annual % Change": "-7.08%"}, "2011": {"Average Stock Price": "32.5905", "Year Open": "33.6600", "Year High": "38.2600", "Year Low": "26.1600", "Year Close": "35.3300", "Annual % Change": "6.42%"}, "2010": {"Average Stock Price": "31.6839", "Year Open": "31.9900", "Year High": "37.1600", "Year Low": "26.5900", "Year Close": "33.2000", "Annual % Change": "6.00%"}, "2009": {"Average Stock Price": "31.2358", "Year Open": "34.0700", "Year High": "36.3800", "Year Low": "22.7400", "Year Close": "31.3200", "Annual % Change": "-6.20%"}, "2008": {"Average Stock Price": "43.5156", "Year Open": "48.6700", "Year High": "54.5600", "Year Low": "25.4500", "Year Close": "33.3900", "Annual % Change": "-33.49%"}, "2007": {"Average Stock Price": "45.0183", "Year Open": "36.9900", "Year High": "56.2900", "Year Low": "34.3900", "Year Close": "50.2000", "Annual % Change": "35.38%"}, "2006": {"Average Stock Price": "31.9859", "Year Open": "27.4900", "Year High": "38.2100", "Year Low": "26.9000", "Year Close": "37.0800", "Annual % Change": "35.82%"}, "2005": {"Average Stock Price": "28.5433", "Year Open": "27.6000", "Year High": "33.1650", "Year Low": "24.4500", "Year Close": "27.3000", "Annual % Change": "-4.89%"}, "2004": {"Average Stock Price": "25.9073", "Year Open": "22.4600", "Year High": "30.0000", "Year Low": "22.1000", "Year Close": "28.7050", "Annual % Change": "27.55%"}, "2003": {"Average Stock Price": "16.4605", "Year Open": "16.5000", "Year High": "23.6150", "Year Low": "13.1000", "Year Close": "22.5050", "Annual % Change": "41.05%"}, "2002": {"Average Stock Price": "15.7943", "Year Open": "11.9425", "Year High": "20.0000", "Year Low": "11.4500", "Year Close": "15.9550", "Annual % Change": "33.65%"}, "2001": {"Average Stock Price": "11.7856", "Year Open": "11.8450", "Year High": "13.4250", "Year Low": "10.0875", "Year Close": "11.9375", "Annual % Change": "2.69%"}, "2000": {"Average Stock Price": "10.2072", "Year Open": "9.1875", "Year High": "12.7650", "Year Low": "8.3900", "Year Close": "11.6250", "Annual % Change": "26.08%"}, "1999": {"Average Stock Price": "9.0248", "Year Open": "10.1250", "Year High": "10.1250", "Year Low": "7.6725", "Year Close": "9.2200", "Annual % Change": "-3.28%"}, "1998": {"Average Stock Price": "9.8020", "Year Open": "8.7500", "Year High": "12.0625", "Year Low": "8.2650", "Year Close": "9.5325", "Annual % Change": "5.01%"}, "1997": {"Average Stock Price": "7.9756", "Year Open": "6.2813", "Year High": "9.9063", "Year Low": "6.1875", "Year Close": "9.0775", "Annual % Change": "44.14%"}, "1996": {"Average Stock Price": "6.5683", "Year Open": "6.5938", "Year High": "6.8984", "Year Low": "6.2025", "Year Close": "6.2975", "Annual % Change": "-6.27%"}, "1995": {"Average Stock Price": "5.2310", "Year Open": "4.5475", "Year High": "6.7188", "Year Low": "4.4063", "Year Close": "6.7188", "Annual % Change": "47.75%"}, "1994": {"Average Stock Price": "4.3535", "Year Open": "4.5313", "Year High": "4.6413", "Year Low": "4.1100", "Year Close": "4.5475", "Annual % Change": "1.06%"}, "1993": {"Average Stock Price": "4.4226", "Year Open": "3.8913", "Year High": "4.9850", "Year Low": "3.8913", "Year Close": "4.5000", "Annual % Change": "16.58%"}, "1992": {"Average Stock Price": "3.7705", "Year Open": "3.7663", "Year High": "4.2500", "Year Low": "3.3900", "Year Close": "3.8600", "Annual % Change": "1.25%"}, "1991": {"Average Stock Price": "3.8678", "Year Open": "3.0000", "Year High": "4.3125", "Year Low": "2.6250", "Year Close": "3.8125", "Annual % Change": "30.45%"}, "1990": {"Average Stock Price": "6.1329", "Year Open": "7.4063", "Year High": "8.7813", "Year Low": "2.9063", "Year Close": "2.9225", "Annual % Change": "-60.37%"}, "1989": {"Average Stock Price": "7.2102", "Year Open": "6.7500", "Year High": "7.7500", "Year Low": "6.5625", "Year Close": "7.3750", "Annual % Change": "9.77%"}, "1988": {"Average Stock Price": "6.3332", "Year Open": "6.5000", "Year High": "6.8438", "Year Low": "5.8750", "Year Close": "6.7188", "Annual % Change": "6.44%"}}}, "market cap": {"value": "$4.68B"}, "income statement": {"Revenue": {"2019-12-31": "2487.96100", "2018-12-31": "2411.83500", "2017-12-31": "2271.02600", "2016-12-31": "2108.93100", "2015-12-31": "2205.68300", "2014-12-31": "2243.12600", "2013-12-31": "2118.08100", "2012-12-31": "1823.30700", "2011-12-31": "2016.74200", "2010-12-31": "1854.51300", "2009-12-31": "1809.69000", "2008-12-31": "1830.14000", "2007-12-31": "1592.12400", "2006-12-31": "1282.15500", "2005-12-31": "1130.92800"}, "Cost Of Goods Sold": {"2019-12-31": "1589.21600", "2018-12-31": "1540.57400", "2017-12-31": "1470.24100", "2016-12-31": "1374.24000", "2015-12-31": "1422.42800", "2014-12-31": "1466.61000", "2013-12-31": "1382.24200", "2012-12-31": "1210.88800", "2011-12-31": "1359.79500", "2010-12-31": "1248.24800", "2009-12-31": "1214.15900", "2008-12-31": "1214.06100", "2007-12-31": "1068.50000", "2006-12-31": "851.07600", "2005-12-31": "740.41600"}, "Gross Profit": {"2019-12-31": "898.74500", "2018-12-31": "871.26100", "2017-12-31": "800.78490", "2016-12-31": "734.69090", "2015-12-31": "783.25510", "2014-12-31": "776.51600", "2013-12-31": "735.83900", "2012-12-31": "612.41910", "2011-12-31": "656.94690", "2010-12-31": "606.26490", "2009-12-31": "595.53090", "2008-12-31": "616.07900", "2007-12-31": "523.62400", "2006-12-31": "431.07900", "2005-12-31": "390.51200"}, "Research And Development Expenses": {"2019-12-31": "72.52000", "2018-12-31": "64.52500", "2017-12-31": "61.39300", "2016-12-31": "59.42400", "2015-12-31": "60.83700", "2014-12-31": "67.84200", "2013-12-31": "63.58000", "2012-12-31": "54.35200", "2011-12-31": "62.11500", "2010-12-31": "54.13100", "2009-12-31": "54.64500", "2008-12-31": "49.61500", "2007-12-31": "47.92900", "2006-12-31": "38.84100", "2005-12-31": "39.68100"}, "SG&A Expenses": {"2019-12-31": "422.27200", "2018-12-31": "433.11000", "2017-12-31": "414.27200", "2016-12-31": "378.74800", "2015-12-31": "411.80100", "2014-12-31": "426.30100", "2013-12-31": "435.13600", "2012-12-31": "376.67300", "2011-12-31": "407.97800", "2010-12-31": "385.44900", "2009-12-31": "371.56700", "2008-12-31": "369.90200", "2007-12-31": "296.51100", "2006-12-31": "251.61000", "2005-12-31": "212.84900"}, "Other Operating Income Or Expenses": {"2019-12-31": "", "2018-12-31": "", "2017-12-31": "", "2016-12-31": "", "2015-12-31": "", "2014-12-31": "", "2013-12-31": "", "2012-12-31": "", "2011-12-31": "", "2010-12-31": "", "2009-12-31": "", "2008-12-31": "", "2007-12-31": "", "2006-12-31": "", "2005-12-31": ""}, "Operating Expenses": {"2019-12-31": "2084.00800", "2018-12-31": "2038.20900", "2017-12-31": "1945.90600", "2016-12-31": "1812.41200", "2015-12-31": "1895.06600", "2014-12-31": "1960.75300", "2013-12-31": "1880.95800", "2012-12-31": "1641.91300", "2011-12-31": "1829.88800", "2010-12-31": "1687.82800", "2009-12-31": "1640.37100", "2008-12-31": "1633.57800", "2007-12-31": "1412.94000", "2006-12-31": "1141.52700", "2005-12-31": "992.94600"}, "Operating Income": {"2019-12-31": "403.95290", "2018-12-31": "373.62600", "2017-12-31": "325.12000", "2016-12-31": "296.51890", "2015-12-31": "310.61710", "2014-12-31": "282.37290", "2013-12-31": "237.12300", "2012-12-31": "181.39400", "2011-12-31": "186.85390", "2010-12-31": "166.68490", "2009-12-31": "169.31880", "2008-12-31": "196.56200", "2007-12-31": "179.18410", "2006-12-31": "140.62810", "2005-12-31": "137.98190"}, "Total Non-Operating Income/Expense": {"2019-12-31": "-7.49100", "2018-12-31": "-17.38700", "2017-12-31": "-25.50100", "2016-12-31": "-28.55800", "2015-12-31": "-35.42300", "2014-12-31": "-35.42900", "2013-12-31": "-36.07300", "2012-12-31": "-26.17300", "2011-12-31": "-19.97200", "2010-12-31": "-21.53200", "2009-12-31": "-24.06000", "2008-12-31": "-27.46000", "2007-12-31": "-25.01300", "2006-12-31": "-23.00600", "2005-12-31": "-19.68400"}, "Pre-Tax Income": {"2019-12-31": "396.46200", "2018-12-31": "356.23900", "2017-12-31": "299.61900", "2016-12-31": "267.96100", "2015-12-31": "275.19400", "2014-12-31": "246.94400", "2013-12-31": "201.05000", "2012-12-31": "155.22100", "2011-12-31": "166.88200", "2010-12-31": "145.15300", "2009-12-31": "145.25900", "2008-12-31": "169.10200", "2007-12-31": "154.17100", "2006-12-31": "117.62200", "2005-12-31": "118.29800"}, "Income Taxes": {"2019-12-31": "88.87900", "2018-12-31": "80.49000", "2017-12-31": "84.72800", "2016-12-31": "78.57900", "2015-12-31": "82.94600", "2014-12-31": "76.99500", "2013-12-31": "61.64600", "2012-12-31": "51.14000", "2011-12-31": "48.26200", "2010-12-31": "47.26900", "2009-12-31": "50.03800", "2008-12-31": "59.71200", "2007-12-31": "49.84300", "2006-12-31": "37.05300", "2005-12-31": "43.01800"}, "Income After Taxes": {"2019-12-31": "307.58300", "2018-12-31": "275.74900", "2017-12-31": "214.89100", "2016-12-31": "189.38200", "2015-12-31": "192.24800", "2014-12-31": "169.94900", "2013-12-31": "139.40400", "2012-12-31": "104.08100", "2011-12-31": "118.62000", "2010-12-31": "97.88400", "2009-12-31": "95.22100", "2008-12-31": "109.39000", "2007-12-31": "104.32800", "2006-12-31": "80.56900", "2005-12-31": "75.28000"}, "Other Income": {"2019-12-31": "", "2018-12-31": "", "2017-12-31": "", "2016-12-31": "", "2015-12-31": "", "2014-12-31": "", "2013-12-31": "", "2012-12-31": "", "2011-12-31": "", "2010-12-31": "", "2009-12-31": "", "2008-12-31": "", "2007-12-31": "", "2006-12-31": "", "2005-12-31": ""}, "Income From Continuous Operations": {"2019-12-31": "307.58300", "2018-12-31": "275.74900", "2017-12-31": "214.89100", "2016-12-31": "189.38200", "2015-12-31": "192.24800", "2014-12-31": "169.94900", "2013-12-31": "139.40400", "2012-12-31": "104.08100", "2011-12-31": "118.62000", "2010-12-31": "97.88400", "2009-12-31": "95.22100", "2008-12-31": "109.39000", "2007-12-31": "104.32800", "2006-12-31": "80.56900", "2005-12-31": "75.28000"}, "Income From Discontinued Operations": {"2019-12-31": "", "2018-12-31": "", "2017-12-31": "", "2016-12-31": "-2.05300", "2015-12-31": "-46.78700", "2014-12-31": "-56.61100", "2013-12-31": "-1.42300", "2012-12-31": "9.76300", "2011-12-31": "7.76900", "2010-12-31": "4.29600", "2009-12-31": "", "2008-12-31": "", "2007-12-31": "", "2006-12-31": "", "2005-12-31": ""}, "Net Income": {"2019-12-31": "307.58300", "2018-12-31": "275.74900", "2017-12-31": "214.89100", "2016-12-31": "187.32900", "2015-12-31": "145.46100", "2014-12-31": "113.33800", "2013-12-31": "137.98100", "2012-12-31": "113.84400", "2011-12-31": "126.38900", "2010-12-31": "102.18000", "2009-12-31": "95.22100", "2008-12-31": "109.39000", "2007-12-31": "104.32800", "2006-12-31": "80.56900", "2005-12-31": "75.28000"}, "EBITDA": {"2019-12-31": "506.36490", "2018-12-31": "476.57500", "2017-12-31": "425.11500", "2016-12-31": "392.52690", "2015-12-31": "411.42710", "2014-12-31": "401.30390", "2013-12-31": "358.62010", "2012-12-31": "275.29000", "2011-12-31": "275.15390", "2010-12-31": "246.63090", "2009-12-31": "245.79890", "2008-12-31": "270.81300", "2007-12-31": "241.88310", "2006-12-31": "191.41910", "2005-12-31": "185.83290"}, "EBIT": {"2019-12-31": "403.95290", "2018-12-31": "373.62600", "2017-12-31": "325.12000", "2016-12-31": "296.51890", "2015-12-31": "310.61710", "2014-12-31": "282.37290", "2013-12-31": "237.12300", "2012-12-31": "181.39400", "2011-12-31": "186.85390", "2010-12-31": "166.68490", "2009-12-31": "169.31880", "2008-12-31": "196.56200", "2007-12-31": "179.18410", "2006-12-31": "140.62810", "2005-12-31": "137.98190"}, "Basic Shares Outstanding": {"2019-12-31": "42.73900", "2018-12-31": "43.89200", "2017-12-31": "44.18200", "2016-12-31": "44.38900", "2015-12-31": "46.62400", "2014-12-31": "48.01900", "2013-12-31": "46.99100", "2012-12-31": "46.74300", "2011-12-31": "46.37200", "2010-12-31": "45.82300", "2009-12-31": "45.23700", "2008-12-31": "44.71600", "2007-12-31": "44.31300", "2006-12-31": "43.82600", "2005-12-31": "43.27000"}, "Shares Outstanding": {"2019-12-31": "43.01600", "2018-12-31": "44.31600", "2017-12-31": "44.76100", "2016-12-31": "45.04500", "2015-12-31": "47.61600", "2014-12-31": "49.07500", "2013-12-31": "47.91200", "2012-12-31": "47.41200", "2011-12-31": "47.01300", "2010-12-31": "46.32200", "2009-12-31": "45.69500", "2008-12-31": "45.37400", "2007-12-31": "44.97900", "2006-12-31": "44.33400", "2005-12-31": "43.82800"}, "Basic EPS": {"2019-12-31": "7.20000", "2018-12-31": "6.28000", "2017-12-31": "4.86000", "2016-12-31": "4.22000", "2015-12-31": "3.12000", "2014-12-31": "2.36000", "2013-12-31": "2.94000", "2012-12-31": "2.44000", "2011-12-31": "2.73000", "2010-12-31": "2.23000", "2009-12-31": "2.10000", "2008-12-31": "2.45000", "2007-12-31": "2.35000", "2006-12-31": "1.84000", "2005-12-31": "1.74000"}, "EPS - Earnings Per Share": {"2019-12-31": "7.15000", "2018-12-31": "6.22000", "2017-12-31": "4.80000", "2016-12-31": "4.15000", "2015-12-31": "3.05000", "2014-12-31": "2.31000", "2013-12-31": "2.88000", "2012-12-31": "2.41000", "2011-12-31": "2.69000", "2010-12-31": "2.21000", "2009-12-31": "2.08000", "2008-12-31": "2.41000", "2007-12-31": "2.32000", "2006-12-31": "1.82000", "2005-12-31": "1.72000"}}, "income statement, quarterly": {"Revenue": {"2020-09-30": "571.61400", "2020-06-30": "550.04700", "2020-03-31": "601.23100", "2019-12-31": "655.77090", "2019-09-30": "614.88000", "2019-06-30": "638.99600", "2019-03-31": "578.31400", "2018-12-31": "648.62190", "2018-09-30": "595.39300", "2018-06-30": "620.29800", "2018-03-31": "547.52200", "2017-12-31": "611.88090", "2017-09-30": "567.90100", "2017-06-30": "567.65300", "2017-03-31": "523.59100", "2016-12-31": "565.56590", "2016-09-30": "507.09200", "2016-06-30": "532.76600", "2016-03-31": "503.50700", "2015-12-31": "588.75520", "2015-09-30": "525.53500", "2015-06-30": "545.19400", "2015-03-31": "546.19900", "2014-12-31": "572.58590", "2014-09-30": "558.38300", "2014-06-30": "569.19800", "2014-03-31": "542.95900", "2013-12-31": "415.29110", "2013-09-30": "512.40900", "2013-06-30": "597.69400", "2013-03-31": "592.68700", "2012-12-31": "316.03800", "2012-09-30": "479.22200", "2012-06-30": "526.38600", "2012-03-31": "501.66100", "2011-12-31": "549.01890", "2011-09-30": "509.12000", "2011-06-30": "505.67200", "2011-03-31": "452.93100", "2010-12-31": "484.75990", "2010-09-30": "465.81300", "2010-06-30": "462.16500", "2010-03-31": "441.77500", "2009-12-31": "502.77700", "2009-09-30": "435.75000", "2009-06-30": "447.37100", "2009-03-31": "423.79200", "2008-12-31": "507.59810", "2008-09-30": "435.69900", "2008-06-30": "453.46400", "2008-03-31": "433.37900", "2007-12-31": "497.67100", "2007-09-30": "396.26800", "2007-06-30": "365.57600", "2007-03-31": "332.60900", "2006-12-31": "378.16700", "2006-09-30": "311.80100", "2006-06-30": "309.63500", "2006-03-31": "282.55200", "2005-12-31": "317.89300", "2005-09-30": "271.35500", "2005-06-30": "283.19300", "2005-03-31": "258.48700"}, "Cost Of Goods Sold": {"2020-09-30": "358.79300", "2020-06-30": "364.02100", "2020-03-31": "400.65200", "2019-12-31": "410.01900", "2019-09-30": "388.80400", "2019-06-30": "408.95200", "2019-03-31": "381.44100", "2018-12-31": "407.57000", "2018-09-30": "372.87500", "2018-06-30": "393.79800", "2018-03-31": "366.33100", "2017-12-31": "380.53700", "2017-09-30": "360.40500", "2017-06-30": "372.64300", "2017-03-31": "356.65600", "2016-12-31": "372.63310", "2016-09-30": "322.61600", "2016-06-30": "347.38700", "2016-03-31": "331.60400", "2015-12-31": "364.44090", "2015-09-30": "340.04100", "2015-06-30": "362.84300", "2015-03-31": "355.10300", "2014-12-31": "372.24600", "2014-09-30": "365.05200", "2014-06-30": "370.96700", "2014-03-31": "358.34500", "2013-12-31": "239.52190", "2013-09-30": "333.73100", "2013-06-30": "400.00900", "2013-03-31": "408.98000", "2012-12-31": "168.31590", "2012-09-30": "337.80600", "2012-06-30": "362.37900", "2012-03-31": "342.38700", "2011-12-31": "370.88810", "2011-09-30": "341.78800", "2011-06-30": "340.09100", "2011-03-31": "307.02800", "2010-12-31": "326.57900", "2010-09-30": "310.09600", "2010-06-30": "307.78200", "2010-03-31": "303.79100", "2009-12-31": "329.90300", "2009-09-30": "293.43500", "2009-06-30": "302.78900", "2009-03-31": "288.03200", "2008-12-31": "335.01310", "2008-09-30": "287.90800", "2008-06-30": "296.23000", "2008-03-31": "294.91000", "2007-12-31": "333.27700", "2007-09-30": "266.44800", "2007-06-30": "247.55300", "2007-03-31": "221.22200", "2006-12-31": "250.72000", "2006-09-30": "205.78300", "2006-06-30": "204.08200", "2006-03-31": "190.49100", "2005-12-31": "206.96410", "2005-09-30": "177.84000", "2005-06-30": "182.89400", "2005-03-31": "172.71800"}, "Gross Profit": {"2020-09-30": "212.82100", "2020-06-30": "186.02600", "2020-03-31": "200.57900", "2019-12-31": "245.75200", "2019-09-30": "226.07600", "2019-06-30": "230.04390", "2019-03-31": "196.87300", "2018-12-31": "241.05190", "2018-09-30": "222.51800", "2018-06-30": "226.50000", "2018-03-31": "181.19100", "2017-12-31": "231.34400", "2017-09-30": "207.49600", "2017-06-30": "195.01000", "2017-03-31": "166.93500", "2016-12-31": "192.93280", "2016-09-30": "184.47600", "2016-06-30": "185.37900", "2016-03-31": "171.90300", "2015-12-31": "224.31430", "2015-09-30": "185.49400", "2015-06-30": "182.35100", "2015-03-31": "191.09600", "2014-12-31": "200.33990", "2014-09-30": "193.33100", "2014-06-30": "198.23100", "2014-03-31": "184.61400", "2013-12-31": "175.76920", "2013-09-30": "178.67800", "2013-06-30": "197.68500", "2013-03-31": "183.70700", "2012-12-31": "147.72200", "2012-09-30": "141.41600", "2012-06-30": "164.00700", "2012-03-31": "159.27400", "2011-12-31": "178.13090", "2011-09-30": "167.33200", "2011-06-30": "165.58100", "2011-03-31": "145.90300", "2010-12-31": "158.18090", "2010-09-30": "155.71700", "2010-06-30": "154.38300", "2010-03-31": "137.98400", "2009-12-31": "172.87390", "2009-09-30": "142.31500", "2009-06-30": "144.58200", "2009-03-31": "135.76000", "2008-12-31": "172.58500", "2008-09-30": "147.79100", "2008-06-30": "157.23400", "2008-03-31": "138.46900", "2007-12-31": "164.39390", "2007-09-30": "129.82000", "2007-06-30": "118.02300", "2007-03-31": "111.38700", "2006-12-31": "127.44700", "2006-09-30": "106.01800", "2006-06-30": "105.55300", "2006-03-31": "92.06100", "2005-12-31": "110.92890", "2005-09-30": "93.51500", "2005-06-30": "100.29900", "2005-03-31": "85.76900"}, "Research And Development Expenses": {"2020-09-30": "17.58700", "2020-06-30": "18.26900", "2020-03-31": "18.30700", "2019-12-31": "18.01700", "2019-09-30": "18.36200", "2019-06-30": "18.90000", "2019-03-31": "17.24100", "2018-12-31": "19.29100", "2018-09-30": "14.23900", "2018-06-30": "15.05400", "2018-03-31": "15.94100", "2017-12-31": "15.18800", "2017-09-30": "14.82600", "2017-06-30": "15.78800", "2017-03-31": "15.59100", "2016-12-31": "14.95700", "2016-09-30": "14.07100", "2016-06-30": "15.23600", "2016-03-31": "15.16000", "2015-12-31": "15.20400", "2015-09-30": "15.05000", "2015-06-30": "15.32100", "2015-03-31": "15.26200", "2014-12-31": "16.69200", "2014-09-30": "16.90900", "2014-06-30": "17.36400", "2014-03-31": "16.87700", "2013-12-31": "16.42800", "2013-09-30": "14.69300", "2013-06-30": "14.85100", "2013-03-31": "17.60800", "2012-12-31": "10.38700", "2012-09-30": "13.26700", "2012-06-30": "15.35100", "2012-03-31": "15.34700", "2011-12-31": "15.68400", "2011-09-30": "17.70500", "2011-06-30": "15.12900", "2011-03-31": "13.59700", "2010-12-31": "13.23700", "2010-09-30": "13.21800", "2010-06-30": "13.83800", "2010-03-31": "13.83800", "2009-12-31": "14.49700", "2009-09-30": "13.82400", "2009-06-30": "13.20000", "2009-03-31": "13.12400", "2008-12-31": "12.80700", "2008-09-30": "10.95500", "2008-06-30": "13.01700", "2008-03-31": "12.83600", "2007-12-31": "12.44800", "2007-09-30": "12.65500", "2007-06-30": "11.48700", "2007-03-31": "11.33900", "2006-12-31": "10.31000", "2006-09-30": "7.22700", "2006-06-30": "11.33300", "2006-03-31": "9.97100", "2005-12-31": "9.36900", "2005-09-30": "8.50400", "2005-06-30": "11.58000", "2005-03-31": "10.22800"}, "SG&A Expenses": {"2020-09-30": "102.12000", "2020-06-30": "101.79900", "2020-03-31": "108.24600", "2019-12-31": "107.08100", "2019-09-30": "102.14500", "2019-06-30": "105.45900", "2019-03-31": "107.58700", "2018-12-31": "111.75600", "2018-09-30": "111.23200", "2018-06-30": "109.37000", "2018-03-31": "100.75200", "2017-12-31": "110.87400", "2017-09-30": "100.25600", "2017-06-30": "99.49000", "2017-03-31": "103.65200", "2016-12-31": "83.38200", "2016-09-30": "93.83200", "2016-06-30": "102.05400", "2016-03-31": "99.48000", "2015-12-31": "100.58300", "2015-09-30": "106.63100", "2015-06-30": "101.58800", "2015-03-31": "102.99900", "2014-12-31": "108.71700", "2014-09-30": "102.17300", "2014-06-30": "108.70800", "2014-03-31": "106.70300", "2013-12-31": "86.45300", "2013-09-30": "98.35500", "2013-06-30": "122.25500", "2013-03-31": "128.07300", "2012-12-31": "55.40600", "2012-09-30": "104.78300", "2012-06-30": "108.11600", "2012-03-31": "108.36800", "2011-12-31": "109.81700", "2011-09-30": "103.52000", "2011-06-30": "101.52600", "2011-03-31": "93.11500", "2010-12-31": "100.85700", "2010-09-30": "94.41300", "2010-06-30": "97.11700", "2010-03-31": "93.06200", "2009-12-31": "100.18200", "2009-09-30": "92.27300", "2009-06-30": "87.61900", "2009-03-31": "91.49300", "2008-12-31": "101.80500", "2008-09-30": "88.64600", "2008-06-30": "94.54500", "2008-03-31": "84.90600", "2007-12-31": "90.80100", "2007-09-30": "72.67700", "2007-06-30": "68.12700", "2007-03-31": "64.90600", "2006-12-31": "71.45600", "2006-09-30": "61.54000", "2006-06-30": "61.14300", "2006-03-31": "57.47100", "2005-12-31": "53.85700", "2005-09-30": "52.47200", "2005-06-30": "55.54500", "2005-03-31": "50.97500"}, "Other Operating Income Or Expenses": {"2020-09-30": "", "2020-06-30": "", "2020-03-31": "", "2019-12-31": "", "2019-09-30": "", "2019-06-30": "", "2019-03-31": "", "2018-12-31": "", "2018-09-30": "", "2018-06-30": "", "2018-03-31": "", "2017-12-31": "", "2017-09-30": "", "2017-06-30": "", "2017-03-31": "", "2016-12-31": "", "2016-09-30": "", "2016-06-30": "", "2016-03-31": "", "2015-12-31": "", "2015-09-30": "", "2015-06-30": "", "2015-03-31": "", "2014-12-31": "", "2014-09-30": "", "2014-06-30": "", "2014-03-31": "", "2013-12-31": "", "2013-09-30": "", "2013-06-30": "", "2013-03-31": "", "2012-12-31": "", "2012-09-30": "", "2012-06-30": "", "2012-03-31": "", "2011-12-31": "", "2011-09-30": "", "2011-06-30": "", "2011-03-31": "", "2010-12-31": "", "2010-09-30": "", "2010-06-30": "", "2010-03-31": "", "2009-12-31": "", "2009-09-30": "", "2009-06-30": "", "2009-03-31": "", "2008-12-31": "", "2008-09-30": "", "2008-06-30": "", "2008-03-31": "", "2007-12-31": "", "2007-09-30": "", "2007-06-30": "", "2007-03-31": "", "2006-12-31": "", "2006-09-30": "", "2006-06-30": "", "2006-03-31": "", "2005-12-31": "", "2005-09-30": "-0.09800", "2005-06-30": "0.01200", "2005-03-31": "2.91300"}, "Operating Expenses": {"2020-09-30": "487.04100", "2020-06-30": "494.69800", "2020-03-31": "528.78500", "2019-12-31": "535.11700", "2019-09-30": "509.31100", "2019-06-30": "533.31100", "2019-03-31": "506.26900", "2018-12-31": "538.61710", "2018-09-30": "498.34600", "2018-06-30": "518.22200", "2018-03-31": "483.02400", "2017-12-31": "506.59890", "2017-09-30": "475.48700", "2017-06-30": "487.92100", "2017-03-31": "475.89900", "2016-12-31": "470.97200", "2016-09-30": "430.51900", "2016-06-30": "464.67700", "2016-03-31": "446.24400", "2015-12-31": "480.22800", "2015-09-30": "461.72200", "2015-06-30": "479.75200", "2015-03-31": "473.36400", "2014-12-31": "497.65500", "2014-09-30": "484.13400", "2014-06-30": "497.03900", "2014-03-31": "481.92500", "2013-12-31": "342.40300", "2013-09-30": "446.77900", "2013-06-30": "537.11500", "2013-03-31": "554.66100", "2012-12-31": "234.10890", "2012-09-30": "455.85600", "2012-06-30": "485.84600", "2012-03-31": "466.10200", "2011-12-31": "496.38920", "2011-09-30": "463.01300", "2011-06-30": "456.74600", "2011-03-31": "413.74000", "2010-12-31": "440.67300", "2010-09-30": "417.72700", "2010-06-30": "418.73700", "2010-03-31": "410.69100", "2009-12-31": "444.58210", "2009-09-30": "399.53200", "2009-06-30": "403.60800", "2009-03-31": "392.64900", "2008-12-31": "449.62510", "2008-09-30": "387.50900", "2008-06-30": "403.79200", "2008-03-31": "392.65200", "2007-12-31": "436.52590", "2007-09-30": "351.78000", "2007-06-30": "327.16700", "2007-03-31": "297.46700", "2006-12-31": "332.48600", "2006-09-30": "274.55000", "2006-06-30": "276.55800", "2006-03-31": "257.93300", "2005-12-31": "273.01700", "2005-09-30": "238.91400", "2005-06-30": "250.00700", "2005-03-31": "231.00800"}, "Operating Income": {"2020-09-30": "84.57300", "2020-06-30": "55.34900", "2020-03-31": "72.44600", "2019-12-31": "120.65390", "2019-09-30": "105.56900", "2019-06-30": "105.68490", "2019-03-31": "72.04500", "2018-12-31": "110.00490", "2018-09-30": "97.04700", "2018-06-30": "102.07600", "2018-03-31": "64.49800", "2017-12-31": "105.28200", "2017-09-30": "92.41400", "2017-06-30": "79.73200", "2017-03-31": "47.69200", "2016-12-31": "94.59390", "2016-09-30": "76.57300", "2016-06-30": "68.08900", "2016-03-31": "57.26300", "2015-12-31": "108.52730", "2015-09-30": "63.81300", "2015-06-30": "65.44200", "2015-03-31": "72.83500", "2014-12-31": "74.93090", "2014-09-30": "74.24900", "2014-06-30": "72.15900", "2014-03-31": "61.03400", "2013-12-31": "72.88820", "2013-09-30": "65.63000", "2013-06-30": "60.57900", "2013-03-31": "38.02600", "2012-12-31": "81.92910", "2012-09-30": "23.36600", "2012-06-30": "40.54000", "2012-03-31": "35.55900", "2011-12-31": "52.62980", "2011-09-30": "46.10700", "2011-06-30": "48.92600", "2011-03-31": "39.19100", "2010-12-31": "44.08690", "2010-09-30": "48.08600", "2010-06-30": "43.42800", "2010-03-31": "31.08400", "2009-12-31": "58.19490", "2009-09-30": "36.21800", "2009-06-30": "43.76300", "2009-03-31": "31.14300", "2008-12-31": "57.97300", "2008-09-30": "48.19000", "2008-06-30": "49.67200", "2008-03-31": "40.72700", "2007-12-31": "61.14510", "2007-09-30": "44.48800", "2007-06-30": "38.40900", "2007-03-31": "35.14200", "2006-12-31": "45.68100", "2006-09-30": "37.25100", "2006-06-30": "33.07700", "2006-03-31": "24.61900", "2005-12-31": "44.87600", "2005-09-30": "32.44100", "2005-06-30": "33.18600", "2005-03-31": "27.47900"}, "Total Non-Operating Income/Expense": {"2020-09-30": "-3.63800", "2020-06-30": "-12.62000", "2020-03-31": "-1.95700", "2019-12-31": "-2.01200", "2019-09-30": "-1.59600", "2019-06-30": "-2.08900", "2019-03-31": "-1.79400", "2018-12-31": "-4.16500", "2018-09-30": "-4.10600", "2018-06-30": "-5.59500", "2018-03-31": "-3.52100", "2017-12-31": "-5.95000", "2017-09-30": "-6.00000", "2017-06-30": "-7.02100", "2017-03-31": "-6.53000", "2016-12-31": "1.31800", "2016-09-30": "-10.00500", "2016-06-30": "-10.17200", "2016-03-31": "-9.69900", "2015-12-31": "-9.07500", "2015-09-30": "-8.81100", "2015-06-30": "-9.02200", "2015-03-31": "-8.51500", "2014-12-31": "-8.30500", "2014-09-30": "-9.17200", "2014-06-30": "-9.00900", "2014-03-31": "-8.94300", "2013-12-31": "-9.33300", "2013-09-30": "-9.41300", "2013-06-30": "-9.14200", "2013-03-31": "-8.18500", "2012-12-31": "-6.63000", "2012-09-30": "-6.76700", "2012-06-30": "-6.39600", "2012-03-31": "-6.38000", "2011-12-31": "-4.89300", "2011-09-30": "-5.06800", "2011-06-30": "-4.94200", "2011-03-31": "-5.06900", "2010-12-31": "-4.97200", "2010-09-30": "-5.72900", "2010-06-30": "-5.31600", "2010-03-31": "-5.51500", "2009-12-31": "-5.31200", "2009-09-30": "-5.61400", "2009-06-30": "-6.49500", "2009-03-31": "-6.63900", "2008-12-31": "-7.15900", "2008-09-30": "-6.24000", "2008-06-30": "-6.95200", "2008-03-31": "-7.10900", "2007-12-31": "-7.67800", "2007-09-30": "-7.48100", "2007-06-30": "-5.23800", "2007-03-31": "-4.61600", "2006-12-31": "-6.19800", "2006-09-30": "-5.73900", "2006-06-30": "-5.93900", "2006-03-31": "-5.13000", "2005-12-31": "-5.27000", "2005-09-30": "-4.63300", "2005-06-30": "-5.35400", "2005-03-31": "-4.42700"}, "Pre-Tax Income": {"2020-09-30": "80.93500", "2020-06-30": "42.72900", "2020-03-31": "70.48900", "2019-12-31": "118.64200", "2019-09-30": "103.97300", "2019-06-30": "103.59600", "2019-03-31": "70.25100", "2018-12-31": "105.84000", "2018-09-30": "92.94100", "2018-06-30": "96.48100", "2018-03-31": "60.97700", "2017-12-31": "99.33200", "2017-09-30": "86.41400", "2017-06-30": "72.71100", "2017-03-31": "41.16200", "2016-12-31": "95.91200", "2016-09-30": "66.56800", "2016-06-30": "57.91700", "2016-03-31": "47.56400", "2015-12-31": "99.45200", "2015-09-30": "55.00200", "2015-06-30": "56.42000", "2015-03-31": "64.32000", "2014-12-31": "66.62600", "2014-09-30": "65.07700", "2014-06-30": "63.15000", "2014-03-31": "52.09100", "2013-12-31": "63.55500", "2013-09-30": "56.21700", "2013-06-30": "51.43700", "2013-03-31": "29.84100", "2012-12-31": "75.29900", "2012-09-30": "16.59900", "2012-06-30": "34.14400", "2012-03-31": "29.17900", "2011-12-31": "47.73700", "2011-09-30": "41.03900", "2011-06-30": "43.98400", "2011-03-31": "34.12200", "2010-12-31": "39.11500", "2010-09-30": "42.35700", "2010-06-30": "38.11200", "2010-03-31": "25.56900", "2009-12-31": "52.88300", "2009-09-30": "30.60400", "2009-06-30": "37.26800", "2009-03-31": "24.50400", "2008-12-31": "50.81400", "2008-09-30": "41.95000", "2008-06-30": "42.72000", "2008-03-31": "33.61800", "2007-12-31": "53.46700", "2007-09-30": "37.00700", "2007-06-30": "33.17100", "2007-03-31": "30.52600", "2006-12-31": "39.48300", "2006-09-30": "31.51200", "2006-06-30": "27.13800", "2006-03-31": "19.48900", "2005-12-31": "39.60600", "2005-09-30": "27.80800", "2005-06-30": "27.83200", "2005-03-31": "23.05200"}, "Income Taxes": {"2020-09-30": "16.31500", "2020-06-30": "11.71100", "2020-03-31": "18.72800", "2019-12-31": "29.23400", "2019-09-30": "21.46300", "2019-06-30": "23.52400", "2019-03-31": "14.65800", "2018-12-31": "23.00500", "2018-09-30": "18.45800", "2018-06-30": "21.69300", "2018-03-31": "17.33400", "2017-12-31": "31.58200", "2017-09-30": "22.47000", "2017-06-30": "22.06100", "2017-03-31": "8.61500", "2016-12-31": "25.24400", "2016-09-30": "20.63600", "2016-06-30": "17.95400", "2016-03-31": "14.74500", "2015-12-31": "28.69000", "2015-09-30": "16.86000", "2015-06-30": "16.29900", "2015-03-31": "21.09700", "2014-12-31": "20.49400", "2014-09-30": "20.69900", "2014-06-30": "20.14100", "2014-03-31": "15.66100", "2013-12-31": "18.09000", "2013-09-30": "18.28200", "2013-06-30": "16.37600", "2013-03-31": "8.89800", "2012-12-31": "25.33800", "2012-09-30": "5.15600", "2012-06-30": "11.30900", "2012-03-31": "9.33700", "2011-12-31": "14.03700", "2011-09-30": "9.16500", "2011-06-30": "13.90500", "2011-03-31": "11.15500", "2010-12-31": "11.24800", "2010-09-30": "14.57300", "2010-06-30": "12.21400", "2010-03-31": "9.23400", "2009-12-31": "18.03600", "2009-09-30": "10.48900", "2009-06-30": "12.81400", "2009-03-31": "8.69900", "2008-12-31": "17.80300", "2008-09-30": "14.42700", "2008-06-30": "15.64300", "2008-03-31": "11.83900", "2007-12-31": "15.20700", "2007-09-30": "11.83200", "2007-06-30": "11.78100", "2007-03-31": "11.02300", "2006-12-31": "12.64000", "2006-09-30": "11.15600", "2006-06-30": "6.04600", "2006-03-31": "7.21100", "2005-12-31": "14.30200", "2005-09-30": "10.28900", "2005-06-30": "9.89800", "2005-03-31": "8.52900"}, "Income After Taxes": {"2020-09-30": "64.62000", "2020-06-30": "31.01800", "2020-03-31": "51.76100", "2019-12-31": "89.40800", "2019-09-30": "82.51000", "2019-06-30": "80.07200", "2019-03-31": "55.59300", "2018-12-31": "82.83500", "2018-09-30": "74.48300", "2018-06-30": "74.78800", "2018-03-31": "43.64300", "2017-12-31": "67.75000", "2017-09-30": "63.94400", "2017-06-30": "50.65000", "2017-03-31": "32.54700", "2016-12-31": "70.66800", "2016-09-30": "45.93200", "2016-06-30": "39.96300", "2016-03-31": "32.81900", "2015-12-31": "70.76200", "2015-09-30": "38.14200", "2015-06-30": "40.12100", "2015-03-31": "43.22300", "2014-12-31": "46.13200", "2014-09-30": "44.37800", "2014-06-30": "43.00900", "2014-03-31": "36.43000", "2013-12-31": "45.46500", "2013-09-30": "37.93500", "2013-06-30": "35.06100", "2013-03-31": "20.94300", "2012-12-31": "49.96100", "2012-09-30": "11.44300", "2012-06-30": "22.83500", "2012-03-31": "19.84200", "2011-12-31": "33.70000", "2011-09-30": "31.87400", "2011-06-30": "30.07900", "2011-03-31": "22.96700", "2010-12-31": "27.86700", "2010-09-30": "27.78400", "2010-06-30": "25.89800", "2010-03-31": "16.33500", "2009-12-31": "34.84700", "2009-09-30": "20.11500", "2009-06-30": "24.45400", "2009-03-31": "15.80500", "2008-12-31": "33.01100", "2008-09-30": "27.52300", "2008-06-30": "27.07700", "2008-03-31": "21.77900", "2007-12-31": "38.26000", "2007-09-30": "25.17500", "2007-06-30": "21.39000", "2007-03-31": "19.50300", "2006-12-31": "26.84300", "2006-09-30": "20.35600", "2006-06-30": "21.09200", "2006-03-31": "12.27800", "2005-12-31": "25.30400", "2005-09-30": "17.51900", "2005-06-30": "17.93400", "2005-03-31": "14.52300"}, "Other Income": {"2020-09-30": "", "2020-06-30": "", "2020-03-31": "", "2019-12-31": "", "2019-09-30": "", "2019-06-30": "", "2019-03-31": "", "2018-12-31": "", "2018-09-30": "", "2018-06-30": "", "2018-03-31": "", "2017-12-31": "", "2017-09-30": "", "2017-06-30": "", "2017-03-31": "", "2016-12-31": "", "2016-09-30": "", "2016-06-30": "", "2016-03-31": "", "2015-12-31": "", "2015-09-30": "", "2015-06-30": "", "2015-03-31": "", "2014-12-31": "", "2014-09-30": "", "2014-06-30": "", "2014-03-31": "", "2013-12-31": "", "2013-09-30": "", "2013-06-30": "", "2013-03-31": "", "2012-12-31": "", "2012-09-30": "", "2012-06-30": "", "2012-03-31": "", "2011-12-31": "", "2011-09-30": "", "2011-06-30": "", "2011-03-31": "", "2010-12-31": "", "2010-09-30": "", "2010-06-30": "", "2010-03-31": "", "2009-12-31": "", "2009-09-30": "", "2009-06-30": "", "2009-03-31": "", "2008-12-31": "", "2008-09-30": "", "2008-06-30": "", "2008-03-31": "", "2007-12-31": "", "2007-09-30": "", "2007-06-30": "", "2007-03-31": "", "2006-12-31": "", "2006-09-30": "", "2006-06-30": "", "2006-03-31": "", "2005-12-31": "", "2005-09-30": "", "2005-06-30": "", "2005-03-31": ""}, "Income From Continuous Operations": {"2020-09-30": "64.62000", "2020-06-30": "31.01800", "2020-03-31": "51.76100", "2019-12-31": "89.40800", "2019-09-30": "82.51000", "2019-06-30": "80.07200", "2019-03-31": "55.59300", "2018-12-31": "82.83500", "2018-09-30": "74.48300", "2018-06-30": "74.78800", "2018-03-31": "43.64300", "2017-12-31": "67.75000", "2017-09-30": "63.94400", "2017-06-30": "50.65000", "2017-03-31": "32.54700", "2016-12-31": "70.66800", "2016-09-30": "45.93200", "2016-06-30": "39.96300", "2016-03-31": "32.81900", "2015-12-31": "70.76200", "2015-09-30": "38.14200", "2015-06-30": "40.12100", "2015-03-31": "43.22300", "2014-12-31": "46.13200", "2014-09-30": "44.37800", "2014-06-30": "43.00900", "2014-03-31": "36.43000", "2013-12-31": "45.46500", "2013-09-30": "37.93500", "2013-06-30": "35.06100", "2013-03-31": "20.94300", "2012-12-31": "49.96100", "2012-09-30": "11.44300", "2012-06-30": "22.83500", "2012-03-31": "19.84200", "2011-12-31": "33.70000", "2011-09-30": "31.87400", "2011-06-30": "30.07900", "2011-03-31": "22.96700", "2010-12-31": "27.86700", "2010-09-30": "27.78400", "2010-06-30": "25.89800", "2010-03-31": "16.33500", "2009-12-31": "34.84700", "2009-09-30": "20.11500", "2009-06-30": "24.45400", "2009-03-31": "15.80500", "2008-12-31": "33.01100", "2008-09-30": "27.52300", "2008-06-30": "27.07700", "2008-03-31": "21.77900", "2007-12-31": "38.26000", "2007-09-30": "25.17500", "2007-06-30": "21.39000", "2007-03-31": "19.50300", "2006-12-31": "26.84300", "2006-09-30": "20.35600", "2006-06-30": "21.09200", "2006-03-31": "12.27800", "2005-12-31": "25.30400", "2005-09-30": "17.51900", "2005-06-30": "17.93400", "2005-03-31": "14.52300"}, "Income From Discontinued Operations": {"2020-09-30": "", "2020-06-30": "", "2020-03-31": "", "2019-12-31": "", "2019-09-30": "", "2019-06-30": "", "2019-03-31": "", "2018-12-31": "", "2018-09-30": "", "2018-06-30": "", "2018-03-31": "", "2017-12-31": "", "2017-09-30": "", "2017-06-30": "", "2017-03-31": "", "2016-12-31": "", "2016-09-30": "", "2016-06-30": "", "2016-03-31": "", "2015-12-31": "-0.91300", "2015-09-30": "-4.25800", "2015-06-30": "-14.38400", "2015-03-31": "-27.23200", "2014-12-31": "-29.38200", "2014-09-30": "-19.34500", "2014-06-30": "-6.61800", "2014-03-31": "-1.26600", "2013-12-31": "1.84200", "2013-09-30": "-1.57400", "2013-06-30": "-1.69100", "2013-03-31": "", "2012-12-31": "-11.46800", "2012-09-30": "-0.14400", "2012-06-30": "-0.09500", "2012-03-31": "21.47000", "2011-12-31": "1.88400", "2011-09-30": "2.61900", "2011-06-30": "1.71700", "2011-03-31": "1.54900", "2010-12-31": "", "2010-09-30": "", "2010-06-30": "", "2010-03-31": "", "2009-12-31": "", "2009-09-30": "", "2009-06-30": "", "2009-03-31": "", "2008-12-31": "", "2008-09-30": "", "2008-06-30": "", "2008-03-31": "", "2007-12-31": "", "2007-09-30": "", "2007-06-30": "", "2007-03-31": "", "2006-12-31": "", "2006-09-30": "", "2006-06-30": "", "2006-03-31": "", "2005-12-31": "", "2005-09-30": "", "2005-06-30": "", "2005-03-31": ""}, "Net Income": {"2020-09-30": "64.62000", "2020-06-30": "31.01800", "2020-03-31": "51.76100", "2019-12-31": "89.40800", "2019-09-30": "82.51000", "2019-06-30": "80.07200", "2019-03-31": "55.59300", "2018-12-31": "82.83500", "2018-09-30": "74.48300", "2018-06-30": "74.78800", "2018-03-31": "43.64300", "2017-12-31": "67.75000", "2017-09-30": "63.94400", "2017-06-30": "50.65000", "2017-03-31": "32.54700", "2016-12-31": "68.61500", "2016-09-30": "45.93200", "2016-06-30": "39.96300", "2016-03-31": "32.81900", "2015-12-31": "69.84900", "2015-09-30": "33.88400", "2015-06-30": "25.73700", "2015-03-31": "15.99100", "2014-12-31": "16.75000", "2014-09-30": "25.03300", "2014-06-30": "36.39100", "2014-03-31": "35.16400", "2013-12-31": "47.30700", "2013-09-30": "36.36100", "2013-06-30": "33.37000", "2013-03-31": "20.94300", "2012-12-31": "38.49300", "2012-09-30": "11.29900", "2012-06-30": "22.74000", "2012-03-31": "41.31200", "2011-12-31": "35.58400", "2011-09-30": "34.49300", "2011-06-30": "31.79600", "2011-03-31": "24.51600", "2010-12-31": "32.16300", "2010-09-30": "27.78400", "2010-06-30": "25.89800", "2010-03-31": "16.33500", "2009-12-31": "34.84700", "2009-09-30": "20.11500", "2009-06-30": "24.45400", "2009-03-31": "15.80500", "2008-12-31": "33.01100", "2008-09-30": "27.52300", "2008-06-30": "27.07700", "2008-03-31": "21.77900", "2007-12-31": "38.26000", "2007-09-30": "25.17500", "2007-06-30": "21.39000", "2007-03-31": "19.50300", "2006-12-31": "26.84300", "2006-09-30": "20.35600", "2006-06-30": "21.09200", "2006-03-31": "12.27800", "2005-12-31": "25.30400", "2005-09-30": "17.51900", "2005-06-30": "17.93400", "2005-03-31": "14.52300"}, "EBITDA": {"2020-09-30": "112.77400", "2020-06-30": "83.77500", "2020-03-31": "100.58800", "2019-12-31": "146.06790", "2019-09-30": "130.96700", "2019-06-30": "131.49190", "2019-03-31": "97.83800", "2018-12-31": "135.80790", "2018-09-30": "122.93600", "2018-06-30": "128.73200", "2018-03-31": "89.09900", "2017-12-31": "130.46200", "2017-09-30": "117.26800", "2017-06-30": "104.76700", "2017-03-31": "72.61800", "2016-12-31": "118.18290", "2016-09-30": "100.00500", "2016-06-30": "92.58900", "2016-03-31": "81.75000", "2015-12-31": "132.90920", "2015-09-30": "88.70300", "2015-06-30": "91.27200", "2015-03-31": "98.54300", "2014-12-31": "102.92790", "2014-09-30": "103.79700", "2014-06-30": "102.59300", "2014-03-31": "91.98600", "2013-12-31": "104.72520", "2013-09-30": "95.05700", "2013-06-30": "90.41200", "2013-03-31": "68.42600", "2012-12-31": "106.67110", "2012-09-30": "45.88200", "2012-06-30": "63.64400", "2012-03-31": "59.09300", "2011-12-31": "75.73380", "2011-09-30": "69.05900", "2011-06-30": "70.64800", "2011-03-31": "59.71300", "2010-12-31": "65.15990", "2010-09-30": "67.92300", "2010-06-30": "62.95400", "2010-03-31": "50.59400", "2009-12-31": "77.39890", "2009-09-30": "55.44900", "2009-06-30": "62.77500", "2009-03-31": "50.17600", "2008-12-31": "76.15300", "2008-09-30": "66.75100", "2008-06-30": "68.43500", "2008-03-31": "59.47400", "2007-12-31": "79.80710", "2007-09-30": "60.61300", "2007-06-30": "52.85800", "2007-03-31": "48.60500", "2006-12-31": "58.39000", "2006-09-30": "50.38700", "2006-06-30": "45.88900", "2006-03-31": "36.75300", "2005-12-31": "56.86900", "2005-09-30": "44.52200", "2005-06-30": "45.48200", "2005-03-31": "38.96000"}, "EBIT": {"2020-09-30": "84.57300", "2020-06-30": "55.34900", "2020-03-31": "72.44600", "2019-12-31": "120.65390", "2019-09-30": "105.56900", "2019-06-30": "105.68490", "2019-03-31": "72.04500", "2018-12-31": "110.00500", "2018-09-30": "97.04700", "2018-06-30": "102.07600", "2018-03-31": "64.49800", "2017-12-31": "105.28200", "2017-09-30": "92.41400", "2017-06-30": "79.73200", "2017-03-31": "47.69200", "2016-12-31": "94.59390", "2016-09-30": "76.57300", "2016-06-30": "68.08900", "2016-03-31": "57.26300", "2015-12-31": "108.52710", "2015-09-30": "63.81300", "2015-06-30": "65.44200", "2015-03-31": "72.83500", "2014-12-31": "74.93100", "2014-09-30": "74.24900", "2014-06-30": "72.15900", "2014-03-31": "61.03400", "2013-12-31": "72.88810", "2013-09-30": "65.63000", "2013-06-30": "60.57900", "2013-03-31": "38.02600", "2012-12-31": "81.92910", "2012-09-30": "23.36600", "2012-06-30": "40.54000", "2012-03-31": "35.55900", "2011-12-31": "52.62990", "2011-09-30": "46.10700", "2011-06-30": "48.92600", "2011-03-31": "39.19100", "2010-12-31": "44.08690", "2010-09-30": "48.08600", "2010-06-30": "43.42800", "2010-03-31": "31.08400", "2009-12-31": "58.19480", "2009-09-30": "36.21800", "2009-06-30": "43.76300", "2009-03-31": "31.14300", "2008-12-31": "57.97300", "2008-09-30": "48.19000", "2008-06-30": "49.67200", "2008-03-31": "40.72700", "2007-12-31": "61.14510", "2007-09-30": "44.48800", "2007-06-30": "38.40900", "2007-03-31": "35.14200", "2006-12-31": "45.68110", "2006-09-30": "37.25100", "2006-06-30": "33.07700", "2006-03-31": "24.61900", "2005-12-31": "44.87590", "2005-09-30": "32.44100", "2005-06-30": "33.18600", "2005-03-31": "27.47900"}, "Basic Shares Outstanding": {"2020-09-30": "41.54500", "2020-06-30": "41.62900", "2020-03-31": "42.45600", "2019-12-31": "42.73900", "2019-09-30": "42.70900", "2019-06-30": "42.75800", "2019-03-31": "42.79900", "2018-12-31": "43.89200", "2018-09-30": "43.89200", "2018-06-30": "44.12400", "2018-03-31": "44.18800", "2017-12-31": "44.18200", "2017-09-30": "44.13700", "2017-06-30": "44.21300", "2017-03-31": "44.24600", "2016-12-31": "44.38900", "2016-09-30": "44.32300", "2016-06-30": "44.48700", "2016-03-31": "44.57800", "2015-12-31": "46.62400", "2015-09-30": "46.36600", "2015-06-30": "47.22400", "2015-03-31": "47.72400", "2014-12-31": "48.01900", "2014-09-30": "48.06700", "2014-06-30": "48.17500", "2014-03-31": "47.98200", "2013-12-31": "46.99100", "2013-09-30": "47.08100", "2013-06-30": "46.78600", "2013-03-31": "46.61500", "2012-12-31": "46.74300", "2012-09-30": "46.88400", "2012-06-30": "46.82000", "2012-03-31": "46.68700", "2011-12-31": "46.37200", "2011-09-30": "46.46600", "2011-06-30": "46.31100", "2011-03-31": "46.19500", "2010-12-31": "45.82300", "2010-09-30": "45.89800", "2010-06-30": "45.74300", "2010-03-31": "45.64200", "2009-12-31": "45.23700", "2009-09-30": "45.35600", "2009-06-30": "45.12700", "2009-03-31": "44.99400", "2008-12-31": "44.71600", "2008-09-30": "44.77900", "2008-06-30": "44.63100", "2008-03-31": "44.58400", "2007-12-31": "44.31300", "2007-09-30": "44.41300", "2007-06-30": "44.25600", "2007-03-31": "44.15000", "2006-12-31": "43.82600", "2006-09-30": "43.90300", "2006-06-30": "43.80700", "2006-03-31": "43.63600", "2005-12-31": "43.27000", "2005-09-30": "43.37600", "2005-06-30": "43.21600", "2005-03-31": "43.02200"}, "Shares Outstanding": {"2020-09-30": "41.79700", "2020-06-30": "41.85500", "2020-03-31": "42.77000", "2019-12-31": "43.01600", "2019-09-30": "42.99500", "2019-06-30": "43.02400", "2019-03-31": "43.05800", "2018-12-31": "44.31600", "2018-09-30": "44.33400", "2018-06-30": "44.55300", "2018-03-31": "44.67800", "2017-12-31": "44.76100", "2017-09-30": "44.68600", "2017-06-30": "44.80700", "2017-03-31": "44.86000", "2016-12-31": "45.04500", "2016-09-30": "44.99700", "2016-06-30": "45.16400", "2016-03-31": "45.24000", "2015-12-31": "47.61600", "2015-09-30": "47.39500", "2015-06-30": "48.25800", "2015-03-31": "48.73200", "2014-12-31": "49.07500", "2014-09-30": "49.10100", "2014-06-30": "49.23900", "2014-03-31": "49.13000", "2013-12-31": "47.91200", "2013-09-30": "48.06300", "2013-06-30": "47.50700", "2013-03-31": "47.48300", "2012-12-31": "47.41200", "2012-09-30": "47.41500", "2012-06-30": "47.50100", "2012-03-31": "47.57100", "2011-12-31": "47.01300", "2011-09-30": "46.93600", "2011-06-30": "47.01500", "2011-03-31": "46.97400", "2010-12-31": "46.32200", "2010-09-30": "46.27600", "2010-06-30": "46.31100", "2010-03-31": "46.15800", "2009-12-31": "45.69500", "2009-09-30": "45.82800", "2009-06-30": "45.53700", "2009-03-31": "45.46600", "2008-12-31": "45.37400", "2008-09-30": "45.50500", "2008-06-30": "45.35500", "2008-03-31": "45.22600", "2007-12-31": "44.97900", "2007-09-30": "45.10200", "2007-06-30": "44.91500", "2007-03-31": "44.72000", "2006-12-31": "44.33400", "2006-09-30": "44.33800", "2006-06-30": "44.29500", "2006-03-31": "44.13400", "2005-12-31": "43.82800", "2005-09-30": "43.94600", "2005-06-30": "43.77600", "2005-03-31": "43.62800"}, "Basic EPS": {"2020-09-30": "1.56000", "2020-06-30": "0.75000", "2020-03-31": "1.22000", "2019-12-31": "2.10000", "2019-09-30": "1.93000", "2019-06-30": "1.87000", "2019-03-31": "1.30000", "2018-12-31": "1.90000", "2018-09-30": "1.70000", "2018-06-30": "1.69000", "2018-03-31": "0.99000", "2017-12-31": "1.52000", "2017-09-30": "1.45000", "2017-06-30": "1.15000", "2017-03-31": "0.74000", "2016-12-31": "1.54000", "2016-09-30": "1.04000", "2016-06-30": "0.90000", "2016-03-31": "0.74000", "2015-12-31": "1.51000", "2015-09-30": "0.73000", "2015-06-30": "0.54000", "2015-03-31": "0.34000", "2014-12-31": "0.35000", "2014-09-30": "0.52000", "2014-06-30": "0.76000", "2014-03-31": "0.73000", "2013-12-31": "1.01000", "2013-09-30": "0.77000", "2013-06-30": "0.71000", "2013-03-31": "0.45000", "2012-12-31": "0.83000", "2012-09-30": "0.24000", "2012-06-30": "0.49000", "2012-03-31": "0.88000", "2011-12-31": "0.77000", "2011-09-30": "0.74000", "2011-06-30": "0.69000", "2011-03-31": "0.53000", "2010-12-31": "0.69000", "2010-09-30": "0.61000", "2010-06-30": "0.57000", "2010-03-31": "0.36000", "2009-12-31": "0.77000", "2009-09-30": "0.44000", "2009-06-30": "0.54000", "2009-03-31": "0.35000", "2008-12-31": "0.74000", "2008-09-30": "0.61000", "2008-06-30": "0.61000", "2008-03-31": "0.49000", "2007-12-31": "0.86000", "2007-09-30": "0.57000", "2007-06-30": "0.48000", "2007-03-31": "0.44000", "2006-12-31": "0.62000", "2006-09-30": "0.46000", "2006-06-30": "0.48000", "2006-03-31": "0.28000", "2005-12-31": "0.59000", "2005-09-30": "0.40000", "2005-06-30": "0.41000", "2005-03-31": "0.34000"}, "EPS - Earnings Per Share": {"2020-09-30": "1.55000", "2020-06-30": "0.74000", "2020-03-31": "1.21000", "2019-12-31": "2.08000", "2019-09-30": "1.92000", "2019-06-30": "1.86000", "2019-03-31": "1.29000", "2018-12-31": "1.88000", "2018-09-30": "1.68000", "2018-06-30": "1.68000", "2018-03-31": "0.98000", "2017-12-31": "1.51000", "2017-09-30": "1.43000", "2017-06-30": "1.13000", "2017-03-31": "0.73000", "2016-12-31": "1.52000", "2016-09-30": "1.02000", "2016-06-30": "0.88000", "2016-03-31": "0.73000", "2015-12-31": "1.48000", "2015-09-30": "0.71000", "2015-06-30": "0.53000", "2015-03-31": "0.33000", "2014-12-31": "0.34000", "2014-09-30": "0.51000", "2014-06-30": "0.74000", "2014-03-31": "0.72000", "2013-12-31": "0.98000", "2013-09-30": "0.76000", "2013-06-30": "0.70000", "2013-03-31": "0.44000", "2012-12-31": "0.82000", "2012-09-30": "0.24000", "2012-06-30": "0.48000", "2012-03-31": "0.87000", "2011-12-31": "0.76000", "2011-09-30": "0.73000", "2011-06-30": "0.68000", "2011-03-31": "0.52000", "2010-12-31": "0.70000", "2010-09-30": "0.60000", "2010-06-30": "0.56000", "2010-03-31": "0.35000", "2009-12-31": "0.75000", "2009-09-30": "0.44000", "2009-06-30": "0.54000", "2009-03-31": "0.35000", "2008-12-31": "0.73000", "2008-09-30": "0.60000", "2008-06-30": "0.60000", "2008-03-31": "0.48000", "2007-12-31": "0.84000", "2007-09-30": "0.56000", "2007-06-30": "0.48000", "2007-03-31": "0.44000", "2006-12-31": "0.60000", "2006-09-30": "0.46000", "2006-06-30": "0.48000", "2006-03-31": "0.28000", "2005-12-31": "0.58000", "2005-09-30": "0.40000", "2005-06-30": "0.41000", "2005-03-31": "0.33000"}}, "balance sheet": {"Cash On Hand": {"2019-12-31": "391.03300", "2018-12-31": "276.06600", "2017-12-31": "475.12000", "2016-12-31": "553.84800", "2015-12-31": "288.69700", "2014-12-31": "450.11600", "2013-12-31": "175.29400", "2012-12-31": "112.02300", "2011-12-31": "194.38700", "2010-12-31": "68.11900", "2009-12-31": "65.01000", "2008-12-31": "60.70500", "2007-12-31": "66.52000", "2006-12-31": "124.51700", "2005-12-31": "59.02100"}, "Receivables": {"2019-12-31": "632.19400", "2018-12-31": "593.75500", "2017-12-31": "494.92300", "2016-12-31": "463.06200", "2015-12-31": "566.28900", "2014-12-31": "495.48000", "2013-12-31": "603.59200", "2012-12-31": "578.31300", "2011-12-31": "543.00900", "2010-12-31": "461.63200", "2009-12-31": "404.53900", "2008-12-31": "395.65900", "2007-12-31": "392.91800", "2006-12-31": "284.77400", "2005-12-31": "244.68900"}, "Inventory": {"2019-12-31": "424.83500", "2018-12-31": "423.42600", "2017-12-31": "378.86600", "2016-12-31": "366.97400", "2015-12-31": "379.59100", "2014-12-31": "388.67000", "2013-12-31": "452.08700", "2012-12-31": "397.47100", "2011-12-31": "313.04500", "2010-12-31": "281.10300", "2009-12-31": "285.60800", "2008-12-31": "281.50800", "2007-12-31": "241.72800", "2006-12-31": "161.52800", "2005-12-31": "146.29700"}, "Pre-Paid Expenses": {"2019-12-31": "", "2018-12-31": "", "2017-12-31": "", "2016-12-31": "", "2015-12-31": "", "2014-12-31": "", "2013-12-31": "", "2012-12-31": "", "2011-12-31": "", "2010-12-31": "", "2009-12-31": "", "2008-12-31": "", "2007-12-31": "", "2006-12-31": "", "2005-12-31": ""}, "Other Current Assets": {"2019-12-31": "81.72900", "2018-12-31": "50.71900", "2017-12-31": "52.95100", "2016-12-31": "30.92700", "2015-12-31": "40.30600", "2014-12-31": "192.49800", "2013-12-31": "58.66000", "2012-12-31": "37.19400", "2011-12-31": "45.95500", "2010-12-31": "40.60500", "2009-12-31": "33.56700", "2008-12-31": "26.83300", "2007-12-31": "26.80700", "2006-12-31": "19.34100", "2005-12-31": "11.61500"}, "Total Current Assets": {"2019-12-31": "1529.79100", "2018-12-31": "1343.96600", "2017-12-31": "1401.86000", "2016-12-31": "1414.81100", "2015-12-31": "1274.88300", "2014-12-31": "1571.07500", "2013-12-31": "1337.28300", "2012-12-31": "1175.76100", "2011-12-31": "1150.67100", "2010-12-31": "900.02700", "2009-12-31": "837.50100", "2008-12-31": "802.01900", "2007-12-31": "758.18100", "2006-12-31": "622.64500", "2005-12-31": "490.46600"}, "Property, Plant, And Equipment": {"2019-12-31": "385.59300", "2018-12-31": "374.66000", "2017-12-31": "390.23500", "2016-12-31": "388.90300", "2015-12-31": "413.64400", "2014-12-31": "458.91900", "2013-12-31": "515.71800", "2012-12-31": "489.59300", "2011-12-31": "442.72800", "2010-12-31": "397.28000", "2009-12-31": "401.14900", "2008-12-31": "364.03200", "2007-12-31": "329.65700", "2006-12-31": "296.65200", "2005-12-31": "274.82100"}, "Long-Term Investments": {"2019-12-31": "", "2018-12-31": "", "2017-12-31": "", "2016-12-31": "", "2015-12-31": "", "2014-12-31": "", "2013-12-31": "", "2012-12-31": "", "2011-12-31": "", "2010-12-31": "", "2009-12-31": "", "2008-12-31": "", "2007-12-31": "", "2006-12-31": "", "2005-12-31": ""}, "Goodwill And Intangible Assets": {"2019-12-31": "1646.58700", "2018-12-31": "1517.59900", "2017-12-31": "1425.99700", "2016-12-31": "1222.51800", "2015-12-31": "1283.36900", "2014-12-31": "1347.73300", "2013-12-31": "1581.80800", "2012-12-31": "1432.32100", "2011-12-31": "1020.89000", "2010-12-31": "933.76900", "2009-12-31": "890.95800", "2008-12-31": "843.49400", "2007-12-31": "811.26100", "2006-12-31": "569.18100", "2005-12-31": "546.42500"}, "Other Long-Term Assets": {"2019-12-31": "36.80000", "2018-12-31": "19.16000", "2017-12-31": "18.22900", "2016-12-31": "11.54900", "2015-12-31": "17.71500", "2014-12-31": "21.78400", "2013-12-31": "23.46500", "2012-12-31": "16.91300", "2011-12-31": "9.12100", "2010-12-31": "9.90900", "2009-12-31": "10.43900", "2008-12-31": "9.35700", "2007-12-31": "11.98800", "2006-12-31": "11.41600", "2005-12-31": "12.57100"}, "Total Long-Term Assets": {"2019-12-31": "2234.47000", "2018-12-31": "1911.41900", "2017-12-31": "1834.46100", "2016-12-31": "1622.97000", "2015-12-31": "1714.72800", "2014-12-31": "1828.43600", "2013-12-31": "2120.99100", "2012-12-31": "1938.82700", "2011-12-31": "1484.87600", "2010-12-31": "1341.99100", "2009-12-31": "1304.54000", "2008-12-31": "1240.01100", "2007-12-31": "1227.37900", "2006-12-31": "969.51100", "2005-12-31": "909.81900"}, "Total Assets": {"2019-12-31": "3764.26100", "2018-12-31": "3255.38500", "2017-12-31": "3236.32100", "2016-12-31": "3037.78100", "2015-12-31": "2989.61100", "2014-12-31": "3399.51100", "2013-12-31": "3458.27400", "2012-12-31": "3114.58800", "2011-12-31": "2635.54700", "2010-12-31": "2242.01800", "2009-12-31": "2142.04100", "2008-12-31": "2042.03000", "2007-12-31": "1985.56000", "2006-12-31": "1592.15600", "2005-12-31": "1400.28500"}, "Total Current Liabilities": {"2019-12-31": "744.73100", "2018-12-31": "687.32800", "2017-12-31": "590.99700", "2016-12-31": "675.26200", "2015-12-31": "523.22500", "2014-12-31": "571.99300", "2013-12-31": "534.59300", "2012-12-31": "639.74800", "2011-12-31": "512.15800", "2010-12-31": "427.93900", "2009-12-31": "524.31900", "2008-12-31": "451.68400", "2007-12-31": "398.61500", "2006-12-31": "292.12500", "2005-12-31": "221.50300"}, "Long Term Debt": {"2019-12-31": "760.63900", "2018-12-31": "762.31300", "2017-12-31": "813.98900", "2016-12-31": "815.63000", "2015-12-31": "951.94600", "2014-12-31": "953.27900", "2013-12-31": "958.60400", "2012-12-31": "751.99000", "2011-12-31": "583.92800", "2010-12-31": "394.04200", "2009-12-31": "384.11200", "2008-12-31": "513.46000", "2007-12-31": "510.98100", "2006-12-31": "359.00000", "2005-12-31": "364.01700"}, "Other Non-Current Liabilities": {"2019-12-31": "120.60100", "2018-12-31": "126.61500", "2017-12-31": "133.13200", "2016-12-31": "98.82500", "2015-12-31": "100.84700", "2014-12-31": "117.56500", "2013-12-31": "149.82400", "2012-12-31": "95.76100", "2011-12-31": "76.71200", "2010-12-31": "66.52800", "2009-12-31": "60.37400", "2008-12-31": "57.51200", "2007-12-31": "59.26200", "2006-12-31": "50.89600", "2005-12-31": "47.97600"}, "Total Long Term Liabilities": {"2019-12-31": "1245.15800", "2018-12-31": "1037.27600", "2017-12-31": "1117.52400", "2016-12-31": "1071.32800", "2015-12-31": "1210.96300", "2014-12-31": "1349.08500", "2013-12-31": "1370.97600", "2012-12-31": "1162.24800", "2011-12-31": "918.41390", "2010-12-31": "653.97600", "2009-12-31": "590.96500", "2008-12-31": "723.58400", "2007-12-31": "672.16000", "2006-12-31": "537.95700", "2005-12-31": "540.56200"}, "Total Liabilities": {"2019-12-31": "1989.88900", "2018-12-31": "1724.60400", "2017-12-31": "1708.52100", "2016-12-31": "1746.59000", "2015-12-31": "1734.18800", "2014-12-31": "1921.07800", "2013-12-31": "1905.56900", "2012-12-31": "1801.99600", "2011-12-31": "1430.57200", "2010-12-31": "1081.91500", "2009-12-31": "1115.28400", "2008-12-31": "1175.26800", "2007-12-31": "1070.77500", "2006-12-31": "830.08200", "2005-12-31": "762.06500"}, "Common Stock Net": {"2019-12-31": "49.18700", "2018-12-31": "49.18700", "2017-12-31": "49.18700", "2016-12-31": "49.18700", "2015-12-31": "49.19000", "2014-12-31": "49.19000", "2013-12-31": "49.19000", "2012-12-31": "49.19000", "2011-12-31": "48.87900", "2010-12-31": "48.55800", "2009-12-31": "48.21400", "2008-12-31": "47.90300", "2007-12-31": "47.71500", "2006-12-31": "47.53300", "2005-12-31": "25.49300"}, "Retained Earnings (Accumulated Deficit)": {"2019-12-31": "2497.11100", "2018-12-31": "2191.47100", "2017-12-31": "1944.32400", "2016-12-31": "1754.90700", "2015-12-31": "1590.64500", "2014-12-31": "1469.30600", "2013-12-31": "1380.98100", "2012-12-31": "1261.37700", "2011-12-31": "1163.92500", "2010-12-31": "1072.45900", "2009-12-31": "980.59000", "2008-12-31": "899.92800", "2007-12-31": "807.41300", "2006-12-31": "716.03000", "2005-12-31": "667.89200"}, "Comprehensive Income": {"2019-12-31": "-325.27400", "2018-12-31": "-288.44700", "2017-12-31": "-216.84000", "2016-12-31": "-291.75600", "2015-12-31": "-225.92800", "2014-12-31": "-128.41100", "2013-12-31": "25.25900", "2012-12-31": "-55.50800", "2011-12-31": "-65.13100", "2010-12-31": "-2.81300", "2009-12-31": "-19.60500", "2008-12-31": "-72.55100", "2007-12-31": "93.32700", "2006-12-31": "55.80600", "2005-12-31": "20.65500"}, "Other Share Holders Equity": {"2019-12-31": "", "2018-12-31": "", "2017-12-31": "", "2016-12-31": "", "2015-12-31": "", "2014-12-31": "", "2013-12-31": "", "2012-12-31": "", "2011-12-31": "", "2010-12-31": "", "2009-12-31": "", "2008-12-31": "", "2007-12-31": "", "2006-12-31": "", "2005-12-31": ""}, "Share Holder Equity": {"2019-12-31": "1774.37200", "2018-12-31": "1530.78100", "2017-12-31": "1527.80000", "2016-12-31": "1291.19100", "2015-12-31": "1255.42300", "2014-12-31": "1478.43300", "2013-12-31": "1552.70500", "2012-12-31": "1312.59200", "2011-12-31": "1204.97500", "2010-12-31": "1160.10300", "2009-12-31": "1026.75700", "2008-12-31": "866.76200", "2007-12-31": "914.78500", "2006-12-31": "762.07400", "2005-12-31": "638.22000"}, "Total Liabilities And Share Holders Equity": {"2019-12-31": "3764.26100", "2018-12-31": "3255.38500", "2017-12-31": "3236.32100", "2016-12-31": "3037.78100", "2015-12-31": "2989.61100", "2014-12-31": "3399.51100", "2013-12-31": "3458.27400", "2012-12-31": "3114.58800", "2011-12-31": "2635.54700", "2010-12-31": "2242.01800", "2009-12-31": "2142.04100", "2008-12-31": "2042.03000", "2007-12-31": "1985.56000", "2006-12-31": "1592.15600", "2005-12-31": "1400.28500"}}, "balance sheet, quarterly": {"Cash On Hand": {"2020-09-30": "426.82100", "2020-06-30": "155.38300", "2020-03-31": "157.75700", "2019-12-31": "391.03300", "2019-09-30": "297.71200", "2019-06-30": "216.34400", "2019-03-31": "154.42800", "2018-12-31": "276.06600", "2018-09-30": "245.91700", "2018-06-30": "218.89800", "2018-03-31": "396.51800", "2017-12-31": "475.12000", "2017-09-30": "432.19100", "2017-06-30": "342.71100", "2017-03-31": "272.90600", "2016-12-31": "553.84800", "2016-09-30": "452.05300", "2016-06-30": "383.15100", "2016-03-31": "337.26300", "2015-12-31": "288.69700", "2015-09-30": "247.92500", "2015-06-30": "244.98000", "2015-03-31": "215.59400", "2014-12-31": "450.11600", "2014-09-30": "222.47100", "2014-06-30": "194.14000", "2014-03-31": "127.96700", "2013-12-31": "175.29400", "2013-09-30": "171.36200", "2013-06-30": "143.04300", "2013-03-31": "118.79700", "2012-12-31": "112.02300", "2012-09-30": "239.54600", "2012-06-30": "213.08100", "2012-03-31": "231.06400", "2011-12-31": "194.38700", "2011-09-30": "54.98200", "2011-06-30": "63.08800", "2011-03-31": "51.96600", "2010-12-31": "68.11900", "2010-09-30": "83.91300", "2010-06-30": "71.74400", "2010-03-31": "79.70300", "2009-12-31": "65.01000", "2009-09-30": "72.49900", "2009-06-30": "59.20900", "2009-03-31": "64.40500", "2008-12-31": "60.70500", "2008-09-30": "77.27400", "2008-06-30": "85.16400", "2008-03-31": "64.73200", "2007-12-31": "66.52000", "2007-09-30": "59.34700", "2007-06-30": "66.77700", "2007-03-31": "100.58000", "2006-12-31": "124.51700", "2006-09-30": "47.37700", "2006-06-30": "43.13600", "2006-03-31": "39.72800", "2005-12-31": "59.02100", "2005-09-30": "47.68500", "2005-06-30": "47.98300", "2005-03-31": "41.78300"}, "Receivables": {"2020-09-30": "634.94400", "2020-06-30": "598.34000", "2020-03-31": "630.62600", "2019-12-31": "632.19400", "2019-09-30": "644.15000", "2019-06-30": "636.05800", "2019-03-31": "591.56200", "2018-12-31": "593.75500", "2018-09-30": "615.39800", "2018-06-30": "575.14200", "2018-03-31": "518.78400", "2017-12-31": "494.92300", "2017-09-30": "515.96600", "2017-06-30": "502.21600", "2017-03-31": "476.50600", "2016-12-31": "463.06200", "2016-09-30": "462.00400", "2016-06-30": "477.01800", "2016-03-31": "481.76800", "2015-12-31": "566.28900", "2015-09-30": "538.78100", "2015-06-30": "599.10600", "2015-03-31": "496.01900", "2014-12-31": "495.48000", "2014-09-30": "539.63800", "2014-06-30": "621.41500", "2014-03-31": "618.41800", "2013-12-31": "603.59200", "2013-09-30": "567.25900", "2013-06-30": "580.26000", "2013-03-31": "593.23200", "2012-12-31": "578.31300", "2012-09-30": "531.54100", "2012-06-30": "556.19400", "2012-03-31": "581.99100", "2011-12-31": "543.00900", "2011-09-30": "550.99700", "2011-06-30": "501.86800", "2011-03-31": "500.21200", "2010-12-31": "461.63200", "2010-09-30": "472.68000", "2010-06-30": "452.82200", "2010-03-31": "421.11700", "2009-12-31": "404.53900", "2009-09-30": "399.54700", "2009-06-30": "397.53500", "2009-03-31": "383.75700", "2008-12-31": "395.65900", "2008-09-30": "387.10100", "2008-06-30": "377.06900", "2008-03-31": "376.51700", "2007-12-31": "392.91800", "2007-09-30": "369.83800", "2007-06-30": "332.10700", "2007-03-31": "291.45400", "2006-12-31": "284.77400", "2006-09-30": "280.70500", "2006-06-30": "268.83400", "2006-03-31": "258.45600", "2005-12-31": "244.68900", "2005-09-30": "245.43700", "2005-06-30": "243.13800", "2005-03-31": "251.91700"}, "Inventory": {"2020-09-30": "460.58500", "2020-06-30": "461.90200", "2020-03-31": "449.25400", "2019-12-31": "424.83500", "2019-09-30": "430.08600", "2019-06-30": "436.19000", "2019-03-31": "447.02200", "2018-12-31": "423.42600", "2018-09-30": "429.26700", "2018-06-30": "436.25000", "2018-03-31": "386.78700", "2017-12-31": "378.86600", "2017-09-30": "397.27000", "2017-06-30": "396.24500", "2017-03-31": "395.18300", "2016-12-31": "366.97400", "2016-09-30": "399.63800", "2016-06-30": "397.56200", "2016-03-31": "403.02700", "2015-12-31": "379.59100", "2015-09-30": "406.60600", "2015-06-30": "400.67000", "2015-03-31": "390.18800", "2014-12-31": "388.67000", "2014-09-30": "403.92400", "2014-06-30": "465.88600", "2014-03-31": "467.70800", "2013-12-31": "452.08700", "2013-09-30": "456.88400", "2013-06-30": "436.29100", "2013-03-31": "427.42400", "2012-12-31": "397.47100", "2012-09-30": "355.38300", "2012-06-30": "354.48300", "2012-03-31": "342.74100", "2011-12-31": "313.04500", "2011-09-30": "328.95400", "2011-06-30": "332.70600", "2011-03-31": "308.70900", "2010-12-31": "281.10300", "2010-09-30": "301.72000", "2010-06-30": "296.11600", "2010-03-31": "299.03100", "2009-12-31": "285.60800", "2009-09-30": "308.18100", "2009-06-30": "305.39400", "2009-03-31": "300.57900", "2008-12-31": "281.50800", "2008-09-30": "283.03400", "2008-06-30": "275.68800", "2008-03-31": "268.90700", "2007-12-31": "241.72800", "2007-09-30": "251.00500", "2007-06-30": "207.58400", "2007-03-31": "176.63500", "2006-12-31": "161.52800", "2006-09-30": "178.98300", "2006-06-30": "177.41800", "2006-03-31": "166.93000", "2005-12-31": "146.29700", "2005-09-30": "147.86200", "2005-06-30": "137.37000", "2005-03-31": "128.14400"}, "Pre-Paid Expenses": {"2020-09-30": "", "2020-06-30": "", "2020-03-31": "", "2019-12-31": "", "2019-09-30": "", "2019-06-30": "", "2019-03-31": "", "2018-12-31": "", "2018-09-30": "", "2018-06-30": "", "2018-03-31": "", "2017-12-31": "", "2017-09-30": "", "2017-06-30": "", "2017-03-31": "", "2016-12-31": "", "2016-09-30": "", "2016-06-30": "", "2016-03-31": "", "2015-12-31": "", "2015-09-30": "", "2015-06-30": "", "2015-03-31": "", "2014-12-31": "", "2014-09-30": "", "2014-06-30": "", "2014-03-31": "", "2013-12-31": "", "2013-09-30": "", "2013-06-30": "", "2013-03-31": "", "2012-12-31": "", "2012-09-30": "", "2012-06-30": "", "2012-03-31": "", "2011-12-31": "", "2011-09-30": "", "2011-06-30": "", "2011-03-31": "", "2010-12-31": "", "2010-09-30": "", "2010-06-30": "", "2010-03-31": "", "2009-12-31": "", "2009-09-30": "", "2009-06-30": "", "2009-03-31": "", "2008-12-31": "", "2008-09-30": "", "2008-06-30": "", "2008-03-31": "", "2007-12-31": "", "2007-09-30": "", "2007-06-30": "", "2007-03-31": "", "2006-12-31": "", "2006-09-30": "", "2006-06-30": "", "2006-03-31": "", "2005-12-31": "", "2005-09-30": "", "2005-06-30": "", "2005-03-31": ""}, "Other Current Assets": {"2020-09-30": "58.40300", "2020-06-30": "51.58400", "2020-03-31": "45.29800", "2019-12-31": "81.72900", "2019-09-30": "44.33800", "2019-06-30": "48.06000", "2019-03-31": "45.72700", "2018-12-31": "50.71900", "2018-09-30": "55.75200", "2018-06-30": "53.95300", "2018-03-31": "50.68800", "2017-12-31": "52.95100", "2017-09-30": "43.85200", "2017-06-30": "45.93200", "2017-03-31": "45.51400", "2016-12-31": "30.92700", "2016-09-30": "49.43800", "2016-06-30": "52.56100", "2016-03-31": "38.14600", "2015-12-31": "40.30600", "2015-09-30": "30.57400", "2015-06-30": "46.73500", "2015-03-31": "193.09400", "2014-12-31": "192.49800", "2014-09-30": "397.94200", "2014-06-30": "79.85200", "2014-03-31": "56.87200", "2013-12-31": "58.66000", "2013-09-30": "50.35200", "2013-06-30": "46.02700", "2013-03-31": "43.49400", "2012-12-31": "37.19400", "2012-09-30": "49.66000", "2012-06-30": "35.64700", "2012-03-31": "39.73800", "2011-12-31": "45.95500", "2011-09-30": "30.26900", "2011-06-30": "37.18600", "2011-03-31": "33.10200", "2010-12-31": "40.60500", "2010-09-30": "39.45800", "2010-06-30": "38.58800", "2010-03-31": "30.72000", "2009-12-31": "33.56700", "2009-09-30": "41.66300", "2009-06-30": "35.65500", "2009-03-31": "25.54800", "2008-12-31": "26.83300", "2008-09-30": "33.09600", "2008-06-30": "29.07100", "2008-03-31": "21.34600", "2007-12-31": "26.80700", "2007-09-30": "21.77900", "2007-06-30": "22.08600", "2007-03-31": "22.29500", "2006-12-31": "19.34100", "2006-09-30": "13.07600", "2006-06-30": "13.00600", "2006-03-31": "12.16600", "2005-12-31": "11.61500", "2005-09-30": "9.92200", "2005-06-30": "10.41600", "2005-03-31": "11.92300"}, "Total Current Assets": {"2020-09-30": "1580.75300", "2020-06-30": "1267.20900", "2020-03-31": "1282.93500", "2019-12-31": "1529.79100", "2019-09-30": "1416.28600", "2019-06-30": "1336.65200", "2019-03-31": "1238.73900", "2018-12-31": "1343.96600", "2018-09-30": "1346.33400", "2018-06-30": "1284.24300", "2018-03-31": "1352.77700", "2017-12-31": "1401.86000", "2017-09-30": "1389.27900", "2017-06-30": "1287.10400", "2017-03-31": "1190.10900", "2016-12-31": "1414.81100", "2016-09-30": "1363.13300", "2016-06-30": "1310.29200", "2016-03-31": "1260.20400", "2015-12-31": "1274.88300", "2015-09-30": "1266.58900", "2015-06-30": "1334.64700", "2015-03-31": "1340.84800", "2014-12-31": "1571.07500", "2014-09-30": "1610.68200", "2014-06-30": "1409.56500", "2014-03-31": "1320.80600", "2013-12-31": "1337.28300", "2013-09-30": "1295.22900", "2013-06-30": "1255.69300", "2013-03-31": "1232.85600", "2012-12-31": "1175.76100", "2012-09-30": "1226.09700", "2012-06-30": "1213.55900", "2012-03-31": "1249.41100", "2011-12-31": "1150.67100", "2011-09-30": "1019.42400", "2011-06-30": "985.00000", "2011-03-31": "943.17700", "2010-12-31": "900.02700", "2010-09-30": "944.92800", "2010-06-30": "906.61700", "2010-03-31": "878.79800", "2009-12-31": "837.50100", "2009-09-30": "860.27500", "2009-06-30": "835.13400", "2009-03-31": "811.59200", "2008-12-31": "802.01900", "2008-09-30": "808.81400", "2008-06-30": "795.48900", "2008-03-31": "760.49400", "2007-12-31": "758.18100", "2007-09-30": "728.83200", "2007-06-30": "653.38800", "2007-03-31": "615.66000", "2006-12-31": "622.64500", "2006-09-30": "541.40900", "2006-06-30": "525.41900", "2006-03-31": "500.18500", "2005-12-31": "490.46600", "2005-09-30": "477.06300", "2005-06-30": "465.03000", "2005-03-31": "457.46600"}, "Property, Plant, And Equipment": {"2020-09-30": "379.85900", "2020-06-30": "381.22600", "2020-03-31": "384.17500", "2019-12-31": "385.59300", "2019-09-30": "373.71800", "2019-06-30": "375.58200", "2019-03-31": "375.29600", "2018-12-31": "374.66000", "2018-09-30": "369.99600", "2018-06-30": "374.99500", "2018-03-31": "385.28700", "2017-12-31": "390.23500", "2017-09-30": "387.69900", "2017-06-30": "390.52000", "2017-03-31": "389.25000", "2016-12-31": "388.90300", "2016-09-30": "387.45800", "2016-06-30": "393.90900", "2016-03-31": "407.11400", "2015-12-31": "413.64400", "2015-09-30": "422.25100", "2015-06-30": "433.74700", "2015-03-31": "439.30500", "2014-12-31": "458.91900", "2014-09-30": "464.68300", "2014-06-30": "506.35000", "2014-03-31": "515.81100", "2013-12-31": "515.71800", "2013-09-30": "504.41300", "2013-06-30": "493.40000", "2013-03-31": "495.63100", "2012-12-31": "489.59300", "2012-09-30": "438.59700", "2012-06-30": "436.76300", "2012-03-31": "440.54500", "2011-12-31": "442.72800", "2011-09-30": "430.28300", "2011-06-30": "424.21400", "2011-03-31": "406.90600", "2010-12-31": "397.28000", "2010-09-30": "395.37000", "2010-06-30": "388.05300", "2010-03-31": "394.26900", "2009-12-31": "401.14900", "2009-09-30": "400.27100", "2009-06-30": "389.92700", "2009-03-31": "374.25800", "2008-12-31": "364.03200", "2008-09-30": "353.24000", "2008-06-30": "351.06400", "2008-03-31": "340.19800", "2007-12-31": "329.65700", "2007-09-30": "320.81800", "2007-06-30": "306.25700", "2007-03-31": "298.72000", "2006-12-31": "296.65200", "2006-09-30": "290.08000", "2006-06-30": "289.33400", "2006-03-31": "273.63600", "2005-12-31": "274.82100", "2005-09-30": "268.22400", "2005-06-30": "267.61900", "2005-03-31": "269.23500"}, "Long-Term Investments": {"2020-09-30": "", "2020-06-30": "", "2020-03-31": "", "2019-12-31": "", "2019-09-30": "", "2019-06-30": "", "2019-03-31": "", "2018-12-31": "", "2018-09-30": "", "2018-06-30": "", "2018-03-31": "", "2017-12-31": "", "2017-09-30": "", "2017-06-30": "", "2017-03-31": "", "2016-12-31": "", "2016-09-30": "", "2016-06-30": "", "2016-03-31": "", "2015-12-31": "", "2015-09-30": "", "2015-06-30": "", "2015-03-31": "", "2014-12-31": "", "2014-09-30": "", "2014-06-30": "", "2014-03-31": "", "2013-12-31": "", "2013-09-30": "", "2013-06-30": "", "2013-03-31": "", "2012-12-31": "", "2012-09-30": "", "2012-06-30": "", "2012-03-31": "", "2011-12-31": "", "2011-09-30": "", "2011-06-30": "", "2011-03-31": "", "2010-12-31": "", "2010-09-30": "", "2010-06-30": "", "2010-03-31": "", "2009-12-31": "", "2009-09-30": "", "2009-06-30": "", "2009-03-31": "", "2008-12-31": "", "2008-09-30": "", "2008-06-30": "", "2008-03-31": "", "2007-12-31": "", "2007-09-30": "", "2007-06-30": "", "2007-03-31": "", "2006-12-31": "", "2006-09-30": "", "2006-06-30": "", "2006-03-31": "", "2005-12-31": "", "2005-09-30": "", "2005-06-30": "", "2005-03-31": ""}, "Goodwill And Intangible Assets": {"2020-09-30": "1684.74500", "2020-06-30": "1686.40200", "2020-03-31": "1662.78200", "2019-12-31": "1646.58700", "2019-09-30": "1525.25400", "2019-06-30": "1546.29800", "2019-03-31": "1556.08300", "2018-12-31": "1517.59900", "2018-09-30": "1539.56300", "2018-06-30": "1552.65800", "2018-03-31": "1422.30600", "2017-12-31": "1425.99700", "2017-09-30": "1428.73800", "2017-06-30": "1428.93500", "2017-03-31": "1424.02100", "2016-12-31": "1222.51800", "2016-09-30": "1248.11600", "2016-06-30": "1260.34800", "2016-03-31": "1284.62700", "2015-12-31": "1283.36900", "2015-09-30": "1301.26400", "2015-06-30": "1325.27500", "2015-03-31": "1321.00300", "2014-12-31": "1347.73300", "2014-09-30": "1355.63100", "2014-06-30": "1564.69800", "2014-03-31": "1596.57200", "2013-12-31": "1581.80800", "2013-09-30": "1473.50000", "2013-06-30": "1464.43200", "2013-03-31": "1481.26300", "2012-12-31": "1432.32100", "2012-09-30": "1015.43900", "2012-06-30": "1011.35700", "2012-03-31": "1021.80400", "2011-12-31": "1020.89000", "2011-09-30": "990.36400", "2011-06-30": "957.29400", "2011-03-31": "944.79200", "2010-12-31": "933.76900", "2010-09-30": "934.53100", "2010-06-30": "923.92400", "2010-03-31": "901.13200", "2009-12-31": "890.95800", "2009-09-30": "878.60700", "2009-06-30": "876.53800", "2009-03-31": "860.67000", "2008-12-31": "843.49400", "2008-09-30": "789.95900", "2008-06-30": "801.27500", "2008-03-31": "808.95610", "2007-12-31": "811.26100", "2007-09-30": "813.55500", "2007-06-30": "702.38500", "2007-03-31": "569.69800", "2006-12-31": "569.18100", "2006-09-30": "571.48000", "2006-06-30": "567.37500", "2006-03-31": "545.85300", "2005-12-31": "546.42500", "2005-09-30": "549.33000", "2005-06-30": "540.24300", "2005-03-31": "548.11200"}, "Other Long-Term Assets": {"2020-09-30": "29.80500", "2020-06-30": "26.61300", "2020-03-31": "22.82000", "2019-12-31": "36.80000", "2019-09-30": "32.76500", "2019-06-30": "32.91800", "2019-03-31": "20.15900", "2018-12-31": "19.16000", "2018-09-30": "20.17800", "2018-06-30": "18.29200", "2018-03-31": "18.68900", "2017-12-31": "18.22900", "2017-09-30": "15.50800", "2017-06-30": "14.71500", "2017-03-31": "14.49300", "2016-12-31": "11.54900", "2016-09-30": "15.27700", "2016-06-30": "14.63100", "2016-03-31": "11.70700", "2015-12-31": "17.71500", "2015-09-30": "24.59700", "2015-06-30": "18.94200", "2015-03-31": "24.24300", "2014-12-31": "21.78400", "2014-09-30": "22.82700", "2014-06-30": "26.02200", "2014-03-31": "25.44600", "2013-12-31": "23.46500", "2013-09-30": "14.79600", "2013-06-30": "13.18200", "2013-03-31": "14.64600", "2012-12-31": "16.91300", "2012-09-30": "12.77600", "2012-06-30": "10.54600", "2012-03-31": "9.35000", "2011-12-31": "9.12100", "2011-09-30": "10.17400", "2011-06-30": "10.78300", "2011-03-31": "10.16200", "2010-12-31": "9.90900", "2010-09-30": "10.65100", "2010-06-30": "13.31600", "2010-03-31": "10.90400", "2009-12-31": "10.43900", "2009-09-30": "10.37200", "2009-06-30": "10.17700", "2009-03-31": "10.09700", "2008-12-31": "9.35700", "2008-09-30": "11.50000", "2008-06-30": "12.10900", "2008-03-31": "11.73300", "2007-12-31": "11.98800", "2007-09-30": "15.18400", "2007-06-30": "14.03300", "2007-03-31": "11.66700", "2006-12-31": "11.41600", "2006-09-30": "12.11000", "2006-06-30": "12.42600", "2006-03-31": "12.72400", "2005-12-31": "12.57100", "2005-09-30": "14.22600", "2005-06-30": "17.54200", "2005-03-31": "14.56500"}, "Total Long-Term Assets": {"2020-09-30": "2379.02700", "2020-06-30": "2375.46200", "2020-03-31": "2348.45900", "2019-12-31": "2234.47000", "2019-09-30": "2066.02300", "2019-06-30": "2089.98800", "2019-03-31": "2090.06300", "2018-12-31": "1911.41900", "2018-09-30": "1929.73700", "2018-06-30": "1945.94500", "2018-03-31": "1826.28200", "2017-12-31": "1834.46100", "2017-09-30": "1831.94500", "2017-06-30": "1834.17000", "2017-03-31": "1827.76400", "2016-12-31": "1622.97000", "2016-09-30": "1650.85100", "2016-06-30": "1668.88800", "2016-03-31": "1703.44800", "2015-12-31": "1714.72800", "2015-09-30": "1748.11200", "2015-06-30": "1777.96400", "2015-03-31": "1784.55100", "2014-12-31": "1828.43600", "2014-09-30": "1843.14100", "2014-06-30": "2097.07000", "2014-03-31": "2137.82900", "2013-12-31": "2120.99100", "2013-09-30": "1993.93700", "2013-06-30": "1973.24800", "2013-03-31": "1993.81800", "2012-12-31": "1938.82700", "2012-09-30": "1479.60800", "2012-06-30": "1469.08000", "2012-03-31": "1484.31400", "2011-12-31": "1484.87600", "2011-09-30": "1431.96800", "2011-06-30": "1393.16500", "2011-03-31": "1362.93600", "2010-12-31": "1341.99100", "2010-09-30": "1341.68000", "2010-06-30": "1327.38400", "2010-03-31": "1308.04900", "2009-12-31": "1304.54000", "2009-09-30": "1305.60500", "2009-06-30": "1293.64000", "2009-03-31": "1266.31000", "2008-12-31": "1240.01100", "2008-09-30": "1218.47000", "2008-06-30": "1230.14200", "2008-03-31": "1229.46400", "2007-12-31": "1227.37900", "2007-09-30": "1205.67000", "2007-06-30": "1079.32100", "2007-03-31": "940.11600", "2006-12-31": "969.51100", "2006-09-30": "945.79090", "2006-06-30": "941.65100", "2006-03-31": "906.97100", "2005-12-31": "909.81900", "2005-09-30": "908.11900", "2005-06-30": "902.26890", "2005-03-31": "909.22500"}, "Total Assets": {"2020-09-30": "3959.78000", "2020-06-30": "3642.67100", "2020-03-31": "3631.39400", "2019-12-31": "3764.26100", "2019-09-30": "3482.30900", "2019-06-30": "3426.64000", "2019-03-31": "3328.80200", "2018-12-31": "3255.38500", "2018-09-30": "3276.07100", "2018-06-30": "3230.18800", "2018-03-31": "3179.05900", "2017-12-31": "3236.32100", "2017-09-30": "3221.22400", "2017-06-30": "3121.27400", "2017-03-31": "3017.87300", "2016-12-31": "3037.78100", "2016-09-30": "3013.98400", "2016-06-30": "2979.18000", "2016-03-31": "2963.65200", "2015-12-31": "2989.61100", "2015-09-30": "3014.70100", "2015-06-30": "3112.61100", "2015-03-31": "3125.39900", "2014-12-31": "3399.51100", "2014-09-30": "3453.82300", "2014-06-30": "3506.63500", "2014-03-31": "3458.63500", "2013-12-31": "3458.27400", "2013-09-30": "3289.16600", "2013-06-30": "3228.94100", "2013-03-31": "3226.67400", "2012-12-31": "3114.58800", "2012-09-30": "2705.70500", "2012-06-30": "2682.63900", "2012-03-31": "2733.72500", "2011-12-31": "2635.54700", "2011-09-30": "2451.39200", "2011-06-30": "2378.16500", "2011-03-31": "2306.11300", "2010-12-31": "2242.01800", "2010-09-30": "2286.60800", "2010-06-30": "2234.00100", "2010-03-31": "2186.84700", "2009-12-31": "2142.04100", "2009-09-30": "2165.88000", "2009-06-30": "2128.77400", "2009-03-31": "2077.90200", "2008-12-31": "2042.03000", "2008-09-30": "2027.28400", "2008-06-30": "2025.63100", "2008-03-31": "1989.95800", "2007-12-31": "1985.56000", "2007-09-30": "1934.50200", "2007-06-30": "1732.70900", "2007-03-31": "1555.77600", "2006-12-31": "1592.15600", "2006-09-30": "1487.20000", "2006-06-30": "1467.07000", "2006-03-31": "1407.15600", "2005-12-31": "1400.28500", "2005-09-30": "1385.18200", "2005-06-30": "1367.29900", "2005-03-31": "1366.69100"}, "Total Current Liabilities": {"2020-09-30": "665.83400", "2020-06-30": "661.97800", "2020-03-31": "629.05700", "2019-12-31": "744.73100", "2019-09-30": "648.10500", "2019-06-30": "637.86900", "2019-03-31": "603.26800", "2018-12-31": "687.32800", "2018-09-30": "597.44200", "2018-06-30": "595.68400", "2018-03-31": "541.28500", "2017-12-31": "590.99700", "2017-09-30": "669.23800", "2017-06-30": "653.79100", "2017-03-31": "624.81700", "2016-12-31": "675.26200", "2016-09-30": "488.01500", "2016-06-30": "482.31800", "2016-03-31": "457.17900", "2015-12-31": "523.22500", "2015-09-30": "458.55600", "2015-06-30": "465.14100", "2015-03-31": "483.34100", "2014-12-31": "571.99300", "2014-09-30": "576.08000", "2014-06-30": "546.66400", "2014-03-31": "499.62500", "2013-12-31": "534.59300", "2013-09-30": "501.59100", "2013-06-30": "609.28400", "2013-03-31": "619.92400", "2012-12-31": "639.74800", "2012-09-30": "615.09800", "2012-06-30": "470.18700", "2012-03-31": "521.20700", "2011-12-31": "512.15800", "2011-09-30": "666.49300", "2011-06-30": "419.20300", "2011-03-31": "403.98800", "2010-12-31": "427.93900", "2010-09-30": "401.82100", "2010-06-30": "487.72600", "2010-03-31": "484.51500", "2009-12-31": "524.31900", "2009-09-30": "490.59700", "2009-06-30": "407.21400", "2009-03-31": "385.29500", "2008-12-31": "451.68400", "2008-09-30": "385.57800", "2008-06-30": "392.63200", "2008-03-31": "348.65900", "2007-12-31": "398.61500", "2007-09-30": "343.37400", "2007-06-30": "355.72200", "2007-03-31": "266.24800", "2006-12-31": "292.12500", "2006-09-30": "213.22400", "2006-06-30": "209.04700", "2006-03-31": "194.91500", "2005-12-31": "221.50300", "2005-09-30": "186.35000", "2005-06-30": "191.94900", "2005-03-31": "181.75700"}, "Long Term Debt": {"2020-09-30": "1058.70700", "2020-06-30": "834.80200", "2020-03-31": "906.22000", "2019-12-31": "760.63900", "2019-09-30": "761.05700", "2019-06-30": "761.47600", "2019-03-31": "761.89400", "2018-12-31": "762.31300", "2018-09-30": "812.73100", "2018-06-30": "813.15000", "2018-03-31": "813.57600", "2017-12-31": "813.98900", "2017-09-30": "814.40000", "2017-06-30": "814.81000", "2017-03-31": "815.22000", "2016-12-31": "815.63000", "2016-09-30": "966.04000", "2016-06-30": "966.45100", "2016-03-31": "966.86100", "2015-12-31": "951.94600", "2015-09-30": "957.51100", "2015-06-30": "948.95700", "2015-03-31": "965.18900", "2014-12-31": "953.27900", "2014-09-30": "936.00600", "2014-06-30": "933.48900", "2014-03-31": "971.33000", "2013-12-31": "958.60400", "2013-09-30": "918.77800", "2013-06-30": "821.89300", "2013-03-31": "861.52400", "2012-12-31": "751.99000", "2012-09-30": "460.61200", "2012-06-30": "585.66000", "2012-03-31": "571.18600", "2011-12-31": "583.92800", "2011-09-30": "283.95700", "2011-06-30": "458.98600", "2011-03-31": "447.01400", "2010-12-31": "394.04200", "2010-09-30": "524.07100", "2010-06-30": "459.08400", "2010-03-31": "434.09800", "2009-12-31": "384.11200", "2009-09-30": "470.64500", "2009-06-30": "559.44900", "2009-03-31": "609.45500", "2008-12-31": "513.46000", "2008-09-30": "518.46700", "2008-06-30": "508.97200", "2008-03-31": "547.47600", "2007-12-31": "510.98100", "2007-09-30": "571.98600", "2007-06-30": "408.99100", "2007-03-31": "358.99600", "2006-12-31": "359.00000", "2006-09-30": "385.00400", "2006-06-30": "389.01000", "2006-03-31": "377.51300", "2005-12-31": "364.01700", "2005-09-30": "409.06000", "2005-06-30": "402.56100", "2005-03-31": "419.08300"}, "Other Non-Current Liabilities": {"2020-09-30": "115.83500", "2020-06-30": "112.43800", "2020-03-31": "107.36900", "2019-12-31": "120.60100", "2019-09-30": "111.91700", "2019-06-30": "109.94700", "2019-03-31": "105.35200", "2018-12-31": "126.61500", "2018-09-30": "124.61800", "2018-06-30": "123.41700", "2018-03-31": "118.75300", "2017-12-31": "133.13200", "2017-09-30": "103.36500", "2017-06-30": "100.65200", "2017-03-31": "96.42200", "2016-12-31": "98.82500", "2016-09-30": "98.26500", "2016-06-30": "95.55000", "2016-03-31": "92.60100", "2015-12-31": "100.84700", "2015-09-30": "101.59100", "2015-06-30": "112.60600", "2015-03-31": "101.97400", "2014-12-31": "117.56500", "2014-09-30": "126.99400", "2014-06-30": "127.00100", "2014-03-31": "128.82100", "2013-12-31": "149.82400", "2013-09-30": "134.65300", "2013-06-30": "123.93500", "2013-03-31": "99.92300", "2012-12-31": "95.76100", "2012-09-30": "74.85600", "2012-06-30": "72.37100", "2012-03-31": "82.82800", "2011-12-31": "76.71200", "2011-09-30": "72.00100", "2011-06-30": "67.95900", "2011-03-31": "65.33000", "2010-12-31": "66.52800", "2010-09-30": "66.09900", "2010-06-30": "59.31600", "2010-03-31": "56.05900", "2009-12-31": "60.37400", "2009-09-30": "64.34300", "2009-06-30": "65.57000", "2009-03-31": "56.08500", "2008-12-31": "57.51200", "2008-09-30": "56.07400", "2008-06-30": "56.25100", "2008-03-31": "54.33800", "2007-12-31": "59.26200", "2007-09-30": "57.91200", "2007-06-30": "53.29500", "2007-03-31": "51.01300", "2006-12-31": "50.89600", "2006-09-30": "49.77100", "2006-06-30": "48.99900", "2006-03-31": "47.43500", "2005-12-31": "47.97600", "2005-09-30": "49.51500", "2005-06-30": "47.54900", "2005-03-31": "46.84500"}, "Total Long Term Liabilities": {"2020-09-30": "1494.48300", "2020-06-30": "1267.39800", "2020-03-31": "1332.50000", "2019-12-31": "1245.15800", "2019-09-30": "1133.06400", "2019-06-30": "1136.47500", "2019-03-31": "1139.95400", "2018-12-31": "1037.27600", "2018-09-30": "1057.35200", "2018-06-30": "1058.40800", "2018-03-31": "1058.79900", "2017-12-31": "1117.52400", "2017-09-30": "1077.51000", "2017-06-30": "1074.31800", "2017-03-31": "1068.70100", "2016-12-31": "1071.32800", "2016-09-30": "1238.95400", "2016-06-30": "1222.59100", "2016-03-31": "1219.76600", "2015-12-31": "1210.96300", "2015-09-30": "1236.08400", "2015-06-30": "1238.87000", "2015-03-31": "1241.35100", "2014-12-31": "1349.08500", "2014-09-30": "1280.15100", "2014-06-30": "1325.39800", "2014-03-31": "1362.66600", "2013-12-31": "1370.97600", "2013-09-30": "1335.41800", "2013-06-30": "1235.76900", "2013-03-31": "1296.27200", "2012-12-31": "1162.24800", "2012-09-30": "775.83700", "2012-06-30": "914.09190", "2012-03-31": "912.98600", "2011-12-31": "918.41390", "2011-09-30": "543.06200", "2011-06-30": "711.93600", "2011-03-31": "693.98400", "2010-12-31": "653.97600", "2010-09-30": "757.34090", "2010-06-30": "677.59600", "2010-03-31": "638.65300", "2009-12-31": "590.96500", "2009-09-30": "704.38700", "2009-06-30": "785.58390", "2009-03-31": "818.95200", "2008-12-31": "723.58400", "2008-09-30": "673.05400", "2008-06-30": "667.06990", "2008-03-31": "703.19700", "2007-12-31": "672.16000", "2007-09-30": "727.47100", "2007-06-30": "555.14500", "2007-03-31": "502.76000", "2006-12-31": "537.95700", "2006-09-30": "558.97300", "2006-06-30": "565.14400", "2006-03-31": "554.76900", "2005-12-31": "540.56200", "2005-09-30": "581.42000", "2005-06-30": "579.97200", "2005-03-31": "595.17910"}, "Total Liabilities": {"2020-09-30": "2160.31700", "2020-06-30": "1929.37600", "2020-03-31": "1961.55700", "2019-12-31": "1989.88900", "2019-09-30": "1781.16900", "2019-06-30": "1774.34400", "2019-03-31": "1743.22200", "2018-12-31": "1724.60400", "2018-09-30": "1654.79400", "2018-06-30": "1654.09200", "2018-03-31": "1600.08400", "2017-12-31": "1708.52100", "2017-09-30": "1746.74800", "2017-06-30": "1728.10900", "2017-03-31": "1693.51800", "2016-12-31": "1746.59000", "2016-09-30": "1726.96900", "2016-06-30": "1704.90900", "2016-03-31": "1676.94500", "2015-12-31": "1734.18800", "2015-09-30": "1694.64000", "2015-06-30": "1704.01100", "2015-03-31": "1724.69200", "2014-12-31": "1921.07800", "2014-09-30": "1856.23100", "2014-06-30": "1872.06200", "2014-03-31": "1862.29100", "2013-12-31": "1905.56900", "2013-09-30": "1837.00900", "2013-06-30": "1845.05300", "2013-03-31": "1916.19600", "2012-12-31": "1801.99600", "2012-09-30": "1390.93500", "2012-06-30": "1384.27900", "2012-03-31": "1434.19300", "2011-12-31": "1430.57200", "2011-09-30": "1209.55500", "2011-06-30": "1131.13900", "2011-03-31": "1097.97200", "2010-12-31": "1081.91500", "2010-09-30": "1159.16200", "2010-06-30": "1165.32200", "2010-03-31": "1123.16800", "2009-12-31": "1115.28400", "2009-09-30": "1194.98400", "2009-06-30": "1192.79800", "2009-03-31": "1204.24700", "2008-12-31": "1175.26800", "2008-09-30": "1058.63200", "2008-06-30": "1059.70200", "2008-03-31": "1051.85600", "2007-12-31": "1070.77500", "2007-09-30": "1070.84500", "2007-06-30": "910.86700", "2007-03-31": "769.00800", "2006-12-31": "830.08200", "2006-09-30": "772.19700", "2006-06-30": "774.19100", "2006-03-31": "749.68400", "2005-12-31": "762.06500", "2005-09-30": "767.77000", "2005-06-30": "771.92100", "2005-03-31": "776.93600"}, "Common Stock Net": {"2020-09-30": "49.18700", "2020-06-30": "49.18700", "2020-03-31": "49.18700", "2019-12-31": "49.18700", "2019-09-30": "49.18700", "2019-06-30": "49.18700", "2019-03-31": "49.18700", "2018-12-31": "49.18700", "2018-09-30": "49.18700", "2018-06-30": "49.18700", "2018-03-31": "49.18700", "2017-12-31": "49.18700", "2017-09-30": "49.18700", "2017-06-30": "49.18700", "2017-03-31": "49.18700", "2016-12-31": "49.18700", "2016-09-30": "49.18700", "2016-06-30": "49.18700", "2016-03-31": "49.18700", "2015-12-31": "49.19000", "2015-09-30": "49.19000", "2015-06-30": "49.19000", "2015-03-31": "49.19000", "2014-12-31": "49.19000", "2014-09-30": "49.19000", "2014-06-30": "49.19000", "2014-03-31": "49.19000", "2013-12-31": "49.19000", "2013-09-30": "49.19000", "2013-06-30": "49.34100", "2013-03-31": "49.34100", "2012-12-31": "49.19000", "2012-09-30": "49.19000", "2012-06-30": "49.02100", "2012-03-31": "49.02100", "2011-12-31": "48.87900", "2011-09-30": "48.87900", "2011-06-30": "48.71700", "2011-03-31": "48.71700", "2010-12-31": "48.55800", "2010-09-30": "48.55800", "2010-06-30": "48.39400", "2010-03-31": "48.39400", "2009-12-31": "48.21400", "2009-09-30": "48.21400", "2009-06-30": "48.04200", "2009-03-31": "48.04200", "2008-12-31": "47.90300", "2008-09-30": "47.90300", "2008-06-30": "47.79800", "2008-03-31": "47.79800", "2007-12-31": "47.71500", "2007-09-30": "47.71500", "2007-06-30": "47.62600", "2007-03-31": "47.62600", "2006-12-31": "47.53300", "2006-09-30": "47.53300", "2006-06-30": "47.43500", "2006-03-31": "25.54200", "2005-12-31": "25.49300", "2005-09-30": "25.49300", "2005-06-30": "25.44700", "2005-03-31": "25.44700"}, "Retained Earnings (Accumulated Deficit)": {"2020-09-30": "2623.28900", "2020-06-30": "2565.72700", "2020-03-31": "2541.77700", "2019-12-31": "2497.11100", "2019-09-30": "2414.95600", "2019-06-30": "2339.70300", "2019-03-31": "2266.90200", "2018-12-31": "2191.47100", "2018-09-30": "2115.16600", "2018-06-30": "2047.25000", "2018-03-31": "1979.05100", "2017-12-31": "1944.32400", "2017-09-30": "1883.18500", "2017-06-30": "1825.69700", "2017-03-31": "1780.57000", "2016-12-31": "1754.90700", "2016-09-30": "1692.02600", "2016-06-30": "1651.85100", "2016-03-31": "1617.65900", "2015-12-31": "1590.64500", "2015-09-30": "1526.67800", "2015-06-30": "1498.74200", "2015-03-31": "1479.10700", "2014-12-31": "1469.30600", "2014-09-30": "1458.78200", "2014-06-30": "1440.00000", "2014-03-31": "1409.85900", "2013-12-31": "1380.98100", "2013-09-30": "1338.42100", "2013-06-30": "1306.79000", "2013-03-31": "1278.10800", "2012-12-31": "1261.37700", "2012-09-30": "1227.19100", "2012-06-30": "1244.07300", "2012-03-31": "1225.54400", "2011-12-31": "1163.92500", "2011-09-30": "1151.95700", "2011-06-30": "1121.34000", "2011-03-31": "1093.25800", "2010-12-31": "1072.45900", "2010-09-30": "1039.56300", "2010-06-30": "1015.47800", "2010-03-31": "993.25200", "2009-12-31": "980.59000", "2009-09-30": "949.38800", "2009-06-30": "932.93400", "2009-03-31": "912.10900", "2008-12-31": "899.92800", "2008-09-30": "870.51500", "2008-06-30": "846.60000", "2008-03-31": "823.10600", "2007-12-31": "807.41300", "2007-09-30": "772.71000", "2007-06-30": "751.09900", "2007-03-31": "732.64800", "2006-12-31": "716.03000", "2006-09-30": "691.82300", "2006-06-30": "674.10900", "2006-03-31": "677.54000", "2005-12-31": "667.89200", "2005-09-30": "645.19500", "2005-06-30": "629.63600", "2005-03-31": "613.64900"}, "Comprehensive Income": {"2020-09-30": "-310.89100", "2020-06-30": "-342.68100", "2020-03-31": "-370.86800", "2019-12-31": "-325.27400", "2019-09-30": "-325.91300", "2019-06-30": "-302.49000", "2019-03-31": "-304.77900", "2018-12-31": "-288.44700", "2018-09-30": "-238.28800", "2018-06-30": "-239.51600", "2018-03-31": "-198.80700", "2017-12-31": "-216.84000", "2017-09-30": "-217.48800", "2017-06-30": "-244.16100", "2017-03-31": "-278.58100", "2016-12-31": "-291.75600", "2016-09-30": "-248.06900", "2016-06-30": "-237.33700", "2016-03-31": "-207.21100", "2015-12-31": "-225.92800", "2015-09-30": "-185.01500", "2015-06-30": "-148.23400", "2015-03-31": "-182.48100", "2014-12-31": "-128.41100", "2014-09-30": "-12.00800", "2014-06-30": "34.77900", "2014-03-31": "16.12800", "2013-12-31": "25.25900", "2013-09-30": "-21.70300", "2013-06-30": "-41.60700", "2013-03-31": "-84.52700", "2012-12-31": "-55.50800", "2012-09-30": "-36.27400", "2012-06-30": "-61.57600", "2012-03-31": "-43.90800", "2011-12-31": "-65.13100", "2011-09-30": "-19.67000", "2011-06-30": "23.41900", "2011-03-31": "15.35200", "2010-12-31": "-2.81300", "2010-09-30": "4.01800", "2010-06-30": "-23.58200", "2010-03-31": "-3.17200", "2009-12-31": "-19.60500", "2009-09-30": "-38.13500", "2009-06-30": "-48.33700", "2009-03-31": "-85.35000", "2008-12-31": "-72.55100", "2008-09-30": "64.23500", "2008-06-30": "95.22500", "2008-03-31": "94.42100", "2007-12-31": "93.32700", "2007-09-30": "83.98500", "2007-06-30": "70.11500", "2007-03-31": "56.87200", "2006-12-31": "55.80600", "2006-09-30": "37.32200", "2006-06-30": "36.84900", "2006-03-31": "22.10900", "2005-12-31": "20.65500", "2005-09-30": "23.21800", "2005-06-30": "21.31100", "2005-03-31": "33.00400"}, "Other Share Holders Equity": {"2020-09-30": "", "2020-06-30": "", "2020-03-31": "", "2019-12-31": "", "2019-09-30": "", "2019-06-30": "", "2019-03-31": "", "2018-12-31": "", "2018-09-30": "", "2018-06-30": "", "2018-03-31": "", "2017-12-31": "", "2017-09-30": "", "2017-06-30": "", "2017-03-31": "", "2016-12-31": "", "2016-09-30": "", "2016-06-30": "", "2016-03-31": "", "2015-12-31": "", "2015-09-30": "", "2015-06-30": "", "2015-03-31": "", "2014-12-31": "", "2014-09-30": "", "2014-06-30": "", "2014-03-31": "", "2013-12-31": "", "2013-09-30": "", "2013-06-30": "", "2013-03-31": "", "2012-12-31": "", "2012-09-30": "", "2012-06-30": "", "2012-03-31": "", "2011-12-31": "", "2011-09-30": "", "2011-06-30": "", "2011-03-31": "", "2010-12-31": "", "2010-09-30": "", "2010-06-30": "", "2010-03-31": "", "2009-12-31": "", "2009-09-30": "", "2009-06-30": "", "2009-03-31": "", "2008-12-31": "", "2008-09-30": "", "2008-06-30": "", "2008-03-31": "", "2007-12-31": "", "2007-09-30": "", "2007-06-30": "", "2007-03-31": "", "2006-12-31": "", "2006-09-30": "-0.06600", "2006-06-30": "", "2006-03-31": "", "2005-12-31": "", "2005-09-30": "-0.01700", "2005-06-30": "-0.02300", "2005-03-31": "-0.02800"}, "Share Holder Equity": {"2020-09-30": "1799.46300", "2020-06-30": "1713.29500", "2020-03-31": "1669.83700", "2019-12-31": "1774.37200", "2019-09-30": "1701.14000", "2019-06-30": "1652.29600", "2019-03-31": "1585.58000", "2018-12-31": "1530.78100", "2018-09-30": "1621.27700", "2018-06-30": "1576.09600", "2018-03-31": "1578.97500", "2017-12-31": "1527.80000", "2017-09-30": "1474.47600", "2017-06-30": "1393.16500", "2017-03-31": "1324.35500", "2016-12-31": "1291.19100", "2016-09-30": "1287.01500", "2016-06-30": "1274.27100", "2016-03-31": "1286.70700", "2015-12-31": "1255.42300", "2015-09-30": "1320.06100", "2015-06-30": "1408.60000", "2015-03-31": "1400.70700", "2014-12-31": "1478.43300", "2014-09-30": "1597.59200", "2014-06-30": "1634.57300", "2014-03-31": "1596.34400", "2013-12-31": "1552.70500", "2013-09-30": "1452.15700", "2013-06-30": "1383.88800", "2013-03-31": "1310.47800", "2012-12-31": "1312.59200", "2012-09-30": "1314.77000", "2012-06-30": "1298.36000", "2012-03-31": "1299.53200", "2011-12-31": "1204.97500", "2011-09-30": "1241.83700", "2011-06-30": "1247.02600", "2011-03-31": "1208.14100", "2010-12-31": "1160.10300", "2010-09-30": "1127.44600", "2010-06-30": "1068.67900", "2010-03-31": "1063.67900", "2009-12-31": "1026.75700", "2009-09-30": "970.89600", "2009-06-30": "935.97600", "2009-03-31": "873.65500", "2008-12-31": "866.76200", "2008-09-30": "968.65200", "2008-06-30": "965.92900", "2008-03-31": "938.10200", "2007-12-31": "914.78500", "2007-09-30": "863.65700", "2007-06-30": "821.84200", "2007-03-31": "786.76800", "2006-12-31": "762.07400", "2006-09-30": "715.00300", "2006-06-30": "692.87900", "2006-03-31": "657.47200", "2005-12-31": "638.22000", "2005-09-30": "617.41200", "2005-06-30": "595.37800", "2005-03-31": "589.75500"}, "Total Liabilities And Share Holders Equity": {"2020-09-30": "3959.78000", "2020-06-30": "3642.67100", "2020-03-31": "3631.39400", "2019-12-31": "3764.26100", "2019-09-30": "3482.30900", "2019-06-30": "3426.64000", "2019-03-31": "3328.80200", "2018-12-31": "3255.38500", "2018-09-30": "3276.07100", "2018-06-30": "3230.18800", "2018-03-31": "3179.05900", "2017-12-31": "3236.32100", "2017-09-30": "3221.22400", "2017-06-30": "3121.27400", "2017-03-31": "3017.87300", "2016-12-31": "3037.78100", "2016-09-30": "3013.98400", "2016-06-30": "2979.18000", "2016-03-31": "2963.65200", "2015-12-31": "2989.61100", "2015-09-30": "3014.70100", "2015-06-30": "3112.61100", "2015-03-31": "3125.39900", "2014-12-31": "3399.51100", "2014-09-30": "3453.82300", "2014-06-30": "3506.63500", "2014-03-31": "3458.63500", "2013-12-31": "3458.27400", "2013-09-30": "3289.16600", "2013-06-30": "3228.94100", "2013-03-31": "3226.67400", "2012-12-31": "3114.58800", "2012-09-30": "2705.70500", "2012-06-30": "2682.63900", "2012-03-31": "2733.72500", "2011-12-31": "2635.54700", "2011-09-30": "2451.39200", "2011-06-30": "2378.16500", "2011-03-31": "2306.11300", "2010-12-31": "2242.01800", "2010-09-30": "2286.60800", "2010-06-30": "2234.00100", "2010-03-31": "2186.84700", "2009-12-31": "2142.04100", "2009-09-30": "2165.88000", "2009-06-30": "2128.77400", "2009-03-31": "2077.90200", "2008-12-31": "2042.03000", "2008-09-30": "2027.28400", "2008-06-30": "2025.63100", "2008-03-31": "1989.95800", "2007-12-31": "1985.56000", "2007-09-30": "1934.50200", "2007-06-30": "1732.70900", "2007-03-31": "1555.77600", "2006-12-31": "1592.15600", "2006-09-30": "1487.20000", "2006-06-30": "1467.07000", "2006-03-31": "1407.15600", "2005-12-31": "1400.28500", "2005-09-30": "1385.18200", "2005-06-30": "1367.29900", "2005-03-31": "1366.69100"}}, "cash flow statement": {"Net Income/Loss": {"2019-12-31": "307.58300", "2018-12-31": "275.74900", "2017-12-31": "214.89100", "2016-12-31": "187.32900", "2015-12-31": "145.46100", "2014-12-31": "113.33800", "2013-12-31": "137.98100", "2012-12-31": "113.84400", "2011-12-31": "126.38900", "2010-12-31": "102.18000", "2009-12-31": "95.22100", "2008-12-31": "109.39000", "2007-12-31": "104.32800", "2006-12-31": "80.56900", "2005-12-31": "75.28000"}, "Total Depreciation And Amortization - Cash Flow": {"2019-12-31": "102.41200", "2018-12-31": "102.94900", "2017-12-31": "99.99500", "2016-12-31": "96.00800", "2015-12-31": "100.81000", "2014-12-31": "118.93100", "2013-12-31": "121.49700", "2012-12-31": "93.89600", "2011-12-31": "88.30000", "2010-12-31": "79.94600", "2009-12-31": "76.48000", "2008-12-31": "74.25100", "2007-12-31": "62.69900", "2006-12-31": "50.79100", "2005-12-31": "47.85100"}, "Other Non-Cash Items": {"2019-12-31": "43.40200", "2018-12-31": "19.80100", "2017-12-31": "4.94400", "2016-12-31": "7.78800", "2015-12-31": "141.73700", "2014-12-31": "55.64600", "2013-12-31": "14.24100", "2012-12-31": "-20.69100", "2011-12-31": "10.99800", "2010-12-31": "17.65200", "2009-12-31": "8.77400", "2008-12-31": "8.09700", "2007-12-31": "3.15600", "2006-12-31": "-4.31200", "2005-12-31": "-2.49700"}, "Total Non-Cash Items": {"2019-12-31": "145.81400", "2018-12-31": "122.75000", "2017-12-31": "104.93900", "2016-12-31": "103.79600", "2015-12-31": "242.54700", "2014-12-31": "174.57700", "2013-12-31": "135.73800", "2012-12-31": "73.20500", "2011-12-31": "99.29800", "2010-12-31": "97.59800", "2009-12-31": "85.25400", "2008-12-31": "82.34800", "2007-12-31": "65.85500", "2006-12-31": "46.47900", "2005-12-31": "45.35400"}, "Change In Accounts Receivable": {"2019-12-31": "-12.61300", "2018-12-31": "-57.49200", "2017-12-31": "-16.38800", "2016-12-31": "91.69200", "2015-12-31": "-77.10600", "2014-12-31": "12.84500", "2013-12-31": "6.59900", "2012-12-31": "26.52400", "2011-12-31": "-78.85000", "2010-12-31": "-53.97900", "2009-12-31": "9.25000", "2008-12-31": "-20.23000", "2007-12-31": "-63.99800", "2006-12-31": "-20.48900", "2005-12-31": "-21.55800"}, "Change In Inventories": {"2019-12-31": "-3.48500", "2018-12-31": "-41.19700", "2017-12-31": "19.71100", "2016-12-31": "4.39100", "2015-12-31": "-4.03900", "2014-12-31": "-19.37500", "2013-12-31": "-25.49900", "2012-12-31": "-30.10000", "2011-12-31": "-21.12300", "2010-12-31": "11.40100", "2009-12-31": "17.81900", "2008-12-31": "-46.56400", "2007-12-31": "-50.29000", "2006-12-31": "-11.24500", "2005-12-31": "-26.90800"}, "Change In Accounts Payable": {"2019-12-31": "", "2018-12-31": "", "2017-12-31": "", "2016-12-31": "", "2015-12-31": "", "2014-12-31": "", "2013-12-31": "", "2012-12-31": "", "2011-12-31": "", "2010-12-31": "", "2009-12-31": "", "2008-12-31": "", "2007-12-31": "", "2006-12-31": "", "2005-12-31": ""}, "Change In Assets/Liabilities": {"2019-12-31": "18.35900", "2018-12-31": "-3.62000", "2017-12-31": "66.71500", "2016-12-31": "20.06700", "2015-12-31": "-136.50100", "2014-12-31": "-4.71200", "2013-12-31": "-8.74800", "2012-12-31": "-38.92000", "2011-12-31": "56.59400", "2010-12-31": "5.49600", "2009-12-31": "30.92600", "2008-12-31": "50.33900", "2007-12-31": "58.18300", "2006-12-31": "31.70700", "2005-12-31": "-1.23200"}, "Total Change In Assets/Liabilities": {"2019-12-31": "-31.99300", "2018-12-31": "-62.22600", "2017-12-31": "68.88200", "2016-12-31": "132.07200", "2015-12-31": "-225.52900", "2014-12-31": "43.85100", "2013-12-31": "-35.89200", "2012-12-31": "-34.57500", "2011-12-31": "-23.83400", "2010-12-31": "-28.27900", "2009-12-31": "16.10400", "2008-12-31": "-11.91700", "2007-12-31": "-31.04700", "2006-12-31": "16.82300", "2005-12-31": "-15.45600"}, "Cash Flow From Operating Activities": {"2019-12-31": "421.40400", "2018-12-31": "336.27300", "2017-12-31": "388.71200", "2016-12-31": "423.19700", "2015-12-31": "162.47900", "2014-12-31": "331.76600", "2013-12-31": "237.82700", "2012-12-31": "152.47400", "2011-12-31": "201.85300", "2010-12-31": "171.49900", "2009-12-31": "196.57900", "2008-12-31": "179.82100", "2007-12-31": "139.13600", "2006-12-31": "143.87100", "2005-12-31": "105.17800"}, "Net Change In Property, Plant, And Equipment": {"2019-12-31": "-54.65900", "2018-12-31": "-44.30000", "2017-12-31": "-45.93600", "2016-12-31": "-43.10200", "2015-12-31": "-33.23500", "2014-12-31": "-66.52100", "2013-12-31": "-70.89400", "2012-12-31": "-80.39700", "2011-12-31": "-81.82500", "2010-12-31": "-52.02500", "2009-12-31": "-71.85400", "2008-12-31": "-95.51400", "2007-12-31": "-54.25900", "2006-12-31": "-39.42600", "2005-12-31": "-31.17600"}, "Net Change In Intangible Assets": {"2019-12-31": "", "2018-12-31": "", "2017-12-31": "", "2016-12-31": "0.00000", "2015-12-31": "", "2014-12-31": "", "2013-12-31": "", "2012-12-31": "-1.76100", "2011-12-31": "-0.02200", "2010-12-31": "-1.60800", "2009-12-31": "-0.67300", "2008-12-31": "-0.31100", "2007-12-31": "-3.72200", "2006-12-31": "-1.66400", "2005-12-31": "-5.08600"}, "Net Acquisitions/Divestitures": {"2019-12-31": "-185.20900", "2018-12-31": "-210.16700", "2017-12-31": "-232.63000", "2016-12-31": "0.16800", "2015-12-31": "17.65900", "2014-12-31": "117.61200", "2013-12-31": "-242.79800", "2012-12-31": "-410.84000", "2011-12-31": "-169.98000", "2010-12-31": "-42.20000", "2009-12-31": "-68.62300", "2008-12-31": "-48.55700", "2007-12-31": "-289.34800", "2006-12-31": "-39.52200", "2005-12-31": "-73.11100"}, "Net Change In Short-term Investments": {"2019-12-31": "", "2018-12-31": "", "2017-12-31": "", "2016-12-31": "", "2015-12-31": "", "2014-12-31": "", "2013-12-31": "", "2012-12-31": "", "2011-12-31": "", "2010-12-31": "", "2009-12-31": "", "2008-12-31": "", "2007-12-31": "", "2006-12-31": "", "2005-12-31": ""}, "Net Change In Long-Term Investments": {"2019-12-31": "", "2018-12-31": "", "2017-12-31": "", "2016-12-31": "", "2015-12-31": "", "2014-12-31": "", "2013-12-31": "", "2012-12-31": "", "2011-12-31": "", "2010-12-31": "", "2009-12-31": "", "2008-12-31": "", "2007-12-31": "", "2006-12-31": "", "2005-12-31": ""}, "Net Change In Investments - Total": {"2019-12-31": "", "2018-12-31": "", "2017-12-31": "", "2016-12-31": "", "2015-12-31": "", "2014-12-31": "", "2013-12-31": "", "2012-12-31": "", "2011-12-31": "", "2010-12-31": "", "2009-12-31": "", "2008-12-31": "", "2007-12-31": "", "2006-12-31": "", "2005-12-31": ""}, "Investing Activities - Other": {"2019-12-31": "-0.17200", "2018-12-31": "-1.04900", "2017-12-31": "6.23800", "2016-12-31": "", "2015-12-31": "", "2014-12-31": "2.35700", "2013-12-31": "", "2012-12-31": "", "2011-12-31": "", "2010-12-31": "", "2009-12-31": "", "2008-12-31": "", "2007-12-31": "", "2006-12-31": "", "2005-12-31": ""}, "Cash Flow From Investing Activities": {"2019-12-31": "-240.04000", "2018-12-31": "-255.51600", "2017-12-31": "-272.32800", "2016-12-31": "-42.93400", "2015-12-31": "-15.57600", "2014-12-31": "53.44800", "2013-12-31": "-313.69200", "2012-12-31": "-492.99800", "2011-12-31": "-251.82700", "2010-12-31": "-95.83300", "2009-12-31": "-141.15000", "2008-12-31": "-144.38200", "2007-12-31": "-347.32900", "2006-12-31": "-80.61200", "2005-12-31": "-109.37300"}, "Net Long-Term Debt": {"2019-12-31": "-0.24200", "2018-12-31": "-49.90700", "2017-12-31": "-150.51800", "2016-12-31": "-0.59100", "2015-12-31": "-8.21000", "2014-12-31": "-50.29300", "2013-12-31": "1358.07600", "2012-12-31": "576.93400", "2011-12-31": "189.78600", "2010-12-31": "-68.67100", "2009-12-31": "-51.70000", "2008-12-31": "-24.58000", "2007-12-31": "146.94000", "2006-12-31": "-0.05800", "2005-12-31": "24.67300"}, "Net Current Debt": {"2019-12-31": "", "2018-12-31": "", "2017-12-31": "", "2016-12-31": "", "2015-12-31": "", "2014-12-31": "", "2013-12-31": "-1229.14800", "2012-12-31": "-296.14500", "2011-12-31": "", "2010-12-31": "", "2009-12-31": "", "2008-12-31": "", "2007-12-31": "", "2006-12-31": "", "2005-12-31": ""}, "Debt Issuance/Retirement Net - Total": {"2019-12-31": "-0.24200", "2018-12-31": "-49.90700", "2017-12-31": "-150.51800", "2016-12-31": "-0.59100", "2015-12-31": "-8.21000", "2014-12-31": "-50.29300", "2013-12-31": "128.92810", "2012-12-31": "280.78900", "2011-12-31": "189.78600", "2010-12-31": "-68.67100", "2009-12-31": "-51.70000", "2008-12-31": "-24.58000", "2007-12-31": "146.94000", "2006-12-31": "-0.05800", "2005-12-31": "24.67300"}, "Net Common Equity Issued/Repurchased": {"2019-12-31": "-38.89100", "2018-12-31": "-186.65200", "2017-12-31": "-37.94800", "2016-12-31": "-82.94900", "2015-12-31": "-265.42400", "2014-12-31": "-27.03800", "2013-12-31": "27.45000", "2012-12-31": "-10.21300", "2011-12-31": "3.56800", "2010-12-31": "10.56000", "2009-12-31": "10.55700", "2008-12-31": "9.90500", "2007-12-31": "9.66100", "2006-12-31": "8.61600", "2005-12-31": "8.49200"}, "Net Total Equity Issued/Repurchased": {"2019-12-31": "-38.89100", "2018-12-31": "-186.65200", "2017-12-31": "-37.94800", "2016-12-31": "-82.94900", "2015-12-31": "-265.42400", "2014-12-31": "-27.03800", "2013-12-31": "27.45000", "2012-12-31": "-10.21300", "2011-12-31": "3.56800", "2010-12-31": "10.56000", "2009-12-31": "10.55700", "2008-12-31": "9.90500", "2007-12-31": "9.66100", "2006-12-31": "8.61600", "2005-12-31": "8.49200"}, "Total Common And Preferred Stock Dividends Paid": {"2019-12-31": "-28.20000", "2018-12-31": "-26.32800", "2017-12-31": "-24.74000", "2016-12-31": "-23.06700", "2015-12-31": "-24.12200", "2014-12-31": "-25.01300", "2013-12-31": "-18.37700", "2012-12-31": "-16.39200", "2011-12-31": "-14.89300", "2010-12-31": "-14.72900", "2009-12-31": "-14.55900", "2008-12-31": "-14.38100", "2007-12-31": "-12.44000", "2006-12-31": "-10.53800", "2005-12-31": "-8.45800"}, "Financial Activities - Other": {"2019-12-31": "-0.81200", "2018-12-31": "-0.75200", "2017-12-31": "-0.69200", "2016-12-31": "10.46600", "2015-12-31": "8.53800", "2014-12-31": "9.90600", "2013-12-31": "2.13700", "2012-12-31": "0.05700", "2011-12-31": "1.34300", "2010-12-31": "0.98500", "2009-12-31": "0.37800", "2008-12-31": "1.54400", "2007-12-31": "2.59000", "2006-12-31": "1.88500", "2005-12-31": ""}, "Cash Flow From Financial Activities": {"2019-12-31": "-68.14500", "2018-12-31": "-263.63900", "2017-12-31": "-213.89800", "2016-12-31": "-96.14100", "2015-12-31": "-289.21800", "2014-12-31": "-92.43800", "2013-12-31": "140.13800", "2012-12-31": "254.24100", "2011-12-31": "179.80400", "2010-12-31": "-71.85500", "2009-12-31": "-55.32400", "2008-12-31": "-27.51200", "2007-12-31": "146.75100", "2006-12-31": "-0.09500", "2005-12-31": "24.70700"}, "Net Cash Flow": {"2019-12-31": "114.96700", "2018-12-31": "-199.05400", "2017-12-31": "-78.72800", "2016-12-31": "265.15100", "2015-12-31": "-161.41900", "2014-12-31": "274.82200", "2013-12-31": "63.27100", "2012-12-31": "-82.36400", "2011-12-31": "126.26800", "2010-12-31": "3.10900", "2009-12-31": "4.30500", "2008-12-31": "-5.81500", "2007-12-31": "-57.99700", "2006-12-31": "65.49600", "2005-12-31": "17.98300"}, "Stock-Based Compensation": {"2019-12-31": "13.66900", "2018-12-31": "14.09400", "2017-12-31": "11.57200", "2016-12-31": "9.47800", "2015-12-31": "9.47300", "2014-12-31": "8.50000", "2013-12-31": "7.34900", "2012-12-31": "9.42800", "2011-12-31": "9.62100", "2010-12-31": "13.37800", "2009-12-31": "15.26400", "2008-12-31": "13.66300", "2007-12-31": "10.91200", "2006-12-31": "6.62100", "2005-12-31": ""}, "Common Stock Dividends Paid": {"2019-12-31": "-28.20000", "2018-12-31": "-26.32800", "2017-12-31": "-24.74000", "2016-12-31": "-23.06700", "2015-12-31": "-24.12200", "2014-12-31": "-25.01300", "2013-12-31": "-18.37700", "2012-12-31": "-16.39200", "2011-12-31": "-14.89300", "2010-12-31": "-14.72900", "2009-12-31": "-14.55900", "2008-12-31": "-14.38100", "2007-12-31": "-12.44000", "2006-12-31": "-10.53800", "2005-12-31": "-8.45800"}}, "cash flow statement, quarterly": {"Net Income/Loss": {"2020-09-30": 64.62, "2020-06-30": 31.018, "2020-03-31": "51.76100", "2019-12-31": 89.408, "2019-09-30": 82.51, "2019-06-30": 80.072, "2019-03-31": "55.59300", "2018-12-31": 82.835, "2018-09-30": 74.483, "2018-06-30": 74.788, "2018-03-31": "43.64300", "2017-12-31": 67.75, "2017-09-30": 63.944, "2017-06-30": 50.65, "2017-03-31": "32.54700", "2016-12-31": 68.615, "2016-09-30": 45.932, "2016-06-30": 39.963, "2016-03-31": "32.81900", "2015-12-31": 69.849, "2015-09-30": 33.884, "2015-06-30": 25.737, "2015-03-31": "15.99100", "2014-12-31": 16.75, "2014-09-30": 25.033, "2014-06-30": 36.391, "2014-03-31": "35.16400", "2013-12-31": 47.307, "2013-09-30": 36.361, "2013-06-30": 33.37, "2013-03-31": "20.94300", "2012-12-31": 38.493, "2012-09-30": 11.299, "2012-06-30": 22.74, "2012-03-31": "41.31200", "2011-12-31": 38.164, "2011-09-30": 31.913, "2011-06-30": 31.796, "2011-03-31": "24.51600", "2010-12-31": 32.163, "2010-09-30": 27.784, "2010-06-30": 25.898, "2010-03-31": "16.33500", "2009-12-31": 34.847, "2009-09-30": 20.115, "2009-06-30": 24.454, "2009-03-31": "15.80500", "2008-12-31": 33.011, "2008-09-30": 27.523, "2008-06-30": 27.077, "2008-03-31": "21.77900", "2007-12-31": 38.259, "2007-09-30": 25.176, "2007-06-30": 21.39, "2007-03-31": "19.50300", "2006-12-31": 26.843, "2006-09-30": 20.356, "2006-06-30": 21.092, "2006-03-31": "12.27800", "2005-12-31": 25.304, "2005-09-30": 17.519, "2005-06-30": 17.934, "2005-03-31": "14.52300"}, "Total Depreciation And Amortization - Cash Flow": {"2020-09-30": 28.201, "2020-06-30": 28.426, "2020-03-31": "28.14200", "2019-12-31": 25.414, "2019-09-30": 25.398, "2019-06-30": 25.807, "2019-03-31": "25.79300", "2018-12-31": 25.803, "2018-09-30": 25.889, "2018-06-30": 26.656, "2018-03-31": "24.60100", "2017-12-31": 25.18, "2017-09-30": 24.854, "2017-06-30": 25.035, "2017-03-31": "24.92600", "2016-12-31": 23.589, "2016-09-30": 23.432, "2016-06-30": 24.5, "2016-03-31": "24.48700", "2015-12-31": 24.382, "2015-09-30": 24.89, "2015-06-30": 25.83, "2015-03-31": "25.70800", "2014-12-31": 27.997, "2014-09-30": 29.548, "2014-06-30": 30.434, "2014-03-31": "30.95200", "2013-12-31": 31.837, "2013-09-30": 29.427, "2013-06-30": 29.833, "2013-03-31": "30.40000", "2012-12-31": 24.742, "2012-09-30": 22.516, "2012-06-30": 23.104, "2012-03-31": "23.53400", "2011-12-31": 23.104, "2011-09-30": 22.952, "2011-06-30": 21.722, "2011-03-31": "20.52200", "2010-12-31": 21.073, "2010-09-30": 19.837, "2010-06-30": 19.526, "2010-03-31": "19.51000", "2009-12-31": 19.204, "2009-09-30": 19.231, "2009-06-30": 19.012, "2009-03-31": "19.03300", "2008-12-31": 18.18, "2008-09-30": 18.561, "2008-06-30": 18.763, "2008-03-31": "18.74700", "2007-12-31": 18.662, "2007-09-30": 16.125, "2007-06-30": 14.449, "2007-03-31": "13.46300", "2006-12-31": 12.709, "2006-09-30": 13.136, "2006-06-30": 12.812, "2006-03-31": "12.13400", "2005-12-31": 11.993, "2005-09-30": 12.081, "2005-06-30": 12.296, "2005-03-31": "11.48100"}, "Other Non-Cash Items": {"2020-09-30": 5.877, "2020-06-30": 22.573, "2020-03-31": "6.96700", "2019-12-31": 37.783, "2019-09-30": 3.269, "2019-06-30": -2.267, "2019-03-31": "4.61700", "2018-12-31": 5.693, "2018-09-30": 3.799, "2018-06-30": 0.717, "2018-03-31": "9.59200", "2017-12-31": -1.672, "2017-09-30": 2.547, "2017-06-30": 1.62, "2017-03-31": "2.44900", "2016-12-31": 7.402, "2016-09-30": -18.698, "2016-06-30": 4.429, "2016-03-31": "14.65500", "2015-12-31": 64.315, "2015-09-30": 2.116, "2015-06-30": 33.137, "2015-03-31": "42.16900", "2014-12-31": 1.464, "2014-09-30": 31.706, "2014-06-30": 23.031, "2014-03-31": "-0.55500", "2013-12-31": 2.846, "2013-09-30": 6.653, "2013-06-30": 1.647, "2013-03-31": "3.09500", "2012-12-31": -5.755, "2012-09-30": 4.592, "2012-06-30": 9.416, "2012-03-31": "-28.94400", "2011-12-31": 6.135, "2011-09-30": 2.927, "2011-06-30": 1.932, "2011-03-31": "0.00400", "2010-12-31": 5.559, "2010-09-30": 4.704, "2010-06-30": 2.805, "2010-03-31": "4.58400", "2009-12-31": -0.313, "2009-09-30": 1.56, "2009-06-30": 5.004, "2009-03-31": "2.52300", "2008-12-31": -0.065, "2008-09-30": 2.2, "2008-06-30": 3.576, "2008-03-31": "2.38600", "2007-12-31": -2.359, "2007-09-30": 3.488, "2007-06-30": 1.266, "2007-03-31": "0.76100", "2006-12-31": -10.213, "2006-09-30": 5.221, "2006-06-30": -0.795, "2006-03-31": "1.47500", "2005-12-31": 0.902, "2005-09-30": 0.684, "2005-06-30": -0.873, "2005-03-31": "-3.21000"}, "Total Non-Cash Items": {"2020-09-30": 34.078, "2020-06-30": 50.999, "2020-03-31": "35.10900", "2019-12-31": 63.197, "2019-09-30": 28.667, "2019-06-30": 23.54, "2019-03-31": "30.41000", "2018-12-31": 31.496, "2018-09-30": 29.688, "2018-06-30": 27.373, "2018-03-31": "34.19300", "2017-12-31": 23.508, "2017-09-30": 27.401, "2017-06-30": 26.655, "2017-03-31": "27.37500", "2016-12-31": 30.991, "2016-09-30": 4.734, "2016-06-30": 28.929, "2016-03-31": "39.14200", "2015-12-31": 88.697, "2015-09-30": 27.006, "2015-06-30": 58.967, "2015-03-31": "67.87700", "2014-12-31": 29.461, "2014-09-30": 61.254, "2014-06-30": 53.465, "2014-03-31": "30.39700", "2013-12-31": 34.683, "2013-09-30": 36.08, "2013-06-30": 31.48, "2013-03-31": "33.49500", "2012-12-31": 18.987, "2012-09-30": 27.108, "2012-06-30": 32.52, "2012-03-31": "-5.41000", "2011-12-31": 29.239, "2011-09-30": 25.879, "2011-06-30": 23.654, "2011-03-31": "20.52600", "2010-12-31": 26.632, "2010-09-30": 24.541, "2010-06-30": 22.331, "2010-03-31": "24.09400", "2009-12-31": 18.891, "2009-09-30": 20.791, "2009-06-30": 24.016, "2009-03-31": "21.55600", "2008-12-31": 18.115, "2008-09-30": 20.761, "2008-06-30": 22.339, "2008-03-31": "21.13300", "2007-12-31": 16.303, "2007-09-30": 19.613, "2007-06-30": 15.715, "2007-03-31": "14.22400", "2006-12-31": 2.496, "2006-09-30": 18.357, "2006-06-30": 12.017, "2006-03-31": "13.60900", "2005-12-31": 12.895, "2005-09-30": 12.765, "2005-06-30": 11.423, "2005-03-31": "8.27100"}, "Change In Accounts Receivable": {"2020-09-30": -29.911, "2020-06-30": 33.512, "2020-03-31": "-1.61400", "2019-12-31": 32.175, "2019-09-30": -7.167, "2019-06-30": -44.981, "2019-03-31": "7.36000", "2018-12-31": 21.88, "2018-09-30": -21.85, "2018-06-30": -55.071, "2018-03-31": "-2.45100", "2017-12-31": 21.816, "2017-09-30": -10.958, "2017-06-30": -19.873, "2017-03-31": "-7.37300", "2016-12-31": -3.508, "2016-09-30": 9.919, "2016-06-30": -1.692, "2016-03-31": "86.97300", "2015-12-31": -64.027, "2015-09-30": 16.634, "2015-06-30": -19.72, "2015-03-31": "-9.99300", "2014-12-31": 29.876, "2014-09-30": 2.77, "2014-06-30": -8.959, "2014-03-31": "-10.84200", "2013-12-31": -19.789, "2013-09-30": 17.255, "2013-06-30": 13.092, "2013-03-31": "-3.95900", "2012-12-31": 9.42, "2012-09-30": 20.144, "2012-06-30": 24.959, "2012-03-31": "-27.99900", "2011-12-31": -1.94, "2011-09-30": -44.919, "2011-06-30": 3.109, "2011-03-31": "-35.10000", "2010-12-31": 21.284, "2010-09-30": -16.128, "2010-06-30": -34.657, "2010-03-31": "-24.47800", "2009-12-31": -7.313, "2009-09-30": 3.415, "2009-06-30": -0.938, "2009-03-31": "14.08600", "2008-12-31": -7.941, "2008-09-30": -19.457, "2008-06-30": -3.644, "2008-03-31": "10.81200", "2007-12-31": -24.424, "2007-09-30": -14.016, "2007-06-30": -22.068, "2007-03-31": "-3.49000", "2006-12-31": 1.258, "2006-09-30": -7.841, "2006-06-30": -4.013, "2006-03-31": "-9.89300", "2005-12-31": -2.444, "2005-09-30": -9.044, "2005-06-30": 0.804, "2005-03-31": "-10.87400"}, "Change In Inventories": {"2020-09-30": 7.369, "2020-06-30": -16.592, "2020-03-31": "-24.09900", "2019-12-31": 5.102, "2019-09-30": 2.493, "2019-06-30": 10.944, "2019-03-31": "-22.02400", "2018-12-31": 9.266, "2018-09-30": -6.838, "2018-06-30": -14.973, "2018-03-31": "-28.65200", "2017-12-31": 20.603, "2017-09-30": -1.426, "2017-06-30": 4.222, "2017-03-31": "-3.68800", "2016-12-31": 23.004, "2016-09-30": -4.086, "2016-06-30": 3.239, "2016-03-31": "-17.76600", "2015-12-31": 25.315, "2015-09-30": -13.465, "2015-06-30": -5.711, "2015-03-31": "-10.17800", "2014-12-31": 8.576, "2014-09-30": 1.653, "2014-06-30": -15.089, "2014-03-31": "-14.51500", "2013-12-31": 10.836, "2013-09-30": -14.727, "2013-06-30": -10.736, "2013-03-31": "-10.87200", "2012-12-31": 6.737, "2012-09-30": -2.463, "2012-06-30": -14.443, "2012-03-31": "-19.93100", "2011-12-31": 11.949, "2011-09-30": 2.252, "2011-06-30": -12.773, "2011-03-31": "-22.55100", "2010-12-31": 20.497, "2010-09-30": -0.528, "2010-06-30": 3.3, "2010-03-31": "-11.86800", "2009-12-31": 26.231, "2009-09-30": 4.588, "2009-06-30": -2.734, "2009-03-31": "-10.26600", "2008-12-31": 5.431, "2008-09-30": -16.165, "2008-06-30": -11.063, "2008-03-31": "-24.76700", "2007-12-31": 5.128, "2007-09-30": -17.795, "2007-06-30": -24.396, "2007-03-31": "-13.22700", "2006-12-31": 19.054, "2006-09-30": -5.135, "2006-06-30": -8.301, "2006-03-31": "-16.86300", "2005-12-31": -0.226, "2005-09-30": -9.307, "2005-06-30": -9.746, "2005-03-31": "-7.62900"}, "Change In Accounts Payable": {"2020-09-30": 0, "2020-06-30": 0, "2020-03-31": "", "2019-12-31": 0, "2019-09-30": 0, "2019-06-30": 0, "2019-03-31": "", "2018-12-31": 0, "2018-09-30": 0, "2018-06-30": 0, "2018-03-31": "", "2017-12-31": 0, "2017-09-30": 0, "2017-06-30": 0, "2017-03-31": "", "2016-12-31": 0, "2016-09-30": 0, "2016-06-30": 0, "2016-03-31": "", "2015-12-31": 0, "2015-09-30": 0, "2015-06-30": 0, "2015-03-31": "", "2014-12-31": 0, "2014-09-30": 0, "2014-06-30": 0, "2014-03-31": "", "2013-12-31": 0, "2013-09-30": 0, "2013-06-30": 0, "2013-03-31": "", "2012-12-31": 0, "2012-09-30": 0, "2012-06-30": 0, "2012-03-31": "", "2011-12-31": 0, "2011-09-30": 0, "2011-06-30": 0, "2011-03-31": "", "2010-12-31": 0, "2010-09-30": 0, "2010-06-30": 0, "2010-03-31": "", "2009-12-31": 0, "2009-09-30": 0, "2009-06-30": 0, "2009-03-31": "", "2008-12-31": 0, "2008-09-30": 0, "2008-06-30": 0, "2008-03-31": "", "2007-12-31": 0, "2007-09-30": 0, "2007-06-30": 0, "2007-03-31": "", "2006-12-31": 0, "2006-09-30": 0, "2006-06-30": 0, "2006-03-31": "", "2005-12-31": 0, "2005-09-30": 0, "2005-06-30": 0, "2005-03-31": ""}, "Change In Assets/Liabilities": {"2020-09-30": 5.566, "2020-06-30": 21.84, "2020-03-31": "-178.33700", "2019-12-31": 22.537, "2019-09-30": 11.792, "2019-06-30": 10.302, "2019-03-31": "-26.27200", "2018-12-31": 11.729, "2018-09-30": -9.517, "2018-06-30": 34.006, "2018-03-31": "-39.83800", "2017-12-31": 39.864, "2017-09-30": 14.988, "2017-06-30": 7.74, "2017-03-31": "4.12300", "2016-12-31": -28.265, "2016-09-30": 12.04, "2016-06-30": 15.685, "2016-03-31": "20.60700", "2015-12-31": 19.883, "2015-09-30": -9.887, "2015-06-30": 13.671, "2015-03-31": "-160.16800", "2014-12-31": 12.712, "2014-09-30": -20.472, "2014-06-30": 26.226, "2014-03-31": "-23.17800", "2013-12-31": 20.173, "2013-09-30": -28.097, "2013-06-30": 1.644, "2013-03-31": "-2.46800", "2012-12-31": -8.998, "2012-09-30": -28.32, "2012-06-30": -19.433, "2012-03-31": "17.83100", "2011-12-31": 38.904, "2011-09-30": 16.779, "2011-06-30": 4.625, "2011-03-31": "-3.71400", "2010-12-31": 7.734, "2010-09-30": -2.173, "2010-06-30": 3.649, "2010-03-31": "-3.71400", "2009-12-31": 19.279, "2009-09-30": -4.283, "2009-06-30": 30.99, "2009-03-31": "-15.06000", "2008-12-31": 3.004, "2008-09-30": 7.508, "2008-06-30": 42.012, "2008-03-31": "-2.18500", "2007-12-31": 8.373, "2007-09-30": -2.776, "2007-06-30": 56.27, "2007-03-31": "-3.68400", "2006-12-31": 22.171, "2006-09-30": -4.296, "2006-06-30": 16.226, "2006-03-31": "-2.39400", "2005-12-31": 5.093, "2005-09-30": -9.955, "2005-06-30": 3.947, "2005-03-31": "-0.31700"}, "Total Change In Assets/Liabilities": {"2020-09-30": -42.705, "2020-06-30": 58.35, "2020-03-31": "-279.44600", "2019-12-31": 109.784, "2019-09-30": 7.452, "2019-06-30": -11.368, "2019-03-31": "-137.86100", "2018-12-31": 122.967, "2018-09-30": -31.881, "2018-06-30": -4.214, "2018-03-31": "-149.09800", "2017-12-31": 135.147, "2017-09-30": 10.03, "2017-06-30": 8.568, "2017-03-31": "-84.86300", "2016-12-31": 56.379, "2016-09-30": 59.915, "2016-06-30": 17.479, "2016-03-31": "-1.70100", "2015-12-31": 8.624, "2015-09-30": 45.689, "2015-06-30": -24.883, "2015-03-31": "-254.95900", "2014-12-31": 132.382, "2014-09-30": -17.531, "2014-06-30": 9.154, "2014-03-31": "-80.15400", "2013-12-31": 21.451, "2013-09-30": 1.144, "2013-06-30": -2.969, "2013-03-31": "-55.51800", "2012-12-31": 41.056, "2012-09-30": -2.709, "2012-06-30": -32.301, "2012-03-31": "-40.62100", "2011-12-31": 81.628, "2011-09-30": -20.023, "2011-06-30": 2.388, "2011-03-31": "-87.82700", "2010-12-31": 75.012, "2010-09-30": -17.219, "2010-06-30": -22.644, "2010-03-31": "-63.42800", "2009-12-31": 61.802, "2009-09-30": 5.868, "2009-06-30": 18.88, "2009-03-31": "-70.44600", "2008-12-31": 53.92, "2008-09-30": -32.698, "2008-06-30": 28.325, "2008-03-31": "-61.46400", "2007-12-31": 38.381, "2007-09-30": -51.7, "2007-06-30": 23.697, "2007-03-31": "-41.42500", "2006-12-31": 89.269, "2006-09-30": -14.472, "2006-06-30": 2.148, "2006-03-31": "-60.12200", "2005-12-31": 34.167, "2005-09-30": -24.7, "2005-06-30": 10.461, "2005-03-31": "-35.38400"}, "Cash Flow From Operating Activities": {"2020-09-30": 55.993, "2020-06-30": 140.367, "2020-03-31": "-192.57600", "2019-12-31": 262.389, "2019-09-30": 118.629, "2019-06-30": 92.244, "2019-03-31": "-51.85800", "2018-12-31": 237.298, "2018-09-30": 72.29, "2018-06-30": 97.947, "2018-03-31": "-71.26200", "2017-12-31": 226.405, "2017-09-30": 101.375, "2017-06-30": 85.873, "2017-03-31": "-24.94100", "2016-12-31": 155.985, "2016-09-30": 110.581, "2016-06-30": 86.371, "2016-03-31": "70.26000", "2015-12-31": 167.17, "2015-09-30": 106.579, "2015-06-30": 59.821, "2015-03-31": "-171.09100", "2014-12-31": 178.593, "2014-09-30": 68.756, "2014-06-30": 99.01, "2014-03-31": "-14.59300", "2013-12-31": 103.441, "2013-09-30": 73.585, "2013-06-30": 61.881, "2013-03-31": "-1.08000", "2012-12-31": 98.536, "2012-09-30": 35.698, "2012-06-30": 22.959, "2012-03-31": "-4.71900", "2011-12-31": 149.031, "2011-09-30": 37.769, "2011-06-30": 57.838, "2011-03-31": "-42.78500", "2010-12-31": 133.807, "2010-09-30": 35.106, "2010-06-30": 25.585, "2010-03-31": "-22.99900", "2009-12-31": 115.54, "2009-09-30": 46.774, "2009-06-30": 67.35, "2009-03-31": "-33.08500", "2008-12-31": 105.046, "2008-09-30": 15.586, "2008-06-30": 77.741, "2008-03-31": "-18.55200", "2007-12-31": 92.943, "2007-09-30": -6.911, "2007-06-30": 60.802, "2007-03-31": "-7.69800", "2006-12-31": 118.608, "2006-09-30": 24.241, "2006-06-30": 35.257, "2006-03-31": "-34.23500", "2005-12-31": 72.366, "2005-09-30": 5.584, "2005-06-30": 39.818, "2005-03-31": "-12.59000"}, "Net Change In Property, Plant, And Equipment": {"2020-09-30": -6.952, "2020-06-30": -10.282, "2020-03-31": "-16.63100", "2019-12-31": -14.839, "2019-09-30": -15.269, "2019-06-30": -8.785, "2019-03-31": "-15.76600", "2018-12-31": -19.508, "2018-09-30": -9.268, "2018-06-30": -7.372, "2018-03-31": "-8.15200", "2017-12-31": -12.852, "2017-09-30": -10.145, "2017-06-30": -12.65, "2017-03-31": "-10.28900", "2016-12-31": -18.179, "2016-09-30": -9.434, "2016-06-30": -6.867, "2016-03-31": "-8.62200", "2015-12-31": -11.301, "2015-09-30": -7.082, "2015-06-30": -6.593, "2015-03-31": "-8.25900", "2014-12-31": -12.742, "2014-09-30": -18.111, "2014-06-30": -17.732, "2014-03-31": "-17.93600", "2013-12-31": -14.56, "2013-09-30": -25.152, "2013-06-30": -16.731, "2013-03-31": "-14.45100", "2012-12-31": -25.331, "2012-09-30": -14.719, "2012-06-30": -20.18, "2012-03-31": "-20.16700", "2011-12-31": -23.112, "2011-09-30": -21.481, "2011-06-30": -18.105, "2011-03-31": "-19.12700", "2010-12-31": -13.967, "2010-09-30": -15.715, "2010-06-30": -11.939, "2010-03-31": "-10.40400", "2009-12-31": -13.761, "2009-09-30": -20.565, "2009-06-30": -20.978, "2009-03-31": "-16.55000", "2008-12-31": -25.003, "2008-09-30": -23.915, "2008-06-30": -23.344, "2008-03-31": "-23.25200", "2007-12-31": -18.763, "2007-09-30": -11.518, "2007-06-30": -12.017, "2007-03-31": "-11.96100", "2006-12-31": -11.5, "2006-09-30": -10.789, "2006-06-30": -9.748, "2006-03-31": "-7.38900", "2005-12-31": 0.224, "2005-09-30": -9.368, "2005-06-30": -10.213, "2005-03-31": "-11.81900"}, "Net Change In Intangible Assets": {"2020-09-30": 0, "2020-06-30": 0, "2020-03-31": "", "2019-12-31": 0.157, "2019-09-30": -0.01, "2019-06-30": -0.01, "2019-03-31": "-0.13700", "2018-12-31": 1.5, "2018-09-30": 0, "2018-06-30": 0, "2018-03-31": "-1.50000", "2017-12-31": 0, "2017-09-30": 0, "2017-06-30": 0, "2017-03-31": "0.00000", "2016-12-31": 0, "2016-09-30": 0, "2016-06-30": 0, "2016-03-31": "", "2015-12-31": 0, "2015-09-30": 0, "2015-06-30": 0, "2015-03-31": "", "2014-12-31": 0, "2014-09-30": 0, "2014-06-30": 0, "2014-03-31": "", "2013-12-31": 0, "2013-09-30": 0, "2013-06-30": 0, "2013-03-31": "", "2012-12-31": 0.678, "2012-09-30": -0.66, "2012-06-30": 0.15, "2012-03-31": "-1.92900", "2011-12-31": 0, "2011-09-30": -0.006, "2011-06-30": -0.016, "2011-03-31": "", "2010-12-31": -0.097, "2010-09-30": 0.086, "2010-06-30": -0.111, "2010-03-31": "-1.48600", "2009-12-31": -0.352, "2009-09-30": 0, "2009-06-30": -0.185, "2009-03-31": "-0.13600", "2008-12-31": -0.119, "2008-09-30": -0.017, "2008-06-30": -0.054, "2008-03-31": "-0.12100", "2007-12-31": -3.37, "2007-09-30": -0.059, "2007-06-30": -0.059, "2007-03-31": "-0.23400", "2006-12-31": -0.048, "2006-09-30": -0.79, "2006-06-30": -0.436, "2006-03-31": "-0.39000", "2005-12-31": -0.204, "2005-09-30": -4.627, "2005-06-30": -0.255, "2005-03-31": ""}, "Net Acquisitions/Divestitures": {"2020-09-30": -0.05, "2020-06-30": -30.96, "2020-03-31": "-51.04300", "2019-12-31": -135.134, "2019-09-30": 0, "2019-06-30": -1.038, "2019-03-31": "-49.03700", "2018-12-31": 0.728, "2018-09-30": 2.57, "2018-06-30": -213.465, "2018-03-31": "", "2017-12-31": -6.162, "2017-09-30": 6.162, "2017-06-30": 6.742, "2017-03-31": "-239.37200", "2016-12-31": -0.564, "2016-09-30": 1.027, "2016-06-30": -0.295, "2016-03-31": "", "2015-12-31": -5.583, "2015-09-30": 14.176, "2015-06-30": 18.72, "2015-03-31": "-9.65400", "2014-12-31": 98.867, "2014-09-30": 1.239, "2014-06-30": 50.593, "2014-03-31": "-33.08700", "2013-12-31": -135.265, "2013-09-30": -5.54, "2013-06-30": -1.73, "2013-03-31": "-100.26300", "2012-12-31": -455.58, "2012-09-30": 0.722, "2012-06-30": -7.207, "2012-03-31": "51.22500", "2011-12-31": -45.736, "2011-09-30": -70.64, "2011-06-30": -40.354, "2011-03-31": "-13.25000", "2010-12-31": 0, "2010-09-30": -0.121, "2010-06-30": -40.926, "2010-03-31": "-1.15300", "2009-12-31": -17.859, "2009-09-30": -1.038, "2009-06-30": -4.186, "2009-03-31": "-45.54000", "2008-12-31": -40.826, "2008-09-30": -6.845, "2008-06-30": -0.437, "2008-03-31": "-0.44900", "2007-12-31": 2.566, "2007-09-30": -155.229, "2007-06-30": -132.89, "2007-03-31": "-3.79500", "2006-12-31": -0.117, "2006-09-30": -4.829, "2006-06-30": -33.171, "2006-03-31": "-1.40500", "2005-12-31": -2.102, "2005-09-30": -2.067, "2005-06-30": -0.174, "2005-03-31": "-68.76800"}, "Net Change In Short-term Investments": {"2020-09-30": 0, "2020-06-30": 0, "2020-03-31": "", "2019-12-31": 0, "2019-09-30": 0, "2019-06-30": 0, "2019-03-31": "", "2018-12-31": 0, "2018-09-30": 0, "2018-06-30": 0, "2018-03-31": "", "2017-12-31": 0, "2017-09-30": 0, "2017-06-30": 0, "2017-03-31": "", "2016-12-31": 0, "2016-09-30": 0, "2016-06-30": 0, "2016-03-31": "", "2015-12-31": 0, "2015-09-30": 0, "2015-06-30": 0, "2015-03-31": "", "2014-12-31": 0, "2014-09-30": 0, "2014-06-30": 0, "2014-03-31": "", "2013-12-31": 0, "2013-09-30": 0, "2013-06-30": 0, "2013-03-31": "", "2012-12-31": 0, "2012-09-30": 0, "2012-06-30": 0, "2012-03-31": "", "2011-12-31": 0, "2011-09-30": 0, "2011-06-30": 0, "2011-03-31": "", "2010-12-31": 0, "2010-09-30": 0, "2010-06-30": 0, "2010-03-31": "", "2009-12-31": 0, "2009-09-30": 0, "2009-06-30": 0, "2009-03-31": "", "2008-12-31": 0, "2008-09-30": 0, "2008-06-30": 0, "2008-03-31": "", "2007-12-31": 0, "2007-09-30": 0, "2007-06-30": 0, "2007-03-31": "", "2006-12-31": 0, "2006-09-30": 0, "2006-06-30": 0, "2006-03-31": "", "2005-12-31": 0, "2005-09-30": 0, "2005-06-30": 0, "2005-03-31": ""}, "Net Change In Long-Term Investments": {"2020-09-30": 0, "2020-06-30": 0, "2020-03-31": "", "2019-12-31": 0, "2019-09-30": 0, "2019-06-30": 0, "2019-03-31": "", "2018-12-31": 0, "2018-09-30": 0, "2018-06-30": 0, "2018-03-31": "", "2017-12-31": 0, "2017-09-30": 0, "2017-06-30": 0, "2017-03-31": "", "2016-12-31": 0, "2016-09-30": 0, "2016-06-30": 0, "2016-03-31": "", "2015-12-31": 0, "2015-09-30": 0, "2015-06-30": 0, "2015-03-31": "", "2014-12-31": 0, "2014-09-30": 0, "2014-06-30": 0, "2014-03-31": "", "2013-12-31": 0, "2013-09-30": 0, "2013-06-30": 0, "2013-03-31": "", "2012-12-31": 0, "2012-09-30": 0, "2012-06-30": 0, "2012-03-31": "", "2011-12-31": 0, "2011-09-30": 0, "2011-06-30": 0, "2011-03-31": "", "2010-12-31": 0, "2010-09-30": 0, "2010-06-30": 0, "2010-03-31": "", "2009-12-31": 0, "2009-09-30": 0, "2009-06-30": 0, "2009-03-31": "", "2008-12-31": 0, "2008-09-30": 0, "2008-06-30": 0, "2008-03-31": "", "2007-12-31": 0, "2007-09-30": 0, "2007-06-30": 0, "2007-03-31": "", "2006-12-31": 0, "2006-09-30": 0, "2006-06-30": 0, "2006-03-31": "", "2005-12-31": 0, "2005-09-30": 0, "2005-06-30": 0, "2005-03-31": ""}, "Net Change In Investments - Total": {"2020-09-30": 0, "2020-06-30": 0, "2020-03-31": "", "2019-12-31": 0, "2019-09-30": 0, "2019-06-30": 0, "2019-03-31": "", "2018-12-31": 0, "2018-09-30": 0, "2018-06-30": 0, "2018-03-31": "", "2017-12-31": 0, "2017-09-30": 0, "2017-06-30": 0, "2017-03-31": "", "2016-12-31": 0, "2016-09-30": 0, "2016-06-30": 0, "2016-03-31": "", "2015-12-31": 0, "2015-09-30": 0, "2015-06-30": 0, "2015-03-31": "", "2014-12-31": 0, "2014-09-30": 0, "2014-06-30": 0, "2014-03-31": "", "2013-12-31": 0, "2013-09-30": 0, "2013-06-30": 0, "2013-03-31": "", "2012-12-31": 0, "2012-09-30": 0, "2012-06-30": 0, "2012-03-31": "", "2011-12-31": 0, "2011-09-30": 0, "2011-06-30": 0, "2011-03-31": "", "2010-12-31": 0, "2010-09-30": 0, "2010-06-30": 0, "2010-03-31": "", "2009-12-31": 0, "2009-09-30": 0, "2009-06-30": 0, "2009-03-31": "", "2008-12-31": 0, "2008-09-30": 0, "2008-06-30": 0, "2008-03-31": "", "2007-12-31": 0, "2007-09-30": 0, "2007-06-30": 0, "2007-03-31": "", "2006-12-31": 0, "2006-09-30": 0, "2006-06-30": 0, "2006-03-31": "", "2005-12-31": 0, "2005-09-30": 0, "2005-06-30": 0, "2005-03-31": ""}, "Investing Activities - Other": {"2020-09-30": 0, "2020-06-30": 0, "2020-03-31": "", "2019-12-31": -0.172, "2019-09-30": 0, "2019-06-30": 0, "2019-03-31": "", "2018-12-31": -1.049, "2018-09-30": 0, "2018-06-30": 0, "2018-03-31": "", "2017-12-31": 6.238, "2017-09-30": 0, "2017-06-30": 0, "2017-03-31": "", "2016-12-31": 0, "2016-09-30": 0, "2016-06-30": 0, "2016-03-31": "", "2015-12-31": 0, "2015-09-30": 0, "2015-06-30": 0, "2015-03-31": "", "2014-12-31": 0, "2014-09-30": 2.357, "2014-06-30": 0, "2014-03-31": "", "2013-12-31": 0, "2013-09-30": 0, "2013-06-30": 0, "2013-03-31": "", "2012-12-31": 0, "2012-09-30": 0, "2012-06-30": 0, "2012-03-31": "", "2011-12-31": 0, "2011-09-30": 0, "2011-06-30": 0, "2011-03-31": "", "2010-12-31": 0, "2010-09-30": -0.019, "2010-06-30": 0.019, "2010-03-31": "", "2009-12-31": 0, "2009-09-30": -2.64, "2009-06-30": 2.64, "2009-03-31": "", "2008-12-31": -8, "2008-09-30": 0.094, "2008-06-30": 7.906, "2008-03-31": "", "2007-12-31": -0.166, "2007-09-30": 0.042, "2007-06-30": 0.124, "2007-03-31": "", "2006-12-31": -0.669, "2006-09-30": 0.282, "2006-06-30": 0.387, "2006-03-31": "", "2005-12-31": -11.023, "2005-09-30": 0.003, "2005-06-30": 0.089, "2005-03-31": "10.93100"}, "Cash Flow From Investing Activities": {"2020-09-30": -7.002, "2020-06-30": -41.242, "2020-03-31": "-67.67400", "2019-12-31": -149.988, "2019-09-30": -15.279, "2019-06-30": -9.833, "2019-03-31": "-64.94000", "2018-12-31": -18.329, "2018-09-30": -6.698, "2018-06-30": -220.837, "2018-03-31": "-9.65200", "2017-12-31": -12.776, "2017-09-30": -3.983, "2017-06-30": -5.908, "2017-03-31": "-249.66100", "2016-12-31": -18.743, "2016-09-30": -8.407, "2016-06-30": -7.162, "2016-03-31": "-8.62200", "2015-12-31": -16.884, "2015-09-30": 7.094, "2015-06-30": 12.127, "2015-03-31": "-17.91300", "2014-12-31": 86.125, "2014-09-30": -14.515, "2014-06-30": 32.861, "2014-03-31": "-51.02300", "2013-12-31": -149.825, "2013-09-30": -30.692, "2013-06-30": -18.461, "2013-03-31": "-114.71400", "2012-12-31": -480.233, "2012-09-30": -14.657, "2012-06-30": -27.237, "2012-03-31": "29.12900", "2011-12-31": -68.848, "2011-09-30": -92.127, "2011-06-30": -58.475, "2011-03-31": "-32.37700", "2010-12-31": -14.064, "2010-09-30": -15.769, "2010-06-30": -52.957, "2010-03-31": "-13.04300", "2009-12-31": -31.972, "2009-09-30": -24.243, "2009-06-30": -22.709, "2009-03-31": "-62.22600", "2008-12-31": -73.948, "2008-09-30": -30.683, "2008-06-30": -15.929, "2008-03-31": "-23.82200", "2007-12-31": -19.733, "2007-09-30": -166.764, "2007-06-30": -144.842, "2007-03-31": "-15.99000", "2006-12-31": -12.334, "2006-09-30": -16.126, "2006-06-30": -42.968, "2006-03-31": "-9.18400", "2005-12-31": -13.105, "2005-09-30": -16.059, "2005-06-30": -10.553, "2005-03-31": "-69.65600"}, "Net Long-Term Debt": {"2020-09-30": -164.398, "2020-06-30": -71.427, "2020-03-31": "146.42700", "2019-12-31": 35.308, "2019-09-30": -35.307, "2019-06-30": -0.161, "2019-03-31": "-0.08200", "2018-12-31": -49.907, "2018-09-30": -0.809, "2018-06-30": -0.023, "2018-03-31": "0.83200", "2017-12-31": -150.518, "2017-09-30": 0, "2017-06-30": 0.089, "2017-03-31": "-0.08900", "2016-12-31": -0.591, "2016-09-30": 0, "2016-06-30": 0.346, "2016-03-31": "-0.34600", "2015-12-31": -0.13, "2015-09-30": -8.049, "2015-06-30": 0.073, "2015-03-31": "-0.10400", "2014-12-31": -50.213, "2014-09-30": -0.08, "2014-06-30": 164.169, "2014-03-31": "-164.16900", "2013-12-31": 983.1, "2013-09-30": -25.024, "2013-06-30": 0, "2013-03-31": "400.00000", "2012-12-31": 577.01, "2012-09-30": -0.026, "2012-06-30": -0.025, "2012-03-31": "-0.02500", "2011-12-31": 190.082, "2011-09-30": -65.248, "2011-06-30": 11.976, "2011-03-31": "52.97600", "2010-12-31": -130.024, "2010-09-30": -10.252, "2010-06-30": 24.977, "2010-03-31": "46.62800", "2009-12-31": -83.176, "2009-09-30": -13.186, "2009-06-30": -51.322, "2009-03-31": "95.98400", "2008-12-31": -32.034, "2008-09-30": 9.485, "2008-06-30": -38.531, "2008-03-31": "36.50000", "2007-12-31": -61.025, "2007-09-30": 162.995, "2007-06-30": 49.985, "2007-03-31": "-5.01500", "2006-12-31": -0.058, "2006-09-30": 0, "2006-06-30": 35.504, "2006-03-31": "-35.50400", "2005-12-31": 24.673, "2005-09-30": 0, "2005-06-30": 0, "2005-03-31": ""}, "Net Current Debt": {"2020-09-30": 389.398, "2020-06-30": 0, "2020-03-31": "", "2019-12-31": -35.387, "2019-09-30": 35.387, "2019-06-30": 0, "2019-03-31": "", "2018-12-31": -0.874, "2018-09-30": 0.874, "2018-06-30": 0, "2018-03-31": "", "2017-12-31": 0.26, "2017-09-30": -0.412, "2017-06-30": 0.152, "2017-03-31": "", "2016-12-31": 0.457, "2016-09-30": -0.311, "2016-06-30": -0.146, "2016-03-31": "", "2015-12-31": 0, "2015-09-30": 0, "2015-06-30": 0, "2015-03-31": "", "2014-12-31": 50.699, "2014-09-30": -0.059, "2014-06-30": -214.123, "2014-03-31": "163.48300", "2013-12-31": -932.976, "2013-09-30": 0.175, "2013-06-30": -14.302, "2013-03-31": "-282.04500", "2012-12-31": -296.145, "2012-09-30": 0, "2012-06-30": 0, "2012-03-31": "", "2011-12-31": -114.8, "2011-09-30": 114.8, "2011-06-30": 0, "2011-03-31": "", "2010-12-31": 0, "2010-09-30": 0, "2010-06-30": 0, "2010-03-31": "", "2009-12-31": 0, "2009-09-30": 0, "2009-06-30": 0, "2009-03-31": "", "2008-12-31": 0, "2008-09-30": 0, "2008-06-30": 0, "2008-03-31": "", "2007-12-31": 0, "2007-09-30": 0, "2007-06-30": 0, "2007-03-31": "", "2006-12-31": -25.957, "2006-09-30": -4.015, "2006-06-30": -24.028, "2006-03-31": "54.00000", "2005-12-31": -68.741, "2005-09-30": 8.967, "2005-06-30": -20.046, "2005-03-31": "79.82000"}, "Debt Issuance/Retirement Net - Total": {"2020-09-30": 225, "2020-06-30": -71.427, "2020-03-31": "146.42700", "2019-12-31": -0.079, "2019-09-30": 0.08, "2019-06-30": -0.161, "2019-03-31": "-0.08200", "2018-12-31": -50.781, "2018-09-30": 0.065, "2018-06-30": -0.023, "2018-03-31": "0.83200", "2017-12-31": -150.258, "2017-09-30": -0.412, "2017-06-30": 0.241, "2017-03-31": "-0.08900", "2016-12-31": -0.134, "2016-09-30": -0.311, "2016-06-30": 0.2, "2016-03-31": "-0.34600", "2015-12-31": -0.13, "2015-09-30": -8.049, "2015-06-30": 0.073, "2015-03-31": "-0.10400", "2014-12-31": 0.486, "2014-09-30": -0.139, "2014-06-30": -49.954, "2014-03-31": "-0.68600", "2013-12-31": 50.1241, "2013-09-30": -24.849, "2013-06-30": -14.302, "2013-03-31": "117.95500", "2012-12-31": 280.865, "2012-09-30": -0.026, "2012-06-30": -0.025, "2012-03-31": "-0.02500", "2011-12-31": 75.282, "2011-09-30": 49.552, "2011-06-30": 11.976, "2011-03-31": "52.97600", "2010-12-31": -130.024, "2010-09-30": -10.252, "2010-06-30": 24.977, "2010-03-31": "46.62800", "2009-12-31": -83.176, "2009-09-30": -13.186, "2009-06-30": -51.322, "2009-03-31": "95.98400", "2008-12-31": -32.034, "2008-09-30": 9.485, "2008-06-30": -38.531, "2008-03-31": "36.50000", "2007-12-31": -61.025, "2007-09-30": 162.995, "2007-06-30": 49.985, "2007-03-31": "-5.01500", "2006-12-31": -26.015, "2006-09-30": -4.015, "2006-06-30": 11.476, "2006-03-31": "18.49600", "2005-12-31": -44.068, "2005-09-30": 8.967, "2005-06-30": -20.046, "2005-03-31": "79.82000"}, "Net Common Equity Issued/Repurchased": {"2020-09-30": -7.823, "2020-06-30": -12.477, "2020-03-31": "-106.94700", "2019-12-31": -11.97, "2019-09-30": -7.267, "2019-06-30": -11.86, "2019-03-31": "-7.79400", "2018-12-31": -118.889, "2018-09-30": -21.648, "2018-06-30": -39.938, "2018-03-31": "-6.17700", "2017-12-31": -10.863, "2017-09-30": -6.005, "2017-06-30": -13.39, "2017-03-31": "-7.69000", "2016-12-31": -21.012, "2016-09-30": -20.077, "2016-06-30": -20.162, "2016-03-31": "-21.69800", "2015-12-31": -94.816, "2015-09-30": -82.747, "2015-06-30": -48.492, "2015-03-31": "-39.36900", "2014-12-31": -17.407, "2014-09-30": -12.196, "2014-06-30": -13.557, "2014-03-31": "16.12200", "2013-12-31": 5.894, "2013-09-30": 12.703, "2013-06-30": 1.52, "2013-03-31": "7.33300", "2012-12-31": -19.352, "2012-09-30": 5.058, "2012-06-30": -4.259, "2012-03-31": "8.34000", "2011-12-31": -7.101, "2011-09-30": 4.754, "2011-06-30": 0.02, "2011-03-31": "5.89500", "2010-12-31": 0.829, "2010-09-30": 4.228, "2010-06-30": 0.311, "2010-03-31": "5.19200", "2009-12-31": 0.107, "2009-09-30": 5.135, "2009-06-30": 1.372, "2009-03-31": "3.94300", "2008-12-31": 0.063, "2008-09-30": 5.803, "2008-06-30": 0.324, "2008-03-31": "3.71500", "2007-12-31": 1.473, "2007-09-30": 3.553, "2007-06-30": 0.818, "2007-03-31": "3.81700", "2006-12-31": 1.331, "2006-09-30": 2.47, "2006-06-30": 0.459, "2006-03-31": "4.35600", "2005-12-31": 0.359, "2005-09-30": 3.318, "2005-06-30": 0.848, "2005-03-31": "3.96700"}, "Net Total Equity Issued/Repurchased": {"2020-09-30": -7.823, "2020-06-30": -12.477, "2020-03-31": "-106.94700", "2019-12-31": -11.97, "2019-09-30": -7.267, "2019-06-30": -11.86, "2019-03-31": "-7.79400", "2018-12-31": -118.889, "2018-09-30": -21.648, "2018-06-30": -39.938, "2018-03-31": "-6.17700", "2017-12-31": -10.863, "2017-09-30": -6.005, "2017-06-30": -13.39, "2017-03-31": "-7.69000", "2016-12-31": -21.012, "2016-09-30": -20.077, "2016-06-30": -20.162, "2016-03-31": "-21.69800", "2015-12-31": -94.816, "2015-09-30": -82.747, "2015-06-30": -48.492, "2015-03-31": "-39.36900", "2014-12-31": -17.407, "2014-09-30": -12.196, "2014-06-30": -13.557, "2014-03-31": "16.12200", "2013-12-31": 5.894, "2013-09-30": 12.703, "2013-06-30": 1.52, "2013-03-31": "7.33300", "2012-12-31": -19.352, "2012-09-30": 5.058, "2012-06-30": -4.259, "2012-03-31": "8.34000", "2011-12-31": -7.101, "2011-09-30": 4.754, "2011-06-30": 0.02, "2011-03-31": "5.89500", "2010-12-31": 0.829, "2010-09-30": 4.228, "2010-06-30": 0.311, "2010-03-31": "5.19200", "2009-12-31": 0.107, "2009-09-30": 5.135, "2009-06-30": 1.372, "2009-03-31": "3.94300", "2008-12-31": 0.063, "2008-09-30": 5.803, "2008-06-30": 0.324, "2008-03-31": "3.71500", "2007-12-31": 1.473, "2007-09-30": 3.553, "2007-06-30": 0.818, "2007-03-31": "3.81700", "2006-12-31": 1.331, "2006-09-30": 2.47, "2006-06-30": 0.459, "2006-03-31": "4.35600", "2005-12-31": 0.359, "2005-09-30": 3.318, "2005-06-30": 0.848, "2005-03-31": "3.96700"}, "Total Common And Preferred Stock Dividends Paid": {"2020-09-30": -7.071, "2020-06-30": -7.089, "2020-03-31": "", "2019-12-31": -14.517, "2019-09-30": -7.263, "2019-06-30": -6.42, "2019-03-31": "", "2018-12-31": -13.105, "2018-09-30": -6.6, "2018-06-30": -6.623, "2018-03-31": "", "2017-12-31": -13.243, "2017-09-30": -5.74, "2017-06-30": -5.757, "2017-03-31": "", "2016-12-31": -11.491, "2016-09-30": -5.779, "2016-06-30": -5.797, "2016-03-31": "", "2015-12-31": -11.833, "2015-09-30": -6.105, "2015-06-30": -6.184, "2015-03-31": "", "2014-12-31": -12.477, "2014-09-30": -6.259, "2014-06-30": -6.277, "2014-03-31": "", "2013-12-31": -9.485, "2013-09-30": -4.685, "2013-06-30": -4.207, "2013-03-31": "", "2012-12-31": -8.425, "2012-09-30": -4.215, "2012-06-30": -3.752, "2012-03-31": "", "2011-12-31": -7.454, "2011-09-30": -3.729, "2011-06-30": -3.71, "2011-03-31": "", "2010-12-31": -7.377, "2010-09-30": -3.685, "2010-06-30": -3.667, "2010-03-31": "", "2009-12-31": -7.298, "2009-09-30": -3.644, "2009-06-30": -3.617, "2009-03-31": "", "2008-12-31": -7.201, "2008-09-30": -3.591, "2008-06-30": -3.589, "2008-03-31": "", "2007-12-31": -7.118, "2007-09-30": -2.666, "2007-06-30": -2.656, "2007-03-31": "", "2006-12-31": -5.276, "2006-09-30": -2.635, "2006-06-30": -2.627, "2006-03-31": "", "2005-12-31": -4.565, "2005-09-30": -1.95, "2005-06-30": -1.943, "2005-03-31": ""}, "Financial Activities - Other": {"2020-09-30": -0.219, "2020-06-30": -0.217, "2020-03-31": "-0.21200", "2019-12-31": -0.212, "2019-09-30": -0.205, "2019-06-30": -0.198, "2019-03-31": "-0.19700", "2018-12-31": -0.195, "2018-09-30": -6.552, "2018-06-30": 6.176, "2018-03-31": "-0.18100", "2017-12-31": -0.18, "2017-09-30": -0.176, "2017-06-30": -0.112, "2017-03-31": "-0.22400", "2016-12-31": 4.164, "2016-09-30": 0.39, "2016-06-30": 1.538, "2016-03-31": "4.37400", "2015-12-31": 3.866, "2015-09-30": 0.601, "2015-06-30": 0.64, "2015-03-31": "3.43100", "2014-12-31": 2.031, "2014-09-30": 1.218, "2014-06-30": 1.248, "2014-03-31": "5.40900", "2013-12-31": 1.364, "2013-09-30": 0.463, "2013-06-30": 0.31, "2013-03-31": "", "2012-12-31": 0.035, "2012-09-30": 0.001, "2012-06-30": 0.001, "2012-03-31": "0.02000", "2011-12-31": 0.475, "2011-09-30": 0.001, "2011-06-30": 0.864, "2011-03-31": "0.00300", "2010-12-31": 0.763, "2010-09-30": 0.055, "2010-06-30": 0.137, "2010-03-31": "0.03000", "2009-12-31": 0.114, "2009-09-30": 0.19, "2009-06-30": 0.052, "2009-03-31": "0.02200", "2008-12-31": 0.037, "2008-09-30": 1.147, "2008-06-30": 0.232, "2008-03-31": "0.12800", "2007-12-31": 0.912, "2007-09-30": 0.469, "2007-06-30": 0.518, "2007-03-31": "0.69100", "2006-12-31": 0.515, "2006-09-30": 0.041, "2006-06-30": 0.199, "2006-03-31": "1.13000", "2005-12-31": 0, "2005-09-30": 0, "2005-06-30": 0, "2005-03-31": ""}, "Cash Flow From Financial Activities": {"2020-09-30": 209.887, "2020-06-30": -91.21, "2020-03-31": "39.26800", "2019-12-31": -26.778, "2019-09-30": -14.655, "2019-06-30": -18.639, "2019-03-31": "-8.07300", "2018-12-31": -182.97, "2018-09-30": -34.735, "2018-06-30": -40.408, "2018-03-31": "-5.52600", "2017-12-31": -174.544, "2017-09-30": -12.333, "2017-06-30": -19.018, "2017-03-31": "-8.00300", "2016-12-31": -28.473, "2016-09-30": -25.777, "2016-06-30": -24.221, "2016-03-31": "-17.67000", "2015-12-31": -102.913, "2015-09-30": -96.3, "2015-06-30": -53.963, "2015-03-31": "-36.04200", "2014-12-31": -27.367, "2014-09-30": -17.376, "2014-06-30": -68.54, "2014-03-31": "20.84500", "2013-12-31": 47.897, "2013-09-30": -16.368, "2013-06-30": -16.679, "2013-03-31": "125.28800", "2012-12-31": 253.123, "2012-09-30": 0.818, "2012-06-30": -8.035, "2012-03-31": "8.33500", "2011-12-31": 61.202, "2011-09-30": 50.578, "2011-06-30": 9.15, "2011-03-31": "58.87400", "2010-12-31": -135.809, "2010-09-30": -9.654, "2010-06-30": 21.758, "2010-03-31": "51.85000", "2009-12-31": -90.253, "2009-09-30": -11.505, "2009-06-30": -53.515, "2009-03-31": "99.94900", "2008-12-31": -39.135, "2008-09-30": 12.844, "2008-06-30": -41.564, "2008-03-31": "40.34300", "2007-12-31": -65.758, "2007-09-30": 164.351, "2007-06-30": 48.665, "2007-03-31": "-0.50700", "2006-12-31": -29.445, "2006-09-30": -4.139, "2006-06-30": 9.507, "2006-03-31": "23.98200", "2005-12-31": -48.274, "2005-09-30": 10.335, "2005-06-30": -21.141, "2005-03-31": "83.78700"}, "Net Cash Flow": {"2020-09-30": 271.438, "2020-06-30": -2.374, "2020-03-31": "-233.27600", "2019-12-31": 93.321, "2019-09-30": 81.368, "2019-06-30": 61.916, "2019-03-31": "-121.63800", "2018-12-31": 30.149, "2018-09-30": 27.019, "2018-06-30": -177.62, "2018-03-31": "-78.60200", "2017-12-31": 42.929, "2017-09-30": 89.48, "2017-06-30": 69.805, "2017-03-31": "-280.94200", "2016-12-31": 101.795, "2016-09-30": 68.902, "2016-06-30": 45.888, "2016-03-31": "48.56600", "2015-12-31": 40.772, "2015-09-30": 2.945, "2015-06-30": 29.386, "2015-03-31": "-234.52200", "2014-12-31": 227.645, "2014-09-30": 28.331, "2014-06-30": 66.173, "2014-03-31": "-47.32700", "2013-12-31": 3.932, "2013-09-30": 28.319, "2013-06-30": 24.246, "2013-03-31": "6.77400", "2012-12-31": -127.523, "2012-09-30": 26.465, "2012-06-30": -17.983, "2012-03-31": "36.67700", "2011-12-31": 139.405, "2011-09-30": -8.106, "2011-06-30": 11.122, "2011-03-31": "-16.15300", "2010-12-31": -15.794, "2010-09-30": 12.169, "2010-06-30": -7.959, "2010-03-31": "14.69300", "2009-12-31": -7.489, "2009-09-30": 13.29, "2009-06-30": -5.196, "2009-03-31": "3.70000", "2008-12-31": -16.569, "2008-09-30": -7.89, "2008-06-30": 20.432, "2008-03-31": "-1.78800", "2007-12-31": 7.173, "2007-09-30": -7.43, "2007-06-30": -33.803, "2007-03-31": "-23.93700", "2006-12-31": 77.14, "2006-09-30": 4.241, "2006-06-30": 3.408, "2006-03-31": "-19.29300", "2005-12-31": 11.336, "2005-09-30": -0.298, "2005-06-30": 6.2, "2005-03-31": "0.74500"}, "Stock-Based Compensation": {"2020-09-30": 4.637, "2020-06-30": 3.8, "2020-03-31": "3.34000", "2019-12-31": 2.407, "2019-09-30": 4.282, "2019-06-30": 3.485, "2019-03-31": "3.49500", "2018-12-31": 2.248, "2018-09-30": 4.045, "2018-06-30": 3.21, "2018-03-31": "4.59100", "2017-12-31": 2.399, "2017-09-30": 3.157, "2017-06-30": 2.652, "2017-03-31": "3.36400", "2016-12-31": 1.665, "2016-09-30": 2.828, "2016-06-30": 2.262, "2016-03-31": "2.72300", "2015-12-31": 2.248, "2015-09-30": 2.599, "2015-06-30": 2.006, "2015-03-31": "2.62000", "2014-12-31": 1.958, "2014-09-30": 2.256, "2014-06-30": 1.884, "2014-03-31": "2.40200", "2013-12-31": 1.874, "2013-09-30": 2.293, "2013-06-30": 0.512, "2013-03-31": "2.67000", "2012-12-31": 1.959, "2012-09-30": 2.666, "2012-06-30": 2.122, "2012-03-31": "2.68100", "2011-12-31": 2.076, "2011-09-30": 2.352, "2011-06-30": 2.4, "2011-03-31": "2.79300", "2010-12-31": 5.458, "2010-09-30": 2.729, "2010-06-30": 2.694, "2010-03-31": "2.49700", "2009-12-31": 5.93, "2009-09-30": 2.76, "2009-06-30": 3.029, "2009-03-31": "3.54500", "2008-12-31": 5.379, "2008-09-30": 2.734, "2008-06-30": 2.759, "2008-03-31": "2.79100", "2007-12-31": 4.497, "2007-09-30": 2.142, "2007-06-30": 1.892, "2007-03-31": "2.38100", "2006-12-31": 2.289, "2006-09-30": 1.403, "2006-06-30": 1.459, "2006-03-31": "1.47000", "2005-12-31": 0, "2005-09-30": 0, "2005-06-30": 0, "2005-03-31": ""}, "Common Stock Dividends Paid": {"2020-09-30": -7.071, "2020-06-30": -7.089, "2020-03-31": "", "2019-12-31": -14.517, "2019-09-30": -7.263, "2019-06-30": -6.42, "2019-03-31": "", "2018-12-31": -13.105, "2018-09-30": -6.6, "2018-06-30": -6.623, "2018-03-31": "", "2017-12-31": -13.243, "2017-09-30": -5.74, "2017-06-30": -5.757, "2017-03-31": "", "2016-12-31": -11.491, "2016-09-30": -5.779, "2016-06-30": -5.797, "2016-03-31": "", "2015-12-31": -11.833, "2015-09-30": -6.105, "2015-06-30": -6.184, "2015-03-31": "", "2014-12-31": -12.477, "2014-09-30": -6.259, "2014-06-30": -6.277, "2014-03-31": "", "2013-12-31": -9.485, "2013-09-30": -4.685, "2013-06-30": -4.207, "2013-03-31": "", "2012-12-31": -8.425, "2012-09-30": -4.215, "2012-06-30": -3.752, "2012-03-31": "", "2011-12-31": -7.454, "2011-09-30": -3.729, "2011-06-30": -3.71, "2011-03-31": "", "2010-12-31": -7.377, "2010-09-30": -3.685, "2010-06-30": -3.667, "2010-03-31": "", "2009-12-31": -7.298, "2009-09-30": -3.644, "2009-06-30": -3.617, "2009-03-31": "", "2008-12-31": -7.201, "2008-09-30": -3.591, "2008-06-30": -3.589, "2008-03-31": "", "2007-12-31": -7.118, "2007-09-30": -2.666, "2007-06-30": -2.656, "2007-03-31": "", "2006-12-31": -5.276, "2006-09-30": -2.635, "2006-06-30": -2.627, "2006-03-31": "", "2005-12-31": -4.565, "2005-09-30": -1.95, "2005-06-30": -1.943, "2005-03-31": ""}}, "financial ratios": {"Current Ratio": {"2019-12-31": "2.05420", "2018-12-31": "1.95530", "2017-12-31": "2.37200", "2016-12-31": "2.09520", "2015-12-31": "2.43660", "2014-12-31": "2.74670", "2013-12-31": "2.50150", "2012-12-31": "1.83790", "2011-12-31": "2.24670", "2010-12-31": "2.10320", "2009-12-31": "1.59730", "2008-12-31": "1.77560", "2007-12-31": "1.90200", "2006-12-31": "2.13140", "2005-12-31": "2.21430"}, "Long-term Debt / Capital": {"2019-12-31": "0.30010", "2018-12-31": "0.33240", "2017-12-31": "0.34760", "2016-12-31": "0.38710", "2015-12-31": "0.43130", "2014-12-31": "0.39200", "2013-12-31": "0.38170", "2012-12-31": "0.36420", "2011-12-31": "0.32640", "2010-12-31": "0.25350", "2009-12-31": "0.27230", "2008-12-31": "0.37200", "2007-12-31": "0.35840", "2006-12-31": "0.32020", "2005-12-31": "0.36320"}, "Debt/Equity Ratio": {"2019-12-31": "0.42870", "2018-12-31": "0.49810", "2017-12-31": "0.53290", "2016-12-31": "0.74840", "2015-12-31": "0.75930", "2014-12-31": "0.64550", "2013-12-31": "0.61820", "2012-12-31": "0.67060", "2011-12-31": "0.48670", "2010-12-31": "0.34190", "2009-12-31": "0.45300", "2008-12-31": "0.59610", "2007-12-31": "0.55960", "2006-12-31": "0.47880", "2005-12-31": "0.57170"}, "Gross Margin": {"2019-12-31": "36.12380", "2018-12-31": "36.12440", "2017-12-31": "35.26090", "2016-12-31": "34.83710", "2015-12-31": "35.51080", "2014-12-31": "34.61760", "2013-12-31": "34.74080", "2012-12-31": "33.58840", "2011-12-31": "32.57470", "2010-12-31": "32.69130", "2009-12-31": "32.90790", "2008-12-31": "33.66290", "2007-12-31": "32.88840", "2006-12-31": "33.62140", "2005-12-31": "34.53020"}, "Operating Margin": {"2019-12-31": "16.23630", "2018-12-31": "15.49140", "2017-12-31": "14.31600", "2016-12-31": "14.06020", "2015-12-31": "14.08260", "2014-12-31": "12.58840", "2013-12-31": "11.19520", "2012-12-31": "9.94860", "2011-12-31": "9.26510", "2010-12-31": "8.98810", "2009-12-31": "9.35620", "2008-12-31": "10.74030", "2007-12-31": "11.25440", "2006-12-31": "10.96810", "2005-12-31": "12.20080"}, "EBIT Margin": {"2019-12-31": "16.23630", "2018-12-31": "15.49140", "2017-12-31": "14.31600", "2016-12-31": "14.06020", "2015-12-31": "14.08260", "2014-12-31": "12.58840", "2013-12-31": "11.19520", "2012-12-31": "9.94860", "2011-12-31": "9.26510", "2010-12-31": "8.98810", "2009-12-31": "9.35620", "2008-12-31": "10.74030", "2007-12-31": "11.25440", "2006-12-31": "10.96810", "2005-12-31": "12.20080"}, "EBITDA Margin": {"2019-12-31": "20.35260", "2018-12-31": "19.75990", "2017-12-31": "18.71910", "2016-12-31": "18.61260", "2015-12-31": "18.65310", "2014-12-31": "17.89040", "2013-12-31": "16.93140", "2012-12-31": "15.09840", "2011-12-31": "13.64350", "2010-12-31": "13.29900", "2009-12-31": "13.58240", "2008-12-31": "14.79740", "2007-12-31": "15.19250", "2006-12-31": "14.92950", "2005-12-31": "16.43190"}, "Pre-Tax Profit Margin": {"2019-12-31": "15.93520", "2018-12-31": "14.77050", "2017-12-31": "13.19310", "2016-12-31": "12.70600", "2015-12-31": "12.47660", "2014-12-31": "11.00890", "2013-12-31": "9.49210", "2012-12-31": "8.51320", "2011-12-31": "8.27480", "2010-12-31": "7.82700", "2009-12-31": "8.02670", "2008-12-31": "9.23980", "2007-12-31": "9.68340", "2006-12-31": "9.17380", "2005-12-31": "10.46030"}, "Net Profit Margin": {"2019-12-31": "12.36290", "2018-12-31": "11.43320", "2017-12-31": "9.46230", "2016-12-31": "8.88270", "2015-12-31": "6.59480", "2014-12-31": "5.05270", "2013-12-31": "6.51440", "2012-12-31": "6.24380", "2011-12-31": "6.26700", "2010-12-31": "5.50980", "2009-12-31": "5.26170", "2008-12-31": "5.97710", "2007-12-31": "6.55280", "2006-12-31": "6.28390", "2005-12-31": "6.65650"}, "Asset Turnover": {"2019-12-31": "0.66090", "2018-12-31": "0.74090", "2017-12-31": "0.70170", "2016-12-31": "0.69420", "2015-12-31": "0.73780", "2014-12-31": "0.65980", "2013-12-31": "0.61250", "2012-12-31": "0.58540", "2011-12-31": "0.76520", "2010-12-31": "0.82720", "2009-12-31": "0.84480", "2008-12-31": "0.89620", "2007-12-31": "0.80190", "2006-12-31": "0.80530", "2005-12-31": "0.80760"}, "Inventory Turnover Ratio": {"2019-12-31": "3.74080", "2018-12-31": "3.63840", "2017-12-31": "3.88060", "2016-12-31": "3.74480", "2015-12-31": "3.74730", "2014-12-31": "3.77340", "2013-12-31": "3.05750", "2012-12-31": "3.04650", "2011-12-31": "4.34380", "2010-12-31": "4.44050", "2009-12-31": "4.25110", "2008-12-31": "4.31270", "2007-12-31": "4.42030", "2006-12-31": "5.26890", "2005-12-31": "5.06100"}, "Receiveable Turnover": {"2019-12-31": "3.93540", "2018-12-31": "4.06200", "2017-12-31": "4.58860", "2016-12-31": "4.55430", "2015-12-31": "3.89500", "2014-12-31": "4.52720", "2013-12-31": "3.50910", "2012-12-31": "3.15280", "2011-12-31": "3.71400", "2010-12-31": "4.01730", "2009-12-31": "4.47350", "2008-12-31": "4.62550", "2007-12-31": "4.05210", "2006-12-31": "4.50240", "2005-12-31": "4.62190"}, "Days Sales In Receivables": {"2019-12-31": "92.74700", "2018-12-31": "89.85710", "2017-12-31": "79.54420", "2016-12-31": "80.14380", "2015-12-31": "93.71040", "2014-12-31": "80.62420", "2013-12-31": "104.01450", "2012-12-31": "115.77000", "2011-12-31": "98.27650", "2010-12-31": "90.85710", "2009-12-31": "81.59230", "2008-12-31": "78.90960", "2007-12-31": "90.07780", "2006-12-31": "81.06860", "2005-12-31": "78.97190"}, "ROE - Return On Equity": {"2019-12-31": "17.33480", "2018-12-31": "18.01360", "2017-12-31": "14.06540", "2016-12-31": "14.66720", "2015-12-31": "15.31340", "2014-12-31": "11.49520", "2013-12-31": "8.97810", "2012-12-31": "7.92940", "2011-12-31": "9.84420", "2010-12-31": "8.43750", "2009-12-31": "9.27400", "2008-12-31": "12.62050", "2007-12-31": "11.40470", "2006-12-31": "10.57230", "2005-12-31": "11.79530"}, "Return On Tangible Equity": {"2019-12-31": "240.70370", "2018-12-31": "2091.85900", "2017-12-31": "211.08490", "2016-12-31": "275.77370", "2015-12-31": "-687.92860", "2014-12-31": "130.02980", "2013-12-31": "-479.00180", "2012-12-31": "-86.93040", "2011-12-31": "64.43760", "2010-12-31": "43.24760", "2009-12-31": "70.11910", "2008-12-31": "470.12930", "2007-12-31": "100.77660", "2006-12-31": "41.76880", "2005-12-31": "82.00880"}, "ROA - Return On Assets": {"2019-12-31": "8.17110", "2018-12-31": "8.47060", "2017-12-31": "6.64000", "2016-12-31": "6.23420", "2015-12-31": "6.43050", "2014-12-31": "4.99920", "2013-12-31": "4.03100", "2012-12-31": "3.34170", "2011-12-31": "4.50080", "2010-12-31": "4.36590", "2009-12-31": "4.44530", "2008-12-31": "5.35690", "2007-12-31": "5.25430", "2006-12-31": "5.06040", "2005-12-31": "5.37600"}, "ROI - Return On Investment": {"2019-12-31": "12.13340", "2018-12-31": "12.02520", "2017-12-31": "9.17640", "2016-12-31": "8.98900", "2015-12-31": "8.70940", "2014-12-31": "6.98890", "2013-12-31": "5.55110", "2012-12-31": "5.04130", "2011-12-31": "6.63090", "2010-12-31": "6.29830", "2009-12-31": "6.74910", "2008-12-31": "7.92550", "2007-12-31": "7.31730", "2006-12-31": "7.18680", "2005-12-31": "7.51120"}, "Book Value Per Share": {"2019-12-31": "41.57390", "2018-12-31": "35.78930", "2017-12-31": "34.62520", "2016-12-31": "29.22500", "2015-12-31": "28.13530", "2014-12-31": "30.86180", "2013-12-31": "32.59320", "2012-12-31": "28.25820", "2011-12-31": "25.92180", "2010-12-31": "25.14640", "2009-12-31": "22.50480", "2008-12-31": "19.23360", "2007-12-31": "20.51410", "2006-12-31": "17.31080", "2005-12-31": "29.34880"}, "Operating Cash Flow Per Share": {"2019-12-31": 2.2083, "2018-12-31": -1.0961, "2017-12-31": -0.7108, "2016-12-31": 5.9827, "2015-12-31": -3.3481, "2014-12-31": 1.7966, "2013-12-31": 1.7479, "2012-12-31": -1.0777, "2011-12-31": 0.5913, "2010-12-31": -0.5997, "2009-12-31": 0.3389, "2008-12-31": 0.8697, "2007-12-31": -0.1518, "2006-12-31": 0.8454, "2005-12-31": 2.3998}, "Free Cash Flow Per Share": {"2019-12-31": 1.9374, "2018-12-31": -1.0695, "2017-12-31": -0.7802, "2016-12-31": 5.7238, "2015-12-31": -2.6906, "2014-12-31": 1.9207, "2013-12-31": 1.964, "2012-12-31": -1.0329, "2011-12-31": -0.0261, "2010-12-31": -0.1503, "2009-12-31": 0.8715, "2008-12-31": -0.029, "2007-12-31": -0.4689, "2006-12-31": 0.6674, "2005-12-31": 1.6885}}, "financial ratios, quarterly": {"Current Ratio": {"2020-09-30": "2.37410", "2020-06-30": "1.91430", "2020-03-31": "2.03950", "2019-12-31": "2.05420", "2019-09-30": "2.18530", "2019-06-30": "2.09550", "2019-03-31": "2.05340", "2018-12-31": "1.95530", "2018-09-30": "2.25350", "2018-06-30": "2.15590", "2018-03-31": "2.49920", "2017-12-31": "2.37200", "2017-09-30": "2.07590", "2017-06-30": "1.96870", "2017-03-31": "1.90470", "2016-12-31": "2.09520", "2016-09-30": "2.79320", "2016-06-30": "2.71670", "2016-03-31": "2.75650", "2015-12-31": "2.43660", "2015-09-30": "2.76210", "2015-06-30": "2.86930", "2015-03-31": "2.77410", "2014-12-31": "2.74670", "2014-09-30": "2.79590", "2014-06-30": "2.57850", "2014-03-31": "2.64360", "2013-12-31": "2.50150", "2013-09-30": "2.58220", "2013-06-30": "2.06090", "2013-03-31": "1.98870", "2012-12-31": "1.83790", "2012-09-30": "1.99330", "2012-06-30": "2.58100", "2012-03-31": "2.39720", "2011-12-31": "2.24670", "2011-09-30": "1.52950", "2011-06-30": "2.34970", "2011-03-31": "2.33470", "2010-12-31": "2.10320", "2010-09-30": "2.35160", "2010-06-30": "1.85890", "2010-03-31": "1.81380", "2009-12-31": "1.59730", "2009-09-30": "1.75350", "2009-06-30": "2.05080", "2009-03-31": "2.10640", "2008-12-31": "1.77560", "2008-09-30": "2.09770", "2008-06-30": "2.02600", "2008-03-31": "2.18120", "2007-12-31": "1.90200", "2007-09-30": "2.12260", "2007-06-30": "1.83680", "2007-03-31": "2.31240", "2006-12-31": "2.13140", "2006-09-30": "2.53920", "2006-06-30": "2.51340", "2006-03-31": "2.56620", "2005-12-31": "2.21430", "2005-09-30": "2.56000", "2005-06-30": "2.42270", "2005-03-31": "2.51690"}, "Long-term Debt / Capital": {"2020-09-30": "0.37040", "2020-06-30": "0.32760", "2020-03-31": "0.35180", "2019-12-31": "0.30010", "2019-09-30": "0.30910", "2019-06-30": "0.31550", "2019-03-31": "0.32460", "2018-12-31": "0.33240", "2018-09-30": "0.33390", "2018-06-30": "0.34030", "2018-03-31": "0.34000", "2017-12-31": "0.34760", "2017-09-30": "0.35580", "2017-06-30": "0.36900", "2017-03-31": "0.38100", "2016-12-31": "0.38710", "2016-09-30": "0.42880", "2016-06-30": "0.43130", "2016-03-31": "0.42900", "2015-12-31": "0.43130", "2015-09-30": "0.42040", "2015-06-30": "0.40250", "2015-03-31": "0.40800", "2014-12-31": "0.39200", "2014-09-30": "0.36940", "2014-06-30": "0.36350", "2014-03-31": "0.37830", "2013-12-31": "0.38170", "2013-09-30": "0.38750", "2013-06-30": "0.37260", "2013-03-31": "0.39660", "2012-12-31": "0.36420", "2012-09-30": "0.25940", "2012-06-30": "0.31090", "2012-03-31": "0.30530", "2011-12-31": "0.32640", "2011-09-30": "0.18610", "2011-06-30": "0.26900", "2011-03-31": "0.27010", "2010-12-31": "0.25350", "2010-09-30": "0.31730", "2010-06-30": "0.30050", "2010-03-31": "0.28980", "2009-12-31": "0.27230", "2009-09-30": "0.32650", "2009-06-30": "0.37410", "2009-03-31": "0.41090", "2008-12-31": "0.37200", "2008-09-30": "0.34860", "2008-06-30": "0.34510", "2008-03-31": "0.36850", "2007-12-31": "0.35840", "2007-09-30": "0.39840", "2007-06-30": "0.33230", "2007-03-31": "0.31330", "2006-12-31": "0.32020", "2006-09-30": "0.35000", "2006-06-30": "0.35960", "2006-03-31": "0.36480", "2005-12-31": "0.36320", "2005-09-30": "0.39850", "2005-06-30": "0.40340", "2005-03-31": "0.41540"}, "Debt/Equity Ratio": {"2020-09-30": "0.58830", "2020-06-30": "0.48720", "2020-03-31": "0.54300", "2019-12-31": "0.42870", "2019-09-30": "0.44740", "2019-06-30": "0.46090", "2019-03-31": "0.48060", "2018-12-31": "0.49810", "2018-09-30": "0.50190", "2018-06-30": "0.51650", "2018-03-31": "0.51590", "2017-12-31": "0.53290", "2017-09-30": "0.65430", "2017-06-30": "0.69310", "2017-03-31": "0.72930", "2016-12-31": "0.74840", "2016-09-30": "0.75120", "2016-06-30": "0.75930", "2016-03-31": "0.75210", "2015-12-31": "0.75930", "2015-09-30": "0.72640", "2015-06-30": "0.67440", "2015-03-31": "0.68980", "2014-12-31": "0.64550", "2014-09-30": "0.58630", "2014-06-30": "0.57160", "2014-03-31": "0.60890", "2013-12-31": "0.61820", "2013-09-30": "0.63350", "2013-06-30": "0.68500", "2013-03-31": "0.75390", "2012-12-31": "0.67060", "2012-09-30": "0.44730", "2012-06-30": "0.45300", "2012-03-31": "0.44140", "2011-12-31": "0.48670", "2011-09-30": "0.41160", "2011-06-30": "0.37020", "2011-03-31": "0.37210", "2010-12-31": "0.34190", "2010-09-30": "0.46710", "2010-06-30": "0.50230", "2010-03-31": "0.48110", "2009-12-31": "0.45300", "2009-09-30": "0.56470", "2009-06-30": "0.59980", "2009-03-31": "0.70130", "2008-12-31": "0.59610", "2008-09-30": "0.53630", "2008-06-30": "0.52790", "2008-03-31": "0.58470", "2007-12-31": "0.55960", "2007-09-30": "0.66330", "2007-06-30": "0.49870", "2007-03-31": "0.45740", "2006-12-31": "0.47880", "2006-09-30": "0.54680", "2006-06-30": "0.57000", "2006-03-31": "0.58320", "2005-12-31": "0.57170", "2005-09-30": "0.66400", "2005-06-30": "0.67770", "2005-03-31": "0.71230"}, "Gross Margin": {"2020-09-30": "37.23160", "2020-06-30": "33.82000", "2020-03-31": "33.36140", "2019-12-31": "37.47530", "2019-09-30": "36.76750", "2019-06-30": "36.00090", "2019-03-31": "34.04260", "2018-12-31": "37.16370", "2018-09-30": "37.37330", "2018-06-30": "36.51470", "2018-03-31": "33.09290", "2017-12-31": "37.80870", "2017-09-30": "36.53740", "2017-06-30": "34.35370", "2017-03-31": "31.88270", "2016-12-31": "34.11330", "2016-09-30": "36.37920", "2016-06-30": "34.79560", "2016-03-31": "34.14110", "2015-12-31": "38.09970", "2015-09-30": "35.29620", "2015-06-30": "33.44700", "2015-03-31": "34.98650", "2014-12-31": "34.98860", "2014-09-30": "34.62340", "2014-06-30": "34.82640", "2014-03-31": "34.00150", "2013-12-31": "42.32430", "2013-09-30": "34.87020", "2013-06-30": "33.07460", "2013-03-31": "30.99560", "2012-12-31": "46.74180", "2012-09-30": "29.50950", "2012-06-30": "31.15720", "2012-03-31": "31.74930", "2011-12-31": "32.44530", "2011-09-30": "32.86690", "2011-06-30": "32.74470", "2011-03-31": "32.21310", "2010-12-31": "32.63080", "2010-09-30": "33.42910", "2010-06-30": "33.40430", "2010-03-31": "31.23400", "2009-12-31": "34.38380", "2009-09-30": "32.65980", "2009-06-30": "32.31810", "2009-03-31": "32.03460", "2008-12-31": "34.00030", "2008-09-30": "33.92040", "2008-06-30": "34.67400", "2008-03-31": "31.95100", "2007-12-31": "33.03270", "2007-09-30": "32.76070", "2007-06-30": "32.28410", "2007-03-31": "33.48890", "2006-12-31": "33.70130", "2006-09-30": "34.00180", "2006-06-30": "34.08950", "2006-03-31": "32.58200", "2005-12-31": "34.89510", "2005-09-30": "34.46220", "2005-06-30": "35.41720", "2005-03-31": "33.18120"}, "Operating Margin": {"2020-09-30": "14.79550", "2020-06-30": "10.06260", "2020-03-31": "12.04960", "2019-12-31": "18.39880", "2019-09-30": "17.16910", "2019-06-30": "16.53920", "2019-03-31": "12.45780", "2018-12-31": "16.95980", "2018-09-30": "16.29970", "2018-06-30": "16.45600", "2018-03-31": "11.78000", "2017-12-31": "17.20630", "2017-09-30": "16.27290", "2017-06-30": "14.04590", "2017-03-31": "9.10860", "2016-12-31": "16.72550", "2016-09-30": "15.10040", "2016-06-30": "12.78030", "2016-03-31": "11.37280", "2015-12-31": "18.43330", "2015-09-30": "12.14250", "2015-06-30": "12.00340", "2015-03-31": "13.33490", "2014-12-31": "13.08640", "2014-09-30": "13.29710", "2014-06-30": "12.67730", "2014-03-31": "11.24100", "2013-12-31": "17.55110", "2013-09-30": "12.80810", "2013-06-30": "10.13550", "2013-03-31": "6.41590", "2012-12-31": "25.92380", "2012-09-30": "4.87580", "2012-06-30": "7.70160", "2012-03-31": "7.08830", "2011-12-31": "9.58610", "2011-09-30": "9.05620", "2011-06-30": "9.67540", "2011-03-31": "8.65280", "2010-12-31": "9.09460", "2010-09-30": "10.32300", "2010-06-30": "9.39660", "2010-03-31": "7.03620", "2009-12-31": "11.57470", "2009-09-30": "8.31170", "2009-06-30": "9.78230", "2009-03-31": "7.34870", "2008-12-31": "11.42100", "2008-09-30": "11.06040", "2008-06-30": "10.95390", "2008-03-31": "9.39750", "2007-12-31": "12.28620", "2007-09-30": "11.22680", "2007-06-30": "10.50640", "2007-03-31": "10.56560", "2006-12-31": "12.07960", "2006-09-30": "11.94700", "2006-06-30": "10.68260", "2006-03-31": "8.71310", "2005-12-31": "14.11670", "2005-09-30": "11.95520", "2005-06-30": "11.71850", "2005-03-31": "10.63070"}, "EBIT Margin": {"2020-09-30": "14.79550", "2020-06-30": "10.06260", "2020-03-31": "12.04960", "2019-12-31": "18.39880", "2019-09-30": "17.16910", "2019-06-30": "16.53920", "2019-03-31": "12.45780", "2018-12-31": "16.95980", "2018-09-30": "16.29970", "2018-06-30": "16.45600", "2018-03-31": "11.78000", "2017-12-31": "17.20630", "2017-09-30": "16.27290", "2017-06-30": "14.04590", "2017-03-31": "9.10860", "2016-12-31": "16.72550", "2016-09-30": "15.10040", "2016-06-30": "12.78030", "2016-03-31": "11.37280", "2015-12-31": "18.43330", "2015-09-30": "12.14250", "2015-06-30": "12.00340", "2015-03-31": "13.33490", "2014-12-31": "13.08640", "2014-09-30": "13.29710", "2014-06-30": "12.67730", "2014-03-31": "11.24100", "2013-12-31": "17.55110", "2013-09-30": "12.80810", "2013-06-30": "10.13550", "2013-03-31": "6.41590", "2012-12-31": "25.92380", "2012-09-30": "4.87580", "2012-06-30": "7.70160", "2012-03-31": "7.08830", "2011-12-31": "9.58620", "2011-09-30": "9.05620", "2011-06-30": "9.67540", "2011-03-31": "8.65280", "2010-12-31": "9.09460", "2010-09-30": "10.32300", "2010-06-30": "9.39660", "2010-03-31": "7.03620", "2009-12-31": "11.57470", "2009-09-30": "8.31170", "2009-06-30": "9.78230", "2009-03-31": "7.34870", "2008-12-31": "11.42110", "2008-09-30": "11.06040", "2008-06-30": "10.95390", "2008-03-31": "9.39750", "2007-12-31": "12.28630", "2007-09-30": "11.22680", "2007-06-30": "10.50640", "2007-03-31": "10.56560", "2006-12-31": "12.07960", "2006-09-30": "11.94700", "2006-06-30": "10.68260", "2006-03-31": "8.71310", "2005-12-31": "14.11670", "2005-09-30": "11.95520", "2005-06-30": "11.71850", "2005-03-31": "10.63070"}, "EBITDA Margin": {"2020-09-30": "", "2020-06-30": "", "2020-03-31": "", "2019-12-31": "", "2019-09-30": "", "2019-06-30": "", "2019-03-31": "", "2018-12-31": "", "2018-09-30": "", "2018-06-30": "", "2018-03-31": "", "2017-12-31": "", "2017-09-30": "", "2017-06-30": "", "2017-03-31": "", "2016-12-31": "", "2016-09-30": "", "2016-06-30": "", "2016-03-31": "", "2015-12-31": "", "2015-09-30": "", "2015-06-30": "", "2015-03-31": "", "2014-12-31": "", "2014-09-30": "", "2014-06-30": "", "2014-03-31": "", "2013-12-31": "", "2013-09-30": "", "2013-06-30": "", "2013-03-31": "", "2012-12-31": "", "2012-09-30": "", "2012-06-30": "", "2012-03-31": "", "2011-12-31": "", "2011-09-30": "", "2011-06-30": "", "2011-03-31": "", "2010-12-31": "", "2010-09-30": "", "2010-06-30": "", "2010-03-31": "", "2009-12-31": "", "2009-09-30": "", "2009-06-30": "", "2009-03-31": "", "2008-12-31": "", "2008-09-30": "", "2008-06-30": "", "2008-03-31": "", "2007-12-31": "", "2007-09-30": "", "2007-06-30": "", "2007-03-31": "", "2006-12-31": "", "2006-09-30": "", "2006-06-30": "", "2006-03-31": "", "2005-12-31": "", "2005-09-30": "", "2005-06-30": "", "2005-03-31": ""}, "Pre-Tax Profit Margin": {"2020-09-30": "14.15900", "2020-06-30": "7.76820", "2020-03-31": "11.72410", "2019-12-31": "18.09200", "2019-09-30": "16.90950", "2019-06-30": "16.21230", "2019-03-31": "12.14760", "2018-12-31": "16.31770", "2018-09-30": "15.61000", "2018-06-30": "15.55400", "2018-03-31": "11.13690", "2017-12-31": "16.23390", "2017-09-30": "15.21640", "2017-06-30": "12.80910", "2017-03-31": "7.86150", "2016-12-31": "16.95860", "2016-09-30": "13.12740", "2016-06-30": "10.87100", "2016-03-31": "9.44650", "2015-12-31": "16.89190", "2015-09-30": "10.46590", "2015-06-30": "10.34860", "2015-03-31": "11.77590", "2014-12-31": "11.63600", "2014-09-30": "11.65460", "2014-06-30": "11.09460", "2014-03-31": "9.59390", "2013-12-31": "15.30370", "2013-09-30": "10.97110", "2013-06-30": "8.60590", "2013-03-31": "5.03490", "2012-12-31": "23.82590", "2012-09-30": "3.46370", "2012-06-30": "6.48650", "2012-03-31": "5.81650", "2011-12-31": "8.69500", "2011-09-30": "8.06080", "2011-06-30": "8.69810", "2011-03-31": "7.53360", "2010-12-31": "8.06890", "2010-09-30": "9.09310", "2010-06-30": "8.24640", "2010-03-31": "5.78780", "2009-12-31": "10.51820", "2009-09-30": "7.02330", "2009-06-30": "8.33040", "2009-03-31": "5.78210", "2008-12-31": "10.01070", "2008-09-30": "9.62820", "2008-06-30": "9.42080", "2008-03-31": "7.75720", "2007-12-31": "10.74340", "2007-09-30": "9.33890", "2007-06-30": "9.07360", "2007-03-31": "9.17770", "2006-12-31": "10.44060", "2006-09-30": "10.10650", "2006-06-30": "8.76450", "2006-03-31": "6.89750", "2005-12-31": "12.45890", "2005-09-30": "10.24780", "2005-06-30": "9.82790", "2005-03-31": "8.91810"}, "Net Profit Margin": {"2020-09-30": "11.30480", "2020-06-30": "5.63920", "2020-03-31": "8.60920", "2019-12-31": "13.63400", "2019-09-30": "13.41890", "2019-06-30": "12.53090", "2019-03-31": "9.61290", "2018-12-31": "12.77090", "2018-09-30": "12.50990", "2018-06-30": "12.05680", "2018-03-31": "7.97100", "2017-12-31": "11.07240", "2017-09-30": "11.25970", "2017-06-30": "8.92270", "2017-03-31": "6.21610", "2016-12-31": "12.13210", "2016-09-30": "9.05790", "2016-06-30": "7.50100", "2016-03-31": "6.51810", "2015-12-31": "11.86380", "2015-09-30": "6.44750", "2015-06-30": "4.72070", "2015-03-31": "2.92770", "2014-12-31": "2.92530", "2014-09-30": "4.48310", "2014-06-30": "6.39340", "2014-03-31": "6.47640", "2013-12-31": "11.39130", "2013-09-30": "7.09610", "2013-06-30": "5.58310", "2013-03-31": "3.53360", "2012-12-31": "12.17990", "2012-09-30": "2.35780", "2012-06-30": "4.32000", "2012-03-31": "8.23500", "2011-12-31": "6.48140", "2011-09-30": "6.77500", "2011-06-30": "6.28790", "2011-03-31": "5.41270", "2010-12-31": "6.63480", "2010-09-30": "5.96460", "2010-06-30": "5.60360", "2010-03-31": "3.69760", "2009-12-31": "6.93090", "2009-09-30": "4.61620", "2009-06-30": "5.46620", "2009-03-31": "3.72940", "2008-12-31": "6.50340", "2008-09-30": "6.31700", "2008-06-30": "5.97110", "2008-03-31": "5.02540", "2007-12-31": "7.68780", "2007-09-30": "6.35300", "2007-06-30": "5.85100", "2007-03-31": "5.86360", "2006-12-31": "7.09820", "2006-09-30": "6.52850", "2006-06-30": "6.81190", "2006-03-31": "4.34540", "2005-12-31": "7.95990", "2005-09-30": "6.45610", "2005-06-30": "6.33280", "2005-03-31": "5.61850"}, "Asset Turnover": {"2020-09-30": "0.14440", "2020-06-30": "0.15100", "2020-03-31": "0.16560", "2019-12-31": "0.17420", "2019-09-30": "0.17660", "2019-06-30": "0.18650", "2019-03-31": "0.17370", "2018-12-31": "0.19920", "2018-09-30": "0.18170", "2018-06-30": "0.19200", "2018-03-31": "0.17220", "2017-12-31": "0.18910", "2017-09-30": "0.17630", "2017-06-30": "0.18190", "2017-03-31": "0.17350", "2016-12-31": "0.18620", "2016-09-30": "0.16820", "2016-06-30": "0.17880", "2016-03-31": "0.16990", "2015-12-31": "0.19690", "2015-09-30": "0.17430", "2015-06-30": "0.17520", "2015-03-31": "0.17480", "2014-12-31": "0.16840", "2014-09-30": "0.16170", "2014-06-30": "0.16230", "2014-03-31": "0.15700", "2013-12-31": "0.12010", "2013-09-30": "0.15580", "2013-06-30": "0.18510", "2013-03-31": "0.18370", "2012-12-31": "0.10150", "2012-09-30": "0.17710", "2012-06-30": "0.19620", "2012-03-31": "0.18350", "2011-12-31": "0.20830", "2011-09-30": "0.20770", "2011-06-30": "0.21260", "2011-03-31": "0.19640", "2010-12-31": "0.21620", "2010-09-30": "0.20370", "2010-06-30": "0.20690", "2010-03-31": "0.20200", "2009-12-31": "0.23470", "2009-09-30": "0.20120", "2009-06-30": "0.21020", "2009-03-31": "0.20400", "2008-12-31": "0.24860", "2008-09-30": "0.21490", "2008-06-30": "0.22390", "2008-03-31": "0.21780", "2007-12-31": "0.25060", "2007-09-30": "0.20480", "2007-06-30": "0.21100", "2007-03-31": "0.21380", "2006-12-31": "0.23750", "2006-09-30": "0.20970", "2006-06-30": "0.21110", "2006-03-31": "0.20080", "2005-12-31": "0.22700", "2005-09-30": "0.19590", "2005-06-30": "0.20710", "2005-03-31": "0.18910"}, "Inventory Turnover Ratio": {"2020-09-30": "0.77900", "2020-06-30": "0.78810", "2020-03-31": "0.89180", "2019-12-31": "0.96510", "2019-09-30": "0.90400", "2019-06-30": "0.93760", "2019-03-31": "0.85330", "2018-12-31": "0.96260", "2018-09-30": "0.86860", "2018-06-30": "0.90270", "2018-03-31": "0.94710", "2017-12-31": "1.00440", "2017-09-30": "0.90720", "2017-06-30": "0.94040", "2017-03-31": "0.90250", "2016-12-31": "1.01540", "2016-09-30": "0.80730", "2016-06-30": "0.87380", "2016-03-31": "0.82280", "2015-12-31": "0.96010", "2015-09-30": "0.83630", "2015-06-30": "0.90560", "2015-03-31": "0.91010", "2014-12-31": "0.95770", "2014-09-30": "0.90380", "2014-06-30": "0.79630", "2014-03-31": "0.76620", "2013-12-31": "0.52980", "2013-09-30": "0.73050", "2013-06-30": "0.91680", "2013-03-31": "0.95680", "2012-12-31": "0.42350", "2012-09-30": "0.95050", "2012-06-30": "1.02230", "2012-03-31": "0.99900", "2011-12-31": "1.18480", "2011-09-30": "1.03900", "2011-06-30": "1.02220", "2011-03-31": "0.99460", "2010-12-31": "1.16180", "2010-09-30": "1.02780", "2010-06-30": "1.03940", "2010-03-31": "1.01590", "2009-12-31": "1.15510", "2009-09-30": "0.95220", "2009-06-30": "0.99150", "2009-03-31": "0.95830", "2008-12-31": "1.19010", "2008-09-30": "1.01720", "2008-06-30": "1.07450", "2008-03-31": "1.09670", "2007-12-31": "1.37870", "2007-09-30": "1.06150", "2007-06-30": "1.19250", "2007-03-31": "1.25240", "2006-12-31": "1.55220", "2006-09-30": "1.14970", "2006-06-30": "1.15030", "2006-03-31": "1.14110", "2005-12-31": "1.41470", "2005-09-30": "1.20270", "2005-06-30": "1.33140", "2005-03-31": "1.34780"}, "Receiveable Turnover": {"2020-09-30": "0.90030", "2020-06-30": "0.91930", "2020-03-31": "0.95340", "2019-12-31": "1.03730", "2019-09-30": "0.95460", "2019-06-30": "1.00460", "2019-03-31": "0.97760", "2018-12-31": "1.09240", "2018-09-30": "0.96750", "2018-06-30": "1.07850", "2018-03-31": "1.05540", "2017-12-31": "1.23630", "2017-09-30": "1.10070", "2017-06-30": "1.13030", "2017-03-31": "1.09880", "2016-12-31": "1.22140", "2016-09-30": "1.09760", "2016-06-30": "1.11690", "2016-03-31": "1.04510", "2015-12-31": "1.03970", "2015-09-30": "0.97540", "2015-06-30": "0.91000", "2015-03-31": "1.10120", "2014-12-31": "1.15560", "2014-09-30": "1.03470", "2014-06-30": "0.91600", "2014-03-31": "0.87800", "2013-12-31": "0.68800", "2013-09-30": "0.90330", "2013-06-30": "1.03000", "2013-03-31": "0.99910", "2012-12-31": "0.54650", "2012-09-30": "0.90160", "2012-06-30": "0.94640", "2012-03-31": "0.86200", "2011-12-31": "1.01110", "2011-09-30": "0.92400", "2011-06-30": "1.00760", "2011-03-31": "0.90550", "2010-12-31": "1.05010", "2010-09-30": "0.98550", "2010-06-30": "1.02060", "2010-03-31": "1.04910", "2009-12-31": "1.24280", "2009-09-30": "1.09060", "2009-06-30": "1.12540", "2009-03-31": "1.10430", "2008-12-31": "1.28290", "2008-09-30": "1.12550", "2008-06-30": "1.20260", "2008-03-31": "1.15100", "2007-12-31": "1.26660", "2007-09-30": "1.07150", "2007-06-30": "1.10080", "2007-03-31": "1.14120", "2006-12-31": "1.32800", "2006-09-30": "1.11080", "2006-06-30": "1.15180", "2006-03-31": "1.09320", "2005-12-31": "1.29920", "2005-09-30": "1.10560", "2005-06-30": "1.16470", "2005-03-31": "1.02610"}, "Days Sales In Receivables": {"2020-09-30": "99.97120", "2020-06-30": "97.90180", "2020-03-31": "94.40020", "2019-12-31": "86.76420", "2019-09-30": "94.28430", "2019-06-30": "89.58620", "2019-03-31": "92.06170", "2018-12-31": "82.38690", "2018-09-30": "93.02400", "2018-06-30": "83.44830", "2018-03-31": "85.27610", "2017-12-31": "72.79700", "2017-09-30": "81.76940", "2017-06-30": "79.62510", "2017-03-31": "81.90660", "2016-12-31": "73.68830", "2016-09-30": "81.99770", "2016-06-30": "80.58250", "2016-03-31": "86.11420", "2015-12-31": "86.56570", "2015-09-30": "92.26840", "2015-06-30": "98.89970", "2015-03-31": "81.73160", "2014-12-31": "77.88040", "2014-09-30": "86.97870", "2014-06-30": "98.25640", "2014-03-31": "102.50800", "2013-12-31": "130.80770", "2013-09-30": "99.63390", "2013-06-30": "87.37480", "2013-03-31": "90.08280", "2012-12-31": "164.68960", "2012-09-30": "99.82570", "2012-06-30": "95.09650", "2012-03-31": "104.41150", "2011-12-31": "89.01480", "2011-09-30": "97.40280", "2011-06-30": "89.32300", "2011-03-31": "99.39500", "2010-12-31": "85.70610", "2010-09-30": "91.32680", "2010-06-30": "88.18060", "2010-03-31": "85.79150", "2009-12-31": "72.41480", "2009-09-30": "82.52260", "2009-06-30": "79.97420", "2009-03-31": "81.49780", "2008-12-31": "70.15260", "2008-09-30": "79.96140", "2008-06-30": "74.83770", "2008-03-31": "78.19140", "2007-12-31": "71.05620", "2007-09-30": "83.99730", "2007-06-30": "81.76040", "2007-03-31": "78.86400", "2006-12-31": "67.77340", "2006-09-30": "81.02430", "2006-06-30": "78.14060", "2006-03-31": "82.32480", "2005-12-31": "69.27490", "2005-09-30": "81.40380", "2005-06-30": "77.27040", "2005-03-31": "87.71250"}, "ROE - Return On Equity": {"2020-09-30": "3.59110", "2020-06-30": "1.81040", "2020-03-31": "3.09980", "2019-12-31": "5.03890", "2019-09-30": "4.85030", "2019-06-30": "4.84610", "2019-03-31": "3.50620", "2018-12-31": "5.41130", "2018-09-30": "4.59410", "2018-06-30": "4.74510", "2018-03-31": "2.76400", "2017-12-31": "4.43450", "2017-09-30": "4.33670", "2017-06-30": "3.63560", "2017-03-31": "2.45760", "2016-12-31": "5.47310", "2016-09-30": "3.56890", "2016-06-30": "3.13610", "2016-03-31": "2.55060", "2015-12-31": "5.63650", "2015-09-30": "2.88940", "2015-06-30": "2.84830", "2015-03-31": "3.08580", "2014-12-31": "3.12030", "2014-09-30": "2.77780", "2014-06-30": "2.63120", "2014-03-31": "2.28210", "2013-12-31": "2.92810", "2013-09-30": "2.61230", "2013-06-30": "2.53350", "2013-03-31": "1.59810", "2012-12-31": "3.80630", "2012-09-30": "0.87030", "2012-06-30": "1.75880", "2012-03-31": "1.52690", "2011-12-31": "2.79670", "2011-09-30": "2.56670", "2011-06-30": "2.41210", "2011-03-31": "1.90100", "2010-12-31": "2.40210", "2010-09-30": "2.46430", "2010-06-30": "2.42340", "2010-03-31": "1.53570", "2009-12-31": "3.39390", "2009-09-30": "2.07180", "2009-06-30": "2.61270", "2009-03-31": "1.80910", "2008-12-31": "3.80850", "2008-09-30": "2.84140", "2008-06-30": "2.80320", "2008-03-31": "2.32160", "2007-12-31": "4.18240", "2007-09-30": "2.91490", "2007-06-30": "2.60270", "2007-03-31": "2.47890", "2006-12-31": "3.52240", "2006-09-30": "2.84700", "2006-06-30": "3.04410", "2006-03-31": "1.86750", "2005-12-31": "3.96480", "2005-09-30": "2.83750", "2005-06-30": "3.01220", "2005-03-31": "2.46250"}, "Return On Tangible Equity": {"2020-09-30": "56.32940", "2020-06-30": "115.33880", "2020-03-31": "733.67260", "2019-12-31": "69.96760", "2019-09-30": "46.91100", "2019-06-30": "75.54110", "2019-03-31": "188.47030", "2018-12-31": "628.39460", "2018-09-30": "91.15070", "2018-06-30": "319.08880", "2018-03-31": "27.85680", "2017-12-31": "66.55000", "2017-09-30": "139.80490", "2017-06-30": "-141.59900", "2017-03-31": "-32.65610", "2016-12-31": "102.90510", "2016-09-30": "118.08040", "2016-06-30": "287.02920", "2016-03-31": "1577.68500", "2015-12-31": "-253.21050", "2015-09-30": "202.91540", "2015-06-30": "48.15000", "2015-03-31": "54.22940", "2014-12-31": "35.29610", "2014-09-30": "18.34100", "2014-06-30": "61.55130", "2014-03-31": "-15976.15000", "2013-12-31": "-156.22090", "2013-09-30": "-177.73960", "2013-06-30": "-43.53020", "2013-03-31": "-12.26280", "2012-12-31": "-41.72840", "2012-09-30": "3.82290", "2012-06-30": "7.95640", "2012-03-31": "7.14440", "2011-12-31": "18.30680", "2011-09-30": "12.67490", "2011-06-30": "10.38170", "2011-03-31": "8.72110", "2010-12-31": "12.31230", "2010-09-30": "14.40220", "2010-06-30": "17.89090", "2010-03-31": "10.04940", "2009-12-31": "25.66070", "2009-09-30": "21.79570", "2009-06-30": "41.14210", "2009-03-31": "121.71580", "2008-12-31": "141.87250", "2008-09-30": "15.40240", "2008-06-30": "16.44480", "2008-03-31": "16.86390", "2007-12-31": "36.95760", "2007-09-30": "50.24750", "2007-06-30": "17.90600", "2007-03-31": "8.98470", "2006-12-31": "13.91600", "2006-09-30": "14.18310", "2006-06-30": "16.80580", "2006-03-31": "10.99990", "2005-12-31": "27.56580", "2005-09-30": "25.73220", "2005-06-30": "32.52750", "2005-03-31": "34.87500"}, "ROA - Return On Assets": {"2020-09-30": "1.63190", "2020-06-30": "0.85150", "2020-03-31": "1.42540", "2019-12-31": "2.37520", "2019-09-30": "2.36940", "2019-06-30": "2.33680", "2019-03-31": "1.67010", "2018-12-31": "2.54460", "2018-09-30": "2.27350", "2018-06-30": "2.31530", "2018-03-31": "1.37280", "2017-12-31": "2.09340", "2017-09-30": "1.98510", "2017-06-30": "1.62270", "2017-03-31": "1.07850", "2016-12-31": "2.32630", "2016-09-30": "1.52400", "2016-06-30": "1.34140", "2016-03-31": "1.10740", "2015-12-31": "2.36690", "2015-09-30": "1.26520", "2015-06-30": "1.28900", "2015-03-31": "1.38300", "2014-12-31": "1.35700", "2014-09-30": "1.28490", "2014-06-30": "1.22650", "2014-03-31": "1.05330", "2013-12-31": "1.31470", "2013-09-30": "1.15330", "2013-06-30": "1.08580", "2013-03-31": "0.64910", "2012-12-31": "1.60410", "2012-09-30": "0.42290", "2012-06-30": "0.85120", "2012-03-31": "0.72580", "2011-12-31": "1.27870", "2011-09-30": "1.30020", "2011-06-30": "1.26480", "2011-03-31": "0.99590", "2010-12-31": "1.24290", "2010-09-30": "1.21510", "2010-06-30": "1.15930", "2010-03-31": "0.74700", "2009-12-31": "1.62680", "2009-09-30": "0.92870", "2009-06-30": "1.14870", "2009-03-31": "0.76060", "2008-12-31": "1.61660", "2008-09-30": "1.35760", "2008-06-30": "1.33670", "2008-03-31": "1.09440", "2007-12-31": "1.92690", "2007-09-30": "1.30140", "2007-06-30": "1.23450", "2007-03-31": "1.25360", "2006-12-31": "1.68600", "2006-09-30": "1.36870", "2006-06-30": "1.43770", "2006-03-31": "0.87250", "2005-12-31": "1.80710", "2005-09-30": "1.26470", "2005-06-30": "1.31160", "2005-03-31": "1.06260"}, "ROI - Return On Investment": {"2020-09-30": "2.26090", "2020-06-30": "1.21730", "2020-03-31": "2.00930", "2019-12-31": "3.52690", "2019-09-30": "3.35110", "2019-06-30": "3.31730", "2019-03-31": "2.36820", "2018-12-31": "3.61240", "2018-09-30": "3.06010", "2018-06-30": "3.13020", "2018-03-31": "1.82410", "2017-12-31": "2.89310", "2017-09-30": "2.79370", "2017-06-30": "2.29400", "2017-03-31": "1.52120", "2016-12-31": "3.35420", "2016-09-30": "2.03870", "2016-06-30": "1.78350", "2016-03-31": "1.45630", "2015-12-31": "3.20570", "2015-09-30": "1.67470", "2015-06-30": "1.70180", "2015-03-31": "1.82690", "2014-12-31": "1.89710", "2014-09-30": "1.75160", "2014-06-30": "1.67480", "2014-03-31": "1.41880", "2013-12-31": "1.81040", "2013-09-30": "1.60000", "2013-06-30": "1.58950", "2013-03-31": "0.96420", "2012-12-31": "2.41990", "2012-09-30": "0.64450", "2012-06-30": "1.21200", "2012-03-31": "1.06070", "2011-12-31": "1.88380", "2011-09-30": "2.08900", "2011-06-30": "1.76310", "2011-03-31": "1.38760", "2010-12-31": "1.79310", "2010-09-30": "1.68230", "2010-06-30": "1.69520", "2010-03-31": "1.09060", "2009-12-31": "2.46990", "2009-09-30": "1.39540", "2009-06-30": "1.63530", "2009-03-31": "1.06570", "2008-12-31": "2.39170", "2008-09-30": "1.85080", "2008-06-30": "1.83590", "2008-03-31": "1.46600", "2007-12-31": "2.68350", "2007-09-30": "1.75360", "2007-06-30": "1.73780", "2007-03-31": "1.70220", "2006-12-31": "2.39440", "2006-09-30": "1.85050", "2006-06-30": "1.94960", "2006-03-31": "1.18630", "2005-12-31": "2.52480", "2005-09-30": "1.70670", "2005-06-30": "1.79710", "2005-03-31": "1.43960"}, "Book Value Per Share": {"2020-09-30": "43.35850", "2020-06-30": "41.21970", "2020-03-31": "40.05080", "2019-12-31": "41.57390", "2019-09-30": "39.84960", "2019-06-30": "38.68100", "2019-03-31": "37.04540", "2018-12-31": "35.78930", "2018-09-30": "37.02390", "2018-06-30": "35.83580", "2018-03-31": "35.69520", "2017-12-31": "34.62520", "2017-09-30": "33.41290", "2017-06-30": "31.56390", "2017-03-31": "29.90530", "2016-12-31": "29.22500", "2016-09-30": "29.09960", "2016-06-30": "28.68490", "2016-03-31": "28.84990", "2015-12-31": "28.13530", "2015-09-30": "28.87210", "2015-06-30": "30.01810", "2015-03-31": "29.45450", "2014-12-31": "30.86180", "2014-09-30": "33.26650", "2014-06-30": "33.95810", "2014-03-31": "33.06910", "2013-12-31": "32.59320", "2013-09-30": "30.65690", "2013-06-30": "29.39940", "2013-03-31": "27.98790", "2012-12-31": "28.25820", "2012-09-30": "28.10540", "2012-06-30": "27.65590", "2012-03-31": "27.69910", "2011-12-31": "25.92180", "2011-09-30": "26.60090", "2011-06-30": "26.75560", "2011-03-31": "26.02740", "2010-12-31": "25.14640", "2010-09-30": "24.45550", "2010-06-30": "23.19580", "2010-03-31": "23.19300", "2009-12-31": "22.50480", "2009-09-30": "21.28600", "2009-06-30": "20.54520", "2009-03-31": "19.31840", "2008-12-31": "19.23360", "2008-09-30": "21.53660", "2008-06-30": "21.51240", "2008-03-31": "21.41590", "2007-12-31": "20.51410", "2007-09-30": "19.41980", "2007-06-30": "18.49790", "2007-03-31": "17.76280", "2006-12-31": "17.31080", "2006-09-30": "16.27370", "2006-06-30": "15.77490", "2006-03-31": "15.00910", "2005-12-31": "29.34880", "2005-09-30": "14.19990", "2005-06-30": "13.73420", "2005-03-31": "13.64290"}, "Operating Cash Flow Per Share": {"2020-09-30": 1.3379, "2020-06-30": 3.2552, "2020-03-31": "-4.50260", "2019-12-31": 6.0979, "2019-09-30": 2.7598, "2019-06-30": 2.1431, "2019-03-31": "-1.20440", "2018-12-31": 5.3556, "2018-09-30": 1.6336, "2018-06-30": 2.1939, "2018-03-31": "-1.59500", "2017-12-31": 5.052, "2017-09-30": 2.2723, "2017-06-30": 1.9159, "2017-03-31": "-0.55600", "2016-12-31": 3.4566, "2016-09-30": 2.4703, "2016-06-30": 1.915, "2016-03-31": "1.55310", "2015-12-31": 3.5113, "2015-09-30": 2.2067, "2015-06-30": 1.2052, "2015-03-31": "-3.51090", "2014-12-31": 3.6408, "2014-09-30": 1.4052, "2014-06-30": 2.0114, "2014-03-31": "-0.29700", "2013-12-31": 2.1678, "2013-09-30": 1.5162, "2013-06-30": 1.3025, "2013-03-31": "-0.02270", "2012-12-31": 2.0783, "2012-09-30": 0.7536, "2012-06-30": 0.4832, "2012-03-31": "-0.09920", "2011-12-31": 3.1682, "2011-09-30": 0.8052, "2011-06-30": 1.231, "2011-03-31": "-0.91080", "2010-12-31": 2.8878, "2010-09-30": 0.7587, "2010-06-30": 0.5541, "2010-03-31": "-0.49830", "2009-12-31": 2.5337, "2009-09-30": 1.0158, "2009-06-30": 1.4802, "2009-03-31": "-0.72770", "2008-12-31": 2.3199, "2008-09-30": 0.3382, "2008-06-30": 1.7152, "2008-03-31": "-0.41020", "2007-12-31": 2.0692, "2007-09-30": -0.1581, "2007-06-30": 1.3544, "2007-03-31": "-0.17210", "2006-12-31": 2.6754, "2006-09-30": 0.5467, "2006-06-30": 0.7988, "2006-03-31": "-0.77570", "2005-12-31": 1.6532, "2005-09-30": 0.1246, "2005-06-30": 0.9106, "2005-03-31": "-0.28860"}, "Free Cash Flow Per Share": {"2020-09-30": 1.1707, "2020-06-30": 3.001, "2020-03-31": "-4.89140", "2019-12-31": 5.7535, "2019-09-30": 2.4042, "2019-06-30": 1.9386, "2019-03-31": "-1.57050", "2018-12-31": 4.9151, "2018-09-30": 1.4228, "2018-06-30": 2.028, "2018-03-31": "-1.77750", "2017-12-31": 4.7661, "2017-09-30": 2.0439, "2017-06-30": 1.6332, "2017-03-31": "-0.78530", "2016-12-31": 3.0535, "2016-09-30": 2.2595, "2016-06-30": 1.7626, "2016-03-31": "1.36250", "2015-12-31": 3.2761, "2015-09-30": 2.0517, "2015-06-30": 1.0668, "2015-03-31": "-3.68030", "2014-12-31": 3.3806, "2014-09-30": 1.0343, "2014-06-30": 1.6521, "2014-03-31": "-0.66210", "2013-12-31": 1.8602, "2013-09-30": 1.0005, "2013-06-30": 0.9506, "2013-03-31": "-0.32710", "2012-12-31": 1.544, "2012-09-30": 0.4416, "2012-06-30": 0.0577, "2012-03-31": "-0.52310", "2011-12-31": 2.6786, "2011-09-30": 0.3462, "2011-06-30": 0.8463, "2011-03-31": "-1.31800", "2010-12-31": 2.5871, "2010-09-30": 0.4187, "2010-06-30": 0.2971, "2010-03-31": "-0.72370", "2009-12-31": 2.2288, "2009-09-30": 0.5724, "2009-06-30": 1.02, "2009-03-31": "-1.09170", "2008-12-31": 1.7643, "2008-09-30": -0.184, "2008-06-30": 1.202, "2008-03-31": "-0.92430", "2007-12-31": 1.6498, "2007-09-30": -0.4113, "2007-06-30": 1.0881, "2007-03-31": "-0.43960", "2006-12-31": 2.416, "2006-09-30": 0.3037, "2006-06-30": 0.5793, "2006-03-31": "-0.94310", "2005-12-31": 1.6564, "2005-09-30": -0.0866, "2005-06-30": 0.6782, "2005-03-31": "-0.55950"}}, "revenue": {"Curtiss-Wright Annual Revenue (Millions of US $)": {"2019": "$2,488", "2018": "$2,412", "2017": "$2,271", "2016": "$2,109", "2015": "$2,206", "2014": "$2,243", "2013": "$2,118", "2012": "$1,823", "2011": "$2,017", "2010": "$1,855", "2009": "$1,810", "2008": "$1,830", "2007": "$1,592", "2006": "$1,282", "2005": "$1,131"}, "Curtiss-Wright Quarterly Revenue (Millions of US $)": {"2020-09-30": "$572", "2020-06-30": "$550", "2020-03-31": "$601", "2019-12-31": "$656", "2019-09-30": "$615", "2019-06-30": "$639", "2019-03-31": "$578", "2018-12-31": "$649", "2018-09-30": "$595", "2018-06-30": "$620", "2018-03-31": "$548", "2017-12-31": "$612", "2017-09-30": "$568", "2017-06-30": "$568", "2017-03-31": "$524", "2016-12-31": "$566", "2016-09-30": "$507", "2016-06-30": "$533", "2016-03-31": "$504", "2015-12-31": "$589", "2015-09-30": "$526", "2015-06-30": "$545", "2015-03-31": "$546", "2014-12-31": "$573", "2014-09-30": "$558", "2014-06-30": "$569", "2014-03-31": "$543", "2013-12-31": "$415", "2013-09-30": "$512", "2013-06-30": "$598", "2013-03-31": "$593", "2012-12-31": "$316", "2012-09-30": "$479", "2012-06-30": "$526", "2012-03-31": "$502", "2011-12-31": "$549", "2011-09-30": "$509", "2011-06-30": "$506", "2011-03-31": "$453", "2010-12-31": "$485", "2010-09-30": "$466", "2010-06-30": "$462", "2010-03-31": "$442", "2009-12-31": "$503", "2009-09-30": "$436", "2009-06-30": "$447", "2009-03-31": "$424", "2008-12-31": "$508", "2008-09-30": "$436", "2008-06-30": "$453", "2008-03-31": "$433", "2007-12-31": "$498", "2007-09-30": "$396", "2007-06-30": "$366", "2007-03-31": "$333", "2006-12-31": "$378", "2006-09-30": "$312", "2006-06-30": "$310", "2006-03-31": "$283", "2005-12-31": "$318", "2005-09-30": "$271", "2005-06-30": "$283", "2005-03-31": "$258"}}, "gross-profit": {"Curtiss-Wright Annual Gross Profit (Millions of US $)": {"2019": "$899", "2018": "$871", "2017": "$801", "2016": "$735", "2015": "$783", "2014": "$777", "2013": "$736", "2012": "$612", "2011": "$657", "2010": "$606", "2009": "$596", "2008": "$616", "2007": "$524", "2006": "$431", "2005": "$391"}, "Curtiss-Wright Quarterly Gross Profit (Millions of US $)": {"2020-09-30": "$213", "2020-06-30": "$186", "2020-03-31": "$201", "2019-12-31": "$246", "2019-09-30": "$226", "2019-06-30": "$230", "2019-03-31": "$197", "2018-12-31": "$241", "2018-09-30": "$223", "2018-06-30": "$227", "2018-03-31": "$181", "2017-12-31": "$231", "2017-09-30": "$207", "2017-06-30": "$195", "2017-03-31": "$167", "2016-12-31": "$193", "2016-09-30": "$184", "2016-06-30": "$185", "2016-03-31": "$172", "2015-12-31": "$224", "2015-09-30": "$185", "2015-06-30": "$182", "2015-03-31": "$191", "2014-12-31": "$200", "2014-09-30": "$193", "2014-06-30": "$198", "2014-03-31": "$185", "2013-12-31": "$176", "2013-09-30": "$179", "2013-06-30": "$198", "2013-03-31": "$184", "2012-12-31": "$148", "2012-09-30": "$141", "2012-06-30": "$164", "2012-03-31": "$159", "2011-12-31": "$178", "2011-09-30": "$167", "2011-06-30": "$166", "2011-03-31": "$146", "2010-12-31": "$158", "2010-09-30": "$156", "2010-06-30": "$154", "2010-03-31": "$138", "2009-12-31": "$173", "2009-09-30": "$142", "2009-06-30": "$145", "2009-03-31": "$136", "2008-12-31": "$173", "2008-09-30": "$148", "2008-06-30": "$157", "2008-03-31": "$138", "2007-12-31": "$164", "2007-09-30": "$130", "2007-06-30": "$118", "2007-03-31": "$111", "2006-12-31": "$127", "2006-09-30": "$106", "2006-06-30": "$106", "2006-03-31": "$92", "2005-12-31": "$111", "2005-09-30": "$94", "2005-06-30": "$100", "2005-03-31": "$86"}}, "operating-income": {"Curtiss-Wright Annual Operating Income (Millions of US $)": {"2019": "$404", "2018": "$374", "2017": "$325", "2016": "$297", "2015": "$311", "2014": "$282", "2013": "$237", "2012": "$181", "2011": "$187", "2010": "$167", "2009": "$169", "2008": "$197", "2007": "$179", "2006": "$141", "2005": "$138"}, "Curtiss-Wright Quarterly Operating Income (Millions of US $)": {"2020-09-30": "$85", "2020-06-30": "$55", "2020-03-31": "$72", "2019-12-31": "$121", "2019-09-30": "$106", "2019-06-30": "$106", "2019-03-31": "$72", "2018-12-31": "$110", "2018-09-30": "$97", "2018-06-30": "$102", "2018-03-31": "$64", "2017-12-31": "$105", "2017-09-30": "$92", "2017-06-30": "$80", "2017-03-31": "$48", "2016-12-31": "$95", "2016-09-30": "$77", "2016-06-30": "$68", "2016-03-31": "$57", "2015-12-31": "$109", "2015-09-30": "$64", "2015-06-30": "$65", "2015-03-31": "$73", "2014-12-31": "$75", "2014-09-30": "$74", "2014-06-30": "$72", "2014-03-31": "$61", "2013-12-31": "$73", "2013-09-30": "$66", "2013-06-30": "$61", "2013-03-31": "$38", "2012-12-31": "$82", "2012-09-30": "$23", "2012-06-30": "$41", "2012-03-31": "$36", "2011-12-31": "$53", "2011-09-30": "$46", "2011-06-30": "$49", "2011-03-31": "$39", "2010-12-31": "$44", "2010-09-30": "$48", "2010-06-30": "$43", "2010-03-31": "$31", "2009-12-31": "$58", "2009-09-30": "$36", "2009-06-30": "$44", "2009-03-31": "$31", "2008-12-31": "$58", "2008-09-30": "$48", "2008-06-30": "$50", "2008-03-31": "$41", "2007-12-31": "$61", "2007-09-30": "$44", "2007-06-30": "$38", "2007-03-31": "$35", "2006-12-31": "$46", "2006-09-30": "$37", "2006-06-30": "$33", "2006-03-31": "$25", "2005-12-31": "$45", "2005-09-30": "$32", "2005-06-30": "$33", "2005-03-31": "$27"}}, "ebitda": {"Curtiss-Wright Annual EBITDA (Millions of US $)": {"2019": "$506", "2018": "$477", "2017": "$425", "2016": "$393", "2015": "$411", "2014": "$401", "2013": "$359", "2012": "$275", "2011": "$275", "2010": "$247", "2009": "$246", "2008": "$271", "2007": "$242", "2006": "$191", "2005": "$186"}, "Curtiss-Wright Quarterly EBITDA (Millions of US $)": {"2020-09-30": "$113", "2020-06-30": "$84", "2020-03-31": "$101", "2019-12-31": "$146", "2019-09-30": "$131", "2019-06-30": "$131", "2019-03-31": "$98", "2018-12-31": "$136", "2018-09-30": "$123", "2018-06-30": "$129", "2018-03-31": "$89", "2017-12-31": "$130", "2017-09-30": "$117", "2017-06-30": "$105", "2017-03-31": "$73", "2016-12-31": "$118", "2016-09-30": "$100", "2016-06-30": "$93", "2016-03-31": "$82", "2015-12-31": "$133", "2015-09-30": "$89", "2015-06-30": "$91", "2015-03-31": "$99", "2014-12-31": "$103", "2014-09-30": "$104", "2014-06-30": "$103", "2014-03-31": "$92", "2013-12-31": "$105", "2013-09-30": "$95", "2013-06-30": "$90", "2013-03-31": "$68", "2012-12-31": "$107", "2012-09-30": "$46", "2012-06-30": "$64", "2012-03-31": "$59", "2011-12-31": "$76", "2011-09-30": "$69", "2011-06-30": "$71", "2011-03-31": "$60", "2010-12-31": "$65", "2010-09-30": "$68", "2010-06-30": "$63", "2010-03-31": "$51", "2009-12-31": "$77", "2009-09-30": "$55", "2009-06-30": "$63", "2009-03-31": "$50", "2008-12-31": "$76", "2008-09-30": "$67", "2008-06-30": "$68", "2008-03-31": "$59", "2007-12-31": "$80", "2007-09-30": "$61", "2007-06-30": "$53", "2007-03-31": "$49", "2006-12-31": "$58", "2006-09-30": "$50", "2006-06-30": "$46", "2006-03-31": "$37", "2005-12-31": "$57", "2005-09-30": "$45", "2005-06-30": "$45", "2005-03-31": "$39"}}, "net-income": {"Curtiss-Wright Annual Net Income (Millions of US $)": {"2019": "$308", "2018": "$276", "2017": "$215", "2016": "$187", "2015": "$145", "2014": "$113", "2013": "$138", "2012": "$114", "2011": "$126", "2010": "$102", "2009": "$95", "2008": "$109", "2007": "$104", "2006": "$81", "2005": "$75"}, "Curtiss-Wright Quarterly Net Income (Millions of US $)": {"2020-09-30": "$65", "2020-06-30": "$31", "2020-03-31": "$52", "2019-12-31": "$89", "2019-09-30": "$83", "2019-06-30": "$80", "2019-03-31": "$56", "2018-12-31": "$83", "2018-09-30": "$74", "2018-06-30": "$75", "2018-03-31": "$44", "2017-12-31": "$68", "2017-09-30": "$64", "2017-06-30": "$51", "2017-03-31": "$33", "2016-12-31": "$69", "2016-09-30": "$46", "2016-06-30": "$40", "2016-03-31": "$33", "2015-12-31": "$70", "2015-09-30": "$34", "2015-06-30": "$26", "2015-03-31": "$16", "2014-12-31": "$17", "2014-09-30": "$25", "2014-06-30": "$36", "2014-03-31": "$35", "2013-12-31": "$47", "2013-09-30": "$36", "2013-06-30": "$33", "2013-03-31": "$21", "2012-12-31": "$38", "2012-09-30": "$11", "2012-06-30": "$23", "2012-03-31": "$41", "2011-12-31": "$36", "2011-09-30": "$34", "2011-06-30": "$32", "2011-03-31": "$25", "2010-12-31": "$32", "2010-09-30": "$28", "2010-06-30": "$26", "2010-03-31": "$16", "2009-12-31": "$35", "2009-09-30": "$20", "2009-06-30": "$24", "2009-03-31": "$16", "2008-12-31": "$33", "2008-09-30": "$28", "2008-06-30": "$27", "2008-03-31": "$22", "2007-12-31": "$38", "2007-09-30": "$25", "2007-06-30": "$21", "2007-03-31": "$20", "2006-12-31": "$27", "2006-09-30": "$20", "2006-06-30": "$21", "2006-03-31": "$12", "2005-12-31": "$25", "2005-09-30": "$18", "2005-06-30": "$18", "2005-03-31": "$15"}}, "eps-earnings-per-share-diluted": {"Curtiss-Wright Annual EPS": {"2019": "$7.15", "2018": "$6.22", "2017": "$4.80", "2016": "$4.15", "2015": "$3.05", "2014": "$2.31", "2013": "$2.88", "2012": "$2.41", "2011": "$2.69", "2010": "$2.21", "2009": "$2.08", "2008": "$2.41", "2007": "$2.32", "2006": "$1.82", "2005": "$1.72"}, "Curtiss-Wright Quarterly EPS": {"2020-09-30": "$1.55", "2020-06-30": "$0.74", "2020-03-31": "$1.21", "2019-12-31": "$2.08", "2019-09-30": "$1.92", "2019-06-30": "$1.86", "2019-03-31": "$1.29", "2018-12-31": "$1.88", "2018-09-30": "$1.68", "2018-06-30": "$1.68", "2018-03-31": "$0.98", "2017-12-31": "$1.51", "2017-09-30": "$1.43", "2017-06-30": "$1.13", "2017-03-31": "$0.73", "2016-12-31": "$1.52", "2016-09-30": "$1.02", "2016-06-30": "$0.88", "2016-03-31": "$0.73", "2015-12-31": "$1.48", "2015-09-30": "$0.71", "2015-06-30": "$0.53", "2015-03-31": "$0.33", "2014-12-31": "$0.34", "2014-09-30": "$0.51", "2014-06-30": "$0.74", "2014-03-31": "$0.72", "2013-12-31": "$0.98", "2013-09-30": "$0.76", "2013-06-30": "$0.70", "2013-03-31": "$0.44", "2012-12-31": "$0.82", "2012-09-30": "$0.24", "2012-06-30": "$0.48", "2012-03-31": "$0.87", "2011-12-31": "$0.76", "2011-09-30": "$0.73", "2011-06-30": "$0.68", "2011-03-31": "$0.52", "2010-12-31": "$0.70", "2010-09-30": "$0.60", "2010-06-30": "$0.56", "2010-03-31": "$0.35", "2009-12-31": "$0.75", "2009-09-30": "$0.44", "2009-06-30": "$0.54", "2009-03-31": "$0.35", "2008-12-31": "$0.73", "2008-09-30": "$0.60", "2008-06-30": "$0.60", "2008-03-31": "$0.48", "2007-12-31": "$0.84", "2007-09-30": "$0.56", "2007-06-30": "$0.48", "2007-03-31": "$0.44", "2006-12-31": "$0.60", "2006-09-30": "$0.46", "2006-06-30": "$0.48", "2006-03-31": "$0.28", "2005-12-31": "$0.58", "2005-09-30": "$0.40", "2005-06-30": "$0.41", "2005-03-31": "$0.33"}}, "shares-outstanding": {"Curtiss-Wright Annual Shares Outstanding (Millions of Shares)": {"2019": "43", "2018": "44", "2017": "45", "2016": "45", "2015": "48", "2014": "49", "2013": "48", "2012": "47", "2011": "47", "2010": "46", "2009": "46", "2008": "45", "2007": "45", "2006": "44", "2005": "44"}, "Curtiss-Wright Quarterly Shares Outstanding (Millions of Shares)": {"2020-09-30": "42", "2020-06-30": "42", "2020-03-31": "43", "2019-12-31": "43", "2019-09-30": "43", "2019-06-30": "43", "2019-03-31": "43", "2018-12-31": "44", "2018-09-30": "44", "2018-06-30": "45", "2018-03-31": "45", "2017-12-31": "45", "2017-09-30": "45", "2017-06-30": "45", "2017-03-31": "45", "2016-12-31": "45", "2016-09-30": "45", "2016-06-30": "45", "2016-03-31": "45", "2015-12-31": "48", "2015-09-30": "47", "2015-06-30": "48", "2015-03-31": "49", "2014-12-31": "49", "2014-09-30": "49", "2014-06-30": "49", "2014-03-31": "49", "2013-12-31": "48", "2013-09-30": "48", "2013-06-30": "48", "2013-03-31": "47", "2012-12-31": "47", "2012-09-30": "47", "2012-06-30": "48", "2012-03-31": "48", "2011-12-31": "47", "2011-09-30": "47", "2011-06-30": "47", "2011-03-31": "47", "2010-12-31": "46", "2010-09-30": "46", "2010-06-30": "46", "2010-03-31": "46", "2009-12-31": "46", "2009-09-30": "46", "2009-06-30": "46", "2009-03-31": "45", "2008-12-31": "45", "2008-09-30": "46", "2008-06-30": "45", "2008-03-31": "45", "2007-12-31": "45", "2007-09-30": "45", "2007-06-30": "45", "2007-03-31": "45", "2006-12-31": "44", "2006-09-30": "44", "2006-06-30": "44", "2006-03-31": "44", "2005-12-31": "44", "2005-09-30": "44", "2005-06-30": "44", "2005-03-31": "44"}}, "total-assets": {"Curtiss-Wright Annual Total Assets (Millions of US $)": {"2019": "$3,764", "2018": "$3,255", "2017": "$3,236", "2016": "$3,038", "2015": "$2,990", "2014": "$3,400", "2013": "$3,458", "2012": "$3,115", "2011": "$2,636", "2010": "$2,242", "2009": "$2,142", "2008": "$2,042", "2007": "$1,986", "2006": "$1,592", "2005": "$1,400"}, "Curtiss-Wright Quarterly Total Assets (Millions of US $)": {"2020-09-30": "$3,960", "2020-06-30": "$3,643", "2020-03-31": "$3,631", "2019-12-31": "$3,764", "2019-09-30": "$3,482", "2019-06-30": "$3,427", "2019-03-31": "$3,329", "2018-12-31": "$3,255", "2018-09-30": "$3,276", "2018-06-30": "$3,230", "2018-03-31": "$3,179", "2017-12-31": "$3,236", "2017-09-30": "$3,221", "2017-06-30": "$3,121", "2017-03-31": "$3,018", "2016-12-31": "$3,038", "2016-09-30": "$3,014", "2016-06-30": "$2,979", "2016-03-31": "$2,964", "2015-12-31": "$2,990", "2015-09-30": "$3,015", "2015-06-30": "$3,113", "2015-03-31": "$3,125", "2014-12-31": "$3,400", "2014-09-30": "$3,454", "2014-06-30": "$3,507", "2014-03-31": "$3,459", "2013-12-31": "$3,458", "2013-09-30": "$3,289", "2013-06-30": "$3,229", "2013-03-31": "$3,227", "2012-12-31": "$3,115", "2012-09-30": "$2,706", "2012-06-30": "$2,683", "2012-03-31": "$2,734", "2011-12-31": "$2,636", "2011-09-30": "$2,451", "2011-06-30": "$2,378", "2011-03-31": "$2,306", "2010-12-31": "$2,242", "2010-09-30": "$2,287", "2010-06-30": "$2,234", "2010-03-31": "$2,187", "2009-12-31": "$2,142", "2009-09-30": "$2,166", "2009-06-30": "$2,129", "2009-03-31": "$2,078", "2008-12-31": "$2,042", "2008-09-30": "$2,027", "2008-06-30": "$2,026", "2008-03-31": "$1,990", "2007-12-31": "$1,986", "2007-09-30": "$1,935", "2007-06-30": "$1,733", "2007-03-31": "$1,556", "2006-12-31": "$1,592", "2006-09-30": "$1,487", "2006-06-30": "$1,467", "2006-03-31": "$1,407", "2005-12-31": "$1,400", "2005-09-30": "$1,385", "2005-06-30": "$1,367", "2005-03-31": "$1,367"}}, "cash-on-hand": {"Curtiss-Wright Annual Cash on Hand (Millions of US $)": {"2019": "$391", "2018": "$276", "2017": "$475", "2016": "$554", "2015": "$289", "2014": "$450", "2013": "$175", "2012": "$112", "2011": "$194", "2010": "$68", "2009": "$65", "2008": "$61", "2007": "$67", "2006": "$125", "2005": "$59"}, "Curtiss-Wright Quarterly Cash on Hand (Millions of US $)": {"2020-09-30": "$427", "2020-06-30": "$155", "2020-03-31": "$158", "2019-12-31": "$391", "2019-09-30": "$298", "2019-06-30": "$216", "2019-03-31": "$154", "2018-12-31": "$276", "2018-09-30": "$246", "2018-06-30": "$219", "2018-03-31": "$397", "2017-12-31": "$475", "2017-09-30": "$432", "2017-06-30": "$343", "2017-03-31": "$273", "2016-12-31": "$554", "2016-09-30": "$452", "2016-06-30": "$383", "2016-03-31": "$337", "2015-12-31": "$289", "2015-09-30": "$248", "2015-06-30": "$245", "2015-03-31": "$216", "2014-12-31": "$450", "2014-09-30": "$222", "2014-06-30": "$194", "2014-03-31": "$128", "2013-12-31": "$175", "2013-09-30": "$171", "2013-06-30": "$143", "2013-03-31": "$119", "2012-12-31": "$112", "2012-09-30": "$240", "2012-06-30": "$213", "2012-03-31": "$231", "2011-12-31": "$194", "2011-09-30": "$55", "2011-06-30": "$63", "2011-03-31": "$52", "2010-12-31": "$68", "2010-09-30": "$84", "2010-06-30": "$72", "2010-03-31": "$80", "2009-12-31": "$65", "2009-09-30": "$72", "2009-06-30": "$59", "2009-03-31": "$64", "2008-12-31": "$61", "2008-09-30": "$77", "2008-06-30": "$85", "2008-03-31": "$65", "2007-12-31": "$67", "2007-09-30": "$59", "2007-06-30": "$67", "2007-03-31": "$101", "2006-12-31": "$125", "2006-09-30": "$47", "2006-06-30": "$43", "2006-03-31": "$40", "2005-12-31": "$59", "2005-09-30": "$48", "2005-06-30": "$48", "2005-03-31": "$42"}}, "long-term-debt": {"Curtiss-Wright Annual Long Term Debt (Millions of US $)": {"2019": "$761", "2018": "$762", "2017": "$814", "2016": "$816", "2015": "$952", "2014": "$953", "2013": "$959", "2012": "$752", "2011": "$584", "2010": "$394", "2009": "$384", "2008": "$513", "2007": "$511", "2006": "$359", "2005": "$364"}, "Curtiss-Wright Quarterly Long Term Debt (Millions of US $)": {"2020-09-30": "$1,059", "2020-06-30": "$835", "2020-03-31": "$906", "2019-12-31": "$761", "2019-09-30": "$761", "2019-06-30": "$761", "2019-03-31": "$762", "2018-12-31": "$762", "2018-09-30": "$813", "2018-06-30": "$813", "2018-03-31": "$814", "2017-12-31": "$814", "2017-09-30": "$814", "2017-06-30": "$815", "2017-03-31": "$815", "2016-12-31": "$816", "2016-09-30": "$966", "2016-06-30": "$966", "2016-03-31": "$967", "2015-12-31": "$952", "2015-09-30": "$958", "2015-06-30": "$949", "2015-03-31": "$965", "2014-12-31": "$953", "2014-09-30": "$936", "2014-06-30": "$933", "2014-03-31": "$971", "2013-12-31": "$959", "2013-09-30": "$919", "2013-06-30": "$822", "2013-03-31": "$862", "2012-12-31": "$752", "2012-09-30": "$461", "2012-06-30": "$586", "2012-03-31": "$571", "2011-12-31": "$584", "2011-09-30": "$284", "2011-06-30": "$459", "2011-03-31": "$447", "2010-12-31": "$394", "2010-09-30": "$524", "2010-06-30": "$459", "2010-03-31": "$434", "2009-12-31": "$384", "2009-09-30": "$471", "2009-06-30": "$559", "2009-03-31": "$609", "2008-12-31": "$513", "2008-09-30": "$518", "2008-06-30": "$509", "2008-03-31": "$547", "2007-12-31": "$511", "2007-09-30": "$572", "2007-06-30": "$409", "2007-03-31": "$359", "2006-12-31": "$359", "2006-09-30": "$385", "2006-06-30": "$389", "2006-03-31": "$378", "2005-12-31": "$364", "2005-09-30": "$409", "2005-06-30": "$403", "2005-03-31": "$419"}}, "total-liabilities": {"Curtiss-Wright Annual Total Liabilities (Millions of US $)": {"2019": "$1,990", "2018": "$1,725", "2017": "$1,709", "2016": "$1,747", "2015": "$1,734", "2014": "$1,921", "2013": "$1,906", "2012": "$1,802", "2011": "$1,431", "2010": "$1,082", "2009": "$1,115", "2008": "$1,175", "2007": "$1,071", "2006": "$830", "2005": "$762"}, "Curtiss-Wright Quarterly Total Liabilities (Millions of US $)": {"2020-09-30": "$2,160", "2020-06-30": "$1,929", "2020-03-31": "$1,962", "2019-12-31": "$1,990", "2019-09-30": "$1,781", "2019-06-30": "$1,774", "2019-03-31": "$1,743", "2018-12-31": "$1,725", "2018-09-30": "$1,655", "2018-06-30": "$1,654", "2018-03-31": "$1,600", "2017-12-31": "$1,709", "2017-09-30": "$1,747", "2017-06-30": "$1,728", "2017-03-31": "$1,694", "2016-12-31": "$1,747", "2016-09-30": "$1,727", "2016-06-30": "$1,705", "2016-03-31": "$1,677", "2015-12-31": "$1,734", "2015-09-30": "$1,695", "2015-06-30": "$1,704", "2015-03-31": "$1,725", "2014-12-31": "$1,921", "2014-09-30": "$1,856", "2014-06-30": "$1,872", "2014-03-31": "$1,862", "2013-12-31": "$1,906", "2013-09-30": "$1,837", "2013-06-30": "$1,845", "2013-03-31": "$1,916", "2012-12-31": "$1,802", "2012-09-30": "$1,391", "2012-06-30": "$1,384", "2012-03-31": "$1,434", "2011-12-31": "$1,431", "2011-09-30": "$1,210", "2011-06-30": "$1,131", "2011-03-31": "$1,098", "2010-12-31": "$1,082", "2010-09-30": "$1,159", "2010-06-30": "$1,165", "2010-03-31": "$1,123", "2009-12-31": "$1,115", "2009-09-30": "$1,195", "2009-06-30": "$1,193", "2009-03-31": "$1,204", "2008-12-31": "$1,175", "2008-09-30": "$1,059", "2008-06-30": "$1,060", "2008-03-31": "$1,052", "2007-12-31": "$1,071", "2007-09-30": "$1,071", "2007-06-30": "$911", "2007-03-31": "$769", "2006-12-31": "$830", "2006-09-30": "$772", "2006-06-30": "$774", "2006-03-31": "$750", "2005-12-31": "$762", "2005-09-30": "$768", "2005-06-30": "$772", "2005-03-31": "$777"}}, "total-share-holder-equity": {"Curtiss-Wright Annual Share Holder Equity (Millions of US $)": {"2019": "$1,774", "2018": "$1,531", "2017": "$1,528", "2016": "$1,291", "2015": "$1,255", "2014": "$1,478", "2013": "$1,553", "2012": "$1,313", "2011": "$1,205", "2010": "$1,160", "2009": "$1,027", "2008": "$867", "2007": "$915", "2006": "$762", "2005": "$638"}, "Curtiss-Wright Quarterly Share Holder Equity (Millions of US $)": {"2020-09-30": "$1,799", "2020-06-30": "$1,713", "2020-03-31": "$1,670", "2019-12-31": "$1,774", "2019-09-30": "$1,701", "2019-06-30": "$1,652", "2019-03-31": "$1,586", "2018-12-31": "$1,531", "2018-09-30": "$1,621", "2018-06-30": "$1,576", "2018-03-31": "$1,579", "2017-12-31": "$1,528", "2017-09-30": "$1,474", "2017-06-30": "$1,393", "2017-03-31": "$1,324", "2016-12-31": "$1,291", "2016-09-30": "$1,287", "2016-06-30": "$1,274", "2016-03-31": "$1,287", "2015-12-31": "$1,255", "2015-09-30": "$1,320", "2015-06-30": "$1,409", "2015-03-31": "$1,401", "2014-12-31": "$1,478", "2014-09-30": "$1,598", "2014-06-30": "$1,635", "2014-03-31": "$1,596", "2013-12-31": "$1,553", "2013-09-30": "$1,452", "2013-06-30": "$1,384", "2013-03-31": "$1,310", "2012-12-31": "$1,313", "2012-09-30": "$1,315", "2012-06-30": "$1,298", "2012-03-31": "$1,300", "2011-12-31": "$1,205", "2011-09-30": "$1,242", "2011-06-30": "$1,247", "2011-03-31": "$1,208", "2010-12-31": "$1,160", "2010-09-30": "$1,127", "2010-06-30": "$1,069", "2010-03-31": "$1,064", "2009-12-31": "$1,027", "2009-09-30": "$971", "2009-06-30": "$936", "2009-03-31": "$874", "2008-12-31": "$867", "2008-09-30": "$969", "2008-06-30": "$966", "2008-03-31": "$938", "2007-12-31": "$915", "2007-09-30": "$864", "2007-06-30": "$822", "2007-03-31": "$787", "2006-12-31": "$762", "2006-09-30": "$715", "2006-06-30": "$693", "2006-03-31": "$657", "2005-12-31": "$638", "2005-09-30": "$617", "2005-06-30": "$595", "2005-03-31": "$590"}}, "profit-margins": {"current": "9.96%"}, "gross margin": {"2020-09-30": "35.56%", "2020-06-30": "35.47%", "2020-03-31": "35.96%", "2019-12-31": "36.13%", "2019-09-30": "36.03%", "2019-06-30": "36.20%", "2019-03-31": "36.36%", "2018-12-31": "36.15%", "2018-09-30": "36.29%", "2018-06-30": "36.03%", "2018-03-31": "35.45%", "2017-12-31": "35.21%", "2017-09-30": "34.23%", "2017-06-30": "34.13%", "2017-03-31": "34.23%", "2016-12-31": "34.79%", "2016-09-30": "35.86%", "2016-06-30": "35.59%", "2016-03-31": "35.26%", "2015-12-31": "35.45%", "2015-09-30": "34.61%", "2015-06-30": "34.47%", "2015-03-31": "34.82%", "2014-12-31": "34.60%", "2014-09-30": "36.07%", "2014-06-30": "36.19%", "2014-03-31": "35.69%", "2013-12-31": "34.80%", "2013-09-30": "35.12%", "2013-06-30": "33.79%", "2013-03-31": "33.28%", "2012-12-31": "33.57%", "2012-09-30": "31.23%", "2012-06-30": "32.02%", "2012-03-31": "32.43%", "2011-12-31": "32.57%", "2011-09-30": "32.62%", "2011-06-30": "32.77%", "2011-03-31": "32.90%", "2010-12-31": "32.67%", "2010-09-30": "33.16%", "2010-06-30": "32.94%", "2010-03-31": "32.71%", "2009-12-31": "32.93%", "2009-09-30": "32.84%", "2009-06-30": "33.17%", "2009-03-31": "33.72%", "2008-12-31": "33.66%", "2008-09-30": "33.35%", "2008-06-30": "33.09%", "2008-03-31": "32.49%", "2007-12-31": "32.83%", "2007-09-30": "32.99%", "2007-06-30": "33.26%", "2007-03-31": "33.76%", "2006-12-31": "33.59%", "2006-09-30": "33.93%", "2006-06-30": "34.09%", "2006-03-31": "34.37%", "2005-12-31": "34.60%"}, "operating margin": {"2020-09-30": "14.00%", "2020-06-30": "14.62%", "2020-03-31": "16.13%", "2019-12-31": "16.28%", "2019-09-30": "15.88%", "2019-06-30": "15.64%", "2019-03-31": "15.60%", "2018-12-31": "15.46%", "2018-09-30": "15.49%", "2018-06-30": "15.46%", "2018-03-31": "14.85%", "2017-12-31": "14.30%", "2017-09-30": "14.15%", "2017-06-30": "13.86%", "2017-03-31": "13.52%", "2016-12-31": "14.08%", "2016-09-30": "14.58%", "2016-06-30": "13.85%", "2016-03-31": "13.63%", "2015-12-31": "14.10%", "2015-09-30": "12.65%", "2015-06-30": "12.92%", "2015-03-31": "13.09%", "2014-12-31": "12.57%", "2014-09-30": "13.43%", "2014-06-30": "13.34%", "2014-03-31": "12.62%", "2013-12-31": "11.24%", "2013-09-30": "12.23%", "2013-06-30": "10.27%", "2013-03-31": "9.61%", "2012-12-31": "9.98%", "2012-09-30": "7.44%", "2012-06-30": "8.44%", "2012-03-31": "8.91%", "2011-12-31": "9.27%", "2011-09-30": "9.11%", "2011-06-30": "9.42%", "2011-03-31": "9.32%", "2010-12-31": "8.95%", "2010-09-30": "9.61%", "2010-06-30": "9.12%", "2010-03-31": "9.25%", "2009-12-31": "9.34%", "2009-09-30": "9.31%", "2009-06-30": "9.97%", "2009-03-31": "10.27%", "2008-12-31": "10.77%", "2008-09-30": "10.99%", "2008-06-30": "11.01%", "2008-03-31": "10.87%", "2007-12-31": "11.17%", "2007-09-30": "11.07%", "2007-06-30": "11.23%", "2007-03-31": "11.33%", "2006-12-31": "10.99%", "2006-09-30": "11.45%", "2006-06-30": "11.42%", "2006-03-31": "11.69%", "2005-12-31": "12.12%"}, "ebitda margin": {"2020-09-30": "18.66%", "2020-06-30": "19.08%", "2020-03-31": "20.27%", "2019-12-31": "20.34%", "2019-09-30": "19.99%", "2019-06-30": "19.83%", "2019-03-31": "19.90%", "2018-12-31": "19.78%", "2018-09-30": "19.83%", "2018-06-30": "19.80%", "2018-03-31": "19.21%", "2017-12-31": "18.71%", "2017-09-30": "18.55%", "2017-06-30": "18.29%", "2017-03-31": "18.03%", "2016-12-31": "18.63%", "2016-09-30": "19.13%", "2016-06-30": "18.45%", "2016-03-31": "18.25%", "2015-12-31": "18.68%", "2015-09-30": "17.44%", "2015-06-30": "17.87%", "2015-03-31": "18.21%", "2014-12-31": "17.92%", "2014-09-30": "19.38%", "2014-06-30": "19.37%", "2014-03-31": "18.47%", "2013-12-31": "16.90%", "2013-09-30": "17.83%", "2013-06-30": "15.66%", "2013-03-31": "14.89%", "2012-12-31": "15.14%", "2012-09-30": "11.92%", "2012-06-30": "12.85%", "2012-03-31": "13.31%", "2011-12-31": "13.68%", "2011-09-30": "13.57%", "2011-06-30": "13.82%", "2011-03-31": "13.72%", "2010-12-31": "13.32%", "2010-09-30": "13.83%", "2010-06-30": "13.35%", "2010-03-31": "13.46%", "2009-12-31": "13.54%", "2009-09-30": "13.44%", "2009-06-30": "14.10%", "2009-03-31": "14.33%", "2008-12-31": "14.75%", "2008-09-30": "15.05%", "2008-06-30": "15.06%", "2008-03-31": "14.94%", "2007-12-31": "15.25%", "2007-09-30": "15.00%", "2007-06-30": "15.12%", "2007-03-31": "15.23%", "2006-12-31": "14.89%", "2006-09-30": "15.54%", "2006-06-30": "15.65%", "2006-03-31": "15.93%", "2005-12-31": "16.46%"}, "pre tax profit margin": {"2020-09-30": "13.16%", "2020-06-30": "13.87%", "2020-03-31": "15.81%", "2019-12-31": "15.96%", "2019-09-30": "15.48%", "2019-06-30": "15.16%", "2019-03-31": "14.95%", "2018-12-31": "14.76%", "2018-09-30": "14.69%", "2018-06-30": "14.57%", "2018-03-31": "13.89%", "2017-12-31": "13.16%", "2017-09-30": "13.30%", "2017-06-30": "12.79%", "2017-03-31": "12.30%", "2016-12-31": "12.75%", "2016-09-30": "12.75%", "2016-06-30": "12.08%", "2016-03-31": "11.92%", "2015-12-31": "12.42%", "2015-09-30": "11.05%", "2015-06-30": "11.34%", "2015-03-31": "11.53%", "2014-12-31": "11.01%", "2014-09-30": "11.70%", "2014-06-30": "11.53%", "2014-03-31": "10.78%", "2013-12-31": "9.49%", "2013-09-30": "10.50%", "2013-06-30": "8.71%", "2013-03-31": "8.15%", "2012-12-31": "8.50%", "2012-09-30": "6.23%", "2012-06-30": "7.29%", "2012-03-31": "7.84%", "2011-12-31": "8.28%", "2011-09-30": "8.09%", "2011-06-30": "8.32%", "2011-03-31": "8.20%", "2010-12-31": "7.82%", "2010-09-30": "8.49%", "2010-06-30": "8.03%", "2010-03-31": "8.04%", "2009-12-31": "8.07%", "2009-09-30": "7.93%", "2009-06-30": "8.54%", "2009-03-31": "8.84%", "2008-12-31": "9.29%", "2008-09-30": "9.45%", "2008-06-30": "9.38%", "2008-03-31": "9.27%", "2007-12-31": "9.67%", "2007-09-30": "9.50%", "2007-06-30": "9.72%", "2007-03-31": "9.68%", "2006-12-31": "9.12%", "2006-09-30": "9.65%", "2006-06-30": "9.64%", "2006-03-31": "9.96%", "2005-12-31": "10.53%"}, "net profit margin": {"2020-09-30": "9.96%", "2020-06-30": "10.53%", "2020-03-31": "12.11%", "2019-12-31": "12.38%", "2019-09-30": "12.17%", "2019-06-30": "11.91%", "2019-03-31": "11.79%", "2018-12-31": "11.44%", "2018-09-30": "10.99%", "2018-06-30": "10.69%", "2018-03-31": "9.89%", "2017-12-31": "9.51%", "2017-09-30": "9.75%", "2017-06-30": "9.19%", "2017-03-31": "8.83%", "2016-12-31": "8.91%", "2016-09-30": "8.86%", "2016-06-30": "8.22%", "2016-03-31": "7.53%", "2015-12-31": "6.62%", "2015-09-30": "4.25%", "2015-06-30": "3.78%", "2015-03-31": "4.19%", "2014-12-31": "5.04%", "2014-09-30": "6.86%", "2014-06-30": "7.55%", "2014-03-31": "7.30%", "2013-12-31": "6.47%", "2013-09-30": "6.34%", "2013-06-30": "5.19%", "2013-03-31": "4.86%", "2012-12-31": "6.20%", "2012-09-30": "5.40%", "2012-06-30": "6.42%", "2012-03-31": "6.92%", "2011-12-31": "6.30%", "2011-09-30": "6.30%", "2011-06-30": "6.13%", "2011-03-31": "5.95%", "2010-12-31": "5.50%", "2010-09-30": "5.61%", "2010-06-30": "5.26%", "2010-03-31": "5.20%", "2009-12-31": "5.25%", "2009-09-30": "5.12%", "2009-06-30": "5.56%", "2009-03-31": "5.71%", "2008-12-31": "6.01%", "2008-09-30": "6.32%", "2008-06-30": "6.29%", "2008-03-31": "6.26%", "2007-12-31": "6.53%", "2007-09-30": "6.31%", "2007-06-30": "6.34%", "2007-03-31": "6.60%", "2006-12-31": "6.24%", "2006-09-30": "6.38%", "2006-06-30": "6.43%", "2006-03-31": "6.32%", "2005-12-31": "6.73%"}, "pe ratio": {"current": "17.03", "2021-02-05": "20.20", "2020-09-30": "16.69", "2020-06-30": "14.96", "2020-03-31": "13.00", "2019-12-31": "19.57", "2019-09-30": "18.41", "2019-06-30": "18.74", "2019-03-31": "17.14", "2018-12-31": "16.19", "2018-09-30": "23.14", "2018-06-30": "20.93", "2018-03-31": "26.30", "2017-12-31": "24.94", "2017-09-30": "21.29", "2017-06-30": "20.43", "2017-03-31": "21.51", "2016-12-31": "23.15", "2016-09-30": "21.49", "2016-06-30": "21.48", "2016-03-31": "21.20", "2015-12-31": "21.64", "2015-09-30": "31.75", "2015-06-30": "41.06", "2015-03-31": "37.27", "2014-12-31": "29.52", "2014-09-30": "21.57", "2014-06-30": "19.78", "2014-03-31": "19.37", "2013-12-31": "20.78", "2013-09-30": "16.54", "2013-06-30": "16.15", "2013-03-31": "16.77", "2012-12-31": "12.99", "2012-09-30": "12.70", "2012-06-30": "10.04", "2012-03-31": "11.17", "2011-12-31": "11.98", "2011-09-30": "9.90", "2011-06-30": "11.68", "2011-03-31": "13.26", "2010-12-31": "13.42", "2010-09-30": "12.35", "2010-06-30": "12.73", "2010-03-31": "15.36", "2009-12-31": "13.79", "2009-09-30": "14.95", "2009-06-30": "12.10", "2009-03-31": "11.06", "2008-12-31": "12.46", "2008-09-30": "16.28", "2008-06-30": "16.25", "2008-03-31": "15.80", "2007-12-31": "19.45", "2007-09-30": "20.56", "2007-06-30": "21.17", "2007-03-31": "17.47", "2006-12-31": "18.29"}, "price sales": {"2021-02-05": "2.01", "2020-09-30": "1.66", "2020-06-30": "1.57", "2020-03-31": "1.57", "2019-12-31": "2.42", "2019-09-30": "2.24", "2019-06-30": "2.23", "2019-03-31": "2.02", "2018-12-31": "1.86", "2018-09-30": "2.54", "2018-06-30": "2.23", "2018-03-31": "2.59", "2017-12-31": "2.36", "2017-09-30": "2.07", "2017-06-30": "1.87", "2017-03-31": "1.89", "2016-12-31": "2.06", "2016-09-30": "1.91", "2016-06-30": "1.77", "2016-03-31": "1.61", "2015-12-31": "1.45", "2015-09-30": "1.34", "2015-06-30": "1.54", "2015-03-31": "1.56", "2014-12-31": "1.49", "2014-09-30": "1.49", "2014-06-30": "1.50", "2014-03-31": "1.42", "2013-12-31": "1.34", "2013-09-30": "1.06", "2013-06-30": "0.85", "2013-03-31": "0.82", "2012-12-31": "0.81", "2012-09-30": "0.71", "2012-06-30": "0.66", "2012-03-31": "0.79", "2011-12-31": "0.77", "2011-09-30": "0.65", "2011-06-30": "0.74", "2011-03-31": "0.82", "2010-12-31": "0.77", "2010-09-30": "0.69", "2010-06-30": "0.67", "2010-03-31": "0.80", "2009-12-31": "0.73", "2009-09-30": "0.78", "2009-06-30": "0.68", "2009-03-31": "0.64", "2008-12-31": "0.75", "2008-09-30": "1.02", "2008-06-30": "1.03", "2008-03-31": "1.00", "2007-12-31": "1.28", "2007-09-30": "1.30", "2007-06-30": "1.35", "2007-03-31": "1.15", "2006-12-31": "1.15"}, "price book": {"current": "2.60", "2021-02-05": "2.60", "2020-09-30": "2.15", "2020-06-30": "2.16", "2020-03-31": "2.30", "2019-12-31": "3.37", "2019-09-30": "3.22", "2019-06-30": "3.26", "2019-03-31": "3.03", "2018-12-31": "2.82", "2018-09-30": "3.66", "2018-06-30": "3.28", "2018-03-31": "3.73", "2017-12-31": "3.46", "2017-09-30": "3.07", "2017-06-30": "2.85", "2017-03-31": "2.99", "2016-12-31": "3.29", "2016-09-30": "3.06", "2016-06-30": "2.87", "2016-03-31": "2.56", "2015-12-31": "2.37", "2015-09-30": "2.10", "2015-06-30": "2.34", "2015-03-31": "2.43", "2014-12-31": "2.21", "2014-09-30": "1.91", "2014-06-30": "1.86", "2014-03-31": "1.85", "2013-12-31": "1.83", "2013-09-30": "1.46", "2013-06-30": "1.20", "2013-03-31": "1.18", "2012-12-31": "1.10", "2012-09-30": "1.10", "2012-06-30": "1.06", "2012-03-31": "1.26", "2011-12-31": "1.28", "2011-09-30": "1.01", "2011-06-30": "1.13", "2011-03-31": "1.26", "2010-12-31": "1.23", "2010-09-30": "1.15", "2010-06-30": "1.16", "2010-03-31": "1.38", "2009-12-31": "1.28", "2009-09-30": "1.47", "2009-06-30": "1.32", "2009-03-31": "1.32", "2008-12-31": "1.58", "2008-09-30": "1.91", "2008-06-30": "1.88", "2008-03-31": "1.75", "2007-12-31": "2.21", "2007-09-30": "2.20", "2007-06-30": "2.27", "2007-03-31": "1.95", "2006-12-31": "1.92", "2006-09-30": "1.67", "2006-06-30": "1.75", "2006-03-31": "1.97"}, "price fcf": {"2021-02-05": "", "2020-09-30": "$5.03", "2020-06-30": "$6.27", "2020-03-31": "$5.20", "2019-12-31": "$8.53", "2019-09-30": "$7.69", "2019-06-30": "$6.71", "2019-03-31": "$6.80", "2018-12-31": "$6.59", "2018-09-30": "$6.44", "2018-06-30": "$7.06", "2018-03-31": "$6.67", "2017-12-31": "$7.66", "2017-09-30": "$5.95", "2017-06-30": "$6.16", "2017-03-31": "$6.29", "2016-12-31": "$8.44", "2016-09-30": "$8.66", "2016-06-30": "$8.45", "2016-03-31": "$7.76", "2015-12-31": "$2.71", "2015-09-30": "$2.82", "2015-06-30": "$1.80", "2015-03-31": "$2.39", "2014-12-31": "$5.40", "2014-09-30": "$3.88", "2014-06-30": "$3.85", "2014-03-31": "$3.15", "2013-12-31": "$3.48", "2013-09-30": "$3.17", "2013-06-30": "$2.61", "2013-03-31": "$1.72", "2012-12-31": "$1.52", "2012-09-30": "$2.65", "2012-06-30": "$2.56", "2012-03-31": "$3.35", "2011-12-31": "$2.55", "2011-09-30": "$2.46", "2011-06-30": "$2.53", "2011-03-31": "$1.98", "2010-12-31": "$2.58", "2010-09-30": "$2.22", "2010-06-30": "$2.37", "2010-03-31": "$3.10", "2009-12-31": "$2.73", "2009-09-30": "$2.27", "2009-06-30": "$1.51", "2009-03-31": "$1.69", "2008-12-31": "$1.86", "2008-09-30": "$1.74", "2008-06-30": "$1.52", "2008-03-31": "$1.40", "2007-12-31": "$1.89", "2007-09-30": "$2.65", "2007-06-30": "$3.37", "2007-03-31": "$2.86", "2006-12-31": "$2.36"}, "net worth": {"value": "$4.68B"}, "current ratio": {"2020-09-30": "2.37", "2020-06-30": "1.91", "2020-03-31": "2.04", "2019-12-31": "2.05", "2019-09-30": "2.19", "2019-06-30": "2.10", "2019-03-31": "2.05", "2018-12-31": "1.96", "2018-09-30": "2.25", "2018-06-30": "2.16", "2018-03-31": "2.50", "2017-12-31": "2.37", "2017-09-30": "2.08", "2017-06-30": "1.97", "2017-03-31": "1.91", "2016-12-31": "2.10", "2016-09-30": "2.79", "2016-06-30": "2.72", "2016-03-31": "2.76", "2015-12-31": "2.44", "2015-09-30": "2.76", "2015-06-30": "2.87", "2015-03-31": "2.77", "2014-12-31": "2.75", "2014-09-30": "2.80", "2014-06-30": "2.58", "2014-03-31": "2.64", "2013-12-31": "2.50", "2013-09-30": "2.58", "2013-06-30": "2.06", "2013-03-31": "1.99", "2012-12-31": "1.84", "2012-09-30": "1.99", "2012-06-30": "2.58", "2012-03-31": "2.40", "2011-12-31": "2.25", "2011-09-30": "1.53", "2011-06-30": "2.35", "2011-03-31": "2.34", "2010-12-31": "2.10", "2010-09-30": "2.35", "2010-06-30": "1.86", "2010-03-31": "1.81", "2009-12-31": "1.60", "2009-09-30": "1.75", "2009-06-30": "2.05", "2009-03-31": "2.11", "2008-12-31": "1.78", "2008-09-30": "2.10", "2008-06-30": "2.03", "2008-03-31": "2.18", "2007-12-31": "1.90", "2007-09-30": "2.12", "2007-06-30": "1.84", "2007-03-31": "2.31", "2006-12-31": "2.13", "2006-09-30": "2.54", "2006-06-30": "2.51", "2006-03-31": "2.57", "2005-12-31": "2.21", "2005-09-30": "2.56", "2005-06-30": "2.42", "2005-03-31": "2.52"}, "quick ratio": {"2020-09-30": "1.68", "2020-06-30": "1.22", "2020-03-31": "1.33", "2019-12-31": "1.48", "2019-09-30": "1.52", "2019-06-30": "1.41", "2019-03-31": "1.31", "2018-12-31": "1.34", "2018-09-30": "1.54", "2018-06-30": "1.42", "2018-03-31": "1.79", "2017-12-31": "1.73", "2017-09-30": "1.48", "2017-06-30": "1.36", "2017-03-31": "1.27", "2016-12-31": "1.55", "2016-09-30": "1.97", "2016-06-30": "1.89", "2016-03-31": "1.88", "2015-12-31": "1.71", "2015-09-30": "1.88", "2015-06-30": "2.01", "2015-03-31": "1.97", "2014-12-31": "2.07", "2014-09-30": "2.10", "2014-06-30": "1.73", "2014-03-31": "1.71", "2013-12-31": "1.66", "2013-09-30": "1.67", "2013-06-30": "1.35", "2013-03-31": "1.30", "2012-12-31": "1.22", "2012-09-30": "1.42", "2012-06-30": "1.83", "2012-03-31": "1.74", "2011-12-31": "1.64", "2011-09-30": "1.04", "2011-06-30": "1.56", "2011-03-31": "1.57", "2010-12-31": "1.45", "2010-09-30": "1.60", "2010-06-30": "1.25", "2010-03-31": "1.20", "2009-12-31": "1.05", "2009-09-30": "1.13", "2009-06-30": "1.30", "2009-03-31": "1.33", "2008-12-31": "1.15", "2008-09-30": "1.36", "2008-06-30": "1.32", "2008-03-31": "1.41", "2007-12-31": "1.30", "2007-09-30": "1.39", "2007-06-30": "1.25", "2007-03-31": "1.65", "2006-12-31": "1.58", "2006-09-30": "1.70", "2006-06-30": "1.67", "2006-03-31": "1.71", "2005-12-31": "1.55", "2005-09-30": "1.77", "2005-06-30": "1.71", "2005-03-31": "1.81"}, "debt equity ratio": {"current": "0.59", "2020-09-30": "1.20", "2020-06-30": "1.13", "2020-03-31": "1.18", "2019-12-31": "1.12", "2019-09-30": "1.05", "2019-06-30": "1.07", "2019-03-31": "1.10", "2018-12-31": "1.13", "2018-09-30": "1.02", "2018-06-30": "1.05", "2018-03-31": "1.01", "2017-12-31": "1.12", "2017-09-30": "1.19", "2017-06-30": "1.24", "2017-03-31": "1.28", "2016-12-31": "1.35", "2016-09-30": "1.34", "2016-06-30": "1.34", "2016-03-31": "1.30", "2015-12-31": "1.38", "2015-09-30": "1.28", "2015-06-30": "1.21", "2015-03-31": "1.23", "2014-12-31": "1.30", "2014-09-30": "1.16", "2014-06-30": "1.15", "2014-03-31": "1.17", "2013-12-31": "1.23", "2013-09-30": "1.27", "2013-06-30": "1.33", "2013-03-31": "1.46", "2012-12-31": "1.37", "2012-09-30": "1.06", "2012-06-30": "1.07", "2012-03-31": "1.10", "2011-12-31": "1.19", "2011-09-30": "0.97", "2011-06-30": "0.91", "2011-03-31": "0.91", "2010-12-31": "0.93", "2010-09-30": "1.03", "2010-06-30": "1.09", "2010-03-31": "1.06", "2009-12-31": "1.09", "2009-09-30": "1.23", "2009-06-30": "1.27", "2009-03-31": "1.38", "2008-12-31": "1.36", "2008-09-30": "1.09", "2008-06-30": "1.10", "2008-03-31": "1.12", "2007-12-31": "1.17", "2007-09-30": "1.24", "2007-06-30": "1.11", "2007-03-31": "0.98", "2006-12-31": "1.09", "2006-09-30": "1.08", "2006-06-30": "1.12", "2006-03-31": "1.14", "2005-12-31": "1.19", "2005-09-30": "1.24", "2005-06-30": "1.30", "2005-03-31": "1.32"}, "return on equity": {"2020-09-30": "13.63%", "2020-06-30": "14.87%", "2020-03-31": "17.89%", "2019-12-31": "18.35%", "2019-09-30": "18.67%", "2019-06-30": "18.34%", "2019-03-31": "18.25%", "2018-12-31": "17.50%", "2018-09-30": "16.56%", "2018-06-30": "16.31%", "2018-03-31": "15.20%", "2017-12-31": "15.11%", "2017-09-30": "15.83%", "2017-06-30": "15.03%", "2017-03-31": "14.53%", "2016-12-31": "14.63%", "2016-09-30": "14.81%", "2016-06-30": "13.79%", "2016-03-31": "12.37%", "2015-12-31": "10.84%", "2015-09-30": "6.63%", "2015-06-30": "5.71%", "2015-03-31": "6.15%", "2014-12-31": "7.17%", "2014-09-30": "8.96%", "2014-06-30": "9.88%", "2014-03-31": "10.09%", "2013-12-31": "9.62%", "2013-09-30": "9.38%", "2013-06-30": "7.74%", "2013-03-31": "7.10%", "2012-12-31": "8.65%", "2012-09-30": "8.68%", "2012-06-30": "10.62%", "2012-03-31": "11.45%", "2011-12-31": "10.36%", "2011-09-30": "10.13%", "2011-06-30": "9.87%", "2011-03-31": "9.73%", "2010-12-31": "9.23%", "2010-09-30": "9.80%", "2010-06-30": "9.39%", "2010-03-31": "9.50%", "2009-12-31": "9.98%", "2009-09-30": "10.20%", "2009-06-30": "11.08%", "2009-03-31": "11.32%", "2008-12-31": "11.76%", "2008-09-30": "12.14%", "2008-06-30": "12.16%", "2008-03-31": "11.98%", "2007-12-31": "12.28%", "2007-09-30": "11.50%", "2007-06-30": "11.41%", "2007-03-31": "11.90%", "2006-12-31": "11.32%", "2006-09-30": "11.54%", "2006-06-30": "11.67%", "2006-03-31": "11.65%", "2005-12-31": "12.46%"}, "return on assets": {"2020-09-30": "6.32%", "2020-06-30": "7.02%", "2020-03-31": "8.50%", "2019-12-31": "8.80%", "2019-09-30": "8.95%", "2019-06-30": "8.82%", "2019-03-31": "8.80%", "2018-12-31": "8.53%", "2018-09-30": "8.08%", "2018-06-30": "7.80%", "2018-03-31": "7.12%", "2017-12-31": "6.86%", "2017-09-30": "7.00%", "2017-06-30": "6.53%", "2017-03-31": "6.24%", "2016-12-31": "6.27%", "2016-09-30": "6.33%", "2016-06-30": "5.93%", "2016-03-31": "5.40%", "2015-12-31": "4.77%", "2015-09-30": "2.94%", "2015-06-30": "2.57%", "2015-03-31": "2.79%", "2014-12-31": "3.27%", "2014-09-30": "4.12%", "2014-06-30": "4.49%", "2014-03-31": "4.50%", "2013-12-31": "4.15%", "2013-09-30": "3.98%", "2013-06-30": "3.36%", "2013-03-31": "3.17%", "2012-12-31": "4.02%", "2012-09-30": "4.13%", "2012-06-30": "5.10%", "2012-03-31": "5.61%", "2011-12-31": "5.20%", "2011-09-30": "5.25%", "2011-06-30": "5.08%", "2011-03-31": "4.90%", "2010-12-31": "4.56%", "2010-09-30": "4.75%", "2010-06-30": "4.44%", "2010-03-31": "4.41%", "2009-12-31": "4.46%", "2009-09-30": "4.42%", "2009-06-30": "4.88%", "2009-03-31": "5.09%", "2008-12-31": "5.44%", "2008-09-30": "5.73%", "2008-06-30": "5.64%", "2008-03-31": "5.55%", "2007-12-31": "5.77%", "2007-09-30": "5.46%", "2007-06-30": "5.53%", "2007-03-31": "5.77%", "2006-12-31": "5.38%", "2006-09-30": "5.42%", "2006-06-30": "5.37%", "2006-03-31": "5.25%", "2005-12-31": "5.51%"}, "return on investments": {"2020-09-30": "12.67%", "2020-06-30": "13.99%", "2020-03-31": "16.22%", "2019-12-31": "16.60%", "2019-09-30": "16.56%", "2019-06-30": "16.23%", "2019-03-31": "16.10%", "2018-12-31": "15.69%", "2018-09-30": "15.40%", "2018-06-30": "15.43%", "2018-03-31": "14.77%", "2017-12-31": "14.48%", "2017-09-30": "14.41%", "2017-06-30": "13.78%", "2017-03-31": "13.18%", "2016-12-31": "13.42%", "2016-09-30": "13.89%", "2016-06-30": "13.27%", "2016-03-31": "12.97%", "2015-12-31": "13.51%", "2015-09-30": "11.74%", "2015-06-30": "11.85%", "2015-03-31": "11.88%", "2014-12-31": "11.17%", "2014-09-30": "11.00%", "2014-06-30": "10.86%", "2014-03-31": "10.81%", "2013-12-31": "10.28%", "2013-09-30": "11.21%", "2013-06-30": "9.93%", "2013-03-31": "9.32%", "2012-12-31": "9.59%", "2012-09-30": "8.36%", "2012-06-30": "9.96%", "2012-03-31": "10.68%", "2011-12-31": "11.20%", "2011-09-30": "11.05%", "2011-06-30": "10.96%", "2011-03-31": "10.89%", "2010-12-31": "10.65%", "2010-09-30": "11.82%", "2010-06-30": "11.43%", "2010-03-31": "11.56%", "2009-12-31": "11.59%", "2009-09-30": "11.66%", "2009-06-30": "12.39%", "2009-03-31": "12.84%", "2008-12-31": "13.52%", "2008-09-30": "13.62%", "2008-06-30": "13.46%", "2008-03-31": "13.19%", "2007-12-31": "13.59%", "2007-09-30": "13.21%", "2007-06-30": "13.57%", "2007-03-31": "13.58%", "2006-12-31": "13.00%", "2006-09-30": "13.27%", "2006-06-30": "13.03%", "2006-03-31": "13.30%", "2005-12-31": "13.58%"}, "return on tangible equity": {"2020-09-30": "342.24%", "2020-06-30": "301.78%", "2020-03-31": "291.61%", "2019-12-31": "280.64%", "2019-09-30": "372.84%", "2019-06-30": "509.57%", "2019-03-31": "783.67%", "2018-12-31": "401.45%", "2018-09-30": "286.81%", "2018-06-30": "306.10%", "2018-03-31": "337.55%", "2017-12-31": "7200.00%", "2017-09-30": "-4133.33%", "2017-06-30": "-2842.86%", "2017-03-31": "3418.18%", "2016-12-31": "606.45%", "2016-09-30": "2800.00%", "2016-06-30": "10114.29%", "2016-03-31": "857.89%", "2015-12-31": "379.22%", "2015-09-30": "118.85%", "2015-06-30": "62.69%", "2015-03-31": "71.89%", "2014-12-31": "102.03%", "2014-09-30": "202.12%", "2014-06-30": "3080.00%", "2014-03-31": "-461.07%", "2013-12-31": "-181.46%", "2013-09-30": "-130.28%", "2013-06-30": "-564.38%", "2013-03-31": "126.10%", "2012-12-31": "60.75%", "2012-09-30": "42.37%", "2012-06-30": "53.60%", "2012-03-31": "57.03%", "2011-12-31": "51.42%", "2011-09-30": "47.77%", "2011-06-30": "48.15%", "2011-03-31": "53.69%", "2010-12-31": "56.12%", "2010-09-30": "65.93%", "2010-06-30": "72.39%", "2010-03-31": "84.44%", "2009-12-31": "126.67%", "2009-09-30": "198.93%", "2009-06-30": "147.45%", "2009-03-31": "109.47%", "2008-12-31": "88.71%", "2008-09-30": "79.72%", "2008-06-30": "100.00%", "2008-03-31": "105.47%", "2007-12-31": "84.90%", "2007-09-30": "64.25%", "2007-06-30": "52.30%", "2007-03-31": "51.76%", "2006-12-31": "55.65%", "2006-09-30": "65.82%", "2006-06-30": "76.38%", "2006-03-31": "89.30%", "2005-12-31": "118.29%"}, "dividend yield history": {"last payout": "$0.68", "last yield": "0.60%"}}