{"ticker": "CVS", "price": {"title": "CVS Health Historical Annual Stock Price Data", "value": 72.18, "historical": {"2021": {"Average Stock Price": "73.5458", "Year Open": "69.9900", "Year High": "76.2600", "Year Low": "69.9900", "Year Close": "72.1800", "Annual % Change": "5.68%"}, "2020": {"Average Stock Price": "64.2061", "Year Open": "74.1600", "Year High": "76.0500", "Year Low": "52.3000", "Year Close": "68.3000", "Annual % Change": "-8.06%"}, "2019": {"Average Stock Price": "61.2852", "Year Open": "65.5800", "Year High": "76.5800", "Year Low": "52.1300", "Year Close": "74.2900", "Annual % Change": "13.39%"}, "2018": {"Average Stock Price": "70.9208", "Year Open": "73.5200", "Year High": "83.6300", "Year Low": "60.6000", "Year Close": "65.5200", "Annual % Change": "-9.63%"}, "2017": {"Average Stock Price": "77.6413", "Year Open": "80.3500", "Year High": "83.9200", "Year Low": "66.8000", "Year Close": "72.5000", "Annual % Change": "-8.12%"}, "2016": {"Average Stock Price": "93.0494", "Year Open": "96.4600", "Year High": "106.1000", "Year Low": "73.5300", "Year Close": "78.9100", "Annual % Change": "-19.29%"}, "2015": {"Average Stock Price": "101.6487", "Year Open": "95.1000", "Year High": "113.4500", "Year Low": "91.5600", "Year Close": "97.7700", "Annual % Change": "1.52%"}, "2014": {"Average Stock Price": "78.3901", "Year Open": "70.4000", "Year High": "98.2500", "Year Low": "65.4400", "Year Close": "96.3100", "Annual % Change": "34.57%"}, "2013": {"Average Stock Price": "58.5546", "Year Open": "49.6800", "Year High": "71.5800", "Year Low": "49.6800", "Year Close": "71.5700", "Annual % Change": "48.02%"}, "2012": {"Average Stock Price": "45.4472", "Year Open": "41.5200", "Year High": "49.2400", "Year Low": "41.4600", "Year Close": "48.3500", "Annual % Change": "18.56%"}, "2011": {"Average Stock Price": "35.9397", "Year Open": "35.0500", "Year High": "41.1600", "Year Low": "32.0600", "Year Close": "40.7800", "Annual % Change": "17.29%"}, "2010": {"Average Stock Price": "32.5282", "Year Open": "32.9800", "Year High": "37.3700", "Year Low": "26.9800", "Year Close": "34.7700", "Annual % Change": "7.95%"}, "2009": {"Average Stock Price": "31.4375", "Year Open": "29.3800", "Year High": "38.0100", "Year Low": "23.9800", "Year Close": "32.2100", "Annual % Change": "12.07%"}, "2008": {"Average Stock Price": "36.5000", "Year Open": "39.3500", "Year High": "44.1200", "Year Low": "24.4200", "Year Close": "28.7400", "Annual % Change": "-27.70%"}, "2007": {"Average Stock Price": "36.7161", "Year Open": "30.8400", "Year High": "42.2500", "Year Low": "30.7900", "Year Close": "39.7500", "Annual % Change": "28.60%"}, "2006": {"Average Stock Price": "30.3309", "Year Open": "26.3500", "Year High": "35.9500", "Year Low": "26.3500", "Year Close": "30.9100", "Annual % Change": "16.99%"}, "2005": {"Average Stock Price": "27.1268", "Year Open": "22.5000", "Year High": "31.2500", "Year Low": "22.2450", "Year Close": "26.4200", "Annual % Change": "17.24%"}, "2004": {"Average Stock Price": "20.2609", "Year Open": "17.8850", "Year High": "23.4500", "Year Low": "17.1050", "Year Close": "22.5350", "Annual % Change": "24.78%"}, "2003": {"Average Stock Price": "14.4925", "Year Open": "12.7050", "Year High": "18.7300", "Year Low": "10.9950", "Year Close": "18.0600", "Annual % Change": "44.65%"}, "2002": {"Average Stock Price": "14.7038", "Year Open": "14.8000", "Year High": "17.7900", "Year Low": "11.9950", "Year Close": "12.4850", "Annual % Change": "-15.64%"}, "2001": {"Average Stock Price": "22.0143", "Year Open": "28.5950", "Year High": "31.0500", "Year Low": "11.6400", "Year Close": "14.8000", "Annual % Change": "-50.62%"}, "2000": {"Average Stock Price": "21.2660", "Year Open": "18.9050", "Year High": "29.9700", "Year Low": "14.0000", "Year Close": "29.9700", "Annual % Change": "50.30%"}, "1999": {"Average Stock Price": "22.7592", "Year Open": "26.5950", "Year High": "28.2200", "Year Low": "15.1550", "Year Close": "19.9400", "Annual % Change": "-27.49%"}, "1998": {"Average Stock Price": "20.3313", "Year Open": "15.9225", "Year High": "27.8450", "Year Low": "15.5475", "Year Close": "27.5000", "Annual % Change": "71.71%"}, "1997": {"Average Stock Price": "13.1950", "Year Open": "9.8450", "Year High": "17.2350", "Year Low": "9.8450", "Year Close": "16.0150", "Annual % Change": "54.81%"}, "1996": {"Average Stock Price": "9.5397", "Year Open": "7.9700", "Year High": "11.4050", "Year Low": "6.8750", "Year Close": "10.3450", "Annual % Change": "34.57%"}, "1995": {"Average Stock Price": "8.4586", "Year Open": "7.8450", "Year High": "9.9700", "Year Low": "7.3125", "Year Close": "7.6875", "Annual % Change": "-0.42%"}, "1994": {"Average Stock Price": "9.2743", "Year Open": "10.0950", "Year High": "10.3450", "Year Low": "7.4050", "Year Close": "7.7200", "Annual % Change": "-23.98%"}, "1993": {"Average Stock Price": "11.4314", "Year Open": "13.4050", "Year High": "13.5000", "Year Low": "9.8750", "Year Close": "10.1550", "Annual % Change": "-23.53%"}, "1992": {"Average Stock Price": "12.2259", "Year Open": "10.9375", "Year High": "13.5950", "Year Low": "10.8450", "Year Close": "13.2800", "Annual % Change": "19.37%"}, "1991": {"Average Stock Price": "11.7285", "Year Open": "10.3750", "Year High": "13.6250", "Year Low": "9.6250", "Year Close": "11.1250", "Annual % Change": "5.95%"}, "1990": {"Average Stock Price": "11.2257", "Year Open": "11.3125", "Year High": "14.4050", "Year Low": "8.3750", "Year Close": "10.5000", "Annual % Change": "-5.87%"}, "1989": {"Average Stock Price": "11.1590", "Year Open": "9.2650", "Year High": "13.3125", "Year Low": "9.2650", "Year Close": "11.1550", "Annual % Change": "19.98%"}, "1988": {"Average Stock Price": "8.4256", "Year Open": "6.7500", "Year High": "9.5625", "Year Low": "6.7500", "Year Close": "9.2975", "Annual % Change": "40.34%"}, "1987": {"Average Stock Price": "8.3441", "Year Open": "6.8750", "Year High": "10.4525", "Year Low": "5.6875", "Year Close": "6.6250", "Annual % Change": "-1.85%"}, "1986": {"Average Stock Price": "7.6521", "Year Open": "6.3600", "Year High": "9.0000", "Year Low": "6.2025", "Year Close": "6.7500", "Annual % Change": "6.93%"}, "1985": {"Average Stock Price": "5.5884", "Year Open": "4.4063", "Year High": "6.5625", "Year Low": "4.4063", "Year Close": "6.3125", "Annual % Change": "35.57%"}}}, "market cap": {"value": "$94.48B"}, "income statement": {"Revenue": {"2019-12-31": "256776.00000", "2018-12-31": "194579.00000", "2017-12-31": "184786.00000", "2016-12-31": "177546.00000", "2015-12-31": "153290.00000", "2014-12-31": "139367.00000", "2013-12-31": "126761.00000", "2012-12-31": "123120.00000", "2011-12-31": "107080.00000", "2010-12-31": "95778.00000", "2009-12-31": "98215.00000", "2008-12-31": "87472.00000", "2007-12-31": "76330.00000", "2006-12-31": "43821.40000", "2005-12-31": "37006.70000"}, "Cost Of Goods Sold": {"2019-12-31": "158719.00000", "2018-12-31": "156447.00000", "2017-12-31": "153448.00000", "2016-12-31": "146533.00000", "2015-12-31": "126762.00000", "2014-12-31": "114000.00000", "2013-12-31": "102978.00000", "2012-12-31": "100632.00000", "2011-12-31": "86518.00000", "2010-12-31": "75559.00000", "2009-12-31": "77857.00000", "2008-12-31": "69182.00000", "2007-12-31": "60222.00000", "2006-12-31": "32079.20000", "2005-12-31": "27312.10000"}, "Gross Profit": {"2019-12-31": "98057.00000", "2018-12-31": "38132.00000", "2017-12-31": "31338.00000", "2016-12-31": "31013.00000", "2015-12-31": "26528.00000", "2014-12-31": "25367.00000", "2013-12-31": "23783.00000", "2012-12-31": "22488.00000", "2011-12-31": "20562.00000", "2010-12-31": "20219.00000", "2009-12-31": "20358.00000", "2008-12-31": "18290.00000", "2007-12-31": "16108.00000", "2006-12-31": "11742.20000", "2005-12-31": "9694.60000"}, "Research And Development Expenses": {"2019-12-31": "", "2018-12-31": "", "2017-12-31": "", "2016-12-31": "", "2015-12-31": "", "2014-12-31": "", "2013-12-31": "", "2012-12-31": "", "2011-12-31": "", "2010-12-31": "", "2009-12-31": "", "2008-12-31": "", "2007-12-31": "", "2006-12-31": "", "2005-12-31": ""}, "SG&A Expenses": {"2019-12-31": "", "2018-12-31": "", "2017-12-31": "", "2016-12-31": "", "2015-12-31": "", "2014-12-31": "", "2013-12-31": "", "2012-12-31": "", "2011-12-31": "", "2010-12-31": "", "2009-12-31": "", "2008-12-31": "", "2007-12-31": "", "2006-12-31": "", "2005-12-31": ""}, "Other Operating Income Or Expenses": {"2019-12-31": "-86070.00000", "2018-12-31": "-27962.00000", "2017-12-31": "-21619.00000", "2016-12-31": "-20627.00000", "2015-12-31": "-17053.00000", "2014-12-31": "-16568.00000", "2013-12-31": "-15746.00000", "2012-12-31": "-15278.00000", "2011-12-31": "-14231.00000", "2010-12-31": "-14082.00000", "2009-12-31": "-13933.00000", "2008-12-31": "-12244.00000", "2007-12-31": "-11314.00000", "2006-12-31": "-9300.60000", "2005-12-31": "-7675.10000"}, "Operating Expenses": {"2019-12-31": "244789.00000", "2018-12-31": "190558.00000", "2017-12-31": "175248.00000", "2016-12-31": "167160.00000", "2015-12-31": "143815.00000", "2014-12-31": "130568.00000", "2013-12-31": "118724.00000", "2012-12-31": "115910.00000", "2011-12-31": "100749.00000", "2010-12-31": "89641.00000", "2009-12-31": "91790.00000", "2008-12-31": "81426.00000", "2007-12-31": "71536.00000", "2006-12-31": "41379.80000", "2005-12-31": "34987.20000"}, "Operating Income": {"2019-12-31": "11987.00000", "2018-12-31": "4021.00000", "2017-12-31": "9538.00000", "2016-12-31": "10386.00000", "2015-12-31": "9475.00000", "2014-12-31": "8799.00000", "2013-12-31": "8037.00000", "2012-12-31": "7210.00000", "2011-12-31": "6331.00000", "2010-12-31": "6137.00000", "2009-12-31": "6425.00000", "2008-12-31": "6046.00000", "2007-12-31": "4794.00000", "2006-12-31": "2441.60200", "2005-12-31": "2019.50000"}, "Total Non-Operating Income/Expense": {"2019-12-31": "-2990.00000", "2018-12-31": "-2615.00000", "2017-12-31": "-1270.00000", "2016-12-31": "-1749.00000", "2015-12-31": "-859.00000", "2014-12-31": "-1121.00000", "2013-12-31": "-509.00000", "2012-12-31": "-905.00000", "2011-12-31": "-584.00000", "2010-12-31": "-536.00000", "2009-12-31": "-525.00000", "2008-12-31": "-509.00000", "2007-12-31": "-435.00000", "2006-12-31": "-215.80000", "2005-12-31": "-110.50000"}, "Pre-Tax Income": {"2019-12-31": "8997.00000", "2018-12-31": "1406.00000", "2017-12-31": "8268.00000", "2016-12-31": "8637.00000", "2015-12-31": "8616.00000", "2014-12-31": "7678.00000", "2013-12-31": "7528.00000", "2012-12-31": "6305.00000", "2011-12-31": "5747.00000", "2010-12-31": "5601.00000", "2009-12-31": "5900.00000", "2008-12-31": "5537.00000", "2007-12-31": "4359.00000", "2006-12-31": "2225.80000", "2005-12-31": "1909.00000"}, "Income Taxes": {"2019-12-31": "2366.00000", "2018-12-31": "2002.00000", "2017-12-31": "1637.00000", "2016-12-31": "3317.00000", "2015-12-31": "3386.00000", "2014-12-31": "3033.00000", "2013-12-31": "2928.00000", "2012-12-31": "2436.00000", "2011-12-31": "2258.00000", "2010-12-31": "2179.00000", "2009-12-31": "2200.00000", "2008-12-31": "2193.00000", "2007-12-31": "1722.00000", "2006-12-31": "856.90000", "2005-12-31": "684.30000"}, "Income After Taxes": {"2019-12-31": "6631.00000", "2018-12-31": "-596.00000", "2017-12-31": "6631.00000", "2016-12-31": "5320.00000", "2015-12-31": "5230.00000", "2014-12-31": "4645.00000", "2013-12-31": "4600.00000", "2012-12-31": "3869.00000", "2011-12-31": "3489.00000", "2010-12-31": "3422.00000", "2009-12-31": "3700.00000", "2008-12-31": "3344.00000", "2007-12-31": "2637.00000", "2006-12-31": "1368.90000", "2005-12-31": "1224.70000"}, "Other Income": {"2019-12-31": "", "2018-12-31": "", "2017-12-31": "", "2016-12-31": "", "2015-12-31": "", "2014-12-31": "", "2013-12-31": "", "2012-12-31": "", "2011-12-31": "", "2010-12-31": "", "2009-12-31": "", "2008-12-31": "", "2007-12-31": "", "2006-12-31": "", "2005-12-31": ""}, "Income From Continuous Operations": {"2019-12-31": "6631.00000", "2018-12-31": "-596.00000", "2017-12-31": "6631.00000", "2016-12-31": "5320.00000", "2015-12-31": "5230.00000", "2014-12-31": "4645.00000", "2013-12-31": "4600.00000", "2012-12-31": "3869.00000", "2011-12-31": "3489.00000", "2010-12-31": "3422.00000", "2009-12-31": "3700.00000", "2008-12-31": "3344.00000", "2007-12-31": "2637.00000", "2006-12-31": "1368.90000", "2005-12-31": "1224.70000"}, "Income From Discontinued Operations": {"2019-12-31": "0.00000", "2018-12-31": "0.00000", "2017-12-31": "-8.00000", "2016-12-31": "-1.00000", "2015-12-31": "9.00000", "2014-12-31": "-1.00000", "2013-12-31": "-8.00000", "2012-12-31": "-7.00000", "2011-12-31": "-31.00000", "2010-12-31": "2.00000", "2009-12-31": "-4.00000", "2008-12-31": "-132.00000", "2007-12-31": "", "2006-12-31": "", "2005-12-31": ""}, "Net Income": {"2019-12-31": "6634.00000", "2018-12-31": "-594.00000", "2017-12-31": "6622.00000", "2016-12-31": "5317.00000", "2015-12-31": "5237.00000", "2014-12-31": "4644.00000", "2013-12-31": "4592.00000", "2012-12-31": "3864.00000", "2011-12-31": "3462.00000", "2010-12-31": "3427.00000", "2009-12-31": "3696.00000", "2008-12-31": "3198.00000", "2007-12-31": "2623.00000", "2006-12-31": "1355.00000", "2005-12-31": "1210.60000"}, "EBITDA": {"2019-12-31": "16358.00000", "2018-12-31": "12888.00000", "2017-12-31": "12198.00000", "2016-12-31": "12861.00000", "2015-12-31": "11567.00000", "2014-12-31": "10730.00000", "2013-12-31": "9907.00000", "2012-12-31": "8963.00000", "2011-12-31": "7899.00000", "2010-12-31": "7606.00000", "2009-12-31": "7814.00000", "2008-12-31": "7320.00000", "2007-12-31": "5889.00000", "2006-12-31": "3174.90200", "2005-12-31": "2608.60000"}, "EBIT": {"2019-12-31": "11987.00000", "2018-12-31": "4021.00000", "2017-12-31": "9538.00000", "2016-12-31": "10386.00000", "2015-12-31": "9475.00000", "2014-12-31": "8799.00000", "2013-12-31": "8037.00000", "2012-12-31": "7210.00000", "2011-12-31": "6331.00000", "2010-12-31": "6137.00000", "2009-12-31": "6425.00000", "2008-12-31": "6046.00000", "2007-12-31": "4794.00000", "2006-12-31": "2441.60200", "2005-12-31": "2019.50000"}, "Basic Shares Outstanding": {"2019-12-31": "1301.00000", "2018-12-31": "1044.00000", "2017-12-31": "1020.00000", "2016-12-31": "1073.00000", "2015-12-31": "1118.00000", "2014-12-31": "1161.00000", "2013-12-31": "1217.00000", "2012-12-31": "1271.00000", "2011-12-31": "1338.00000", "2010-12-31": "1367.00000", "2009-12-31": "1434.00000", "2008-12-31": "1434.00000", "2007-12-31": "1328.00000", "2006-12-31": "820.60000", "2005-12-31": "811.40000"}, "Shares Outstanding": {"2019-12-31": "1305.00000", "2018-12-31": "1044.00000", "2017-12-31": "1024.00000", "2016-12-31": "1079.00000", "2015-12-31": "1126.00000", "2014-12-31": "1169.00000", "2013-12-31": "1226.00000", "2012-12-31": "1280.00000", "2011-12-31": "1347.00000", "2010-12-31": "1377.00000", "2009-12-31": "1450.00000", "2008-12-31": "1469.00000", "2007-12-31": "1372.00000", "2006-12-31": "853.20000", "2005-12-31": "841.60000"}, "Basic EPS": {"2019-12-31": "5.10000", "2018-12-31": "-0.57000", "2017-12-31": "6.47000", "2016-12-31": "4.93000", "2015-12-31": "4.66000", "2014-12-31": "3.98000", "2013-12-31": "3.77000", "2012-12-31": "3.04000", "2011-12-31": "2.59000", "2010-12-31": "2.51000", "2009-12-31": "2.58000", "2008-12-31": "2.23000", "2007-12-31": "1.97000", "2006-12-31": "1.65000", "2005-12-31": "1.49000"}, "EPS - Earnings Per Share": {"2019-12-31": "5.08000", "2018-12-31": "-0.57000", "2017-12-31": "6.44000", "2016-12-31": "4.90000", "2015-12-31": "4.63000", "2014-12-31": "3.96000", "2013-12-31": "3.74000", "2012-12-31": "3.02000", "2011-12-31": "2.57000", "2010-12-31": "2.49000", "2009-12-31": "2.55000", "2008-12-31": "2.18000", "2007-12-31": "1.92000", "2006-12-31": "1.60000", "2005-12-31": "1.45000"}}, "income statement, quarterly": {"Revenue": {"2020-09-30": "67056.00000", "2020-06-30": "65341.00000", "2020-03-31": "66755.00000", "2019-12-31": "66889.00000", "2019-09-30": "64810.00000", "2019-06-30": "63431.00000", "2019-03-31": "61646.00000", "2018-12-31": "54424.00000", "2018-09-30": "47490.00000", "2018-06-30": "46922.00000", "2018-03-31": "45743.00000", "2017-12-31": "48406.00000", "2017-09-30": "46181.00000", "2017-06-30": "45685.00000", "2017-03-31": "44514.00000", "2016-12-31": "45991.00000", "2016-09-30": "44615.00000", "2016-06-30": "43725.00000", "2016-03-31": "43215.00000", "2015-12-31": "41145.00000", "2015-09-30": "38644.00000", "2015-06-30": "37169.00000", "2015-03-31": "36332.00000", "2014-12-31": "37055.00000", "2014-09-30": "35021.00000", "2014-06-30": "34602.00000", "2014-03-31": "32689.00000", "2013-12-31": "32830.00000", "2013-09-30": "31932.00000", "2013-06-30": "31248.00000", "2013-03-31": "30751.00000", "2012-12-31": "31381.00000", "2012-09-30": "30227.00000", "2012-06-30": "30714.00000", "2012-03-31": "30798.00000", "2011-12-31": "28297.00000", "2011-09-30": "26674.00000", "2011-06-30": "26414.00000", "2011-03-31": "25695.00000", "2010-12-31": "24300.00000", "2010-09-30": "23711.00000", "2010-06-30": "24007.00000", "2010-03-31": "23760.00000", "2009-12-31": "25308.00000", "2009-09-30": "24642.00000", "2009-06-30": "24871.00000", "2009-03-31": "23394.00000", "2008-12-31": "24142.30000", "2008-09-30": "20863.40000", "2008-06-30": "21140.30000", "2008-03-31": "21326.00000", "2007-12-31": "21942.90000", "2007-09-30": "20495.20000", "2007-06-30": "20703.30000", "2007-03-31": "13188.60000", "2006-12-31": "12069.00000", "2006-09-30": "11208.80000", "2006-06-30": "10564.40000", "2006-03-31": "9979.20000", "2005-12-31": "9732.49900", "2005-09-30": "8970.40000", "2005-06-30": "9121.60000", "2005-03-31": "9182.20000"}, "Cost Of Goods Sold": {"2020-09-30": "40940.00000", "2020-06-30": "40242.00000", "2020-03-31": "40347.00000", "2019-12-31": "42065.00000", "2019-09-30": "40437.00000", "2019-06-30": "38970.00000", "2019-03-31": "37247.00000", "2018-12-31": "40564.00000", "2018-09-30": "39502.00000", "2018-06-30": "38876.00000", "2018-03-31": "37505.00000", "2017-12-31": "37682.00000", "2017-09-30": "39064.00000", "2017-06-30": "38759.00000", "2017-03-31": "37943.00000", "2016-12-31": "36229.00000", "2016-09-30": "37123.00000", "2016-06-30": "36710.00000", "2016-03-31": "36471.00000", "2015-12-31": "33844.00000", "2015-09-30": "31983.00000", "2015-06-30": "30767.00000", "2015-03-31": "30168.00000", "2014-12-31": "30422.00000", "2014-09-30": "28553.00000", "2014-06-30": "28278.00000", "2014-03-31": "26747.00000", "2013-12-31": "26492.00000", "2013-09-30": "25905.00000", "2013-06-30": "25407.00000", "2013-03-31": "25174.00000", "2012-12-31": "25102.00000", "2012-09-30": "24580.00000", "2012-06-30": "25265.00000", "2012-03-31": "25685.00000", "2011-12-31": "22741.00000", "2011-09-30": "21496.00000", "2011-06-30": "21328.00000", "2011-03-31": "20953.00000", "2010-12-31": "18862.00000", "2010-09-30": "18696.00000", "2010-06-30": "18987.00000", "2010-03-31": "19014.00000", "2009-12-31": "19762.00000", "2009-09-30": "19630.00000", "2009-06-30": "19819.00000", "2009-03-31": "18646.00000", "2008-12-31": "18919.10000", "2008-09-30": "16462.80000", "2008-06-30": "16767.10000", "2008-03-31": "17033.00000", "2007-12-31": "17491.80000", "2007-09-30": "16300.00000", "2007-06-30": "16544.80000", "2007-03-31": "9885.40000", "2006-12-31": "8806.10000", "2006-09-30": "8173.20000", "2006-06-30": "7769.70000", "2006-03-31": "7330.20000", "2005-12-31": "7237.09900", "2005-09-30": "6569.40000", "2005-06-30": "6704.20000", "2005-03-31": "6801.40000"}, "Gross Profit": {"2020-09-30": "26116.00000", "2020-06-30": "25099.00000", "2020-03-31": "26408.00000", "2019-12-31": "24824.00000", "2019-09-30": "24373.00000", "2019-06-30": "24461.00000", "2019-03-31": "24399.00000", "2018-12-31": "13860.00000", "2018-09-30": "7988.00000", "2018-06-30": "8046.00000", "2018-03-31": "8238.00000", "2017-12-31": "10724.00000", "2017-09-30": "7117.00000", "2017-06-30": "6926.00000", "2017-03-31": "6571.00000", "2016-12-31": "9762.00000", "2016-09-30": "7492.00000", "2016-06-30": "7015.00000", "2016-03-31": "6744.00000", "2015-12-31": "7301.00000", "2015-09-30": "6661.00000", "2015-06-30": "6402.00000", "2015-03-31": "6164.00000", "2014-12-31": "6633.00000", "2014-09-30": "6468.00000", "2014-06-30": "6324.00000", "2014-03-31": "5942.00000", "2013-12-31": "6338.00000", "2013-09-30": "6027.00000", "2013-06-30": "5841.00000", "2013-03-31": "5577.00000", "2012-12-31": "6279.00000", "2012-09-30": "5647.00000", "2012-06-30": "5449.00000", "2012-03-31": "5113.00000", "2011-12-31": "5556.00000", "2011-09-30": "5178.00000", "2011-06-30": "5086.00000", "2011-03-31": "4742.00000", "2010-12-31": "5438.00000", "2010-09-30": "5015.00000", "2010-06-30": "5020.00000", "2010-03-31": "4746.00000", "2009-12-31": "5546.00000", "2009-09-30": "5012.00000", "2009-06-30": "5052.00000", "2009-03-31": "4748.00000", "2008-12-31": "5223.19900", "2008-09-30": "4400.60000", "2008-06-30": "4373.20100", "2008-03-31": "4293.00000", "2007-12-31": "4451.10200", "2007-09-30": "4195.19900", "2007-06-30": "4158.50000", "2007-03-31": "3303.19900", "2006-12-31": "3262.89700", "2006-09-30": "3035.60000", "2006-06-30": "2794.70000", "2006-03-31": "2649.00000", "2005-12-31": "2495.40000", "2005-09-30": "2401.00000", "2005-06-30": "2417.39900", "2005-03-31": "2380.80000"}, "Research And Development Expenses": {"2020-09-30": "", "2020-06-30": "", "2020-03-31": "", "2019-12-31": "", "2019-09-30": "", "2019-06-30": "", "2019-03-31": "", "2018-12-31": "", "2018-09-30": "", "2018-06-30": "", "2018-03-31": "", "2017-12-31": "", "2017-09-30": "", "2017-06-30": "", "2017-03-31": "", "2016-12-31": "", "2016-09-30": "", "2016-06-30": "", "2016-03-31": "", "2015-12-31": "", "2015-09-30": "", "2015-06-30": "", "2015-03-31": "", "2014-12-31": "", "2014-09-30": "", "2014-06-30": "", "2014-03-31": "", "2013-12-31": "", "2013-09-30": "", "2013-06-30": "", "2013-03-31": "", "2012-12-31": "", "2012-09-30": "", "2012-06-30": "", "2012-03-31": "", "2011-12-31": "", "2011-09-30": "", "2011-06-30": "", "2011-03-31": "", "2010-12-31": "", "2010-09-30": "", "2010-06-30": "", "2010-03-31": "", "2009-12-31": "", "2009-09-30": "", "2009-06-30": "", "2009-03-31": "", "2008-12-31": "", "2008-09-30": "", "2008-06-30": "", "2008-03-31": "", "2007-12-31": "", "2007-09-30": "", "2007-06-30": "", "2007-03-31": "", "2006-12-31": "", "2006-09-30": "", "2006-06-30": "", "2006-03-31": "", "2005-12-31": "", "2005-09-30": "", "2005-06-30": "", "2005-03-31": ""}, "SG&A Expenses": {"2020-09-30": "", "2020-06-30": "", "2020-03-31": "", "2019-12-31": "", "2019-09-30": "", "2019-06-30": "", "2019-03-31": "", "2018-12-31": "", "2018-09-30": "", "2018-06-30": "", "2018-03-31": "", "2017-12-31": "", "2017-09-30": "", "2017-06-30": "", "2017-03-31": "", "2016-12-31": "", "2016-09-30": "", "2016-06-30": "", "2016-03-31": "", "2015-12-31": "", "2015-09-30": "", "2015-06-30": "", "2015-03-31": "", "2014-12-31": "", "2014-09-30": "", "2014-06-30": "", "2014-03-31": "", "2013-12-31": "", "2013-09-30": "", "2013-06-30": "", "2013-03-31": "", "2012-12-31": "", "2012-09-30": "", "2012-06-30": "", "2012-03-31": "", "2011-12-31": "", "2011-09-30": "", "2011-06-30": "", "2011-03-31": "", "2010-12-31": "", "2010-09-30": "", "2010-06-30": "", "2010-03-31": "", "2009-12-31": "", "2009-09-30": "", "2009-06-30": "", "2009-03-31": "", "2008-12-31": "", "2008-09-30": "", "2008-06-30": "", "2008-03-31": "", "2007-12-31": "", "2007-09-30": "", "2007-06-30": "", "2007-03-31": "", "2006-12-31": "", "2006-09-30": "2498.80000", "2006-06-30": "2199.70000", "2006-03-31": "1933.10000", "2005-12-31": "", "2005-09-30": "1814.40000", "2005-06-30": "1792.10000", "2005-03-31": "1743.10000"}, "Other Operating Income Or Expenses": {"2020-09-30": "-22867.00000", "2020-06-30": "-20419.00000", "2020-03-31": "-22950.00000", "2019-12-31": "-21787.00000", "2019-09-30": "-21445.00000", "2019-06-30": "-21129.00000", "2019-03-31": "-21709.00000", "2018-12-31": "-10808.00000", "2018-09-30": "-5414.00000", "2018-06-30": "-5498.00000", "2018-03-31": "-6242.00000", "2017-12-31": "-7549.00000", "2017-09-30": "-4618.00000", "2017-06-30": "-4674.00000", "2017-03-31": "-4778.00000", "2016-12-31": "-6742.00000", "2016-09-30": "-4668.00000", "2016-06-30": "-4658.00000", "2016-03-31": "-4559.00000", "2015-12-31": "-4551.00000", "2015-09-30": "-4330.00000", "2015-06-30": "-4140.00000", "2015-03-31": "-4032.00000", "2014-12-31": "-4312.00000", "2014-09-30": "-4222.00000", "2014-06-30": "-4116.00000", "2014-03-31": "-3918.00000", "2013-12-31": "-4121.00000", "2013-09-30": "-3873.00000", "2013-06-30": "-3869.00000", "2013-03-31": "-3883.00000", "2012-12-31": "-3995.00000", "2012-09-30": "-3833.00000", "2012-06-30": "-3741.00000", "2012-03-31": "-3709.00000", "2011-12-31": "-3598.00000", "2011-09-30": "-3594.00000", "2011-06-30": "-3602.00000", "2011-03-31": "-3437.00000", "2010-12-31": "-3690.00000", "2010-09-30": "-3537.00000", "2010-06-30": "-3519.00000", "2010-03-31": "-3336.00000", "2009-12-31": "-3664.00000", "2009-09-30": "-3446.00000", "2009-06-30": "-3452.00000", "2009-03-31": "-3371.00000", "2008-12-31": "-3491.60000", "2008-09-30": "-2934.40000", "2008-06-30": "-2895.10000", "2008-03-31": "-2922.90000", "2007-12-31": "-2974.50000", "2007-09-30": "-2924.10000", "2007-06-30": "-2848.70000", "2007-03-31": "-2566.70000", "2006-12-31": "", "2006-09-30": "", "2006-06-30": "", "2006-03-31": "", "2005-12-31": "", "2005-09-30": "", "2005-06-30": "", "2005-03-31": ""}, "Operating Expenses": {"2020-09-30": "63807.00000", "2020-06-30": "60661.00000", "2020-03-31": "63297.00000", "2019-12-31": "63852.00000", "2019-09-30": "61882.00000", "2019-06-30": "60099.00000", "2019-03-31": "58956.00000", "2018-12-31": "53600.00000", "2018-09-30": "44916.00000", "2018-06-30": "48295.00000", "2018-03-31": "43747.00000", "2017-12-31": "45277.00000", "2017-09-30": "43682.00000", "2017-06-30": "43568.00000", "2017-03-31": "42721.00000", "2016-12-31": "42971.00000", "2016-09-30": "41791.00000", "2016-06-30": "41368.00000", "2016-03-31": "41030.00000", "2015-12-31": "38395.00000", "2015-09-30": "36313.00000", "2015-06-30": "34907.00000", "2015-03-31": "34200.00000", "2014-12-31": "34734.00000", "2014-09-30": "32775.00000", "2014-06-30": "32394.00000", "2014-03-31": "30665.00000", "2013-12-31": "30613.00000", "2013-09-30": "29778.00000", "2013-06-30": "29276.00000", "2013-03-31": "29057.00000", "2012-12-31": "29097.00000", "2012-09-30": "28413.00000", "2012-06-30": "29006.00000", "2012-03-31": "29394.00000", "2011-12-31": "26339.00000", "2011-09-30": "25090.00000", "2011-06-30": "24930.00000", "2011-03-31": "24390.00000", "2010-12-31": "22552.00000", "2010-09-30": "22233.00000", "2010-06-30": "22506.00000", "2010-03-31": "22350.00000", "2009-12-31": "23426.00000", "2009-09-30": "23076.00000", "2009-06-30": "23271.00000", "2009-03-31": "22017.00000", "2008-12-31": "22410.70000", "2008-09-30": "19397.20000", "2008-06-30": "19662.20000", "2008-03-31": "19955.90000", "2007-12-31": "20466.30000", "2007-09-30": "19224.10000", "2007-06-30": "19393.50000", "2007-03-31": "12452.10000", "2006-12-31": "11319.70000", "2006-09-30": "10672.00000", "2006-06-30": "9969.40000", "2006-03-31": "9418.70000", "2005-12-31": "9129.39900", "2005-09-30": "8531.50000", "2005-06-30": "8643.90000", "2005-03-31": "8682.39900"}, "Operating Income": {"2020-09-30": "3249.00000", "2020-06-30": "4680.00000", "2020-03-31": "3458.00000", "2019-12-31": "3037.00000", "2019-09-30": "2928.00000", "2019-06-30": "3332.00000", "2019-03-31": "2690.00000", "2018-12-31": "824.00000", "2018-09-30": "2574.00000", "2018-06-30": "-1373.00000", "2018-03-31": "1996.00000", "2017-12-31": "3129.00000", "2017-09-30": "2499.00000", "2017-06-30": "2117.00000", "2017-03-31": "1793.00000", "2016-12-31": "3020.00000", "2016-09-30": "2824.00000", "2016-06-30": "2357.00000", "2016-03-31": "2185.00000", "2015-12-31": "2750.00000", "2015-09-30": "2331.00000", "2015-06-30": "2262.00000", "2015-03-31": "2132.00000", "2014-12-31": "2321.00000", "2014-09-30": "2246.00000", "2014-06-30": "2208.00000", "2014-03-31": "2024.00000", "2013-12-31": "2217.00000", "2013-09-30": "2154.00000", "2013-06-30": "1972.00000", "2013-03-31": "1694.00000", "2012-12-31": "2284.00000", "2012-09-30": "1814.00000", "2012-06-30": "1708.00000", "2012-03-31": "1404.00000", "2011-12-31": "1958.00000", "2011-09-30": "1584.00000", "2011-06-30": "1484.00000", "2011-03-31": "1305.00000", "2010-12-31": "1748.00000", "2010-09-30": "1478.00000", "2010-06-30": "1501.00000", "2010-03-31": "1410.00000", "2009-12-31": "1882.00000", "2009-09-30": "1566.00000", "2009-06-30": "1600.00000", "2009-03-31": "1377.00000", "2008-12-31": "1731.60400", "2008-09-30": "1466.19900", "2008-06-30": "1478.10200", "2008-03-31": "1370.10000", "2007-12-31": "1476.60400", "2007-09-30": "1271.10000", "2007-06-30": "1309.80100", "2007-03-31": "736.49900", "2006-12-31": "749.30080", "2006-09-30": "536.79980", "2006-06-30": "595.00000", "2006-03-31": "560.50000", "2005-12-31": "603.09960", "2005-09-30": "438.90040", "2005-06-30": "477.69920", "2005-03-31": "499.80080"}, "Total Non-Operating Income/Expense": {"2020-09-30": "-1443.00000", "2020-06-30": "-720.00000", "2020-03-31": "-679.00000", "2019-12-31": "-703.00000", "2019-09-30": "-795.00000", "2019-06-30": "-741.00000", "2019-03-31": "-751.00000", "2018-12-31": "-722.00000", "2018-09-30": "-675.00000", "2018-06-30": "-692.00000", "2018-03-31": "-526.00000", "2017-12-31": "-320.00000", "2017-09-30": "-437.00000", "2017-06-30": "-254.00000", "2017-03-31": "-259.00000", "2016-12-31": "-267.00000", "2016-09-30": "-361.00000", "2016-06-30": "-829.00000", "2016-03-31": "-292.00000", "2015-12-31": "-298.00000", "2015-09-30": "-261.00000", "2015-06-30": "-166.00000", "2015-03-31": "-134.00000", "2014-12-31": "-131.00000", "2014-09-30": "-674.00000", "2014-06-30": "-158.00000", "2014-03-31": "-158.00000", "2013-12-31": "-135.00000", "2013-09-30": "-122.00000", "2013-06-30": "-126.00000", "2013-03-31": "-126.00000", "2012-12-31": "-507.00000", "2012-09-30": "-134.00000", "2012-06-30": "-132.00000", "2012-03-31": "-132.00000", "2011-12-31": "-147.00000", "2011-09-30": "-155.00000", "2011-06-30": "-148.00000", "2011-03-31": "-134.00000", "2010-12-31": "-136.00000", "2010-09-30": "-137.00000", "2010-06-30": "-135.00000", "2010-03-31": "-128.00000", "2009-12-31": "-132.00000", "2009-09-30": "-123.00000", "2009-06-30": "-128.00000", "2009-03-31": "-142.00000", "2008-12-31": "-150.70000", "2008-09-30": "-112.70000", "2008-06-30": "-114.70000", "2008-03-31": "-130.90000", "2007-12-31": "-137.70000", "2007-09-30": "-127.50000", "2007-06-30": "-105.90000", "2007-03-31": "-63.90000", "2006-12-31": "-81.10000", "2006-09-30": "-75.20000", "2006-06-30": "-38.40000", "2006-03-31": "-21.10000", "2005-12-31": "-26.90000", "2005-09-30": "-27.30000", "2005-06-30": "-28.30000", "2005-03-31": "-28.00000"}, "Pre-Tax Income": {"2020-09-30": "1806.00000", "2020-06-30": "3960.00000", "2020-03-31": "2779.00000", "2019-12-31": "2334.00000", "2019-09-30": "2133.00000", "2019-06-30": "2591.00000", "2019-03-31": "1939.00000", "2018-12-31": "102.00000", "2018-09-30": "1899.00000", "2018-06-30": "-2065.00000", "2018-03-31": "1470.00000", "2017-12-31": "2809.00000", "2017-09-30": "2062.00000", "2017-06-30": "1863.00000", "2017-03-31": "1534.00000", "2016-12-31": "2753.00000", "2016-09-30": "2463.00000", "2016-06-30": "1528.00000", "2016-03-31": "1893.00000", "2015-12-31": "2452.00000", "2015-09-30": "2070.00000", "2015-06-30": "2096.00000", "2015-03-31": "1998.00000", "2014-12-31": "2190.00000", "2014-09-30": "1572.00000", "2014-06-30": "2050.00000", "2014-03-31": "1866.00000", "2013-12-31": "2082.00000", "2013-09-30": "2032.00000", "2013-06-30": "1846.00000", "2013-03-31": "1568.00000", "2012-12-31": "1777.00000", "2012-09-30": "1680.00000", "2012-06-30": "1576.00000", "2012-03-31": "1272.00000", "2011-12-31": "1811.00000", "2011-09-30": "1429.00000", "2011-06-30": "1336.00000", "2011-03-31": "1171.00000", "2010-12-31": "1612.00000", "2010-09-30": "1341.00000", "2010-06-30": "1366.00000", "2010-03-31": "1282.00000", "2009-12-31": "1750.00000", "2009-09-30": "1443.00000", "2009-06-30": "1472.00000", "2009-03-31": "1235.00000", "2008-12-31": "1580.90000", "2008-09-30": "1353.50000", "2008-06-30": "1363.40000", "2008-03-31": "1239.20000", "2007-12-31": "1338.90000", "2007-09-30": "1143.60000", "2007-06-30": "1203.90000", "2007-03-31": "672.60000", "2006-12-31": "668.20010", "2006-09-30": "461.60000", "2006-06-30": "556.60000", "2006-03-31": "539.40000", "2005-12-31": "576.20000", "2005-09-30": "411.60000", "2005-06-30": "449.40000", "2005-03-31": "471.80000"}, "Income Taxes": {"2020-09-30": "587.00000", "2020-06-30": "974.00000", "2020-03-31": "767.00000", "2019-12-31": "590.00000", "2019-09-30": "604.00000", "2019-06-30": "660.00000", "2019-03-31": "512.00000", "2018-12-31": "524.00000", "2018-09-30": "509.00000", "2018-06-30": "497.00000", "2018-03-31": "472.00000", "2017-12-31": "-478.00000", "2017-09-30": "777.00000", "2017-06-30": "766.00000", "2017-03-31": "572.00000", "2016-12-31": "1046.00000", "2016-09-30": "921.00000", "2016-06-30": "604.00000", "2016-03-31": "746.00000", "2015-12-31": "952.00000", "2015-09-30": "833.00000", "2015-06-30": "824.00000", "2015-03-31": "777.00000", "2014-12-31": "868.00000", "2014-09-30": "624.00000", "2014-06-30": "804.00000", "2014-03-31": "737.00000", "2013-12-31": "816.00000", "2013-09-30": "777.00000", "2013-06-30": "721.00000", "2013-03-31": "614.00000", "2012-12-31": "661.00000", "2012-09-30": "669.00000", "2012-06-30": "610.00000", "2012-03-31": "496.00000", "2011-12-31": "711.00000", "2011-09-30": "562.00000", "2011-06-30": "523.00000", "2011-03-31": "462.00000", "2010-12-31": "599.00000", "2010-09-30": "526.00000", "2010-06-30": "544.00000", "2010-03-31": "510.00000", "2009-12-31": "705.00000", "2009-09-30": "420.00000", "2009-06-30": "583.00000", "2009-03-31": "492.00000", "2008-12-31": "627.70000", "2008-09-30": "534.70000", "2008-06-30": "539.90000", "2008-03-31": "490.70000", "2007-12-31": "523.90000", "2007-09-30": "454.10000", "2007-06-30": "480.30000", "2007-03-31": "263.70000", "2006-12-31": "251.00000", "2006-09-30": "177.40000", "2006-06-30": "218.70000", "2006-03-31": "209.80000", "2005-12-31": "169.80000", "2005-09-30": "158.90000", "2005-06-30": "173.50000", "2005-03-31": "182.10000"}, "Income After Taxes": {"2020-09-30": "1219.00000", "2020-06-30": "2986.00000", "2020-03-31": "2012.00000", "2019-12-31": "1744.00000", "2019-09-30": "1529.00000", "2019-06-30": "1931.00000", "2019-03-31": "1427.00000", "2018-12-31": "-422.00000", "2018-09-30": "1390.00000", "2018-06-30": "-2562.00000", "2018-03-31": "998.00000", "2017-12-31": "3287.00000", "2017-09-30": "1285.00000", "2017-06-30": "1097.00000", "2017-03-31": "962.00000", "2016-12-31": "1707.00000", "2016-09-30": "1542.00000", "2016-06-30": "924.00000", "2016-03-31": "1147.00000", "2015-12-31": "1500.00000", "2015-09-30": "1237.00000", "2015-06-30": "1272.00000", "2015-03-31": "1221.00000", "2014-12-31": "1322.00000", "2014-09-30": "948.00000", "2014-06-30": "1246.00000", "2014-03-31": "1129.00000", "2013-12-31": "1266.00000", "2013-09-30": "1255.00000", "2013-06-30": "1125.00000", "2013-03-31": "954.00000", "2012-12-31": "1116.00000", "2012-09-30": "1011.00000", "2012-06-30": "966.00000", "2012-03-31": "776.00000", "2011-12-31": "1100.00000", "2011-09-30": "867.00000", "2011-06-30": "813.00000", "2011-03-31": "709.00000", "2010-12-31": "1013.00000", "2010-09-30": "815.00000", "2010-06-30": "822.00000", "2010-03-31": "772.00000", "2009-12-31": "1045.00000", "2009-09-30": "1023.00000", "2009-06-30": "889.00000", "2009-03-31": "743.00000", "2008-12-31": "953.20000", "2008-09-30": "818.80000", "2008-06-30": "823.50000", "2008-03-31": "748.49990", "2007-12-31": "814.99990", "2007-09-30": "689.50000", "2007-06-30": "723.60000", "2007-03-31": "408.90000", "2006-12-31": "417.20000", "2006-09-30": "284.20000", "2006-06-30": "337.90000", "2006-03-31": "329.60000", "2005-12-31": "406.40000", "2005-09-30": "252.70000", "2005-06-30": "275.90000", "2005-03-31": "289.70000"}, "Other Income": {"2020-09-30": "", "2020-06-30": "", "2020-03-31": "", "2019-12-31": "", "2019-09-30": "", "2019-06-30": "", "2019-03-31": "", "2018-12-31": "", "2018-09-30": "", "2018-06-30": "", "2018-03-31": "", "2017-12-31": "", "2017-09-30": "", "2017-06-30": "", "2017-03-31": "", "2016-12-31": "", "2016-09-30": "", "2016-06-30": "", "2016-03-31": "", "2015-12-31": "", "2015-09-30": "", "2015-06-30": "", "2015-03-31": "", "2014-12-31": "", "2014-09-30": "", "2014-06-30": "", "2014-03-31": "", "2013-12-31": "", "2013-09-30": "", "2013-06-30": "", "2013-03-31": "", "2012-12-31": "", "2012-09-30": "", "2012-06-30": "", "2012-03-31": "", "2011-12-31": "", "2011-09-30": "", "2011-06-30": "", "2011-03-31": "", "2010-12-31": "", "2010-09-30": "", "2010-06-30": "", "2010-03-31": "", "2009-12-31": "", "2009-09-30": "", "2009-06-30": "", "2009-03-31": "", "2008-12-31": "", "2008-09-30": "", "2008-06-30": "", "2008-03-31": "", "2007-12-31": "", "2007-09-30": "", "2007-06-30": "", "2007-03-31": "", "2006-12-31": "", "2006-09-30": "", "2006-06-30": "", "2006-03-31": "", "2005-12-31": "", "2005-09-30": "", "2005-06-30": "", "2005-03-31": ""}, "Income From Continuous Operations": {"2020-09-30": "1219.00000", "2020-06-30": "2986.00000", "2020-03-31": "2012.00000", "2019-12-31": "1744.00000", "2019-09-30": "1529.00000", "2019-06-30": "1931.00000", "2019-03-31": "1427.00000", "2018-12-31": "-422.00000", "2018-09-30": "1390.00000", "2018-06-30": "-2562.00000", "2018-03-31": "998.00000", "2017-12-31": "3287.00000", "2017-09-30": "1285.00000", "2017-06-30": "1097.00000", "2017-03-31": "962.00000", "2016-12-31": "1707.00000", "2016-09-30": "1542.00000", "2016-06-30": "924.00000", "2016-03-31": "1147.00000", "2015-12-31": "1500.00000", "2015-09-30": "1237.00000", "2015-06-30": "1272.00000", "2015-03-31": "1221.00000", "2014-12-31": "1322.00000", "2014-09-30": "948.00000", "2014-06-30": "1246.00000", "2014-03-31": "1129.00000", "2013-12-31": "1266.00000", "2013-09-30": "1255.00000", "2013-06-30": "1125.00000", "2013-03-31": "954.00000", "2012-12-31": "1116.00000", "2012-09-30": "1011.00000", "2012-06-30": "966.00000", "2012-03-31": "776.00000", "2011-12-31": "1100.00000", "2011-09-30": "867.00000", "2011-06-30": "813.00000", "2011-03-31": "709.00000", "2010-12-31": "1013.00000", "2010-09-30": "815.00000", "2010-06-30": "822.00000", "2010-03-31": "772.00000", "2009-12-31": "1045.00000", "2009-09-30": "1023.00000", "2009-06-30": "889.00000", "2009-03-31": "743.00000", "2008-12-31": "953.20000", "2008-09-30": "818.80000", "2008-06-30": "823.50000", "2008-03-31": "748.50000", "2007-12-31": "815.00010", "2007-09-30": "689.50000", "2007-06-30": "723.60000", "2007-03-31": "408.90000", "2006-12-31": "417.20000", "2006-09-30": "284.20000", "2006-06-30": "337.90000", "2006-03-31": "329.60000", "2005-12-31": "406.40000", "2005-09-30": "252.70000", "2005-06-30": "275.90000", "2005-03-31": "289.70000"}, "Income From Discontinued Operations": {"2020-09-30": "", "2020-06-30": "", "2020-03-31": "", "2019-12-31": "", "2019-09-30": "", "2019-06-30": "", "2019-03-31": "", "2018-12-31": "1.00000", "2018-09-30": "0.00000", "2018-06-30": "-1.00000", "2018-03-31": "", "2017-12-31": "", "2017-09-30": "0.00000", "2017-06-30": "1.00000", "2017-03-31": "-9.00000", "2016-12-31": "", "2016-09-30": "-1.00000", "2016-06-30": "0.00000", "2016-03-31": "0.00000", "2015-12-31": "-1.00000", "2015-09-30": "10.00000", "2015-06-30": "", "2015-03-31": "", "2014-12-31": "", "2014-09-30": "0.00000", "2014-06-30": "", "2014-03-31": "", "2013-12-31": "-1.00000", "2013-09-30": "-6.00000", "2013-06-30": "-1.00000", "2013-03-31": "", "2012-12-31": "", "2012-09-30": "-5.00000", "2012-06-30": "-1.00000", "2012-03-31": "-1.00000", "2011-12-31": "-36.00000", "2011-09-30": "0.00000", "2011-06-30": "2.00000", "2011-03-31": "3.00000", "2010-12-31": "12.00000", "2010-09-30": "-7.00000", "2010-06-30": "-1.00000", "2010-03-31": "-2.00000", "2009-12-31": "6.00000", "2009-09-30": "-2.00000", "2009-06-30": "-3.00000", "2009-03-31": "-5.00000", "2008-12-31": "-0.50000", "2008-09-30": "-82.80000", "2008-06-30": "-48.70000", "2008-03-31": "", "2007-12-31": "", "2007-09-30": "", "2007-06-30": "", "2007-03-31": "", "2006-12-31": "", "2006-09-30": "", "2006-06-30": "", "2006-03-31": "", "2005-12-31": "", "2005-09-30": "", "2005-06-30": "", "2005-03-31": ""}, "Net Income": {"2020-09-30": "1224.00000", "2020-06-30": "2975.00000", "2020-03-31": "2007.00000", "2019-12-31": "1747.00000", "2019-09-30": "1530.00000", "2019-06-30": "1936.00000", "2019-03-31": "1421.00000", "2018-12-31": "-419.00000", "2018-09-30": "1390.00000", "2018-06-30": "-2563.00000", "2018-03-31": "998.00000", "2017-12-31": "3287.00000", "2017-09-30": "1285.00000", "2017-06-30": "1098.00000", "2017-03-31": "952.00000", "2016-12-31": "1707.00000", "2016-09-30": "1540.00000", "2016-06-30": "924.00000", "2016-03-31": "1146.00000", "2015-12-31": "1498.00000", "2015-09-30": "1246.00000", "2015-06-30": "1272.00000", "2015-03-31": "1221.00000", "2014-12-31": "1321.00000", "2014-09-30": "948.00000", "2014-06-30": "1246.00000", "2014-03-31": "1129.00000", "2013-12-31": "1265.00000", "2013-09-30": "1249.00000", "2013-06-30": "1124.00000", "2013-03-31": "954.00000", "2012-12-31": "1116.00000", "2012-09-30": "1006.00000", "2012-06-30": "966.00000", "2012-03-31": "776.00000", "2011-12-31": "1065.00000", "2011-09-30": "868.00000", "2011-06-30": "816.00000", "2011-03-31": "713.00000", "2010-12-31": "1026.00000", "2010-09-30": "809.00000", "2010-06-30": "821.00000", "2010-03-31": "771.00000", "2009-12-31": "1051.00000", "2009-09-30": "1021.00000", "2009-06-30": "886.00000", "2009-03-31": "738.00000", "2008-12-31": "949.30000", "2008-09-30": "732.50000", "2008-06-30": "771.20000", "2008-03-31": "745.00000", "2007-12-31": "811.40000", "2007-09-30": "686.10000", "2007-06-30": "720.10000", "2007-03-31": "405.40000", "2006-12-31": "413.80000", "2006-09-30": "280.70000", "2006-06-30": "334.40000", "2006-03-31": "326.10000", "2005-12-31": "402.80000", "2005-09-30": "249.20000", "2005-06-30": "272.40000", "2005-03-31": "286.20000"}, "EBITDA": {"2020-09-30": "4363.00000", "2020-06-30": "5782.00000", "2020-03-31": "4544.00000", "2019-12-31": "4133.00000", "2019-09-30": "4020.00000", "2019-06-30": "4404.00000", "2019-03-31": "3801.00000", "2018-12-31": "3859.00000", "2018-09-30": "3194.00000", "2018-06-30": "3195.00000", "2018-03-31": "2640.00000", "2017-12-31": "3797.00000", "2017-09-30": "3114.00000", "2017-06-30": "2875.00000", "2017-03-31": "2412.00000", "2016-12-31": "3648.00000", "2016-09-30": "3435.00000", "2016-06-30": "2976.00000", "2016-03-31": "2802.00000", "2015-12-31": "3332.00000", "2015-09-30": "2863.00000", "2015-06-30": "2750.00000", "2015-03-31": "2622.00000", "2014-12-31": "2810.00000", "2014-09-30": "2723.00000", "2014-06-30": "2696.00000", "2014-03-31": "2501.00000", "2013-12-31": "2675.00000", "2013-09-30": "2615.00000", "2013-06-30": "2421.00000", "2013-03-31": "2196.00000", "2012-12-31": "2740.00000", "2012-09-30": "2257.00000", "2012-06-30": "2139.00000", "2012-03-31": "1827.00000", "2011-12-31": "2354.00000", "2011-09-30": "1991.00000", "2011-06-30": "1875.00000", "2011-03-31": "1679.00000", "2010-12-31": "2121.00000", "2010-09-30": "1848.00000", "2010-06-30": "1869.00000", "2010-03-31": "1768.00000", "2009-12-31": "2234.00000", "2009-09-30": "1867.00000", "2009-06-30": "1982.00000", "2009-03-31": "1731.00000", "2008-12-31": "2085.40400", "2008-09-30": "1777.09900", "2008-06-30": "1788.10200", "2008-03-31": "1669.40000", "2007-12-31": "1753.10400", "2007-09-30": "1572.80000", "2007-06-30": "1617.80100", "2007-03-31": "945.29900", "2006-12-31": "950.70070", "2006-09-30": "730.19980", "2006-06-30": "778.10000", "2006-03-31": "715.90000", "2005-12-31": "758.99960", "2005-09-30": "586.60040", "2005-06-30": "625.29920", "2005-03-31": "637.70080"}, "EBIT": {"2020-09-30": "3249.00000", "2020-06-30": "4680.00000", "2020-03-31": "3458.00000", "2019-12-31": "3037.00000", "2019-09-30": "2928.00000", "2019-06-30": "3332.00000", "2019-03-31": "2690.00000", "2018-12-31": "824.00000", "2018-09-30": "2574.00000", "2018-06-30": "-1373.00000", "2018-03-31": "1996.00000", "2017-12-31": "3129.00000", "2017-09-30": "2499.00000", "2017-06-30": "2117.00000", "2017-03-31": "1793.00000", "2016-12-31": "3020.00000", "2016-09-30": "2824.00000", "2016-06-30": "2357.00000", "2016-03-31": "2185.00000", "2015-12-31": "2750.00000", "2015-09-30": "2331.00000", "2015-06-30": "2262.00000", "2015-03-31": "2132.00000", "2014-12-31": "2321.00000", "2014-09-30": "2246.00000", "2014-06-30": "2208.00000", "2014-03-31": "2024.00000", "2013-12-31": "2217.00000", "2013-09-30": "2154.00000", "2013-06-30": "1972.00000", "2013-03-31": "1694.00000", "2012-12-31": "2284.00000", "2012-09-30": "1814.00000", "2012-06-30": "1708.00000", "2012-03-31": "1404.00000", "2011-12-31": "1958.00000", "2011-09-30": "1584.00000", "2011-06-30": "1484.00000", "2011-03-31": "1305.00000", "2010-12-31": "1748.00000", "2010-09-30": "1478.00000", "2010-06-30": "1501.00000", "2010-03-31": "1410.00000", "2009-12-31": "1882.00000", "2009-09-30": "1566.00000", "2009-06-30": "1600.00000", "2009-03-31": "1377.00000", "2008-12-31": "1731.60000", "2008-09-30": "1466.19900", "2008-06-30": "1478.10200", "2008-03-31": "1370.10000", "2007-12-31": "1476.60100", "2007-09-30": "1271.10000", "2007-06-30": "1309.80100", "2007-03-31": "736.49900", "2006-12-31": "749.30180", "2006-09-30": "536.79980", "2006-06-30": "595.00000", "2006-03-31": "560.50000", "2005-12-31": "603.09960", "2005-09-30": "438.90040", "2005-06-30": "477.69920", "2005-03-31": "499.80080"}, "Basic Shares Outstanding": {"2020-09-30": "1310.00000", "2020-06-30": "1309.00000", "2020-03-31": "1306.00000", "2019-12-31": "1301.00000", "2019-09-30": "1302.00000", "2019-06-30": "1301.00000", "2019-03-31": "1298.00000", "2018-12-31": "1044.00000", "2018-09-30": "1020.00000", "2018-06-30": "1018.00000", "2018-03-31": "1016.00000", "2017-12-31": "1020.00000", "2017-09-30": "1016.00000", "2017-06-30": "1019.00000", "2017-03-31": "1030.00000", "2016-12-31": "1073.00000", "2016-09-30": "1068.00000", "2016-06-30": "1070.00000", "2016-03-31": "1092.00000", "2015-12-31": "1118.00000", "2015-09-30": "1114.00000", "2015-06-30": "1124.00000", "2015-03-31": "1128.00000", "2014-12-31": "1161.00000", "2014-09-30": "1157.00000", "2014-06-30": "1165.00000", "2014-03-31": "1180.00000", "2013-12-31": "1217.00000", "2013-09-30": "1218.00000", "2013-06-30": "1227.00000", "2013-03-31": "1232.00000", "2012-12-31": "1271.00000", "2012-09-30": "1265.00000", "2012-06-30": "1278.00000", "2012-03-31": "1299.00000", "2011-12-31": "1338.00000", "2011-09-30": "1332.00000", "2011-06-30": "1355.00000", "2011-03-31": "1362.00000", "2010-12-31": "1367.00000", "2010-09-30": "1360.00000", "2010-06-30": "1359.00000", "2010-03-31": "1386.00000", "2009-12-31": "1434.00000", "2009-09-30": "1429.00000", "2009-06-30": "1457.00000", "2009-03-31": "1450.00000", "2008-12-31": "1434.00000", "2008-09-30": "1435.50000", "2008-06-30": "1431.80000", "2008-03-31": "1429.80000", "2007-12-31": "1328.00000", "2007-09-30": "1473.70000", "2007-06-30": "1492.40000", "2007-03-31": "906.10000", "2006-12-31": "820.60000", "2006-09-30": "822.30000", "2006-06-30": "818.90000", "2006-03-31": "816.80000", "2005-12-31": "811.40000", "2005-09-30": "813.50000", "2005-06-30": "810.90000", "2005-03-31": "806.80000"}, "Shares Outstanding": {"2020-09-30": "1315.00000", "2020-06-30": "1314.00000", "2020-03-31": "1312.00000", "2019-12-31": "1305.00000", "2019-09-30": "1305.00000", "2019-06-30": "1302.00000", "2019-03-31": "1302.00000", "2018-12-31": "1044.00000", "2018-09-30": "1022.00000", "2018-06-30": "1018.00000", "2018-03-31": "1019.00000", "2017-12-31": "1024.00000", "2017-09-30": "1020.00000", "2017-06-30": "1024.00000", "2017-03-31": "1035.00000", "2016-12-31": "1079.00000", "2016-09-30": "1073.00000", "2016-06-30": "1075.00000", "2016-03-31": "1099.00000", "2015-12-31": "1126.00000", "2015-09-30": "1121.00000", "2015-06-30": "1132.00000", "2015-03-31": "1136.00000", "2014-12-31": "1169.00000", "2014-09-30": "1164.00000", "2014-06-30": "1174.00000", "2014-03-31": "1190.00000", "2013-12-31": "1226.00000", "2013-09-30": "1226.00000", "2013-06-30": "1236.00000", "2013-03-31": "1241.00000", "2012-12-31": "1280.00000", "2012-09-30": "1274.00000", "2012-06-30": "1287.00000", "2012-03-31": "1309.00000", "2011-12-31": "1347.00000", "2011-09-30": "1340.00000", "2011-06-30": "1364.00000", "2011-03-31": "1371.00000", "2010-12-31": "1377.00000", "2010-09-30": "1368.00000", "2010-06-30": "1369.00000", "2010-03-31": "1396.00000", "2009-12-31": "1450.00000", "2009-09-30": "1445.00000", "2009-06-30": "1472.00000", "2009-03-31": "1469.00000", "2008-12-31": "1469.00000", "2008-09-30": "1469.70000", "2008-06-30": "1468.70000", "2008-03-31": "1467.70000", "2007-12-31": "1372.00000", "2007-09-30": "1521.20000", "2007-06-30": "1542.50000", "2007-03-31": "939.80000", "2006-12-31": "853.20000", "2006-09-30": "855.40000", "2006-06-30": "850.60000", "2006-03-31": "848.50000", "2005-12-31": "841.60000", "2005-09-30": "845.00000", "2005-06-30": "841.90000", "2005-03-31": "837.20000"}, "Basic EPS": {"2020-09-30": "0.93000", "2020-06-30": "2.27000", "2020-03-31": "1.54000", "2019-12-31": "1.35000", "2019-09-30": "1.17000", "2019-06-30": "1.49000", "2019-03-31": "1.09000", "2018-12-31": "-0.39000", "2018-09-30": "1.36000", "2018-06-30": "-2.52000", "2018-03-31": "0.98000", "2017-12-31": "3.22000", "2017-09-30": "1.26000", "2017-06-30": "1.07000", "2017-03-31": "0.92000", "2016-12-31": "1.59000", "2016-09-30": "1.44000", "2016-06-30": "0.86000", "2016-03-31": "1.04000", "2015-12-31": "1.34000", "2015-09-30": "1.11000", "2015-06-30": "1.13000", "2015-03-31": "1.08000", "2014-12-31": "1.13000", "2014-09-30": "0.82000", "2014-06-30": "1.07000", "2014-03-31": "0.96000", "2013-12-31": "1.05000", "2013-09-30": "1.03000", "2013-06-30": "0.92000", "2013-03-31": "0.77000", "2012-12-31": "0.88000", "2012-09-30": "0.80000", "2012-06-30": "0.76000", "2012-03-31": "0.60000", "2011-12-31": "0.82000", "2011-09-30": "0.65000", "2011-06-30": "0.60000", "2011-03-31": "0.52000", "2010-12-31": "0.76000", "2010-09-30": "0.59000", "2010-06-30": "0.60000", "2010-03-31": "0.56000", "2009-12-31": "0.75000", "2009-09-30": "0.71000", "2009-06-30": "0.61000", "2009-03-31": "0.51000", "2008-12-31": "0.66000", "2008-09-30": "0.51000", "2008-06-30": "0.54000", "2008-03-31": "0.52000", "2007-12-31": "0.57000", "2007-09-30": "0.47000", "2007-06-30": "0.48000", "2007-03-31": "0.45000", "2006-12-31": "0.50000", "2006-09-30": "0.34000", "2006-06-30": "0.41000", "2006-03-31": "0.40000", "2005-12-31": "0.49000", "2005-09-30": "0.31000", "2005-06-30": "0.34000", "2005-03-31": "0.35000"}, "EPS - Earnings Per Share": {"2020-09-30": "0.93000", "2020-06-30": "2.26000", "2020-03-31": "1.53000", "2019-12-31": "1.33000", "2019-09-30": "1.17000", "2019-06-30": "1.49000", "2019-03-31": "1.09000", "2018-12-31": "-0.39000", "2018-09-30": "1.36000", "2018-06-30": "-2.52000", "2018-03-31": "0.98000", "2017-12-31": "3.19000", "2017-09-30": "1.26000", "2017-06-30": "1.07000", "2017-03-31": "0.92000", "2016-12-31": "1.57000", "2016-09-30": "1.43000", "2016-06-30": "0.86000", "2016-03-31": "1.04000", "2015-12-31": "1.33000", "2015-09-30": "1.11000", "2015-06-30": "1.12000", "2015-03-31": "1.07000", "2014-12-31": "1.14000", "2014-09-30": "0.81000", "2014-06-30": "1.06000", "2014-03-31": "0.95000", "2013-12-31": "1.04000", "2013-09-30": "1.02000", "2013-06-30": "0.91000", "2013-03-31": "0.77000", "2012-12-31": "0.89000", "2012-09-30": "0.79000", "2012-06-30": "0.75000", "2012-03-31": "0.59000", "2011-12-31": "0.80000", "2011-09-30": "0.65000", "2011-06-30": "0.60000", "2011-03-31": "0.52000", "2010-12-31": "0.75000", "2010-09-30": "0.59000", "2010-06-30": "0.60000", "2010-03-31": "0.55000", "2009-12-31": "0.74000", "2009-09-30": "0.71000", "2009-06-30": "0.60000", "2009-03-31": "0.50000", "2008-12-31": "0.64000", "2008-09-30": "0.50000", "2008-06-30": "0.53000", "2008-03-31": "0.51000", "2007-12-31": "0.57000", "2007-09-30": "0.45000", "2007-06-30": "0.47000", "2007-03-31": "0.43000", "2006-12-31": "0.48000", "2006-09-30": "0.33000", "2006-06-30": "0.40000", "2006-03-31": "0.39000", "2005-12-31": "0.48000", "2005-09-30": "0.30000", "2005-06-30": "0.33000", "2005-03-31": "0.34000"}}, "balance sheet": {"Cash On Hand": {"2019-12-31": "8056.00000", "2018-12-31": "6581.00000", "2017-12-31": "1807.00000", "2016-12-31": "3458.00000", "2015-12-31": "2547.00000", "2014-12-31": "2515.00000", "2013-12-31": "4177.00000", "2012-12-31": "1380.00000", "2011-12-31": "1418.00000", "2010-12-31": "1431.00000", "2009-12-31": "1091.00000", "2008-12-31": "1352.00000", "2007-12-31": "1084.10000", "2006-12-31": "530.70000", "2005-12-31": "513.40000"}, "Receivables": {"2019-12-31": "19617.00000", "2018-12-31": "17631.00000", "2017-12-31": "13181.00000", "2016-12-31": "12164.00000", "2015-12-31": "11888.00000", "2014-12-31": "9687.00000", "2013-12-31": "8729.00000", "2012-12-31": "6479.00000", "2011-12-31": "6047.00000", "2010-12-31": "4925.00000", "2009-12-31": "5457.00000", "2008-12-31": "5384.00000", "2007-12-31": "4579.60000", "2006-12-31": "2381.70000", "2005-12-31": "1839.60000"}, "Inventory": {"2019-12-31": "17516.00000", "2018-12-31": "16450.00000", "2017-12-31": "15296.00000", "2016-12-31": "14760.00000", "2015-12-31": "14001.00000", "2014-12-31": "11930.00000", "2013-12-31": "11045.00000", "2012-12-31": "11032.00000", "2011-12-31": "10046.00000", "2010-12-31": "10695.00000", "2009-12-31": "10343.00000", "2008-12-31": "9153.00000", "2007-12-31": "8008.20000", "2006-12-31": "7108.90000", "2005-12-31": "5719.80000"}, "Pre-Paid Expenses": {"2019-12-31": "", "2018-12-31": "", "2017-12-31": "", "2016-12-31": "", "2015-12-31": "", "2014-12-31": "", "2013-12-31": "", "2012-12-31": "", "2011-12-31": "", "2010-12-31": "", "2009-12-31": "", "2008-12-31": "", "2007-12-31": "", "2006-12-31": "", "2005-12-31": ""}, "Other Current Assets": {"2019-12-31": "5113.00000", "2018-12-31": "4581.00000", "2017-12-31": "945.00000", "2016-12-31": "660.00000", "2015-12-31": "722.00000", "2014-12-31": "866.00000", "2013-12-31": "472.00000", "2012-12-31": "577.00000", "2011-12-31": "580.00000", "2010-12-31": "144.00000", "2009-12-31": "140.00000", "2008-12-31": "202.00000", "2007-12-31": "148.10000", "2006-12-31": "100.20000", "2005-12-31": "78.80000"}, "Total Current Assets": {"2019-12-31": "50302.00000", "2018-12-31": "45243.00000", "2017-12-31": "31229.00000", "2016-12-31": "31042.00000", "2015-12-31": "29158.00000", "2014-12-31": "25983.00000", "2013-12-31": "25325.00000", "2012-12-31": "20161.00000", "2011-12-31": "18594.00000", "2010-12-31": "17706.00000", "2009-12-31": "17537.00000", "2008-12-31": "16526.00000", "2007-12-31": "14149.40000", "2006-12-31": "10395.80000", "2005-12-31": "8392.70000"}, "Property, Plant, And Equipment": {"2019-12-31": "12044.00000", "2018-12-31": "11349.00000", "2017-12-31": "10292.00000", "2016-12-31": "10175.00000", "2015-12-31": "9855.00000", "2014-12-31": "8843.00000", "2013-12-31": "8615.00000", "2012-12-31": "8632.00000", "2011-12-31": "8467.00000", "2010-12-31": "8322.00000", "2009-12-31": "7923.00000", "2008-12-31": "8125.00000", "2007-12-31": "5852.80000", "2006-12-31": "5333.60000", "2005-12-31": "3952.60000"}, "Long-Term Investments": {"2019-12-31": "17314.00000", "2018-12-31": "15732.00000", "2017-12-31": "112.00000", "2016-12-31": "", "2015-12-31": "", "2014-12-31": "", "2013-12-31": "", "2012-12-31": "", "2011-12-31": "", "2010-12-31": "", "2009-12-31": "", "2008-12-31": "", "2007-12-31": "", "2006-12-31": "", "2005-12-31": ""}, "Goodwill And Intangible Assets": {"2019-12-31": "112870.00000", "2018-12-31": "115202.00000", "2017-12-31": "52081.00000", "2016-12-31": "51760.00000", "2015-12-31": "51984.00000", "2014-12-31": "37916.00000", "2013-12-31": "36071.00000", "2012-12-31": "36148.00000", "2011-12-31": "36327.00000", "2010-12-31": "35453.00000", "2009-12-31": "35807.00000", "2008-12-31": "35940.00000", "2007-12-31": "34351.90000", "2006-12-31": "4513.40000", "2005-12-31": "2592.10000"}, "Other Long-Term Assets": {"2019-12-31": "9059.00000", "2018-12-31": "8930.00000", "2017-12-31": "1417.00000", "2016-12-31": "1485.00000", "2015-12-31": "1440.00000", "2014-12-31": "1445.00000", "2013-12-31": "1515.00000", "2012-12-31": "1280.00000", "2011-12-31": "1155.00000", "2010-12-31": "688.00000", "2009-12-31": "374.00000", "2008-12-31": "369.00000", "2007-12-31": "367.80000", "2006-12-31": "240.50000", "2005-12-31": "223.50000"}, "Total Long-Term Assets": {"2019-12-31": "172147.00000", "2018-12-31": "151213.00000", "2017-12-31": "63902.00000", "2016-12-31": "63420.00000", "2015-12-31": "63279.00000", "2014-12-31": "48204.00000", "2013-12-31": "46201.00000", "2012-12-31": "46060.00000", "2011-12-31": "45949.00000", "2010-12-31": "44463.00000", "2009-12-31": "44104.00000", "2008-12-31": "44434.00000", "2007-12-31": "40572.50000", "2006-12-31": "10178.30000", "2005-12-31": "6890.70000"}, "Total Assets": {"2019-12-31": "222449.00000", "2018-12-31": "196456.00000", "2017-12-31": "95131.00000", "2016-12-31": "94462.00000", "2015-12-31": "92437.00000", "2014-12-31": "74187.00000", "2013-12-31": "71526.00000", "2012-12-31": "66221.00000", "2011-12-31": "64543.00000", "2010-12-31": "62169.00000", "2009-12-31": "61641.00000", "2008-12-31": "60960.00000", "2007-12-31": "54721.90000", "2006-12-31": "20574.10000", "2005-12-31": "15283.40000"}, "Total Current Liabilities": {"2019-12-31": "53303.00000", "2018-12-31": "44009.00000", "2017-12-31": "30648.00000", "2016-12-31": "26250.00000", "2015-12-31": "23169.00000", "2014-12-31": "19027.00000", "2013-12-31": "15425.00000", "2012-12-31": "14150.00000", "2011-12-31": "11956.00000", "2010-12-31": "11070.00000", "2009-12-31": "12300.00000", "2008-12-31": "13490.00000", "2007-12-31": "10766.30000", "2006-12-31": "7005.00000", "2005-12-31": "4583.90000"}, "Long Term Debt": {"2019-12-31": "64699.00000", "2018-12-31": "71444.00000", "2017-12-31": "22181.00000", "2016-12-31": "25615.00000", "2015-12-31": "26267.00000", "2014-12-31": "11630.00000", "2013-12-31": "12841.00000", "2012-12-31": "9133.00000", "2011-12-31": "9208.00000", "2010-12-31": "8652.00000", "2009-12-31": "8756.00000", "2008-12-31": "8057.00000", "2007-12-31": "8349.70000", "2006-12-31": "2870.40000", "2005-12-31": "1594.10000"}, "Other Non-Current Liabilities": {"2019-12-31": "14057.00000", "2018-12-31": "14783.00000", "2017-12-31": "1611.00000", "2016-12-31": "1549.00000", "2015-12-31": "1542.00000", "2014-12-31": "1531.00000", "2013-12-31": "1421.00000", "2012-12-31": "1501.00000", "2011-12-31": "1445.00000", "2010-12-31": "1058.00000", "2009-12-31": "1102.00000", "2008-12-31": "1137.00000", "2007-12-31": "857.90000", "2006-12-31": "781.10000", "2005-12-31": "774.20000"}, "Total Long Term Liabilities": {"2019-12-31": "104976.00000", "2018-12-31": "93904.00000", "2017-12-31": "26788.00000", "2016-12-31": "31378.00000", "2015-12-31": "32065.00000", "2014-12-31": "17197.00000", "2013-12-31": "18163.00000", "2012-12-31": "14418.00000", "2011-12-31": "14536.00000", "2010-12-31": "13399.00000", "2009-12-31": "13573.00000", "2008-12-31": "12896.00000", "2007-12-31": "12633.70000", "2006-12-31": "3651.50000", "2005-12-31": "2368.30000"}, "Total Liabilities": {"2019-12-31": "158279.00000", "2018-12-31": "137913.00000", "2017-12-31": "57436.00000", "2016-12-31": "57628.00000", "2015-12-31": "55234.00000", "2014-12-31": "36224.00000", "2013-12-31": "33588.00000", "2012-12-31": "28568.00000", "2011-12-31": "26492.00000", "2010-12-31": "24469.00000", "2009-12-31": "25873.00000", "2008-12-31": "26386.00000", "2007-12-31": "23400.00000", "2006-12-31": "10656.50000", "2005-12-31": "6952.20000"}, "Common Stock Net": {"2019-12-31": "45972.00000", "2018-12-31": "45440.00000", "2017-12-31": "32096.00000", "2016-12-31": "17.00000", "2015-12-31": "17.00000", "2014-12-31": "17.00000", "2013-12-31": "17.00000", "2012-12-31": "17.00000", "2011-12-31": "16.00000", "2010-12-31": "16.00000", "2009-12-31": "16.00000", "2008-12-31": "16.00000", "2007-12-31": "15.90000", "2006-12-31": "8.50000", "2005-12-31": "8.40000"}, "Retained Earnings (Accumulated Deficit)": {"2019-12-31": "45108.00000", "2018-12-31": "40911.00000", "2017-12-31": "43556.00000", "2016-12-31": "38983.00000", "2015-12-31": "35506.00000", "2014-12-31": "31849.00000", "2013-12-31": "28493.00000", "2012-12-31": "24998.00000", "2011-12-31": "22090.00000", "2010-12-31": "19303.00000", "2009-12-31": "16355.00000", "2008-12-31": "13098.00000", "2007-12-31": "10287.00000", "2006-12-31": "7966.60000", "2005-12-31": "6738.60000"}, "Comprehensive Income": {"2019-12-31": "1019.00000", "2018-12-31": "102.00000", "2017-12-31": "-165.00000", "2016-12-31": "-305.00000", "2015-12-31": "-358.00000", "2014-12-31": "-217.00000", "2013-12-31": "-149.00000", "2012-12-31": "-181.00000", "2011-12-31": "-172.00000", "2010-12-31": "-143.00000", "2009-12-31": "-135.00000", "2008-12-31": "-143.00000", "2007-12-31": "-49.70000", "2006-12-31": "-72.60000", "2005-12-31": "-90.30000"}, "Other Share Holders Equity": {"2019-12-31": "", "2018-12-31": "", "2017-12-31": "", "2016-12-31": "-31.00000", "2015-12-31": "-31.00000", "2014-12-31": "-31.00000", "2013-12-31": "-31.00000", "2012-12-31": "-31.00000", "2011-12-31": "-56.00000", "2010-12-31": "-56.00000", "2009-12-31": "-56.00000", "2008-12-31": "-56.00000", "2007-12-31": "-345.80000", "2006-12-31": "-82.10000", "2005-12-31": "-114.00000"}, "Share Holder Equity": {"2019-12-31": "64170.00000", "2018-12-31": "58543.00000", "2017-12-31": "37695.00000", "2016-12-31": "36834.00000", "2015-12-31": "37203.00000", "2014-12-31": "37963.00000", "2013-12-31": "37938.00000", "2012-12-31": "37653.00000", "2011-12-31": "38051.00000", "2010-12-31": "37700.00000", "2009-12-31": "35768.00000", "2008-12-31": "34574.00000", "2007-12-31": "31321.90000", "2006-12-31": "9917.60000", "2005-12-31": "8331.20000"}, "Total Liabilities And Share Holders Equity": {"2019-12-31": "222449.00000", "2018-12-31": "196456.00000", "2017-12-31": "95131.00000", "2016-12-31": "94462.00000", "2015-12-31": "92437.00000", "2014-12-31": "74187.00000", "2013-12-31": "71526.00000", "2012-12-31": "66221.00000", "2011-12-31": "64543.00000", "2010-12-31": "62169.00000", "2009-12-31": "61641.00000", "2008-12-31": "60960.00000", "2007-12-31": "54721.90000", "2006-12-31": "20574.10000", "2005-12-31": "15283.40000"}}, "balance sheet, quarterly": {"Cash On Hand": {"2020-09-30": "12087.00000", "2020-06-30": "17465.00000", "2020-03-31": "12713.00000", "2019-12-31": "8056.00000", "2019-09-30": "7527.00000", "2019-06-30": "8525.00000", "2019-03-31": "8322.00000", "2018-12-31": "6581.00000", "2018-09-30": "41692.00000", "2018-06-30": "43911.00000", "2018-03-31": "42142.00000", "2017-12-31": "1807.00000", "2017-09-30": "2560.00000", "2017-06-30": "2169.00000", "2017-03-31": "2302.00000", "2016-12-31": "3458.00000", "2016-09-30": "2263.00000", "2016-06-30": "1207.00000", "2016-03-31": "1864.00000", "2015-12-31": "2547.00000", "2015-09-30": "3011.00000", "2015-06-30": "1404.00000", "2015-03-31": "1634.00000", "2014-12-31": "2515.00000", "2014-09-30": "1210.00000", "2014-06-30": "1712.00000", "2014-03-31": "2848.00000", "2013-12-31": "4177.00000", "2013-09-30": "1613.00000", "2013-06-30": "1179.00000", "2013-03-31": "1556.00000", "2012-12-31": "1380.00000", "2012-09-30": "1238.00000", "2012-06-30": "1828.00000", "2012-03-31": "2216.00000", "2011-12-31": "1418.00000", "2011-09-30": "1712.00000", "2011-06-30": "2233.00000", "2011-03-31": "2168.00000", "2010-12-31": "1431.00000", "2010-09-30": "983.00000", "2010-06-30": "1111.00000", "2010-03-31": "1051.00000", "2009-12-31": "1091.00000", "2009-09-30": "1135.30000", "2009-06-30": "1225.30000", "2009-03-31": "997.40000", "2008-12-31": "1352.00000", "2008-09-30": "1282.30000", "2008-06-30": "615.70000", "2008-03-31": "818.20000", "2007-12-31": "1084.10000", "2007-09-30": "754.60000", "2007-06-30": "935.80000", "2007-03-31": "738.20000", "2006-12-31": "530.70000", "2006-09-30": "394.60000", "2006-06-30": "532.30000", "2006-03-31": "387.10000", "2005-12-31": "513.40000", "2005-09-30": "368.20000", "2005-06-30": "414.10000", "2005-03-31": "323.80000"}, "Receivables": {"2020-09-30": "23816.00000", "2020-06-30": "22520.00000", "2020-03-31": "23037.00000", "2019-12-31": "19617.00000", "2019-09-30": "19789.00000", "2019-06-30": "18174.00000", "2019-03-31": "19509.00000", "2018-12-31": "17631.00000", "2018-09-30": "14837.00000", "2018-06-30": "14158.00000", "2018-03-31": "13964.00000", "2017-12-31": "13181.00000", "2017-09-30": "12440.00000", "2017-06-30": "12274.00000", "2017-03-31": "12114.00000", "2016-12-31": "12164.00000", "2016-09-30": "13625.00000", "2016-06-30": "13183.00000", "2016-03-31": "13025.00000", "2015-12-31": "11888.00000", "2015-09-30": "12804.00000", "2015-06-30": "10892.00000", "2015-03-31": "10162.00000", "2014-12-31": "9687.00000", "2014-09-30": "10828.00000", "2014-06-30": "9533.00000", "2014-03-31": "9086.00000", "2013-12-31": "8729.00000", "2013-09-30": "8035.00000", "2013-06-30": "7093.00000", "2013-03-31": "6635.00000", "2012-12-31": "6479.00000", "2012-09-30": "6407.00000", "2012-06-30": "6124.00000", "2012-03-31": "6109.00000", "2011-12-31": "6047.00000", "2011-09-30": "5901.00000", "2011-06-30": "5892.00000", "2011-03-31": "5348.00000", "2010-12-31": "4925.00000", "2010-09-30": "5111.00000", "2010-06-30": "5101.00000", "2010-03-31": "5149.00000", "2009-12-31": "5457.00000", "2009-09-30": "5692.90000", "2009-06-30": "5519.80000", "2009-03-31": "5358.20000", "2008-12-31": "5384.00000", "2008-09-30": "4799.50000", "2008-06-30": "4457.70000", "2008-03-31": "4623.50000", "2007-12-31": "4579.60000", "2007-09-30": "4512.90000", "2007-06-30": "4283.70000", "2007-03-31": "4485.40000", "2006-12-31": "2381.70000", "2006-09-30": "2197.40000", "2006-06-30": "2031.50000", "2006-03-31": "2015.00000", "2005-12-31": "1839.60000", "2005-09-30": "1783.20000", "2005-06-30": "1703.80000", "2005-03-31": "1795.20000"}, "Inventory": {"2020-09-30": "17478.00000", "2020-06-30": "16519.00000", "2020-03-31": "16976.00000", "2019-12-31": "17516.00000", "2019-09-30": "16028.00000", "2019-06-30": "15511.00000", "2019-03-31": "15448.00000", "2018-12-31": "16450.00000", "2018-09-30": "14818.00000", "2018-06-30": "14922.00000", "2018-03-31": "14824.00000", "2017-12-31": "15296.00000", "2017-09-30": "14147.00000", "2017-06-30": "14271.00000", "2017-03-31": "14306.00000", "2016-12-31": "14760.00000", "2016-09-30": "14348.00000", "2016-06-30": "14177.00000", "2016-03-31": "13912.00000", "2015-12-31": "14001.00000", "2015-09-30": "13282.00000", "2015-06-30": "12384.00000", "2015-03-31": "12231.00000", "2014-12-31": "11930.00000", "2014-09-30": "11613.00000", "2014-06-30": "11360.00000", "2014-03-31": "11188.00000", "2013-12-31": "11045.00000", "2013-09-30": "10825.00000", "2013-06-30": "10578.00000", "2013-03-31": "10592.00000", "2012-12-31": "11032.00000", "2012-09-30": "10487.00000", "2012-06-30": "10428.00000", "2012-03-31": "10677.00000", "2011-12-31": "10046.00000", "2011-09-30": "10379.00000", "2011-06-30": "10111.00000", "2011-03-31": "10181.00000", "2010-12-31": "10695.00000", "2010-09-30": "10585.00000", "2010-06-30": "10389.00000", "2010-03-31": "10275.00000", "2009-12-31": "10343.00000", "2009-09-30": "9975.90000", "2009-06-30": "9400.50000", "2009-03-31": "9052.40000", "2008-12-31": "9153.00000", "2008-09-30": "8345.40000", "2008-06-30": "8001.40000", "2008-03-31": "7989.30000", "2007-12-31": "8008.20000", "2007-09-30": "7891.60000", "2007-06-30": "7749.00000", "2007-03-31": "7427.10000", "2006-12-31": "7108.90000", "2006-09-30": "7014.50000", "2006-06-30": "6638.80000", "2006-03-31": "5704.80000", "2005-12-31": "5719.80000", "2005-09-30": "5696.70000", "2005-06-30": "5360.40000", "2005-03-31": "5550.60000"}, "Pre-Paid Expenses": {"2020-09-30": "", "2020-06-30": "", "2020-03-31": "", "2019-12-31": "", "2019-09-30": "", "2019-06-30": "", "2019-03-31": "", "2018-12-31": "", "2018-09-30": "", "2018-06-30": "", "2018-03-31": "", "2017-12-31": "", "2017-09-30": "", "2017-06-30": "", "2017-03-31": "", "2016-12-31": "", "2016-09-30": "", "2016-06-30": "", "2016-03-31": "", "2015-12-31": "", "2015-09-30": "", "2015-06-30": "", "2015-03-31": "", "2014-12-31": "", "2014-09-30": "", "2014-06-30": "", "2014-03-31": "", "2013-12-31": "", "2013-09-30": "", "2013-06-30": "", "2013-03-31": "", "2012-12-31": "", "2012-09-30": "", "2012-06-30": "", "2012-03-31": "", "2011-12-31": "", "2011-09-30": "", "2011-06-30": "", "2011-03-31": "", "2010-12-31": "", "2010-09-30": "", "2010-06-30": "", "2010-03-31": "", "2009-12-31": "", "2009-09-30": "", "2009-06-30": "", "2009-03-31": "", "2008-12-31": "", "2008-09-30": "", "2008-06-30": "", "2008-03-31": "", "2007-12-31": "", "2007-09-30": "", "2007-06-30": "", "2007-03-31": "", "2006-12-31": "", "2006-09-30": "", "2006-06-30": "", "2006-03-31": "", "2005-12-31": "", "2005-09-30": "", "2005-06-30": "", "2005-03-31": ""}, "Other Current Assets": {"2020-09-30": "5830.00000", "2020-06-30": "6002.00000", "2020-03-31": "6232.00000", "2019-12-31": "5113.00000", "2019-09-30": "4841.00000", "2019-06-30": "4691.00000", "2019-03-31": "4578.00000", "2018-12-31": "4581.00000", "2018-09-30": "634.00000", "2018-06-30": "799.00000", "2018-03-31": "868.00000", "2017-12-31": "945.00000", "2017-09-30": "776.00000", "2017-06-30": "690.00000", "2017-03-31": "735.00000", "2016-12-31": "660.00000", "2016-09-30": "703.00000", "2016-06-30": "881.00000", "2016-03-31": "612.00000", "2015-12-31": "722.00000", "2015-09-30": "579.00000", "2015-06-30": "732.00000", "2015-03-31": "594.00000", "2014-12-31": "866.00000", "2014-09-30": "644.00000", "2014-06-30": "554.00000", "2014-03-31": "409.00000", "2013-12-31": "472.00000", "2013-09-30": "401.00000", "2013-06-30": "413.00000", "2013-03-31": "340.00000", "2012-12-31": "577.00000", "2012-09-30": "212.00000", "2012-06-30": "384.00000", "2012-03-31": "351.00000", "2011-12-31": "580.00000", "2011-09-30": "502.00000", "2011-06-30": "327.00000", "2011-03-31": "174.00000", "2010-12-31": "144.00000", "2010-09-30": "181.00000", "2010-06-30": "171.00000", "2010-03-31": "179.00000", "2009-12-31": "140.00000", "2009-09-30": "169.50000", "2009-06-30": "220.80000", "2009-03-31": "261.00000", "2008-12-31": "202.00000", "2008-09-30": "181.40000", "2008-06-30": "170.20000", "2008-03-31": "141.00000", "2007-12-31": "148.10000", "2007-09-30": "146.30000", "2007-06-30": "146.70000", "2007-03-31": "153.70000", "2006-12-31": "100.20000", "2006-09-30": "113.80000", "2006-06-30": "111.50000", "2006-03-31": "91.10000", "2005-12-31": "78.80000", "2005-09-30": "90.00000", "2005-06-30": "92.90000", "2005-03-31": "100.00000"}, "Total Current Assets": {"2020-09-30": "59211.00000", "2020-06-30": "62506.00000", "2020-03-31": "58958.00000", "2019-12-31": "50302.00000", "2019-09-30": "48185.00000", "2019-06-30": "46901.00000", "2019-03-31": "47857.00000", "2018-12-31": "45243.00000", "2018-09-30": "71981.00000", "2018-06-30": "73790.00000", "2018-03-31": "71798.00000", "2017-12-31": "31229.00000", "2017-09-30": "29923.00000", "2017-06-30": "29404.00000", "2017-03-31": "29457.00000", "2016-12-31": "31042.00000", "2016-09-30": "30939.00000", "2016-06-30": "29448.00000", "2016-03-31": "29413.00000", "2015-12-31": "29158.00000", "2015-09-30": "30753.00000", "2015-06-30": "26401.00000", "2015-03-31": "25622.00000", "2014-12-31": "25983.00000", "2014-09-30": "25337.00000", "2014-06-30": "24138.00000", "2014-03-31": "24460.00000", "2013-12-31": "25325.00000", "2013-09-30": "21432.00000", "2013-06-30": "19869.00000", "2013-03-31": "19727.00000", "2012-12-31": "20161.00000", "2012-09-30": "18879.00000", "2012-06-30": "19299.00000", "2012-03-31": "19891.00000", "2011-12-31": "18594.00000", "2011-09-30": "18938.00000", "2011-06-30": "19065.00000", "2011-03-31": "18380.00000", "2010-12-31": "17706.00000", "2010-09-30": "17339.00000", "2010-06-30": "17270.00000", "2010-03-31": "17155.00000", "2009-12-31": "17537.00000", "2009-09-30": "17397.90000", "2009-06-30": "16771.60000", "2009-03-31": "16088.60000", "2008-12-31": "16526.00000", "2008-09-30": "14968.80000", "2008-06-30": "13605.40000", "2008-03-31": "13914.20000", "2007-12-31": "14149.40000", "2007-09-30": "13735.40000", "2007-06-30": "13530.40000", "2007-03-31": "13232.10000", "2006-12-31": "10395.80000", "2006-09-30": "9943.10000", "2006-06-30": "9549.70000", "2006-03-31": "8431.30000", "2005-12-31": "8392.70000", "2005-09-30": "8159.90000", "2005-06-30": "7794.30000", "2005-03-31": "8017.70000"}, "Property, Plant, And Equipment": {"2020-09-30": "12349.00000", "2020-06-30": "12221.00000", "2020-03-31": "12146.00000", "2019-12-31": "12044.00000", "2019-09-30": "11651.00000", "2019-06-30": "11483.00000", "2019-03-31": "11348.00000", "2018-12-31": "11349.00000", "2018-09-30": "10419.00000", "2018-06-30": "10249.00000", "2018-03-31": "10144.00000", "2017-12-31": "10292.00000", "2017-09-30": "9914.00000", "2017-06-30": "10073.00000", "2017-03-31": "10057.00000", "2016-12-31": "10175.00000", "2016-09-30": "9901.00000", "2016-06-30": "9981.00000", "2016-03-31": "9862.00000", "2015-12-31": "9855.00000", "2015-09-30": "9494.00000", "2015-06-30": "9019.00000", "2015-03-31": "8871.00000", "2014-12-31": "8843.00000", "2014-09-30": "8694.00000", "2014-06-30": "8820.00000", "2014-03-31": "8676.00000", "2013-12-31": "8615.00000", "2013-09-30": "8749.00000", "2013-06-30": "8708.00000", "2013-03-31": "8556.00000", "2012-12-31": "8632.00000", "2012-09-30": "8369.00000", "2012-06-30": "8614.00000", "2012-03-31": "8517.00000", "2011-12-31": "8467.00000", "2011-09-30": "8642.00000", "2011-06-30": "8483.00000", "2011-03-31": "8350.00000", "2010-12-31": "8322.00000", "2010-09-30": "8356.00000", "2010-06-30": "8248.00000", "2010-03-31": "8044.00000", "2009-12-31": "7923.00000", "2009-09-30": "8277.40000", "2009-06-30": "8119.70000", "2009-03-31": "8325.40000", "2008-12-31": "8125.00000", "2008-09-30": "6489.50000", "2008-06-30": "6305.10000", "2008-03-31": "6021.50000", "2007-12-31": "5852.80000", "2007-09-30": "6075.10000", "2007-06-30": "5870.70000", "2007-03-31": "5675.20000", "2006-12-31": "5333.60000", "2006-09-30": "6192.60000", "2006-06-30": "5839.50000", "2006-03-31": "4096.40000", "2005-12-31": "3952.60000", "2005-09-30": "4108.50000", "2005-06-30": "3972.20000", "2005-03-31": "3689.20000"}, "Long-Term Investments": {"2020-09-30": "20216.00000", "2020-06-30": "18594.00000", "2020-03-31": "16840.00000", "2019-12-31": "17314.00000", "2019-09-30": "17342.00000", "2019-06-30": "16973.00000", "2019-03-31": "16410.00000", "2018-12-31": "15732.00000", "2018-09-30": "", "2018-06-30": "", "2018-03-31": "", "2017-12-31": "112.00000", "2017-09-30": "", "2017-06-30": "", "2017-03-31": "", "2016-12-31": "", "2016-09-30": "", "2016-06-30": "", "2016-03-31": "", "2015-12-31": "", "2015-09-30": "", "2015-06-30": "", "2015-03-31": "", "2014-12-31": "", "2014-09-30": "", "2014-06-30": "", "2014-03-31": "", "2013-12-31": "", "2013-09-30": "", "2013-06-30": "", "2013-03-31": "", "2012-12-31": "", "2012-09-30": "", "2012-06-30": "", "2012-03-31": "", "2011-12-31": "", "2011-09-30": "", "2011-06-30": "", "2011-03-31": "", "2010-12-31": "", "2010-09-30": "", "2010-06-30": "", "2010-03-31": "", "2009-12-31": "", "2009-09-30": "", "2009-06-30": "", "2009-03-31": "", "2008-12-31": "", "2008-09-30": "", "2008-06-30": "", "2008-03-31": "", "2007-12-31": "", "2007-09-30": "", "2007-06-30": "", "2007-03-31": "", "2006-12-31": "", "2006-09-30": "", "2006-06-30": "", "2006-03-31": "", "2005-12-31": "", "2005-09-30": "", "2005-06-30": "", "2005-03-31": ""}, "Goodwill And Intangible Assets": {"2020-09-30": "111276.00000", "2020-06-30": "112282.00000", "2020-03-31": "112720.00000", "2019-12-31": "112870.00000", "2019-09-30": "113203.00000", "2019-06-30": "113648.00000", "2019-03-31": "114222.00000", "2018-12-31": "115202.00000", "2018-09-30": "47382.00000", "2018-06-30": "47542.00000", "2018-03-31": "51503.00000", "2017-12-31": "52081.00000", "2017-09-30": "51472.00000", "2017-06-30": "51484.00000", "2017-03-31": "51653.00000", "2016-12-31": "51760.00000", "2016-09-30": "51781.00000", "2016-06-30": "51829.00000", "2016-03-31": "51865.00000", "2015-12-31": "51984.00000", "2015-09-30": "50639.00000", "2015-06-30": "37805.00000", "2015-03-31": "37882.00000", "2014-12-31": "37916.00000", "2014-09-30": "38005.00000", "2014-06-30": "38032.00000", "2014-03-31": "38125.00000", "2013-12-31": "36071.00000", "2013-09-30": "36137.00000", "2013-06-30": "36211.00000", "2013-03-31": "36313.00000", "2012-12-31": "36148.00000", "2012-09-30": "36223.00000", "2012-06-30": "36316.00000", "2012-03-31": "36230.00000", "2011-12-31": "36327.00000", "2011-09-30": "36453.00000", "2011-06-30": "36719.00000", "2011-03-31": "35358.00000", "2010-12-31": "35453.00000", "2010-09-30": "35549.00000", "2010-06-30": "35621.00000", "2010-03-31": "35711.00000", "2009-12-31": "35807.00000", "2009-09-30": "35826.40000", "2009-06-30": "35780.60000", "2009-03-31": "35856.70000", "2008-12-31": "35940.00000", "2008-09-30": "34122.20000", "2008-06-30": "34197.20000", "2008-03-31": "34266.40000", "2007-12-31": "34351.90000", "2007-09-30": "34713.60000", "2007-06-30": "34849.90000", "2007-03-31": "31838.00000", "2006-12-31": "4513.40000", "2006-09-30": "4612.10000", "2006-06-30": "4541.40000", "2006-03-31": "2566.10000", "2005-12-31": "2592.10000", "2005-09-30": "2603.90000", "2005-06-30": "2650.80000", "2005-03-31": "2762.10000"}, "Other Long-Term Assets": {"2020-09-30": "9362.00000", "2020-06-30": "9321.00000", "2020-03-31": "9303.00000", "2019-12-31": "9059.00000", "2019-09-30": "8975.00000", "2019-06-30": "9034.00000", "2019-03-31": "8939.00000", "2018-12-31": "8930.00000", "2018-09-30": "1724.00000", "2018-06-30": "1709.00000", "2018-03-31": "1694.00000", "2017-12-31": "1417.00000", "2017-09-30": "1544.00000", "2017-06-30": "1564.00000", "2017-03-31": "1503.00000", "2016-12-31": "1485.00000", "2016-09-30": "1535.00000", "2016-06-30": "1490.00000", "2016-03-31": "1494.00000", "2015-12-31": "1440.00000", "2015-09-30": "1476.00000", "2015-06-30": "1443.00000", "2015-03-31": "1555.00000", "2014-12-31": "1445.00000", "2014-09-30": "1540.00000", "2014-06-30": "1603.00000", "2014-03-31": "1561.00000", "2013-12-31": "1515.00000", "2013-09-30": "1487.00000", "2013-06-30": "1496.00000", "2013-03-31": "1472.00000", "2012-12-31": "1280.00000", "2012-09-30": "1325.00000", "2012-06-30": "1360.00000", "2012-03-31": "1368.00000", "2011-12-31": "1155.00000", "2011-09-30": "1218.00000", "2011-06-30": "1220.00000", "2011-03-31": "740.00000", "2010-12-31": "688.00000", "2010-09-30": "469.00000", "2010-06-30": "385.00000", "2010-03-31": "374.00000", "2009-12-31": "374.00000", "2009-09-30": "377.60000", "2009-06-30": "364.10000", "2009-03-31": "385.40000", "2008-12-31": "369.00000", "2008-09-30": "371.00000", "2008-06-30": "359.30000", "2008-03-31": "364.90000", "2007-12-31": "367.80000", "2007-09-30": "367.50000", "2007-06-30": "355.10000", "2007-03-31": "290.50000", "2006-12-31": "240.50000", "2006-09-30": "226.80000", "2006-06-30": "221.50000", "2006-03-31": "228.90000", "2005-12-31": "223.50000", "2005-09-30": "226.50000", "2005-06-30": "216.40000", "2005-03-31": "213.40000"}, "Total Long-Term Assets": {"2020-09-30": "173687.00000", "2020-06-30": "172989.00000", "2020-03-31": "171681.00000", "2019-12-31": "172147.00000", "2019-09-30": "171928.00000", "2019-06-30": "172003.00000", "2019-03-31": "171911.00000", "2018-12-31": "151213.00000", "2018-09-30": "59525.00000", "2018-06-30": "59500.00000", "2018-03-31": "63341.00000", "2017-12-31": "63902.00000", "2017-09-30": "62930.00000", "2017-06-30": "63121.00000", "2017-03-31": "63213.00000", "2016-12-31": "63420.00000", "2016-09-30": "63217.00000", "2016-06-30": "63300.00000", "2016-03-31": "63221.00000", "2015-12-31": "63279.00000", "2015-09-30": "61609.00000", "2015-06-30": "48267.00000", "2015-03-31": "48308.00000", "2014-12-31": "48204.00000", "2014-09-30": "48239.00000", "2014-06-30": "48455.00000", "2014-03-31": "48362.00000", "2013-12-31": "46201.00000", "2013-09-30": "46373.00000", "2013-06-30": "46415.00000", "2013-03-31": "46341.00000", "2012-12-31": "46060.00000", "2012-09-30": "45917.00000", "2012-06-30": "46290.00000", "2012-03-31": "46115.00000", "2011-12-31": "45949.00000", "2011-09-30": "46313.00000", "2011-06-30": "46422.00000", "2011-03-31": "44448.00000", "2010-12-31": "44463.00000", "2010-09-30": "44374.00000", "2010-06-30": "44254.00000", "2010-03-31": "44129.00000", "2009-12-31": "44104.00000", "2009-09-30": "44481.40000", "2009-06-30": "44264.40000", "2009-03-31": "44567.50000", "2008-12-31": "44434.00000", "2008-09-30": "40982.70000", "2008-06-30": "40861.60000", "2008-03-31": "40652.80000", "2007-12-31": "40572.50000", "2007-09-30": "41156.20000", "2007-06-30": "41075.70000", "2007-03-31": "37803.70000", "2006-12-31": "10178.30000", "2006-09-30": "11184.30000", "2006-06-30": "10751.70000", "2006-03-31": "7016.90000", "2005-12-31": "6890.70000", "2005-09-30": "7066.00000", "2005-06-30": "6971.50000", "2005-03-31": "6800.30000"}, "Total Assets": {"2020-09-30": "232898.00000", "2020-06-30": "235495.00000", "2020-03-31": "230639.00000", "2019-12-31": "222449.00000", "2019-09-30": "220113.00000", "2019-06-30": "218904.00000", "2019-03-31": "219768.00000", "2018-12-31": "196456.00000", "2018-09-30": "131506.00000", "2018-06-30": "133290.00000", "2018-03-31": "135139.00000", "2017-12-31": "95131.00000", "2017-09-30": "92853.00000", "2017-06-30": "92525.00000", "2017-03-31": "92670.00000", "2016-12-31": "94462.00000", "2016-09-30": "94156.00000", "2016-06-30": "92748.00000", "2016-03-31": "92634.00000", "2015-12-31": "92437.00000", "2015-09-30": "92362.00000", "2015-06-30": "74668.00000", "2015-03-31": "73930.00000", "2014-12-31": "74187.00000", "2014-09-30": "73576.00000", "2014-06-30": "72593.00000", "2014-03-31": "72822.00000", "2013-12-31": "71526.00000", "2013-09-30": "67805.00000", "2013-06-30": "66284.00000", "2013-03-31": "66068.00000", "2012-12-31": "66221.00000", "2012-09-30": "64796.00000", "2012-06-30": "65589.00000", "2012-03-31": "66006.00000", "2011-12-31": "64543.00000", "2011-09-30": "65251.00000", "2011-06-30": "65487.00000", "2011-03-31": "62828.00000", "2010-12-31": "62169.00000", "2010-09-30": "61713.00000", "2010-06-30": "61524.00000", "2010-03-31": "61284.00000", "2009-12-31": "61641.00000", "2009-09-30": "61879.30000", "2009-06-30": "61036.00000", "2009-03-31": "60656.10000", "2008-12-31": "60960.00000", "2008-09-30": "55951.50000", "2008-06-30": "54467.00000", "2008-03-31": "54567.00000", "2007-12-31": "54721.90000", "2007-09-30": "54891.60000", "2007-06-30": "54606.10000", "2007-03-31": "51035.80000", "2006-12-31": "20574.10000", "2006-09-30": "21127.40000", "2006-06-30": "20301.40000", "2006-03-31": "15448.20000", "2005-12-31": "15283.40000", "2005-09-30": "15225.90000", "2005-06-30": "14765.80000", "2005-03-31": "14818.00000"}, "Total Current Liabilities": {"2020-09-30": "62044.00000", "2020-06-30": "63694.00000", "2020-03-31": "59560.00000", "2019-12-31": "53303.00000", "2019-09-30": "52544.00000", "2019-06-30": "49376.00000", "2019-03-31": "50631.00000", "2018-12-31": "44009.00000", "2018-09-30": "29460.00000", "2018-06-30": "31493.00000", "2018-03-31": "30248.00000", "2017-12-31": "30648.00000", "2017-09-30": "28513.00000", "2017-06-30": "26857.00000", "2017-03-31": "27288.00000", "2016-12-31": "26250.00000", "2016-09-30": "26741.00000", "2016-06-30": "26569.00000", "2016-03-31": "24537.00000", "2015-12-31": "23169.00000", "2015-09-30": "21434.00000", "2015-06-30": "20386.00000", "2015-03-31": "19713.00000", "2014-12-31": "19027.00000", "2014-09-30": "18213.00000", "2014-06-30": "16629.00000", "2014-03-31": "16213.00000", "2013-12-31": "15425.00000", "2013-09-30": "15098.00000", "2013-06-30": "12690.00000", "2013-03-31": "13195.00000", "2012-12-31": "14150.00000", "2012-09-30": "13263.00000", "2012-06-30": "13136.00000", "2012-03-31": "13412.00000", "2011-12-31": "11956.00000", "2011-09-30": "12350.00000", "2011-06-30": "11752.00000", "2011-03-31": "11465.00000", "2010-12-31": "11070.00000", "2010-09-30": "11674.00000", "2010-06-30": "11459.00000", "2010-03-31": "12337.00000", "2009-12-31": "12300.00000", "2009-09-30": "12700.40000", "2009-06-30": "12763.80000", "2009-03-31": "11498.80000", "2008-12-31": "13490.00000", "2008-09-30": "9883.50000", "2008-06-30": "8810.80000", "2008-03-31": "9780.10000", "2007-12-31": "10766.30000", "2007-09-30": "9082.80000", "2007-06-30": "9515.60000", "2007-03-31": "12611.30000", "2006-12-31": "7005.00000", "2006-09-30": "7616.20000", "2006-06-30": "8632.10000", "2006-03-31": "4374.90000", "2005-12-31": "4583.90000", "2005-09-30": "4919.50000", "2005-06-30": "4691.90000", "2005-03-31": "4994.00000"}, "Long Term Debt": {"2020-09-30": "61552.00000", "2020-06-30": "63481.00000", "2020-03-31": "65735.00000", "2019-12-31": "64699.00000", "2019-09-30": "64206.00000", "2019-06-30": "66941.00000", "2019-03-31": "67888.00000", "2018-12-31": "71444.00000", "2018-09-30": "60747.00000", "2018-06-30": "61569.00000", "2018-03-31": "61552.00000", "2017-12-31": "22181.00000", "2017-09-30": "23386.00000", "2017-06-30": "25622.00000", "2017-03-31": "25622.00000", "2016-12-31": "25615.00000", "2016-09-30": "25610.00000", "2016-06-30": "25600.00000", "2016-03-31": "26267.00000", "2015-12-31": "26267.00000", "2015-09-30": "26771.00000", "2015-06-30": "11633.00000", "2015-03-31": "11689.00000", "2014-12-31": "11630.00000", "2014-09-30": "11709.00000", "2014-06-30": "12252.00000", "2014-03-31": "12845.00000", "2013-12-31": "12841.00000", "2013-09-30": "8819.00000", "2013-06-30": "9358.00000", "2013-03-31": "9352.00000", "2012-12-31": "9133.00000", "2012-09-30": "9210.00000", "2012-06-30": "9208.00000", "2012-03-31": "9206.00000", "2011-12-31": "9208.00000", "2011-09-30": "10167.00000", "2011-06-30": "10168.00000", "2011-03-31": "8669.00000", "2010-12-31": "8652.00000", "2010-09-30": "8653.00000", "2010-06-30": "9454.00000", "2010-03-31": "8454.00000", "2009-12-31": "8756.00000", "2009-09-30": "8756.20000", "2009-06-30": "7305.20000", "2009-03-31": "9056.30000", "2008-12-31": "8057.00000", "2008-09-30": "8047.50000", "2008-06-30": "8348.30000", "2008-03-31": "8349.00000", "2007-12-31": "8349.70000", "2007-09-30": "8395.00000", "2007-06-30": "8395.60000", "2007-03-31": "2895.40000", "2006-12-31": "2870.40000", "2006-09-30": "3279.90000", "2006-06-30": "1780.20000", "2006-03-31": "1592.20000", "2005-12-31": "1594.10000", "2005-09-30": "1627.90000", "2005-06-30": "1629.70000", "2005-03-31": "1633.10000"}, "Other Non-Current Liabilities": {"2020-09-30": "14448.00000", "2020-06-30": "14217.00000", "2020-03-31": "14010.00000", "2019-12-31": "14057.00000", "2019-09-30": "14325.00000", "2019-06-30": "14764.00000", "2019-03-31": "14742.00000", "2018-12-31": "14783.00000", "2018-09-30": "1625.00000", "2018-06-30": "1563.00000", "2018-03-31": "1604.00000", "2017-12-31": "1611.00000", "2017-09-30": "1644.00000", "2017-06-30": "1689.00000", "2017-03-31": "1704.00000", "2016-12-31": "1549.00000", "2016-09-30": "1597.00000", "2016-06-30": "1553.00000", "2016-03-31": "1567.00000", "2015-12-31": "1542.00000", "2015-09-30": "1528.00000", "2015-06-30": "1490.00000", "2015-03-31": "1513.00000", "2014-12-31": "1531.00000", "2014-09-30": "1494.00000", "2014-06-30": "1489.00000", "2014-03-31": "1499.00000", "2013-12-31": "1421.00000", "2013-09-30": "1563.00000", "2013-06-30": "1534.00000", "2013-03-31": "1538.00000", "2012-12-31": "1501.00000", "2012-09-30": "1513.00000", "2012-06-30": "1438.00000", "2012-03-31": "1431.00000", "2011-12-31": "1445.00000", "2011-09-30": "1348.00000", "2011-06-30": "1343.00000", "2011-03-31": "1032.00000", "2010-12-31": "1058.00000", "2010-09-30": "1061.00000", "2010-06-30": "1070.00000", "2010-03-31": "1108.00000", "2009-12-31": "1102.00000", "2009-09-30": "1152.30000", "2009-06-30": "1108.30000", "2009-03-31": "1108.30000", "2008-12-31": "1137.00000", "2008-09-30": "839.10000", "2008-06-30": "860.00000", "2008-03-31": "855.90000", "2007-12-31": "857.90000", "2007-09-30": "887.90000", "2007-06-30": "897.60000", "2007-03-31": "903.50000", "2006-12-31": "781.10000", "2006-09-30": "796.90000", "2006-06-30": "807.10000", "2006-03-31": "761.30000", "2005-12-31": "774.20000", "2005-09-30": "722.90000", "2005-06-30": "761.70000", "2005-03-31": "790.10000"}, "Total Long Term Liabilities": {"2020-09-30": "101742.00000", "2020-06-30": "103446.00000", "2020-03-31": "105605.00000", "2019-12-31": "104976.00000", "2019-09-30": "104636.00000", "2019-06-30": "107929.00000", "2019-03-31": "109131.00000", "2018-12-31": "93904.00000", "2018-09-30": "65424.00000", "2018-06-30": "66186.00000", "2018-03-31": "66214.00000", "2017-12-31": "26788.00000", "2017-09-30": "29472.00000", "2017-06-30": "31521.00000", "2017-03-31": "31540.00000", "2016-12-31": "31378.00000", "2016-09-30": "31461.00000", "2016-06-30": "31413.00000", "2016-03-31": "32066.00000", "2015-12-31": "32065.00000", "2015-09-30": "33748.00000", "2015-06-30": "17149.00000", "2015-03-31": "17222.00000", "2014-12-31": "17197.00000", "2014-09-30": "17254.00000", "2014-06-30": "17832.00000", "2014-03-31": "18397.00000", "2013-12-31": "18163.00000", "2013-09-30": "14173.00000", "2013-06-30": "14688.00000", "2013-03-31": "14664.00000", "2012-12-31": "14418.00000", "2012-09-30": "14617.00000", "2012-06-30": "14540.00000", "2012-03-31": "14541.00000", "2011-12-31": "14536.00000", "2011-09-30": "15414.00000", "2011-06-30": "15491.00000", "2011-03-31": "13444.00000", "2010-12-31": "13399.00000", "2010-09-30": "13402.00000", "2010-06-30": "14193.00000", "2010-03-31": "13253.00000", "2009-12-31": "13573.00000", "2009-09-30": "13504.00000", "2009-06-30": "12120.60000", "2009-03-31": "13868.10000", "2008-12-31": "12896.00000", "2008-09-30": "12332.20000", "2008-06-30": "12646.00000", "2008-03-31": "12635.10000", "2007-12-31": "12633.70000", "2007-09-30": "13023.10000", "2007-06-30": "13065.60000", "2007-03-31": "4393.10000", "2006-12-31": "3651.50000", "2006-09-30": "4076.80000", "2006-06-30": "2587.30000", "2006-03-31": "2353.50000", "2005-12-31": "2368.30000", "2005-09-30": "2350.80000", "2005-06-30": "2391.40000", "2005-03-31": "2423.20000"}, "Total Liabilities": {"2020-09-30": "163786.00000", "2020-06-30": "167140.00000", "2020-03-31": "165165.00000", "2019-12-31": "158279.00000", "2019-09-30": "157180.00000", "2019-06-30": "157305.00000", "2019-03-31": "159762.00000", "2018-12-31": "137913.00000", "2018-09-30": "94884.00000", "2018-06-30": "97679.00000", "2018-03-31": "96462.00000", "2017-12-31": "57436.00000", "2017-09-30": "57985.00000", "2017-06-30": "58378.00000", "2017-03-31": "58828.00000", "2016-12-31": "57628.00000", "2016-09-30": "58202.00000", "2016-06-30": "57982.00000", "2016-03-31": "56603.00000", "2015-12-31": "55234.00000", "2015-09-30": "55182.00000", "2015-06-30": "37535.00000", "2015-03-31": "36935.00000", "2014-12-31": "36224.00000", "2014-09-30": "35467.00000", "2014-06-30": "34461.00000", "2014-03-31": "34610.00000", "2013-12-31": "33588.00000", "2013-09-30": "29271.00000", "2013-06-30": "27378.00000", "2013-03-31": "27859.00000", "2012-12-31": "28568.00000", "2012-09-30": "27880.00000", "2012-06-30": "27676.00000", "2012-03-31": "27953.00000", "2011-12-31": "26492.00000", "2011-09-30": "27764.00000", "2011-06-30": "27243.00000", "2011-03-31": "24909.00000", "2010-12-31": "24469.00000", "2010-09-30": "25076.00000", "2010-06-30": "25652.00000", "2010-03-31": "25590.00000", "2009-12-31": "25873.00000", "2009-09-30": "26204.40000", "2009-06-30": "24884.40000", "2009-03-31": "25366.90000", "2008-12-31": "26386.00000", "2008-09-30": "22215.70000", "2008-06-30": "21456.80000", "2008-03-31": "22415.20000", "2007-12-31": "23400.00000", "2007-09-30": "22105.90000", "2007-06-30": "22581.20000", "2007-03-31": "17004.40000", "2006-12-31": "10656.50000", "2006-09-30": "11693.00000", "2006-06-30": "11219.40000", "2006-03-31": "6728.40000", "2005-12-31": "6952.20000", "2005-09-30": "7270.30000", "2005-06-30": "7083.30000", "2005-03-31": "7417.20000"}, "Common Stock Net": {"2020-09-30": "46388.00000", "2020-06-30": "46276.00000", "2020-03-31": "46180.00000", "2019-12-31": "45972.00000", "2019-09-30": "45854.00000", "2019-06-30": "45719.00000", "2019-03-31": "45615.00000", "2018-12-31": "45440.00000", "2018-09-30": "17.00000", "2018-06-30": "17.00000", "2018-03-31": "17.00000", "2017-12-31": "32096.00000", "2017-09-30": "17.00000", "2017-06-30": "17.00000", "2017-03-31": "17.00000", "2016-12-31": "17.00000", "2016-09-30": "17.00000", "2016-06-30": "17.00000", "2016-03-31": "17.00000", "2015-12-31": "17.00000", "2015-09-30": "17.00000", "2015-06-30": "17.00000", "2015-03-31": "17.00000", "2014-12-31": "17.00000", "2014-09-30": "17.00000", "2014-06-30": "17.00000", "2014-03-31": "17.00000", "2013-12-31": "17.00000", "2013-09-30": "17.00000", "2013-06-30": "17.00000", "2013-03-31": "17.00000", "2012-12-31": "17.00000", "2012-09-30": "17.00000", "2012-06-30": "17.00000", "2012-03-31": "16.00000", "2011-12-31": "16.00000", "2011-09-30": "16.00000", "2011-06-30": "16.00000", "2011-03-31": "16.00000", "2010-12-31": "16.00000", "2010-09-30": "16.00000", "2010-06-30": "16.00000", "2010-03-31": "16.00000", "2009-12-31": "16.00000", "2009-09-30": "16.10000", "2009-06-30": "16.00000", "2009-03-31": "16.00000", "2008-12-31": "16.00000", "2008-09-30": "16.00000", "2008-06-30": "16.00000", "2008-03-31": "16.00000", "2007-12-31": "15.90000", "2007-09-30": "15.80000", "2007-06-30": "15.70000", "2007-03-31": "15.60000", "2006-12-31": "8.50000", "2006-09-30": "8.50000", "2006-06-30": "8.40000", "2006-03-31": "8.40000", "2005-12-31": "8.40000", "2005-09-30": "8.40000", "2005-06-30": "8.40000", "2005-03-31": "4.20000"}, "Retained Earnings (Accumulated Deficit)": {"2020-09-30": "49328.00000", "2020-06-30": "48768.00000", "2020-03-31": "46455.00000", "2019-12-31": "45108.00000", "2019-09-30": "44017.00000", "2019-06-30": "43136.00000", "2019-03-31": "41859.00000", "2018-12-31": "40911.00000", "2018-09-30": "41843.00000", "2018-06-30": "40965.00000", "2018-03-31": "44040.00000", "2017-12-31": "43556.00000", "2017-09-30": "40779.00000", "2017-06-30": "40005.00000", "2017-03-31": "39419.00000", "2016-12-31": "38983.00000", "2016-09-30": "37732.00000", "2016-06-30": "36647.00000", "2016-03-31": "36182.00000", "2015-12-31": "35506.00000", "2015-09-30": "34398.00000", "2015-06-30": "33544.00000", "2015-03-31": "32667.00000", "2014-12-31": "31849.00000", "2014-09-30": "30845.00000", "2014-06-30": "30221.00000", "2014-03-31": "29297.00000", "2013-12-31": "28493.00000", "2013-09-30": "27551.00000", "2013-06-30": "26573.00000", "2013-03-31": "25728.00000", "2012-12-31": "24998.00000", "2012-09-30": "24123.00000", "2012-06-30": "23324.00000", "2012-03-31": "22566.00000", "2011-12-31": "22090.00000", "2011-09-30": "21192.00000", "2011-06-30": "20491.00000", "2011-03-31": "19845.00000", "2010-12-31": "19303.00000", "2010-09-30": "18396.00000", "2010-06-30": "17705.00000", "2010-03-31": "17004.00000", "2009-12-31": "16355.00000", "2009-09-30": "15412.70000", "2009-06-30": "14501.40000", "2009-03-31": "13726.50000", "2008-12-31": "13098.00000", "2008-09-30": "12245.70000", "2008-06-30": "11608.30000", "2008-03-31": "10919.70000", "2007-12-31": "10287.00000", "2007-09-30": "9573.80000", "2007-06-30": "8972.50000", "2007-03-31": "8341.00000", "2006-12-31": "7966.60000", "2006-09-30": "7595.20000", "2006-06-30": "7342.80000", "2006-03-31": "7036.60000", "2005-12-31": "6738.60000", "2005-09-30": "6375.90000", "2005-06-30": "6152.60000", "2005-03-31": "5906.10000"}, "Comprehensive Income": {"2020-09-30": "1255.00000", "2020-06-30": "1213.00000", "2020-03-31": "687.00000", "2019-12-31": "1019.00000", "2019-09-30": "950.00000", "2019-06-30": "684.00000", "2019-03-31": "433.00000", "2018-12-31": "102.00000", "2018-09-30": "129.00000", "2018-06-30": "141.00000", "2018-03-31": "172.00000", "2017-12-31": "-165.00000", "2017-09-30": "-147.00000", "2017-06-30": "-306.00000", "2017-03-31": "-296.00000", "2016-12-31": "-305.00000", "2016-09-30": "-319.00000", "2016-06-30": "-317.00000", "2016-03-31": "-339.00000", "2015-12-31": "-358.00000", "2015-09-30": "-316.00000", "2015-06-30": "-255.00000", "2015-03-31": "-264.00000", "2014-12-31": "-217.00000", "2014-09-30": "-160.00000", "2014-06-30": "-132.00000", "2014-03-31": "-139.00000", "2013-12-31": "-149.00000", "2013-09-30": "-194.00000", "2013-06-30": "-198.00000", "2013-03-31": "-182.00000", "2012-12-31": "-181.00000", "2012-09-30": "-170.00000", "2012-06-30": "-171.00000", "2012-03-31": "-171.00000", "2011-12-31": "-172.00000", "2011-09-30": "-152.00000", "2011-06-30": "-153.00000", "2011-03-31": "-143.00000", "2010-12-31": "-143.00000", "2010-09-30": "-133.00000", "2010-06-30": "-133.00000", "2010-03-31": "-130.00000", "2009-12-31": "-135.00000", "2009-09-30": "-143.70000", "2009-06-30": "-141.00000", "2009-03-31": "-141.90000", "2008-12-31": "-143.00000", "2008-09-30": "-47.20000", "2008-06-30": "-48.00000", "2008-03-31": "-48.90000", "2007-12-31": "-49.70000", "2007-09-30": "-70.10000", "2007-06-30": "-70.90000", "2007-03-31": "-71.80000", "2006-12-31": "-72.60000", "2006-09-30": "-91.40000", "2006-06-30": "-84.60000", "2006-03-31": "-89.60000", "2005-12-31": "-90.30000", "2005-09-30": "-53.40000", "2005-06-30": "-54.10000", "2005-03-31": "-54.80000"}, "Other Share Holders Equity": {"2020-09-30": "", "2020-06-30": "", "2020-03-31": "", "2019-12-31": "", "2019-09-30": "", "2019-06-30": "", "2019-03-31": "", "2018-12-31": "", "2018-09-30": "-29.00000", "2018-06-30": "-31.00000", "2018-03-31": "-31.00000", "2017-12-31": "", "2017-09-30": "-31.00000", "2017-06-30": "-31.00000", "2017-03-31": "-31.00000", "2016-12-31": "-31.00000", "2016-09-30": "-31.00000", "2016-06-30": "-31.00000", "2016-03-31": "-31.00000", "2015-12-31": "-31.00000", "2015-09-30": "-31.00000", "2015-06-30": "-31.00000", "2015-03-31": "-31.00000", "2014-12-31": "-31.00000", "2014-09-30": "-31.00000", "2014-06-30": "-31.00000", "2014-03-31": "-31.00000", "2013-12-31": "-31.00000", "2013-09-30": "-31.00000", "2013-06-30": "-31.00000", "2013-03-31": "-31.00000", "2012-12-31": "-31.00000", "2012-09-30": "-31.00000", "2012-06-30": "-56.00000", "2012-03-31": "-56.00000", "2011-12-31": "-56.00000", "2011-09-30": "-56.00000", "2011-06-30": "-56.00000", "2011-03-31": "-56.00000", "2010-12-31": "-56.00000", "2010-09-30": "-56.00000", "2010-06-30": "-56.00000", "2010-03-31": "-56.00000", "2009-12-31": "-56.00000", "2009-09-30": "-55.50000", "2009-06-30": "-55.50000", "2009-03-31": "-55.50000", "2008-12-31": "-56.00000", "2008-09-30": "-100.00000", "2008-06-30": "-100.00000", "2008-03-31": "-100.00000", "2007-12-31": "-345.80000", "2007-09-30": "-383.40000", "2007-06-30": "-383.40000", "2007-03-31": "-383.40000", "2006-12-31": "-82.10000", "2006-09-30": "-114.00000", "2006-06-30": "-114.00000", "2006-03-31": "-114.00000", "2005-12-31": "-114.00000", "2005-09-30": "-140.90000", "2005-06-30": "-140.90000", "2005-03-31": "-140.90000"}, "Share Holder Equity": {"2020-09-30": "69112.00000", "2020-06-30": "68355.00000", "2020-03-31": "65474.00000", "2019-12-31": "64170.00000", "2019-09-30": "62933.00000", "2019-06-30": "61599.00000", "2019-03-31": "60006.00000", "2018-12-31": "58543.00000", "2018-09-30": "36622.00000", "2018-06-30": "35611.00000", "2018-03-31": "38677.00000", "2017-12-31": "37695.00000", "2017-09-30": "34868.00000", "2017-06-30": "34147.00000", "2017-03-31": "33842.00000", "2016-12-31": "36834.00000", "2016-09-30": "35954.00000", "2016-06-30": "34766.00000", "2016-03-31": "36031.00000", "2015-12-31": "37203.00000", "2015-09-30": "37180.00000", "2015-06-30": "37133.00000", "2015-03-31": "36995.00000", "2014-12-31": "37963.00000", "2014-09-30": "38109.00000", "2014-06-30": "38132.00000", "2014-03-31": "38212.00000", "2013-12-31": "37938.00000", "2013-09-30": "38534.00000", "2013-06-30": "38906.00000", "2013-03-31": "38209.00000", "2012-12-31": "37653.00000", "2012-09-30": "36916.00000", "2012-06-30": "37913.00000", "2012-03-31": "38053.00000", "2011-12-31": "38051.00000", "2011-09-30": "37487.00000", "2011-06-30": "38244.00000", "2011-03-31": "37919.00000", "2010-12-31": "37700.00000", "2010-09-30": "36637.00000", "2010-06-30": "35872.00000", "2010-03-31": "35694.00000", "2009-12-31": "35768.00000", "2009-09-30": "35674.90000", "2009-06-30": "36151.60000", "2009-03-31": "35289.20000", "2008-12-31": "34574.00000", "2008-09-30": "33735.80000", "2008-06-30": "33010.20000", "2008-03-31": "32151.80000", "2007-12-31": "31321.90000", "2007-09-30": "32785.70000", "2007-06-30": "32024.90000", "2007-03-31": "34031.40000", "2006-12-31": "9917.60000", "2006-09-30": "9434.40000", "2006-06-30": "9082.00000", "2006-03-31": "8719.80000", "2005-12-31": "8331.20000", "2005-09-30": "7955.60000", "2005-06-30": "7682.50000", "2005-03-31": "7400.80000"}, "Total Liabilities And Share Holders Equity": {"2020-09-30": "232898.00000", "2020-06-30": "235495.00000", "2020-03-31": "230639.00000", "2019-12-31": "222449.00000", "2019-09-30": "220113.00000", "2019-06-30": "218904.00000", "2019-03-31": "219768.00000", "2018-12-31": "196456.00000", "2018-09-30": "131506.00000", "2018-06-30": "133290.00000", "2018-03-31": "135139.00000", "2017-12-31": "95131.00000", "2017-09-30": "92853.00000", "2017-06-30": "92525.00000", "2017-03-31": "92670.00000", "2016-12-31": "94462.00000", "2016-09-30": "94156.00000", "2016-06-30": "92748.00000", "2016-03-31": "92634.00000", "2015-12-31": "92437.00000", "2015-09-30": "92362.00000", "2015-06-30": "74668.00000", "2015-03-31": "73930.00000", "2014-12-31": "74187.00000", "2014-09-30": "73576.00000", "2014-06-30": "72593.00000", "2014-03-31": "72822.00000", "2013-12-31": "71526.00000", "2013-09-30": "67805.00000", "2013-06-30": "66284.00000", "2013-03-31": "66068.00000", "2012-12-31": "66221.00000", "2012-09-30": "64796.00000", "2012-06-30": "65589.00000", "2012-03-31": "66006.00000", "2011-12-31": "64543.00000", "2011-09-30": "65251.00000", "2011-06-30": "65487.00000", "2011-03-31": "62828.00000", "2010-12-31": "62169.00000", "2010-09-30": "61713.00000", "2010-06-30": "61524.00000", "2010-03-31": "61284.00000", "2009-12-31": "61641.00000", "2009-09-30": "61879.30000", "2009-06-30": "61036.00000", "2009-03-31": "60656.10000", "2008-12-31": "60960.00000", "2008-09-30": "55951.50000", "2008-06-30": "54467.00000", "2008-03-31": "54567.00000", "2007-12-31": "54721.90000", "2007-09-30": "54891.60000", "2007-06-30": "54606.10000", "2007-03-31": "51035.80000", "2006-12-31": "20574.10000", "2006-09-30": "21127.40000", "2006-06-30": "20301.40000", "2006-03-31": "15448.20000", "2005-12-31": "15283.40000", "2005-09-30": "15225.90000", "2005-06-30": "14765.80000", "2005-03-31": "14818.00000"}}, "cash flow statement": {"Net Income/Loss": {"2019-12-31": "6631.00000", "2018-12-31": "-596.00000", "2017-12-31": "6623.00000", "2016-12-31": "5319.00000", "2015-12-31": "5239.00000", "2014-12-31": "4644.00000", "2013-12-31": "4592.00000", "2012-12-31": "3862.00000", "2011-12-31": "3458.00000", "2010-12-31": "3424.00000", "2009-12-31": "3696.00000", "2008-12-31": "3212.00000", "2007-12-31": "2637.00000", "2006-12-31": "1368.90000", "2005-12-31": "1224.70000"}, "Total Depreciation And Amortization - Cash Flow": {"2019-12-31": "4371.00000", "2018-12-31": "8867.00000", "2017-12-31": "2660.00000", "2016-12-31": "2475.00000", "2015-12-31": "2092.00000", "2014-12-31": "1931.00000", "2013-12-31": "1870.00000", "2012-12-31": "1753.00000", "2011-12-31": "1568.00000", "2010-12-31": "1469.00000", "2009-12-31": "1389.00000", "2008-12-31": "1274.00000", "2007-12-31": "1095.00000", "2006-12-31": "733.30000", "2005-12-31": "589.10000"}, "Other Non-Cash Items": {"2019-12-31": "347.00000", "2018-12-31": "706.00000", "2017-12-31": "-860.00000", "2016-12-31": "1018.00000", "2015-12-31": "-36.00000", "2014-12-31": "628.00000", "2013-12-31": "55.00000", "2012-12-31": "369.00000", "2011-12-31": "226.00000", "2010-12-31": "180.00000", "2009-12-31": "213.00000", "2008-12-31": "89.00000", "2007-12-31": "117.00000", "2006-12-31": "168.10000", "2005-12-31": "13.50000"}, "Total Non-Cash Items": {"2019-12-31": "4718.00000", "2018-12-31": "9573.00000", "2017-12-31": "1800.00000", "2016-12-31": "3493.00000", "2015-12-31": "2056.00000", "2014-12-31": "2559.00000", "2013-12-31": "1925.00000", "2012-12-31": "2122.00000", "2011-12-31": "1794.00000", "2010-12-31": "1649.00000", "2009-12-31": "1602.00000", "2008-12-31": "1363.00000", "2007-12-31": "1212.00000", "2006-12-31": "901.40000", "2005-12-31": "602.60000"}, "Change In Accounts Receivable": {"2019-12-31": "-2158.00000", "2018-12-31": "-1139.00000", "2017-12-31": "-941.00000", "2016-12-31": "-243.00000", "2015-12-31": "-1594.00000", "2014-12-31": "-737.00000", "2013-12-31": "-2210.00000", "2012-12-31": "-387.00000", "2011-12-31": "-748.00000", "2010-12-31": "532.00000", "2009-12-31": "-86.00000", "2008-12-31": "-291.00000", "2007-12-31": "280.00000", "2006-12-31": "-540.10000", "2005-12-31": "-83.10000"}, "Change In Inventories": {"2019-12-31": "-1075.00000", "2018-12-31": "-1153.00000", "2017-12-31": "-514.00000", "2016-12-31": "-742.00000", "2015-12-31": "-1141.00000", "2014-12-31": "-770.00000", "2013-12-31": "12.00000", "2012-12-31": "-853.00000", "2011-12-31": "586.00000", "2010-12-31": "-352.00000", "2009-12-31": "-1199.00000", "2008-12-31": "-488.00000", "2007-12-31": "-448.00000", "2006-12-31": "-624.10000", "2005-12-31": "-265.20000"}, "Change In Accounts Payable": {"2019-12-31": "3550.00000", "2018-12-31": "2329.00000", "2017-12-31": "1710.00000", "2016-12-31": "2189.00000", "2015-12-31": "2834.00000", "2014-12-31": "1742.00000", "2013-12-31": "1024.00000", "2012-12-31": "1147.00000", "2011-12-31": "1128.00000", "2010-12-31": "-40.00000", "2009-12-31": "4.00000", "2008-12-31": "-64.00000", "2007-12-31": "-181.00000", "2006-12-31": "396.70000", "2005-12-31": "192.20000"}, "Change In Assets/Liabilities": {"2019-12-31": "1182.00000", "2018-12-31": "-149.00000", "2017-12-31": "-671.00000", "2016-12-31": "125.00000", "2015-12-31": "253.00000", "2014-12-31": "-361.00000", "2013-12-31": "-31.00000", "2012-12-31": "14.00000", "2011-12-31": "-467.00000", "2010-12-31": "-258.00000", "2009-12-31": "84.00000", "2008-12-31": "32.00000", "2007-12-31": "-102.00000", "2006-12-31": "-89.30000", "2005-12-31": "-15.30000"}, "Total Change In Assets/Liabilities": {"2019-12-31": "1499.00000", "2018-12-31": "-112.00000", "2017-12-31": "-416.00000", "2016-12-31": "1329.00000", "2015-12-31": "1244.00000", "2014-12-31": "934.00000", "2013-12-31": "-734.00000", "2012-12-31": "687.00000", "2011-12-31": "604.00000", "2010-12-31": "-294.00000", "2009-12-31": "-1263.00000", "2008-12-31": "-628.00000", "2007-12-31": "-619.00000", "2006-12-31": "-527.90000", "2005-12-31": "-215.20000"}, "Cash Flow From Operating Activities": {"2019-12-31": "12848.00000", "2018-12-31": "8865.00000", "2017-12-31": "8007.00000", "2016-12-31": "10141.00000", "2015-12-31": "8539.00000", "2014-12-31": "8137.00000", "2013-12-31": "5783.00000", "2012-12-31": "6671.00000", "2011-12-31": "5856.00000", "2010-12-31": "4779.00000", "2009-12-31": "4035.00000", "2008-12-31": "3947.00000", "2007-12-31": "3230.00000", "2006-12-31": "1742.40000", "2005-12-31": "1612.10000"}, "Net Change In Property, Plant, And Equipment": {"2019-12-31": "-2457.00000", "2018-12-31": "-2037.00000", "2017-12-31": "-1918.00000", "2016-12-31": "-2224.00000", "2015-12-31": "-2332.00000", "2014-12-31": "-2125.00000", "2013-12-31": "-1930.00000", "2012-12-31": "-2007.00000", "2011-12-31": "-1868.00000", "2010-12-31": "-1971.00000", "2009-12-31": "-2525.00000", "2008-12-31": "-2180.00000", "2007-12-31": "-1805.00000", "2006-12-31": "-1768.90000", "2005-12-31": "-1495.40000"}, "Net Change In Intangible Assets": {"2019-12-31": "", "2018-12-31": "", "2017-12-31": "", "2016-12-31": "", "2015-12-31": "", "2014-12-31": "", "2013-12-31": "", "2012-12-31": "", "2011-12-31": "", "2010-12-31": "", "2009-12-31": "", "2008-12-31": "", "2007-12-31": "", "2006-12-31": "", "2005-12-31": ""}, "Net Acquisitions/Divestitures": {"2019-12-31": "-444.00000", "2018-12-31": "-41394.00000", "2017-12-31": "-1181.00000", "2016-12-31": "-524.00000", "2015-12-31": "-11475.00000", "2014-12-31": "-2439.00000", "2013-12-31": "-415.00000", "2012-12-31": "-371.00000", "2011-12-31": "-1191.00000", "2010-12-31": "-177.00000", "2009-12-31": "-101.00000", "2008-12-31": "-2651.00000", "2007-12-31": "-1984.00000", "2006-12-31": "-4224.20000", "2005-12-31": "12.10000"}, "Net Change In Short-term Investments": {"2019-12-31": "", "2018-12-31": "", "2017-12-31": "", "2016-12-31": "-80.00000", "2015-12-31": "-267.00000", "2014-12-31": "4.00000", "2013-12-31": "-90.00000", "2012-12-31": "0.00000", "2011-12-31": "57.00000", "2010-12-31": "1.00000", "2009-12-31": "-5.00000", "2008-12-31": "28.00000", "2007-12-31": "", "2006-12-31": "", "2005-12-31": ""}, "Net Change In Long-Term Investments": {"2019-12-31": "-485.00000", "2018-12-31": "125.00000", "2017-12-31": "-76.00000", "2016-12-31": "91.00000", "2015-12-31": "243.00000", "2014-12-31": "", "2013-12-31": "", "2012-12-31": "", "2011-12-31": "", "2010-12-31": "", "2009-12-31": "", "2008-12-31": "", "2007-12-31": "", "2006-12-31": "", "2005-12-31": ""}, "Net Change In Investments - Total": {"2019-12-31": "-485.00000", "2018-12-31": "125.00000", "2017-12-31": "-76.00000", "2016-12-31": "11.00000", "2015-12-31": "-24.00000", "2014-12-31": "4.00000", "2013-12-31": "-90.00000", "2012-12-31": "", "2011-12-31": "57.00000", "2010-12-31": "1.00000", "2009-12-31": "-5.00000", "2008-12-31": "28.00000", "2007-12-31": "", "2006-12-31": "", "2005-12-31": ""}, "Investing Activities - Other": {"2019-12-31": "47.00000", "2018-12-31": "21.00000", "2017-12-31": "298.00000", "2016-12-31": "267.00000", "2015-12-31": "411.00000", "2014-12-31": "515.00000", "2013-12-31": "600.00000", "2012-12-31": "529.00000", "2011-12-31": "592.00000", "2010-12-31": "507.00000", "2009-12-31": "1562.00000", "2008-12-31": "223.00000", "2007-12-31": "707.00000", "2006-12-31": "1399.90000", "2005-12-31": "571.70000"}, "Cash Flow From Investing Activities": {"2019-12-31": "-3339.00000", "2018-12-31": "-43285.00000", "2017-12-31": "-2877.00000", "2016-12-31": "-2470.00000", "2015-12-31": "-13420.00000", "2014-12-31": "-4045.00000", "2013-12-31": "-1835.00000", "2012-12-31": "-1849.00000", "2011-12-31": "-2410.00000", "2010-12-31": "-1640.00000", "2009-12-31": "-1069.00000", "2008-12-31": "-4580.00000", "2007-12-31": "-3082.00000", "2006-12-31": "-4593.20000", "2005-12-31": "-911.60000"}, "Net Long-Term Debt": {"2019-12-31": "-4600.00000", "2018-12-31": "38821.00000", "2017-12-31": "", "2016-12-31": "-2488.00000", "2015-12-31": "11903.00000", "2014-12-31": "-1617.00000", "2013-12-31": "3964.00000", "2012-12-31": "-479.00000", "2011-12-31": "-659.00000", "2010-12-31": "-1112.00000", "2009-12-31": "2147.00000", "2008-12-31": "-5.00000", "2007-12-31": "5178.00000", "2006-12-31": "1189.50000", "2005-12-31": "6.00000"}, "Net Current Debt": {"2019-12-31": "-720.00000", "2018-12-31": "-556.00000", "2017-12-31": "-598.00000", "2016-12-31": "1874.00000", "2015-12-31": "-685.00000", "2014-12-31": "685.00000", "2013-12-31": "-690.00000", "2012-12-31": "-60.00000", "2011-12-31": "450.00000", "2010-12-31": "-15.00000", "2009-12-31": "-2729.00000", "2008-12-31": "959.00000", "2007-12-31": "242.00000", "2006-12-31": "1589.30000", "2005-12-31": "-632.20000"}, "Debt Issuance/Retirement Net - Total": {"2019-12-31": "-5320.00000", "2018-12-31": "38265.00000", "2017-12-31": "-598.00000", "2016-12-31": "-614.00000", "2015-12-31": "11218.00000", "2014-12-31": "-932.00000", "2013-12-31": "3274.00000", "2012-12-31": "-539.00000", "2011-12-31": "-209.00000", "2010-12-31": "-1127.00000", "2009-12-31": "-582.00000", "2008-12-31": "954.00000", "2007-12-31": "5420.00000", "2006-12-31": "2778.80000", "2005-12-31": "-626.20000"}, "Net Common Equity Issued/Repurchased": {"2019-12-31": "210.00000", "2018-12-31": "242.00000", "2017-12-31": "-4032.00000", "2016-12-31": "-4165.00000", "2015-12-31": "-4639.00000", "2014-12-31": "-3580.00000", "2013-12-31": "-3476.00000", "2012-12-31": "-3494.00000", "2011-12-31": "-2570.00000", "2010-12-31": "-1215.00000", "2009-12-31": "-2227.00000", "2008-12-31": "305.00000", "2007-12-31": "-4817.00000", "2006-12-31": "187.60000", "2005-12-31": "178.40000"}, "Net Total Equity Issued/Repurchased": {"2019-12-31": "210.00000", "2018-12-31": "242.00000", "2017-12-31": "-4032.00000", "2016-12-31": "-4165.00000", "2015-12-31": "-4639.00000", "2014-12-31": "-3580.00000", "2013-12-31": "-3476.00000", "2012-12-31": "-3494.00000", "2011-12-31": "-2570.00000", "2010-12-31": "-1215.00000", "2009-12-31": "-2227.00000", "2008-12-31": "305.00000", "2007-12-31": "-4817.00000", "2006-12-31": "187.60000", "2005-12-31": "178.40000"}, "Total Common And Preferred Stock Dividends Paid": {"2019-12-31": "-2603.00000", "2018-12-31": "-2038.00000", "2017-12-31": "-2049.00000", "2016-12-31": "-1840.00000", "2015-12-31": "-1576.00000", "2014-12-31": "-1288.00000", "2013-12-31": "-1097.00000", "2012-12-31": "-829.00000", "2011-12-31": "-674.00000", "2010-12-31": "-479.00000", "2009-12-31": "-439.00000", "2008-12-31": "-383.00000", "2007-12-31": "-323.00000", "2006-12-31": "-140.90000", "2005-12-31": "-131.60000"}, "Financial Activities - Other": {"2019-12-31": "-137.00000", "2018-12-31": "350.00000", "2017-12-31": "-72.00000", "2016-12-31": "-142.00000", "2015-12-31": "-124.00000", "2014-12-31": "106.00000", "2013-12-31": "62.00000", "2012-12-31": "2.00000", "2011-12-31": "-7.00000", "2010-12-31": "23.00000", "2009-12-31": "16.00000", "2008-12-31": "53.00000", "2007-12-31": "98.00000", "2006-12-31": "42.60000", "2005-12-31": ""}, "Cash Flow From Financial Activities": {"2019-12-31": "-7850.00000", "2018-12-31": "36819.00000", "2017-12-31": "-6751.00000", "2016-12-31": "-6761.00000", "2015-12-31": "4879.00000", "2014-12-31": "-5694.00000", "2013-12-31": "-1237.00000", "2012-12-31": "-4860.00000", "2011-12-31": "-3460.00000", "2010-12-31": "-2798.00000", "2009-12-31": "-3232.00000", "2008-12-31": "929.00000", "2007-12-31": "378.00000", "2006-12-31": "2868.10000", "2005-12-31": "-579.40000"}, "Net Cash Flow": {"2019-12-31": "1659.00000", "2018-12-31": "2395.00000", "2017-12-31": "-1620.00000", "2016-12-31": "912.00000", "2015-12-31": "-22.00000", "2014-12-31": "-1608.00000", "2013-12-31": "2714.00000", "2012-12-31": "-38.00000", "2011-12-31": "-14.00000", "2010-12-31": "341.00000", "2009-12-31": "-266.00000", "2008-12-31": "296.00000", "2007-12-31": "526.00000", "2006-12-31": "17.30000", "2005-12-31": "121.10000"}, "Stock-Based Compensation": {"2019-12-31": "453.00000", "2018-12-31": "280.00000", "2017-12-31": "234.00000", "2016-12-31": "222.00000", "2015-12-31": "230.00000", "2014-12-31": "165.00000", "2013-12-31": "141.00000", "2012-12-31": "132.00000", "2011-12-31": "135.00000", "2010-12-31": "150.00000", "2009-12-31": "165.00000", "2008-12-31": "92.00000", "2007-12-31": "78.00000", "2006-12-31": "69.90000", "2005-12-31": ""}, "Common Stock Dividends Paid": {"2019-12-31": "-2603.00000", "2018-12-31": "-2038.00000", "2017-12-31": "-2049.00000", "2016-12-31": "-1840.00000", "2015-12-31": "-1576.00000", "2014-12-31": "-1288.00000", "2013-12-31": "-1097.00000", "2012-12-31": "-829.00000", "2011-12-31": "-674.00000", "2010-12-31": "-479.00000", "2009-12-31": "-439.00000", "2008-12-31": "-383.00000", "2007-12-31": "-323.00000", "2006-12-31": "-140.90000", "2005-12-31": "-131.60000"}}, "cash flow statement, quarterly": {"Net Income/Loss": {"2020-09-30": 1219, "2020-06-30": 2986, "2020-03-31": "2012.00000", "2019-12-31": 1744, "2019-09-30": 1529, "2019-06-30": 1931, "2019-03-31": "1427.00000", "2018-12-31": -421, "2018-09-30": 1390, "2018-06-30": -2563, "2018-03-31": "998.00000", "2017-12-31": 3287, "2017-09-30": 1285, "2017-06-30": 1098, "2017-03-31": "953.00000", "2016-12-31": 1707, "2016-09-30": 1541, "2016-06-30": 924, "2016-03-31": "1147.00000", "2015-12-31": 1499, "2015-09-30": 1247, "2015-06-30": 1272, "2015-03-31": "1221.00000", "2014-12-31": 1321, "2014-09-30": 948, "2014-06-30": 1246, "2014-03-31": "1129.00000", "2013-12-31": 1265, "2013-09-30": 1249, "2013-06-30": 1124, "2013-03-31": "954.00000", "2012-12-31": 1116, "2012-09-30": 1006, "2012-06-30": 965, "2012-03-31": "775.00000", "2011-12-31": 1064, "2011-09-30": 867, "2011-06-30": 815, "2011-03-31": "712.00000", "2010-12-31": 1025, "2010-09-30": 808, "2010-06-30": 821, "2010-03-31": "770.00000", "2009-12-31": 1050, "2009-09-30": 1021, "2009-06-30": 887, "2009-03-31": "738.00000", "2008-12-31": 952.7, "2008-09-30": 736, "2008-06-30": 774.8, "2008-03-31": "748.50000", "2007-12-31": 815, "2007-09-30": 689.5, "2007-06-30": 723.6, "2007-03-31": "408.90000", "2006-12-31": 417.2, "2006-09-30": 284.2, "2006-06-30": 337.9, "2006-03-31": "329.60000", "2005-12-31": 406.4, "2005-09-30": 252.7, "2005-06-30": 275.9, "2005-03-31": "289.70000"}, "Total Depreciation And Amortization - Cash Flow": {"2020-09-30": 1114, "2020-06-30": 1102, "2020-03-31": "1086.00000", "2019-12-31": 1096, "2019-09-30": 1092, "2019-06-30": 1072, "2019-03-31": "1111.00000", "2018-12-31": 3035, "2018-09-30": 620, "2018-06-30": 4568, "2018-03-31": "644.00000", "2017-12-31": 668, "2017-09-30": 615, "2017-06-30": 758, "2017-03-31": "619.00000", "2016-12-31": 628, "2016-09-30": 611, "2016-06-30": 619, "2016-03-31": "617.00000", "2015-12-31": 582, "2015-09-30": 532, "2015-06-30": 488, "2015-03-31": "490.00000", "2014-12-31": 489, "2014-09-30": 477, "2014-06-30": 488, "2014-03-31": "477.00000", "2013-12-31": 458, "2013-09-30": 461, "2013-06-30": 449, "2013-03-31": "502.00000", "2012-12-31": 456, "2012-09-30": 443, "2012-06-30": 431, "2012-03-31": "423.00000", "2011-12-31": 396, "2011-09-30": 407, "2011-06-30": 391, "2011-03-31": "374.00000", "2010-12-31": 373, "2010-09-30": 370, "2010-06-30": 368, "2010-03-31": "358.00000", "2009-12-31": 352, "2009-09-30": 301, "2009-06-30": 382, "2009-03-31": "354.00000", "2008-12-31": 353.8, "2008-09-30": 310.9, "2008-06-30": 310, "2008-03-31": "299.30000", "2007-12-31": 276.5, "2007-09-30": 301.7, "2007-06-30": 308, "2007-03-31": "208.80000", "2006-12-31": 201.4, "2006-09-30": 193.4, "2006-06-30": 183.1, "2006-03-31": "155.40000", "2005-12-31": 155.9, "2005-09-30": 147.7, "2005-06-30": 147.6, "2005-03-31": "137.90000"}, "Other Non-Cash Items": {"2020-09-30": 680, "2020-06-30": 17, "2020-03-31": "61.00000", "2019-12-31": -254, "2019-09-30": 417, "2019-06-30": -83, "2019-03-31": "267.00000", "2018-12-31": 238, "2018-09-30": 106, "2018-06-30": 245, "2018-03-31": "117.00000", "2017-12-31": -1491, "2017-09-30": 502, "2017-06-30": 60, "2017-03-31": "69.00000", "2016-12-31": 90, "2016-09-30": 204, "2016-06-30": 650, "2016-03-31": "74.00000", "2015-12-31": -27, "2015-09-30": -103, "2015-06-30": 81, "2015-03-31": "13.00000", "2014-12-31": 50, "2014-09-30": 457, "2014-06-30": 70, "2014-03-31": "51.00000", "2013-12-31": -175, "2013-09-30": 82, "2013-06-30": 48, "2013-03-31": "100.00000", "2012-12-31": 185, "2012-09-30": 37, "2012-06-30": 90, "2012-03-31": "57.00000", "2011-12-31": -8, "2011-09-30": 40, "2011-06-30": 88, "2011-03-31": "106.00000", "2010-12-31": 25, "2010-09-30": 100, "2010-06-30": 16, "2010-03-31": "39.00000", "2009-12-31": 31, "2009-09-30": 46, "2009-06-30": 80, "2009-03-31": "56.00000", "2008-12-31": -2.8, "2008-09-30": 38.1, "2008-06-30": 42.1, "2008-03-31": "11.60000", "2007-12-31": 96, "2007-09-30": -20.7, "2007-06-30": 39.6, "2007-03-31": "2.10000", "2006-12-31": 64.6, "2006-09-30": 34.1, "2006-06-30": 31.7, "2006-03-31": "37.70000", "2005-12-31": -43.1, "2005-09-30": 14.3, "2005-06-30": 32, "2005-03-31": "10.30000"}, "Total Non-Cash Items": {"2020-09-30": 1794, "2020-06-30": 1119, "2020-03-31": "1147.00000", "2019-12-31": 842, "2019-09-30": 1509, "2019-06-30": 989, "2019-03-31": "1378.00000", "2018-12-31": 3273, "2018-09-30": 726, "2018-06-30": 4813, "2018-03-31": "761.00000", "2017-12-31": -823, "2017-09-30": 1117, "2017-06-30": 818, "2017-03-31": "688.00000", "2016-12-31": 718, "2016-09-30": 815, "2016-06-30": 1269, "2016-03-31": "691.00000", "2015-12-31": 555, "2015-09-30": 429, "2015-06-30": 569, "2015-03-31": "503.00000", "2014-12-31": 539, "2014-09-30": 934, "2014-06-30": 558, "2014-03-31": "528.00000", "2013-12-31": 283, "2013-09-30": 543, "2013-06-30": 497, "2013-03-31": "602.00000", "2012-12-31": 641, "2012-09-30": 480, "2012-06-30": 521, "2012-03-31": "480.00000", "2011-12-31": 388, "2011-09-30": 447, "2011-06-30": 479, "2011-03-31": "480.00000", "2010-12-31": 398, "2010-09-30": 470, "2010-06-30": 384, "2010-03-31": "397.00000", "2009-12-31": 383, "2009-09-30": 347, "2009-06-30": 462, "2009-03-31": "410.00000", "2008-12-31": 351, "2008-09-30": 349, "2008-06-30": 352.1, "2008-03-31": "310.90000", "2007-12-31": 372.5, "2007-09-30": 281, "2007-06-30": 347.6, "2007-03-31": "210.90000", "2006-12-31": 266, "2006-09-30": 227.5, "2006-06-30": 214.8, "2006-03-31": "193.10000", "2005-12-31": 112.8, "2005-09-30": 162, "2005-06-30": 179.6, "2005-03-31": "148.20000"}, "Change In Accounts Receivable": {"2020-09-30": -1331, "2020-06-30": 482, "2020-03-31": "-2715.00000", "2019-12-31": 154, "2019-09-30": -1631, "2019-06-30": 1308, "2019-03-31": "-1989.00000", "2018-12-31": 586, "2018-09-30": -666, "2018-06-30": -202, "2018-03-31": "-857.00000", "2017-12-31": -661, "2017-09-30": -166, "2017-06-30": -162, "2017-03-31": "48.00000", "2016-12-31": 1471, "2016-09-30": -435, "2016-06-30": -148, "2016-03-31": "-1131.00000", "2015-12-31": 936, "2015-09-30": -1319, "2015-06-30": -730, "2015-03-31": "-481.00000", "2014-12-31": 1135, "2014-09-30": -1288, "2014-06-30": -445, "2014-03-31": "-139.00000", "2013-12-31": -692, "2013-09-30": -943, "2013-06-30": -462, "2013-03-31": "-113.00000", "2012-12-31": -91, "2012-09-30": -283, "2012-06-30": 57, "2012-03-31": "-70.00000", "2011-12-31": -269, "2011-09-30": -7, "2011-06-30": -49, "2011-03-31": "-423.00000", "2010-12-31": 186, "2010-09-30": -10, "2010-06-30": 48, "2010-03-31": "308.00000", "2009-12-31": 235, "2009-09-30": -185, "2009-06-30": -162, "2009-03-31": "26.00000", "2008-12-31": -71.3, "2008-09-30": -341.6, "2008-06-30": 165.7, "2008-03-31": "-43.80000", "2007-12-31": -57.2, "2007-09-30": -229.3, "2007-06-30": 367.6, "2007-03-31": "198.90000", "2006-12-31": -180.1, "2006-09-30": -176.9, "2006-06-30": -7.7, "2006-03-31": "-175.40000", "2005-12-31": -56.5, "2005-09-30": -84.5, "2005-06-30": 90, "2005-03-31": "-32.10000"}, "Change In Inventories": {"2020-09-30": -958, "2020-06-30": 462, "2020-03-31": "541.00000", "2019-12-31": -1488, "2019-09-30": -526, "2019-06-30": -62, "2019-03-31": "1001.00000", "2018-12-31": -1625, "2018-09-30": 103, "2018-06-30": -95, "2018-03-31": "464.00000", "2017-12-31": -1134, "2017-09-30": 128, "2017-06-30": 36, "2017-03-31": "456.00000", "2016-12-31": -405, "2016-09-30": -170, "2016-06-30": -256, "2016-03-31": "89.00000", "2015-12-31": -248, "2015-09-30": -428, "2015-06-30": -152, "2015-03-31": "-313.00000", "2014-12-31": -321, "2014-09-30": -214, "2014-06-30": -171, "2014-03-31": "-64.00000", "2013-12-31": 91, "2013-09-30": -271, "2013-06-30": 6, "2013-03-31": "186.00000", "2012-12-31": -267, "2012-09-30": -59, "2012-06-30": 249, "2012-03-31": "-776.00000", "2011-12-31": 270, "2011-09-30": -268, "2011-06-30": 70, "2011-03-31": "514.00000", "2010-12-31": -110, "2010-09-30": -196, "2010-06-30": -114, "2010-03-31": "68.00000", "2009-12-31": -367, "2009-09-30": -577, "2009-06-30": -348, "2009-03-31": "93.00000", "2008-12-31": -150.9, "2008-09-30": -344, "2008-06-30": -11.9, "2008-03-31": "18.80000", "2007-12-31": -114.6, "2007-09-30": -142.5, "2007-06-30": -321, "2007-03-31": "130.10000", "2006-12-31": -107.4, "2006-09-30": -355.7, "2006-06-30": -176, "2006-03-31": "15.00000", "2005-12-31": -23, "2005-09-30": -336.3, "2005-06-30": 190.6, "2005-03-31": "-96.50000"}, "Change In Accounts Payable": {"2020-09-30": 1824, "2020-06-30": -257, "2020-03-31": "1928.00000", "2019-12-31": 1220, "2019-09-30": 1413, "2019-06-30": 939, "2019-03-31": "-22.00000", "2018-12-31": 490, "2018-09-30": 794, "2018-06-30": 1223, "2018-03-31": "-178.00000", "2017-12-31": 1380, "2017-09-30": 150, "2017-06-30": 719, "2017-03-31": "-539.00000", "2016-12-31": 619, "2016-09-30": 406, "2016-06-30": 366, "2016-03-31": "798.00000", "2015-12-31": 796, "2015-09-30": 655, "2015-06-30": 627, "2015-03-31": "756.00000", "2014-12-31": 520, "2014-09-30": 701, "2014-06-30": 182, "2014-03-31": "339.00000", "2013-12-31": 327, "2013-09-30": 599, "2013-06-30": 328, "2013-03-31": "-230.00000", "2012-12-31": 228, "2012-09-30": 264, "2012-06-30": -389, "2012-03-31": "1044.00000", "2011-12-31": 412, "2011-09-30": -6, "2011-06-30": 187, "2011-03-31": "535.00000", "2010-12-31": 72, "2010-09-30": 174, "2010-06-30": -171, "2010-03-31": "-115.00000", "2009-12-31": -236, "2009-09-30": 292, "2009-06-30": 63, "2009-03-31": "-115.00000", "2008-12-31": 300.7, "2008-09-30": 179.9, "2008-06-30": -353.7, "2008-03-31": "-190.90000", "2007-12-31": 187.8, "2007-09-30": -77.8, "2007-06-30": -102.7, "2007-03-31": "-188.30000", "2006-12-31": 49.2, "2006-09-30": 107.8, "2006-06-30": 269.5, "2006-03-31": "-29.80000", "2005-12-31": 142.6, "2005-09-30": 273.5, "2005-06-30": -78.3, "2005-03-31": "-145.60000"}, "Change In Assets/Liabilities": {"2020-09-30": -674, "2020-06-30": 2327, "2020-03-31": "392.00000", "2019-12-31": 162, "2019-09-30": 634, "2019-06-30": 233, "2019-03-31": "153.00000", "2018-12-31": 176, "2018-09-30": -1250, "2018-06-30": -242, "2018-03-31": "1167.00000", "2017-12-31": -515, "2017-09-30": -228, "2017-06-30": -7, "2017-03-31": "79.00000", "2016-12-31": 160, "2016-09-30": 183, "2016-06-30": -295, "2016-03-31": "77.00000", "2015-12-31": -209, "2015-09-30": 472, "2015-06-30": -155, "2015-03-31": "145.00000", "2014-12-31": -155, "2014-09-30": -79, "2014-06-30": -144, "2014-03-31": "17.00000", "2013-12-31": -131, "2013-09-30": 49, "2013-06-30": -76, "2013-03-31": "127.00000", "2012-12-31": -337, "2012-09-30": 285, "2012-06-30": -17, "2012-03-31": "83.00000", "2011-12-31": -169, "2011-09-30": 3, "2011-06-30": -193, "2011-03-31": "-108.00000", "2010-12-31": -187, "2010-09-30": -4, "2010-06-30": -34, "2010-03-31": "-33.00000", "2009-12-31": 12, "2009-09-30": 59, "2009-06-30": 124, "2009-03-31": "-111.00000", "2008-12-31": 82, "2008-09-30": -32.6, "2008-06-30": -22.7, "2008-03-31": "5.30000", "2007-12-31": -65.5, "2007-09-30": -23.2, "2007-06-30": -8.3, "2007-03-31": "-5.00000", "2006-12-31": -17.5, "2006-09-30": -18.8, "2006-06-30": -20.3, "2006-03-31": "-32.70000", "2005-12-31": 65.8, "2005-09-30": -30.9, "2005-06-30": -19.6, "2005-03-31": "-30.60000"}, "Total Change In Assets/Liabilities": {"2020-09-30": -1139, "2020-06-30": 3014, "2020-03-31": "146.00000", "2019-12-31": 48, "2019-09-30": -110, "2019-06-30": 2418, "2019-03-31": "-857.00000", "2018-12-31": -373, "2018-09-30": -1019, "2018-06-30": 684, "2018-03-31": "596.00000", "2017-12-31": -2600, "2017-09-30": 209, "2017-06-30": 83, "2017-03-31": "1892.00000", "2016-12-31": -304, "2016-09-30": 1578, "2016-06-30": -546, "2016-03-31": "601.00000", "2015-12-31": 1644, "2015-09-30": 144, "2015-06-30": -804, "2015-03-31": "260.00000", "2014-12-31": 1563, "2014-09-30": -237, "2014-06-30": -907, "2014-03-31": "515.00000", "2013-12-31": -10, "2013-09-30": -89, "2013-06-30": -719, "2013-03-31": "84.00000", "2012-12-31": -26, "2012-09-30": -563, "2012-06-30": -255, "2012-03-31": "1531.00000", "2011-12-31": -631, "2011-09-30": 648, "2011-06-30": -87, "2011-03-31": "674.00000", "2010-12-31": 352, "2010-09-30": 14, "2010-06-30": -553, "2010-03-31": "-107.00000", "2009-12-31": 372, "2009-09-30": -461, "2009-06-30": -797, "2009-03-31": "-377.00000", "2008-12-31": 465, "2008-09-30": -298.8, "2008-06-30": -475.6, "2008-03-31": "-318.60000", "2007-12-31": 169.7999, "2007-09-30": -524.9999, "2007-06-30": -351.7, "2007-03-31": "87.90000", "2006-12-31": 66, "2006-09-30": -242.1, "2006-06-30": -0.8, "2006-03-31": "-351.00000", "2005-12-31": 241.4, "2005-09-30": -164.3, "2005-06-30": 102.8, "2005-03-31": "-395.10000"}, "Cash Flow From Operating Activities": {"2020-09-30": 1874, "2020-06-30": 7119, "2020-03-31": "3305.00000", "2019-12-31": 2634, "2019-09-30": 2928, "2019-06-30": 5338, "2019-03-31": "1948.00000", "2018-12-31": 2479, "2018-09-30": 1097, "2018-06-30": 2934, "2018-03-31": "2355.00000", "2017-12-31": -136, "2017-09-30": 2611, "2017-06-30": 1999, "2017-03-31": "3533.00000", "2016-12-31": 2121, "2016-09-30": 3934, "2016-06-30": 1647, "2016-03-31": "2439.00000", "2015-12-31": 3698, "2015-09-30": 1820, "2015-06-30": 1037, "2015-03-31": "1984.00000", "2014-12-31": 3423, "2014-09-30": 1645, "2014-06-30": 897, "2014-03-31": "2172.00000", "2013-12-31": 1538, "2013-09-30": 1703, "2013-06-30": 902, "2013-03-31": "1640.00000", "2012-12-31": 1731, "2012-09-30": 923, "2012-06-30": 1231, "2012-03-31": "2786.00000", "2011-12-31": 821, "2011-09-30": 1962, "2011-06-30": 1207, "2011-03-31": "1866.00000", "2010-12-31": 1775, "2010-09-30": 1292, "2010-06-30": 652, "2010-03-31": "1060.00000", "2009-12-31": 1805, "2009-09-30": 907, "2009-06-30": 552, "2009-03-31": "771.00000", "2008-12-31": 1768.7, "2008-09-30": 786.2, "2008-06-30": 651.3, "2008-03-31": "740.80000", "2007-12-31": 1357.3, "2007-09-30": 445.5, "2007-06-30": 719.5, "2007-03-31": "707.70000", "2006-12-31": 749.2, "2006-09-30": 269.6, "2006-06-30": 551.9, "2006-03-31": "171.70000", "2005-12-31": 760.6, "2005-09-30": 250.4, "2005-06-30": 558.3, "2005-03-31": "42.80000"}, "Net Change In Property, Plant, And Equipment": {"2020-09-30": -534, "2020-06-30": -448, "2020-03-31": "-742.00000", "2019-12-31": -567, "2019-09-30": -601, "2019-06-30": -573, "2019-03-31": "-716.00000", "2018-12-31": -585, "2018-09-30": -540, "2018-06-30": -430, "2018-03-31": "-482.00000", "2017-12-31": -526, "2017-09-30": -517, "2017-06-30": -423, "2017-03-31": "-452.00000", "2016-12-31": -639, "2016-09-30": -494, "2016-06-30": -495, "2016-03-31": "-596.00000", "2015-12-31": -870, "2015-09-30": -534, "2015-06-30": -517, "2015-03-31": "-411.00000", "2014-12-31": -697, "2014-09-30": -544, "2014-06-30": -501, "2014-03-31": "-383.00000", "2013-12-31": -613, "2013-09-30": -524, "2013-06-30": -480, "2013-03-31": "-313.00000", "2012-12-31": -693, "2012-09-30": -496, "2012-06-30": -442, "2012-03-31": "-376.00000", "2011-12-31": -701, "2011-09-30": -457, "2011-06-30": -413, "2011-03-31": "-297.00000", "2010-12-31": -592, "2010-09-30": -513, "2010-06-30": -465, "2010-03-31": "-401.00000", "2009-12-31": -773, "2009-09-30": -661, "2009-06-30": -625, "2009-03-31": "-466.00000", "2008-12-31": -696.8, "2008-09-30": -527.9, "2008-06-30": -555, "2008-03-31": "-400.30000", "2007-12-31": -572.3, "2007-09-30": -454.7, "2007-06-30": -466.1, "2007-03-31": "-311.90000", "2006-12-31": -652.8, "2006-09-30": -453.3, "2006-06-30": -379.1, "2006-03-31": "-283.70000", "2005-12-31": -355.1, "2005-09-30": -408.6, "2005-06-30": -418.3, "2005-03-31": "-313.40000"}, "Net Change In Intangible Assets": {"2020-09-30": 0, "2020-06-30": 0, "2020-03-31": "", "2019-12-31": 0, "2019-09-30": 0, "2019-06-30": 0, "2019-03-31": "", "2018-12-31": 0, "2018-09-30": 0, "2018-06-30": 0, "2018-03-31": "", "2017-12-31": 0, "2017-09-30": 0, "2017-06-30": 0, "2017-03-31": "", "2016-12-31": 0, "2016-09-30": 0, "2016-06-30": 0, "2016-03-31": "", "2015-12-31": 0, "2015-09-30": 0, "2015-06-30": 0, "2015-03-31": "", "2014-12-31": 0, "2014-09-30": 0, "2014-06-30": 0, "2014-03-31": "", "2013-12-31": 0, "2013-09-30": 0, "2013-06-30": 0, "2013-03-31": "", "2012-12-31": 0, "2012-09-30": 0, "2012-06-30": 0, "2012-03-31": "", "2011-12-31": 0, "2011-09-30": 0, "2011-06-30": 0, "2011-03-31": "", "2010-12-31": 0, "2010-09-30": 0, "2010-06-30": 0, "2010-03-31": "", "2009-12-31": 0, "2009-09-30": 0, "2009-06-30": 0, "2009-03-31": "", "2008-12-31": 0, "2008-09-30": 0, "2008-06-30": 0, "2008-03-31": "", "2007-12-31": 0, "2007-09-30": 0, "2007-06-30": 0, "2007-03-31": "", "2006-12-31": 0, "2006-09-30": 0, "2006-06-30": 0, "2006-03-31": "", "2005-12-31": 0, "2005-09-30": 0, "2005-06-30": 0, "2005-03-31": ""}, "Net Acquisitions/Divestitures": {"2020-09-30": 774, "2020-06-30": -155, "2020-03-31": "-613.00000", "2019-12-31": -83, "2019-09-30": -111, "2019-06-30": -126, "2019-03-31": "-124.00000", "2018-12-31": -41503, "2018-09-30": -60, "2018-06-30": -203, "2018-03-31": "372.00000", "2017-12-31": -720, "2017-09-30": -186, "2017-06-30": -182, "2017-03-31": "-93.00000", "2016-12-31": -191, "2016-09-30": -165, "2016-06-30": -117, "2016-03-31": "-51.00000", "2015-12-31": -1972, "2015-09-30": -9391, "2015-06-30": -51, "2015-03-31": "-61.00000", "2014-12-31": -47, "2014-09-30": -144, "2014-06-30": -54, "2014-03-31": "-2194.00000", "2013-12-31": -61, "2013-09-30": -54, "2013-06-30": -46, "2013-03-31": "-254.00000", "2012-12-31": -75, "2012-09-30": -29, "2012-06-30": -200, "2012-03-31": "-67.00000", "2011-12-31": 215, "2011-09-30": -40, "2011-06-30": -1355, "2011-03-31": "-11.00000", "2010-12-31": -19, "2010-09-30": -133, "2010-06-30": -16, "2010-03-31": "-9.00000", "2009-12-31": -58, "2009-09-30": -17, "2009-06-30": -39, "2009-03-31": "13.00000", "2008-12-31": -2623.1, "2008-09-30": -55.4, "2008-06-30": 11.6, "2008-03-31": "15.90000", "2007-12-31": -22.8, "2007-09-30": -19.9, "2007-06-30": 33.7, "2007-03-31": "-1975.00000", "2006-12-31": -23.2, "2006-09-30": -204.6, "2006-06-30": -3981.3, "2006-03-31": "-15.10000", "2005-12-31": -23.7, "2005-09-30": -27.9, "2005-06-30": 73.7, "2005-03-31": "-10.00000"}, "Net Change In Short-term Investments": {"2020-09-30": -9087, "2020-06-30": 2957, "2020-03-31": "-247.00000", "2019-12-31": 6011, "2019-09-30": -9797, "2019-06-30": 3847, "2019-03-31": "-61.00000", "2018-12-31": 97, "2018-09-30": -81, "2018-06-30": 7, "2018-03-31": "-23.00000", "2017-12-31": 0, "2017-09-30": -16, "2017-06-30": 8, "2017-03-31": "8.00000", "2016-12-31": -40, "2016-09-30": -68, "2016-06-30": 14, "2016-03-31": "14.00000", "2015-12-31": -267, "2015-09-30": 0, "2015-06-30": 0, "2015-03-31": "", "2014-12-31": 4, "2014-09-30": 0, "2014-06-30": 0, "2014-03-31": "", "2013-12-31": -90, "2013-09-30": 0, "2013-06-30": 0, "2013-03-31": "", "2012-12-31": 0, "2012-09-30": 0, "2012-06-30": 0, "2012-03-31": "", "2011-12-31": 58, "2011-09-30": 0, "2011-06-30": 1, "2011-03-31": "-2.00000", "2010-12-31": 0, "2010-09-30": 0, "2010-06-30": 0, "2010-03-31": "1.00000", "2009-12-31": 0, "2009-09-30": -5, "2009-06-30": 0, "2009-03-31": "", "2008-12-31": 0.5, "2008-09-30": 18, "2008-06-30": -18, "2008-03-31": "27.50000", "2007-12-31": 0, "2007-09-30": 96, "2007-06-30": -96, "2007-03-31": "", "2006-12-31": 0, "2006-09-30": 0, "2006-06-30": 0, "2006-03-31": "", "2005-12-31": 0, "2005-09-30": 0, "2005-06-30": 0, "2005-03-31": ""}, "Net Change In Long-Term Investments": {"2020-09-30": 7478, "2020-06-30": -3688, "2020-03-31": "", "2019-12-31": -6101, "2019-09-30": 9678, "2019-06-30": -4062, "2019-03-31": "", "2018-12-31": 82, "2018-09-30": 43, "2018-06-30": 0, "2018-03-31": "", "2017-12-31": -97, "2017-09-30": 21, "2017-06-30": 0, "2017-03-31": "", "2016-12-31": 15, "2016-09-30": 76, "2016-06-30": 0, "2016-03-31": "", "2015-12-31": 312, "2015-09-30": 15, "2015-06-30": 13, "2015-03-31": "-97.00000", "2014-12-31": 42, "2014-09-30": 16, "2014-06-30": -70, "2014-03-31": "12.00000", "2013-12-31": 107, "2013-09-30": -107, "2013-06-30": 0, "2013-03-31": "", "2012-12-31": 0, "2012-09-30": 0, "2012-06-30": 0, "2012-03-31": "", "2011-12-31": 0, "2011-09-30": 0, "2011-06-30": 0, "2011-03-31": "", "2010-12-31": 0, "2010-09-30": 0, "2010-06-30": 0, "2010-03-31": "", "2009-12-31": 0, "2009-09-30": 0, "2009-06-30": 0, "2009-03-31": "", "2008-12-31": 0, "2008-09-30": 0, "2008-06-30": 0, "2008-03-31": "", "2007-12-31": 0, "2007-09-30": 0, "2007-06-30": 0, "2007-03-31": "", "2006-12-31": 0, "2006-09-30": 0, "2006-06-30": 0, "2006-03-31": "", "2005-12-31": 0, "2005-09-30": 0, "2005-06-30": 0, "2005-03-31": ""}, "Net Change In Investments - Total": {"2020-09-30": -1609, "2020-06-30": -731, "2020-03-31": "-247.00000", "2019-12-31": -90, "2019-09-30": -119, "2019-06-30": -215, "2019-03-31": "-61.00000", "2018-12-31": 179, "2018-09-30": -38, "2018-06-30": 7, "2018-03-31": "-23.00000", "2017-12-31": -97, "2017-09-30": 5, "2017-06-30": 8, "2017-03-31": "8.00000", "2016-12-31": -25, "2016-09-30": 8, "2016-06-30": 14, "2016-03-31": "14.00000", "2015-12-31": 45, "2015-09-30": 15, "2015-06-30": 13, "2015-03-31": "-97.00000", "2014-12-31": 46, "2014-09-30": 16, "2014-06-30": -70, "2014-03-31": "12.00000", "2013-12-31": 17, "2013-09-30": -107, "2013-06-30": 0, "2013-03-31": "", "2012-12-31": 0, "2012-09-30": 0, "2012-06-30": 0, "2012-03-31": "", "2011-12-31": 58, "2011-09-30": 0, "2011-06-30": 1, "2011-03-31": "-2.00000", "2010-12-31": 0, "2010-09-30": 0, "2010-06-30": 0, "2010-03-31": "1.00000", "2009-12-31": 0, "2009-09-30": -5, "2009-06-30": 0, "2009-03-31": "", "2008-12-31": 0.5, "2008-09-30": 18, "2008-06-30": -18, "2008-03-31": "27.50000", "2007-12-31": 0, "2007-09-30": 96, "2007-06-30": -96, "2007-03-31": "", "2006-12-31": 0, "2006-09-30": 0, "2006-06-30": 0, "2006-03-31": "", "2005-12-31": 0, "2005-09-30": 0, "2005-06-30": 0, "2005-03-31": ""}, "Investing Activities - Other": {"2020-09-30": -1, "2020-06-30": 1, "2020-03-31": "5.00000", "2019-12-31": 31, "2019-09-30": 2, "2019-06-30": 4, "2019-03-31": "10.00000", "2018-12-31": 10, "2018-09-30": 4, "2018-06-30": 5, "2018-03-31": "2.00000", "2017-12-31": 33, "2017-09-30": 265, "2017-06-30": 0, "2017-03-31": "", "2016-12-31": 37, "2016-09-30": 230, "2016-06-30": 0, "2016-03-31": "", "2015-12-31": 377, "2015-09-30": 0, "2015-06-30": 9, "2015-03-31": "25.00000", "2014-12-31": 187, "2014-09-30": 323, "2014-06-30": 0, "2014-03-31": "5.00000", "2013-12-31": 444, "2013-09-30": 156, "2013-06-30": 0, "2013-03-31": "", "2012-12-31": 102, "2012-09-30": 427, "2012-06-30": 0, "2012-03-31": "", "2011-12-31": 581, "2011-09-30": 0, "2011-06-30": 0, "2011-03-31": "11.00000", "2010-12-31": 359, "2010-09-30": 138, "2010-06-30": -2, "2010-03-31": "12.00000", "2009-12-31": 807, "2009-09-30": 246, "2009-06-30": 501, "2009-03-31": "8.00000", "2008-12-31": 12.5, "2008-09-30": 154.9, "2008-06-30": 45.5, "2008-03-31": "10.10000", "2007-12-31": 564.8, "2007-09-30": 32.4, "2007-06-30": 86.7, "2007-03-31": "23.10000", "2006-12-31": 1385.8, "2006-09-30": -0.7, "2006-06-30": 10.3, "2006-03-31": "4.50000", "2005-12-31": 375.8, "2005-09-30": 179.9, "2005-06-30": 8.5, "2005-03-31": "7.50000"}, "Cash Flow From Investing Activities": {"2020-09-30": -1370, "2020-06-30": -1333, "2020-03-31": "-1597.00000", "2019-12-31": -709, "2019-09-30": -829, "2019-06-30": -910, "2019-03-31": "-891.00000", "2018-12-31": -41899, "2018-09-30": -634, "2018-06-30": -621, "2018-03-31": "-131.00000", "2017-12-31": -1310, "2017-09-30": -433, "2017-06-30": -597, "2017-03-31": "-537.00000", "2016-12-31": -818, "2016-09-30": -421, "2016-06-30": -598, "2016-03-31": "-633.00000", "2015-12-31": -2420, "2015-09-30": -9910, "2015-06-30": -546, "2015-03-31": "-544.00000", "2014-12-31": -511, "2014-09-30": -349, "2014-06-30": -625, "2014-03-31": "-2560.00000", "2013-12-31": -213, "2013-09-30": -529, "2013-06-30": -526, "2013-03-31": "-567.00000", "2012-12-31": -666, "2012-09-30": -98, "2012-06-30": -642, "2012-03-31": "-443.00000", "2011-12-31": 153, "2011-09-30": -497, "2011-06-30": -1767, "2011-03-31": "-299.00000", "2010-12-31": -252, "2010-09-30": -508, "2010-06-30": -483, "2010-03-31": "-397.00000", "2009-12-31": -24, "2009-09-30": -437, "2009-06-30": -163, "2009-03-31": "-445.00000", "2008-12-31": -3306.9, "2008-09-30": -410.4, "2008-06-30": -515.9, "2008-03-31": "-346.80000", "2007-12-31": -30.3, "2007-09-30": -346.2, "2007-06-30": -441.7, "2007-03-31": "-2263.80000", "2006-12-31": 709.8, "2006-09-30": -658.6, "2006-06-30": -4350.1, "2006-03-31": "-294.30000", "2005-12-31": -3, "2005-09-30": -256.6, "2005-06-30": -336.1, "2005-03-31": "-315.90000"}, "Net Long-Term Debt": {"2020-09-30": -5504, "2020-06-30": -8, "2020-03-31": "2938.00000", "2019-12-31": 292, "2019-09-30": -2993, "2019-06-30": -1017, "2019-03-31": "-882.00000", "2018-12-31": 1711, "2018-09-30": -2265, "2018-06-30": 0, "2018-03-31": "39375.00000", "2017-12-31": 0, "2017-09-30": 0, "2017-06-30": 0, "2017-03-31": "", "2016-12-31": -758, "2016-09-30": -1606, "2016-06-30": -124, "2016-03-31": "", "2015-12-31": -7, "2015-09-30": 12460, "2015-06-30": -550, "2015-03-31": "", "2014-12-31": -14, "2014-09-30": -1562, "2014-06-30": -41, "2014-03-31": "", "2013-12-31": 3964, "2013-09-30": 0, "2013-06-30": 0, "2013-03-31": "", "2012-12-31": -423, "2012-09-30": -2, "2012-06-30": -2, "2012-03-31": "-52.00000", "2011-12-31": -973, "2011-09-30": -847, "2011-06-30": 1462, "2011-03-31": "-301.00000", "2010-12-31": -1, "2010-09-30": -351, "2010-06-30": -759, "2010-03-31": "-1.00000", "2009-12-31": -1, "2009-09-30": 1149, "2009-06-30": 0, "2009-03-31": "999.00000", "2008-12-31": -353, "2008-09-30": 349.3, "2008-06-30": -0.7, "2008-03-31": "-0.60000", "2007-12-31": -300.9, "2007-09-30": -0.5, "2007-06-30": 4997.7, "2007-03-31": "481.70000", "2006-12-31": -2.6, "2006-09-30": 1498, "2006-06-30": -3.4, "2006-03-31": "-302.50000", "2005-12-31": -2.6, "2005-09-30": -2.6, "2005-06-30": -2.8, "2005-03-31": "14.00000"}, "Net Current Debt": {"2020-09-30": 0, "2020-06-30": -255, "2020-03-31": "255.00000", "2019-12-31": -1070, "2019-09-30": 625, "2019-06-30": -2560, "2019-03-31": "2285.00000", "2018-12-31": 720, "2018-09-30": 0, "2018-06-30": 0, "2018-03-31": "-1276.00000", "2017-12-31": 1166, "2017-09-30": -990, "2017-06-30": -668, "2017-03-31": "-106.00000", "2016-12-31": 1534, "2016-09-30": -405, "2016-06-30": 745, "2016-03-31": "", "2015-12-31": 0, "2015-09-30": -1488, "2015-06-30": 988, "2015-03-31": "-185.00000", "2014-12-31": -90, "2014-09-30": 775, "2014-06-30": 0, "2014-03-31": "", "2013-12-31": -814, "2013-09-30": 814, "2013-06-30": -300, "2013-03-31": "-390.00000", "2012-12-31": -135, "2012-09-30": 625, "2012-06-30": 200, "2012-03-31": "-750.00000", "2011-12-31": 220, "2011-09-30": 530, "2011-06-30": -300, "2011-03-31": "", "2010-12-31": -1084, "2010-09-30": -468, "2010-06-30": 1337, "2010-03-31": "200.00000", "2009-12-31": -785, "2009-09-30": -228, "2009-06-30": -90, "2009-03-31": "-1626.00000", "2008-12-31": 2062, "2008-09-30": 2, "2008-06-30": -361.9, "2008-03-31": "-743.10000", "2007-12-31": 1659.7, "2007-09-30": -235.4, "2007-06-30": -2412.4, "2007-03-31": "1230.10000", "2006-12-31": -1317.5, "2006-09-30": -1301, "2006-06-30": 3949.3, "2006-03-31": "258.50000", "2005-12-31": -572.1, "2005-09-30": -49.5, "2005-06-30": -126.1, "2005-03-31": "115.50000"}, "Debt Issuance/Retirement Net - Total": {"2020-09-30": -5504, "2020-06-30": -263, "2020-03-31": "3193.00000", "2019-12-31": -778, "2019-09-30": -2368, "2019-06-30": -3577, "2019-03-31": "1403.00000", "2018-12-31": 2431, "2018-09-30": -2265, "2018-06-30": 0, "2018-03-31": "38099.00000", "2017-12-31": 1166, "2017-09-30": -990, "2017-06-30": -668, "2017-03-31": "-106.00000", "2016-12-31": 776, "2016-09-30": -2011, "2016-06-30": 621, "2016-03-31": "", "2015-12-31": -7, "2015-09-30": 10972, "2015-06-30": 438, "2015-03-31": "-185.00000", "2014-12-31": -104, "2014-09-30": -787, "2014-06-30": -41, "2014-03-31": "", "2013-12-31": 3150, "2013-09-30": 814, "2013-06-30": -300, "2013-03-31": "-390.00000", "2012-12-31": -558, "2012-09-30": 623, "2012-06-30": 198, "2012-03-31": "-802.00000", "2011-12-31": -753, "2011-09-30": -317, "2011-06-30": 1162, "2011-03-31": "-301.00000", "2010-12-31": -1085, "2010-09-30": -819, "2010-06-30": 578, "2010-03-31": "199.00000", "2009-12-31": -786, "2009-09-30": 921, "2009-06-30": -90, "2009-03-31": "-627.00000", "2008-12-31": 1709, "2008-09-30": 351.3, "2008-06-30": -362.6, "2008-03-31": "-743.70000", "2007-12-31": 1358.8, "2007-09-30": -235.9, "2007-06-30": 2585.3, "2007-03-31": "1711.80000", "2006-12-31": -1320.1, "2006-09-30": 197, "2006-06-30": 3945.9, "2006-03-31": "-44.00000", "2005-12-31": -574.7, "2005-09-30": -52.1, "2005-06-30": -128.9, "2005-03-31": "129.50000"}, "Net Common Equity Issued/Repurchased": {"2020-09-30": 83, "2020-06-30": 12, "2020-03-31": "154.00000", "2019-12-31": 27, "2019-09-30": 72, "2019-06-30": 10, "2019-03-31": "101.00000", "2018-12-31": 28, "2018-09-30": 84, "2018-06-30": 23, "2018-03-31": "107.00000", "2017-12-31": 15, "2017-09-30": -275, "2017-06-30": -272, "2017-03-31": "-3500.00000", "2016-12-31": -442, "2016-09-30": 44, "2016-06-30": -1805, "2016-03-31": "-1962.00000", "2015-12-31": -1045, "2015-09-30": -871, "2015-06-30": -842, "2015-03-31": "-1881.00000", "2014-12-31": -1157, "2014-09-30": -688, "2014-06-30": -1088, "2014-03-31": "-647.00000", "2013-12-31": -1635, "2013-09-30": -1402, "2013-06-30": -196, "2013-03-31": "-243.00000", "2012-12-31": -170, "2012-09-30": -1844, "2012-06-30": -948, "2012-03-31": "-532.00000", "2011-12-31": -358, "2011-09-30": -1505, "2011-06-30": -347, "2011-03-31": "-360.00000", "2010-12-31": 114, "2010-09-30": 26, "2010-06-30": -565, "2010-03-31": "-790.00000", "2009-12-31": -924, "2009-09-30": -1394, "2009-06-30": 36, "2009-03-31": "55.00000", "2008-12-31": 14.3, "2008-09-30": 34.8, "2008-06-30": 85.8, "2008-03-31": "170.10000", "2007-12-31": -2303, "2007-09-30": 120.9, "2007-06-30": -2691.8, "2007-03-31": "56.90000", "2006-12-31": 31.9, "2006-09-30": 72.5, "2006-06-30": 21.8, "2006-03-31": "61.40000", "2005-12-31": 6, "2005-09-30": 41.8, "2005-06-30": 26.4, "2005-03-31": "104.20000"}, "Net Total Equity Issued/Repurchased": {"2020-09-30": 83, "2020-06-30": 12, "2020-03-31": "154.00000", "2019-12-31": 27, "2019-09-30": 72, "2019-06-30": 10, "2019-03-31": "101.00000", "2018-12-31": 28, "2018-09-30": 84, "2018-06-30": 23, "2018-03-31": "107.00000", "2017-12-31": 15, "2017-09-30": -275, "2017-06-30": -272, "2017-03-31": "-3500.00000", "2016-12-31": -442, "2016-09-30": 44, "2016-06-30": -1805, "2016-03-31": "-1962.00000", "2015-12-31": -1045, "2015-09-30": -871, "2015-06-30": -842, "2015-03-31": "-1881.00000", "2014-12-31": -1157, "2014-09-30": -688, "2014-06-30": -1088, "2014-03-31": "-647.00000", "2013-12-31": -1635, "2013-09-30": -1402, "2013-06-30": -196, "2013-03-31": "-243.00000", "2012-12-31": -170, "2012-09-30": -1844, "2012-06-30": -948, "2012-03-31": "-532.00000", "2011-12-31": -358, "2011-09-30": -1505, "2011-06-30": -347, "2011-03-31": "-360.00000", "2010-12-31": 114, "2010-09-30": 26, "2010-06-30": -565, "2010-03-31": "-790.00000", "2009-12-31": -924, "2009-09-30": -1394, "2009-06-30": 36, "2009-03-31": "55.00000", "2008-12-31": 14.3, "2008-09-30": 34.8, "2008-06-30": 85.8, "2008-03-31": "170.10000", "2007-12-31": -2303, "2007-09-30": 120.9, "2007-06-30": -2691.8, "2007-03-31": "56.90000", "2006-12-31": 31.9, "2006-09-30": 72.5, "2006-06-30": 21.8, "2006-03-31": "61.40000", "2005-12-31": 6, "2005-09-30": 41.8, "2005-06-30": 26.4, "2005-03-31": "104.20000"}, "Total Common And Preferred Stock Dividends Paid": {"2020-09-30": -665, "2020-06-30": -663, "2020-03-31": "-652.00000", "2019-12-31": -651, "2019-09-30": -646, "2019-06-30": -657, "2019-03-31": "-649.00000", "2018-12-31": -510, "2018-09-30": -510, "2018-06-30": -510, "2018-03-31": "-508.00000", "2017-12-31": -510, "2017-09-30": -511, "2017-06-30": -512, "2017-03-31": "-516.00000", "2016-12-31": -456, "2016-09-30": -455, "2016-06-30": -459, "2016-03-31": "-470.00000", "2015-12-31": -391, "2015-09-30": -391, "2015-06-30": -395, "2015-03-31": "-399.00000", "2014-12-31": -317, "2014-09-30": -324, "2014-06-30": -322, "2014-03-31": "-325.00000", "2013-12-31": -268, "2013-09-30": -276, "2013-06-30": -276, "2013-03-31": "-277.00000", "2012-12-31": -202, "2012-09-30": -207, "2012-06-30": -209, "2012-03-31": "-211.00000", "2011-12-31": -166, "2011-09-30": -167, "2011-06-30": -170, "2011-03-31": "-171.00000", "2010-12-31": -119, "2010-09-30": -119, "2010-06-30": -119, "2010-03-31": "-122.00000", "2009-12-31": -108, "2009-09-30": -110, "2009-06-30": -111, "2009-03-31": "-110.00000", "2008-12-31": -112.5, "2008-09-30": -98.4, "2008-06-30": -86.2, "2008-03-31": "-85.90000", "2007-12-31": -102.4, "2007-09-30": -88.2, "2007-06-30": -92.1, "2007-03-31": "-40.30000", "2006-12-31": -45.8, "2006-09-30": -31.8, "2006-06-30": -31.7, "2006-03-31": "-31.60000", "2005-12-31": -43.7, "2005-09-30": -29.4, "2005-06-30": -29.4, "2005-03-31": "-29.10000"}, "Financial Activities - Other": {"2020-09-30": -31, "2020-06-30": -64, "2020-03-31": "-20.00000", "2019-12-31": -38, "2019-09-30": -26, "2019-06-30": -34, "2019-03-31": "-39.00000", "2018-12-31": -57, "2018-09-30": -2, "2018-06-30": -33, "2018-03-31": "442.00000", "2017-12-31": -1, "2017-09-30": -10, "2017-06-30": -50, "2017-03-31": "-11.00000", "2016-12-31": 1, "2016-09-30": -29, "2016-06-30": -59, "2016-03-31": "-55.00000", "2015-12-31": -254, "2015-09-30": 33, "2015-06-30": 38, "2015-03-31": "59.00000", "2014-12-31": 17, "2014-09-30": 24, "2014-06-30": 28, "2014-03-31": "37.00000", "2013-12-31": 14, "2013-09-30": 14, "2013-06-30": 21, "2013-03-31": "13.00000", "2012-12-31": 7, "2012-09-30": 13, "2012-06-30": -18, "2012-03-31": "", "2011-12-31": 9, "2011-09-30": 3, "2011-06-30": -19, "2011-03-31": "", "2010-12-31": 15, "2010-09-30": 0, "2010-06-30": -3, "2010-03-31": "11.00000", "2009-12-31": -7, "2009-09-30": 18, "2009-06-30": 4, "2009-03-31": "1.00000", "2008-12-31": -2.3, "2008-09-30": 3.1, "2008-06-30": 25.1, "2008-03-31": "27.10000", "2007-12-31": 49.2, "2007-09-30": 18.7, "2007-06-30": 22.4, "2007-03-31": "7.70000", "2006-12-31": 11.1, "2006-09-30": 13.6, "2006-06-30": 7.4, "2006-03-31": "10.50000", "2005-12-31": 0, "2005-09-30": 0, "2005-06-30": 0, "2005-03-31": ""}, "Cash Flow From Financial Activities": {"2020-09-30": -6117, "2020-06-30": -978, "2020-03-31": "2675.00000", "2019-12-31": -1440, "2019-09-30": -2968, "2019-06-30": -4258, "2019-03-31": "816.00000", "2018-12-31": 1892, "2018-09-30": -2693, "2018-06-30": -520, "2018-03-31": "38140.00000", "2017-12-31": 670, "2017-09-30": -1786, "2017-06-30": -1502, "2017-03-31": "-4133.00000", "2016-12-31": -121, "2016-09-30": -2451, "2016-06-30": -1702, "2016-03-31": "-2487.00000", "2015-12-31": -1697, "2015-09-30": 9743, "2015-06-30": -761, "2015-03-31": "-2406.00000", "2014-12-31": -1561, "2014-09-30": -1775, "2014-06-30": -1423, "2014-03-31": "-935.00000", "2013-12-31": 1261, "2013-09-30": -850, "2013-06-30": -751, "2013-03-31": "-897.00000", "2012-12-31": -923, "2012-09-30": -1415, "2012-06-30": -977, "2012-03-31": "-1545.00000", "2011-12-31": -1268, "2011-09-30": -1986, "2011-06-30": 626, "2011-03-31": "-832.00000", "2010-12-31": -1075, "2010-09-30": -912, "2010-06-30": -109, "2010-03-31": "-702.00000", "2009-12-31": -1825, "2009-09-30": -565, "2009-06-30": -161, "2009-03-31": "-681.00000", "2008-12-31": 1608.5, "2008-09-30": 290.8, "2008-06-30": -337.9, "2008-03-31": "-632.40000", "2007-12-31": -997.4, "2007-09-30": -184.5, "2007-06-30": -176.2, "2007-03-31": "1736.10000", "2006-12-31": -1322.9, "2006-09-30": 251.3, "2006-06-30": 3943.4, "2006-03-31": "-3.70000", "2005-12-31": -612.4, "2005-09-30": -39.7, "2005-06-30": -131.9, "2005-03-31": "204.60000"}, "Net Cash Flow": {"2020-09-30": -5613, "2020-06-30": 4808, "2020-03-31": "4383.00000", "2019-12-31": 485, "2019-09-30": -869, "2019-06-30": 170, "2019-03-31": "1873.00000", "2018-12-31": -37532, "2018-09-30": -2230, "2018-06-30": 1793, "2018-03-31": "40364.00000", "2017-12-31": -775, "2017-09-30": 392, "2017-06-30": -100, "2017-03-31": "-1137.00000", "2016-12-31": 1182, "2016-09-30": 1062, "2016-06-30": -652, "2016-03-31": "-680.00000", "2015-12-31": -431, "2015-09-30": 1646, "2015-06-30": -274, "2015-03-31": "-963.00000", "2014-12-31": 1349, "2014-09-30": -480, "2014-06-30": -1154, "2014-03-31": "-1323.00000", "2013-12-31": 2584, "2013-09-30": 331, "2013-06-30": -377, "2013-03-31": "176.00000", "2012-12-31": 142, "2012-09-30": -590, "2012-06-30": -388, "2012-03-31": "798.00000", "2011-12-31": -294, "2011-09-30": -521, "2011-06-30": 66, "2011-03-31": "735.00000", "2010-12-31": 448, "2010-09-30": -128, "2010-06-30": 60, "2010-03-31": "-39.00000", "2009-12-31": -44, "2009-09-30": -95, "2009-06-30": 228, "2009-03-31": "-355.00000", "2008-12-31": 70.3, "2008-09-30": 666.6, "2008-06-30": -202.5, "2008-03-31": "-238.40000", "2007-12-31": 329.6, "2007-09-30": -85.2, "2007-06-30": 101.6, "2007-03-31": "180.00000", "2006-12-31": 136.1, "2006-09-30": -137.7, "2006-06-30": 145.2, "2006-03-31": "-126.30000", "2005-12-31": 145.2, "2005-09-30": -45.9, "2005-06-30": 90.3, "2005-03-31": "-68.50000"}, "Stock-Based Compensation": {"2020-09-30": 109, "2020-06-30": 83, "2020-03-31": "96.00000", "2019-12-31": 98, "2019-09-30": 129, "2019-06-30": 112, "2019-03-31": "114.00000", "2018-12-31": 108, "2018-09-30": 62, "2018-06-30": 55, "2018-03-31": "55.00000", "2017-12-31": 61, "2017-09-30": 65, "2017-06-30": 53, "2017-03-31": "55.00000", "2016-12-31": 56, "2016-09-30": 59, "2016-06-30": 50, "2016-03-31": "57.00000", "2015-12-31": 55, "2015-09-30": 87, "2015-06-30": 44, "2015-03-31": "44.00000", "2014-12-31": 44, "2014-09-30": 44, "2014-06-30": 42, "2014-03-31": "35.00000", "2013-12-31": 40, "2013-09-30": 35, "2013-06-30": 32, "2013-03-31": "34.00000", "2012-12-31": 35, "2012-09-30": 33, "2012-06-30": 28, "2012-03-31": "36.00000", "2011-12-31": 35, "2011-09-30": 35, "2011-06-30": 29, "2011-03-31": "36.00000", "2010-12-31": 38, "2010-09-30": 37, "2010-06-30": 38, "2010-03-31": "37.00000", "2009-12-31": 52, "2009-09-30": 38, "2009-06-30": 53, "2009-03-31": "22.00000", "2008-12-31": 24.3, "2008-09-30": 5.9, "2008-06-30": 48.6, "2008-03-31": "13.20000", "2007-12-31": 18.7, "2007-09-30": 12.3, "2007-06-30": 24.7, "2007-03-31": "22.30000", "2006-12-31": 19.3, "2006-09-30": 18.8, "2006-06-30": 16.3, "2006-03-31": "15.50000", "2005-12-31": 0, "2005-09-30": 0, "2005-06-30": 0, "2005-03-31": ""}, "Common Stock Dividends Paid": {"2020-09-30": -665, "2020-06-30": -663, "2020-03-31": "-652.00000", "2019-12-31": -651, "2019-09-30": -646, "2019-06-30": -657, "2019-03-31": "-649.00000", "2018-12-31": -510, "2018-09-30": -510, "2018-06-30": -510, "2018-03-31": "-508.00000", "2017-12-31": -510, "2017-09-30": -511, "2017-06-30": -512, "2017-03-31": "-516.00000", "2016-12-31": -456, "2016-09-30": -455, "2016-06-30": -459, "2016-03-31": "-470.00000", "2015-12-31": -391, "2015-09-30": -391, "2015-06-30": -395, "2015-03-31": "-399.00000", "2014-12-31": -317, "2014-09-30": -324, "2014-06-30": -322, "2014-03-31": "-325.00000", "2013-12-31": -268, "2013-09-30": -276, "2013-06-30": -276, "2013-03-31": "-277.00000", "2012-12-31": -202, "2012-09-30": -207, "2012-06-30": -209, "2012-03-31": "-211.00000", "2011-12-31": -166, "2011-09-30": -167, "2011-06-30": -170, "2011-03-31": "-171.00000", "2010-12-31": -119, "2010-09-30": -119, "2010-06-30": -119, "2010-03-31": "-122.00000", "2009-12-31": -108, "2009-09-30": -110, "2009-06-30": -111, "2009-03-31": "-110.00000", "2008-12-31": -112.5, "2008-09-30": -98.4, "2008-06-30": -86.2, "2008-03-31": "-85.90000", "2007-12-31": -102.4, "2007-09-30": -88.2, "2007-06-30": -92.1, "2007-03-31": "-40.30000", "2006-12-31": -45.8, "2006-09-30": -31.8, "2006-06-30": -31.7, "2006-03-31": "-31.60000", "2005-12-31": -43.7, "2005-09-30": -29.4, "2005-06-30": -29.4, "2005-03-31": "-29.10000"}}, "financial ratios": {"Current Ratio": {"2019-12-31": "0.94370", "2018-12-31": "1.02800", "2017-12-31": "1.01900", "2016-12-31": "1.18260", "2015-12-31": "1.25850", "2014-12-31": "1.36560", "2013-12-31": "1.64180", "2012-12-31": "1.42480", "2011-12-31": "1.55520", "2010-12-31": "1.59950", "2009-12-31": "1.42580", "2008-12-31": "1.22510", "2007-12-31": "1.31420", "2006-12-31": "1.48410", "2005-12-31": "1.83090"}, "Long-term Debt / Capital": {"2019-12-31": "0.50210", "2018-12-31": "0.54960", "2017-12-31": "0.37040", "2016-12-31": "0.41020", "2015-12-31": "0.41380", "2014-12-31": "0.23450", "2013-12-31": "0.25290", "2012-12-31": "0.19520", "2011-12-31": "0.19480", "2010-12-31": "0.18670", "2009-12-31": "0.19670", "2008-12-31": "0.18900", "2007-12-31": "0.21050", "2006-12-31": "0.22450", "2005-12-31": "0.16060"}, "Debt/Equity Ratio": {"2019-12-31": "1.06720", "2018-12-31": "1.25430", "2017-12-31": "0.71630", "2016-12-31": "0.74740", "2015-12-31": "0.73820", "2014-12-31": "0.33950", "2013-12-31": "0.35330", "2012-12-31": "0.26100", "2011-12-31": "0.26320", "2010-12-31": "0.26680", "2009-12-31": "0.31240", "2008-12-31": "0.34000", "2007-12-31": "0.33470", "2006-12-31": "0.50990", "2005-12-31": "0.26280"}, "Gross Margin": {"2019-12-31": "38.18780", "2018-12-31": "19.59720", "2017-12-31": "16.95910", "2016-12-31": "17.46760", "2015-12-31": "17.30580", "2014-12-31": "18.20160", "2013-12-31": "18.76210", "2012-12-31": "18.26510", "2011-12-31": "19.20250", "2010-12-31": "21.11030", "2009-12-31": "20.72800", "2008-12-31": "20.90960", "2007-12-31": "21.10310", "2006-12-31": "26.79560", "2005-12-31": "26.19690"}, "Operating Margin": {"2019-12-31": "4.66830", "2018-12-31": "2.06650", "2017-12-31": "5.16160", "2016-12-31": "5.84980", "2015-12-31": "6.18110", "2014-12-31": "6.31350", "2013-12-31": "6.34030", "2012-12-31": "5.85610", "2011-12-31": "5.91240", "2010-12-31": "6.40750", "2009-12-31": "6.54180", "2008-12-31": "6.91190", "2007-12-31": "6.28060", "2006-12-31": "5.57170", "2005-12-31": "5.45710"}, "EBIT Margin": {"2019-12-31": "4.66830", "2018-12-31": "2.06650", "2017-12-31": "5.16160", "2016-12-31": "5.84980", "2015-12-31": "6.18110", "2014-12-31": "6.31350", "2013-12-31": "6.34030", "2012-12-31": "5.85610", "2011-12-31": "5.91240", "2010-12-31": "6.40750", "2009-12-31": "6.54180", "2008-12-31": "6.91190", "2007-12-31": "6.28060", "2006-12-31": "5.57170", "2005-12-31": "5.45710"}, "EBITDA Margin": {"2019-12-31": "6.37050", "2018-12-31": "6.62350", "2017-12-31": "6.60120", "2016-12-31": "7.24380", "2015-12-31": "7.54580", "2014-12-31": "7.69910", "2013-12-31": "7.81550", "2012-12-31": "7.27990", "2011-12-31": "7.37670", "2010-12-31": "7.94130", "2009-12-31": "7.95600", "2008-12-31": "8.36840", "2007-12-31": "7.71520", "2006-12-31": "7.24510", "2005-12-31": "7.04900"}, "Pre-Tax Profit Margin": {"2019-12-31": "3.50380", "2018-12-31": "0.72260", "2017-12-31": "4.47440", "2016-12-31": "4.86470", "2015-12-31": "5.62070", "2014-12-31": "5.50920", "2013-12-31": "5.93870", "2012-12-31": "5.12100", "2011-12-31": "5.36700", "2010-12-31": "5.84790", "2009-12-31": "6.00720", "2008-12-31": "6.33000", "2007-12-31": "5.71070", "2006-12-31": "5.07930", "2005-12-31": "5.15850"}, "Net Profit Margin": {"2019-12-31": "2.58360", "2018-12-31": "-0.30530", "2017-12-31": "3.58360", "2016-12-31": "2.99470", "2015-12-31": "3.41640", "2014-12-31": "3.33220", "2013-12-31": "3.62260", "2012-12-31": "3.13840", "2011-12-31": "3.23310", "2010-12-31": "3.57810", "2009-12-31": "3.76320", "2008-12-31": "3.65600", "2007-12-31": "3.43640", "2006-12-31": "3.09210", "2005-12-31": "3.27130"}, "Asset Turnover": {"2019-12-31": "1.15430", "2018-12-31": "0.99040", "2017-12-31": "1.94240", "2016-12-31": "1.87960", "2015-12-31": "1.65830", "2014-12-31": "1.87860", "2013-12-31": "1.77220", "2012-12-31": "1.85920", "2011-12-31": "1.65900", "2010-12-31": "1.54060", "2009-12-31": "1.59330", "2008-12-31": "1.43490", "2007-12-31": "1.39490", "2006-12-31": "2.12990", "2005-12-31": "2.42140"}, "Inventory Turnover Ratio": {"2019-12-31": "9.06140", "2018-12-31": "9.51050", "2017-12-31": "10.03190", "2016-12-31": "9.92770", "2015-12-31": "9.05380", "2014-12-31": "9.55570", "2013-12-31": "9.32350", "2012-12-31": "9.12180", "2011-12-31": "8.61220", "2010-12-31": "7.06490", "2009-12-31": "7.52750", "2008-12-31": "7.55840", "2007-12-31": "7.52000", "2006-12-31": "4.51250", "2005-12-31": "4.77500"}, "Receiveable Turnover": {"2019-12-31": "13.08950", "2018-12-31": "11.03620", "2017-12-31": "14.01910", "2016-12-31": "14.59600", "2015-12-31": "12.89450", "2014-12-31": "14.38700", "2013-12-31": "14.52180", "2012-12-31": "19.00290", "2011-12-31": "17.70800", "2010-12-31": "19.44730", "2009-12-31": "17.99800", "2008-12-31": "16.24670", "2007-12-31": "16.66740", "2006-12-31": "18.39920", "2005-12-31": "20.11670"}, "Days Sales In Receivables": {"2019-12-31": "27.88500", "2018-12-31": "33.07300", "2017-12-31": "26.03590", "2016-12-31": "25.00680", "2015-12-31": "28.30660", "2014-12-31": "25.37010", "2013-12-31": "25.13460", "2012-12-31": "19.20760", "2011-12-31": "20.61220", "2010-12-31": "18.76870", "2009-12-31": "20.28010", "2008-12-31": "22.46620", "2007-12-31": "21.89900", "2006-12-31": "19.83780", "2005-12-31": "18.14410"}, "ROE - Return On Equity": {"2019-12-31": "10.33350", "2018-12-31": "-1.01810", "2017-12-31": "17.59120", "2016-12-31": "14.44320", "2015-12-31": "14.05800", "2014-12-31": "12.23560", "2013-12-31": "12.12510", "2012-12-31": "10.27540", "2011-12-31": "9.16930", "2010-12-31": "9.07690", "2009-12-31": "10.34440", "2008-12-31": "9.72570", "2007-12-31": "8.47390", "2006-12-31": "14.10610", "2005-12-31": "15.10370"}, "Return On Tangible Equity": {"2019-12-31": "-13.61600", "2018-12-31": "1.05190", "2017-12-31": "-46.09340", "2016-12-31": "-35.64250", "2015-12-31": "-35.38330", "2014-12-31": "9882.97900", "2013-12-31": "246.38460", "2012-12-31": "257.07640", "2011-12-31": "202.37820", "2010-12-31": "152.29190", "2009-12-31": "-9487.18000", "2008-12-31": "-244.80230", "2007-12-31": "-87.02970", "2006-12-31": "25.33030", "2005-12-31": "21.33960"}, "ROA - Return On Assets": {"2019-12-31": "2.98090", "2018-12-31": "-0.30340", "2017-12-31": "6.97040", "2016-12-31": "5.63190", "2015-12-31": "5.65790", "2014-12-31": "6.26120", "2013-12-31": "6.43120", "2012-12-31": "5.84260", "2011-12-31": "5.40570", "2010-12-31": "5.50440", "2009-12-31": "6.00250", "2008-12-31": "5.48560", "2007-12-31": "4.81890", "2006-12-31": "6.65350", "2005-12-31": "8.01330"}, "ROI - Return On Investment": {"2019-12-31": "5.14550", "2018-12-31": "-0.45850", "2017-12-31": "11.07460", "2016-12-31": "8.51900", "2015-12-31": "8.24010", "2014-12-31": "9.36620", "2013-12-31": "9.05890", "2012-12-31": "8.26960", "2011-12-31": "7.38270", "2010-12-31": "7.38260", "2009-12-31": "8.31010", "2008-12-31": "7.84410", "2007-12-31": "6.64710", "2006-12-31": "10.70460", "2005-12-31": "12.33920"}, "Book Value Per Share": {"2019-12-31": "49.28570", "2018-12-31": "45.20700", "2017-12-31": "37.17460", "2016-12-31": "34.71630", "2015-12-31": "33.79020", "2014-12-31": "33.30090", "2013-12-31": "32.15090", "2012-12-31": "30.58730", "2011-12-31": "29.31510", "2010-12-31": "27.65960", "2009-12-31": "25.71390", "2008-12-31": "24.07660", "2007-12-31": "21.80500", "2006-12-31": "12.01060", "2005-12-31": "10.23100"}, "Operating Cash Flow Per Share": {"2019-12-31": 1.3538, "2018-12-31": 0.6721, "2017-12-31": -1.5792, "2016-12-31": 1.815, "2015-12-31": 0.6228, "2014-12-31": 2.2437, "2013-12-31": -0.4947, "2012-12-31": 0.8643, "2011-12-31": 0.8768, "2010-12-31": 0.6878, "2009-12-31": 0.0959, "2008-12-31": 0.3327, "2007-12-31": 0.312, "2006-12-31": 0.1267, "2005-12-31": 1.9155}, "Free Cash Flow Per Share": {"2019-12-31": 1.4223, "2018-12-31": 0.5939, "2017-12-31": -1.391, "2016-12-31": 1.8249, "2015-12-31": 0.3695, "2014-12-31": 2.0002, "2013-12-31": -0.5011, "2012-12-31": 0.6831, "2011-12-31": 0.9215, "2010-12-31": 0.9978, "2009-12-31": -0.1615, "2008-12-31": 0.1643, "2007-12-31": 1.0697, "2006-12-31": -0.1698, "2005-12-31": 0.1387}}, "financial ratios, quarterly": {"Current Ratio": {"2020-09-30": "0.95430", "2020-06-30": "0.98130", "2020-03-31": "0.98990", "2019-12-31": "0.94370", "2019-09-30": "0.91700", "2019-06-30": "0.94990", "2019-03-31": "0.94520", "2018-12-31": "1.02800", "2018-09-30": "2.44330", "2018-06-30": "2.34310", "2018-03-31": "2.37360", "2017-12-31": "1.01900", "2017-09-30": "1.04950", "2017-06-30": "1.09480", "2017-03-31": "1.07950", "2016-12-31": "1.18260", "2016-09-30": "1.15700", "2016-06-30": "1.10840", "2016-03-31": "1.19870", "2015-12-31": "1.25850", "2015-09-30": "1.43480", "2015-06-30": "1.29510", "2015-03-31": "1.29980", "2014-12-31": "1.36560", "2014-09-30": "1.39110", "2014-06-30": "1.45160", "2014-03-31": "1.50870", "2013-12-31": "1.64180", "2013-09-30": "1.41950", "2013-06-30": "1.56570", "2013-03-31": "1.49500", "2012-12-31": "1.42480", "2012-09-30": "1.42340", "2012-06-30": "1.46920", "2012-03-31": "1.48310", "2011-12-31": "1.55520", "2011-09-30": "1.53340", "2011-06-30": "1.62230", "2011-03-31": "1.60310", "2010-12-31": "1.59950", "2010-09-30": "1.48530", "2010-06-30": "1.50710", "2010-03-31": "1.39050", "2009-12-31": "1.42580", "2009-09-30": "1.36990", "2009-06-30": "1.31400", "2009-03-31": "1.39920", "2008-12-31": "1.22510", "2008-09-30": "1.51450", "2008-06-30": "1.54420", "2008-03-31": "1.42270", "2007-12-31": "1.31420", "2007-09-30": "1.51220", "2007-06-30": "1.42190", "2007-03-31": "1.04920", "2006-12-31": "1.48410", "2006-09-30": "1.30550", "2006-06-30": "1.10630", "2006-03-31": "1.92720", "2005-12-31": "1.83090", "2005-09-30": "1.65870", "2005-06-30": "1.66120", "2005-03-31": "1.60550"}, "Long-term Debt / Capital": {"2020-09-30": "0.47110", "2020-06-30": "0.48150", "2020-03-31": "0.50100", "2019-12-31": "0.50210", "2019-09-30": "0.50500", "2019-06-30": "0.52080", "2019-03-31": "0.53080", "2018-12-31": "0.54960", "2018-09-30": "0.62390", "2018-06-30": "0.63360", "2018-03-31": "0.61410", "2017-12-31": "0.37040", "2017-09-30": "0.40140", "2017-06-30": "0.42870", "2017-03-31": "0.43090", "2016-12-31": "0.41020", "2016-09-30": "0.41600", "2016-06-30": "0.42410", "2016-03-31": "0.42160", "2015-12-31": "0.41380", "2015-09-30": "0.41860", "2015-06-30": "0.23850", "2015-03-31": "0.24010", "2014-12-31": "0.23450", "2014-09-30": "0.23500", "2014-06-30": "0.24320", "2014-03-31": "0.25160", "2013-12-31": "0.25290", "2013-09-30": "0.18620", "2013-06-30": "0.19390", "2013-03-31": "0.19660", "2012-12-31": "0.19520", "2012-09-30": "0.19970", "2012-06-30": "0.19540", "2012-03-31": "0.19480", "2011-12-31": "0.19480", "2011-09-30": "0.21340", "2011-06-30": "0.21000", "2011-03-31": "0.18610", "2010-12-31": "0.18670", "2010-09-30": "0.19110", "2010-06-30": "0.20860", "2010-03-31": "0.19150", "2009-12-31": "0.19670", "2009-09-30": "0.19710", "2009-06-30": "0.16810", "2009-03-31": "0.20420", "2008-12-31": "0.18900", "2008-09-30": "0.19260", "2008-06-30": "0.20190", "2008-03-31": "0.20610", "2007-12-31": "0.21050", "2007-09-30": "0.20390", "2007-06-30": "0.20770", "2007-03-31": "0.07840", "2006-12-31": "0.22450", "2006-09-30": "0.25800", "2006-06-30": "0.16390", "2006-03-31": "0.15440", "2005-12-31": "0.16060", "2005-09-30": "0.16990", "2005-06-30": "0.17500", "2005-03-31": "0.18080"}, "Debt/Equity Ratio": {"2020-09-30": "0.96940", "2020-06-30": "1.04850", "2020-03-31": "1.09690", "2019-12-31": "1.06720", "2019-09-30": "1.09730", "2019-06-30": "1.15720", "2019-03-31": "1.24630", "2018-12-31": "1.25430", "2018-09-30": "1.71720", "2018-06-30": "1.82830", "2018-03-31": "1.68300", "2017-12-31": "0.71630", "2017-09-30": "0.73960", "2017-06-30": "0.78380", "2017-03-31": "0.81060", "2016-12-31": "0.74740", "2016-09-30": "0.74350", "2016-06-30": "0.82370", "2016-03-31": "0.76240", "2015-12-31": "0.73820", "2015-09-30": "0.73220", "2015-06-30": "0.35400", "2015-03-31": "0.34500", "2014-12-31": "0.33950", "2014-09-30": "0.34260", "2014-06-30": "0.35070", "2014-03-31": "0.35090", "2013-12-31": "0.35330", "2013-09-30": "0.26480", "2013-06-30": "0.24100", "2013-03-31": "0.25290", "2012-12-31": "0.26100", "2012-09-30": "0.27200", "2012-06-30": "0.24830", "2012-03-31": "0.24210", "2011-12-31": "0.26320", "2011-09-30": "0.28720", "2011-06-30": "0.28980", "2011-03-31": "0.25780", "2010-12-31": "0.26680", "2010-09-30": "0.30410", "2010-06-30": "0.33340", "2010-03-31": "0.31860", "2009-12-31": "0.31240", "2009-09-30": "0.33530", "2009-06-30": "0.30530", "2009-03-31": "0.31530", "2008-12-31": "0.34000", "2008-09-30": "0.28830", "2008-06-30": "0.28400", "2008-03-31": "0.30290", "2007-12-31": "0.33470", "2007-09-30": "0.27940", "2007-06-30": "0.29340", "2007-03-31": "0.20010", "2006-12-31": "0.50990", "2006-09-30": "0.68750", "2006-06-30": "0.69250", "2006-03-31": "0.24600", "2005-12-31": "0.26280", "2005-09-30": "0.35080", "2005-06-30": "0.37000", "2005-03-31": "0.40150"}, "Gross Margin": {"2020-09-30": "38.94660", "2020-06-30": "38.41230", "2020-03-31": "39.55960", "2019-12-31": "37.11220", "2019-09-30": "37.60690", "2019-06-30": "38.56320", "2019-03-31": "39.57920", "2018-12-31": "25.46670", "2018-09-30": "16.82040", "2018-06-30": "17.14760", "2018-03-31": "18.00930", "2017-12-31": "22.15430", "2017-09-30": "15.41110", "2017-06-30": "15.16030", "2017-03-31": "14.76170", "2016-12-31": "21.22590", "2016-09-30": "16.79260", "2016-06-30": "16.04350", "2016-03-31": "15.60570", "2015-12-31": "17.74460", "2015-09-30": "17.23680", "2015-06-30": "17.22400", "2015-03-31": "16.96580", "2014-12-31": "17.90040", "2014-09-30": "18.46890", "2014-06-30": "18.27640", "2014-03-31": "18.17740", "2013-12-31": "19.30550", "2013-09-30": "18.87450", "2013-06-30": "18.69240", "2013-03-31": "18.13600", "2012-12-31": "20.00890", "2012-09-30": "18.68200", "2012-06-30": "17.74110", "2012-03-31": "16.60170", "2011-12-31": "19.63460", "2011-09-30": "19.41220", "2011-06-30": "19.25490", "2011-03-31": "18.45500", "2010-12-31": "22.37860", "2010-09-30": "21.15050", "2010-06-30": "20.91060", "2010-03-31": "19.97480", "2009-12-31": "21.91400", "2009-09-30": "20.33930", "2009-06-30": "20.31280", "2009-03-31": "20.29580", "2008-12-31": "21.63510", "2008-09-30": "21.09240", "2008-06-30": "20.68660", "2008-03-31": "20.13040", "2007-12-31": "20.28490", "2007-09-30": "20.46920", "2007-06-30": "20.08620", "2007-03-31": "25.04590", "2006-12-31": "27.03540", "2006-09-30": "27.08230", "2006-06-30": "26.45390", "2006-03-31": "26.54520", "2005-12-31": "25.63990", "2005-09-30": "26.76580", "2005-06-30": "26.50190", "2005-03-31": "25.92840"}, "Operating Margin": {"2020-09-30": "4.84520", "2020-06-30": "7.16240", "2020-03-31": "5.18010", "2019-12-31": "4.54040", "2019-09-30": "4.51780", "2019-06-30": "5.25300", "2019-03-31": "4.36360", "2018-12-31": "1.51400", "2018-09-30": "5.42010", "2018-06-30": "-2.92610", "2018-03-31": "4.36350", "2017-12-31": "6.46410", "2017-09-30": "5.41130", "2017-06-30": "4.63390", "2017-03-31": "4.02790", "2016-12-31": "6.56650", "2016-09-30": "6.32970", "2016-06-30": "5.39050", "2016-03-31": "5.05610", "2015-12-31": "6.68370", "2015-09-30": "6.03200", "2015-06-30": "6.08570", "2015-03-31": "5.86810", "2014-12-31": "6.26370", "2014-09-30": "6.41330", "2014-06-30": "6.38110", "2014-03-31": "6.19170", "2013-12-31": "6.75300", "2013-09-30": "6.74560", "2013-06-30": "6.31080", "2013-03-31": "5.50880", "2012-12-31": "7.27830", "2012-09-30": "6.00130", "2012-06-30": "5.56100", "2012-03-31": "4.55870", "2011-12-31": "6.91950", "2011-09-30": "5.93840", "2011-06-30": "5.61820", "2011-03-31": "5.07880", "2010-12-31": "7.19340", "2010-09-30": "6.23340", "2010-06-30": "6.25230", "2010-03-31": "5.93430", "2009-12-31": "7.43640", "2009-09-30": "6.35500", "2009-06-30": "6.43320", "2009-03-31": "5.88610", "2008-12-31": "7.17250", "2008-09-30": "7.02760", "2008-06-30": "6.99190", "2008-03-31": "6.42460", "2007-12-31": "6.72930", "2007-09-30": "6.20190", "2007-06-30": "6.32650", "2007-03-31": "5.58440", "2006-12-31": "6.20850", "2006-09-30": "4.78910", "2006-06-30": "5.63210", "2006-03-31": "5.61670", "2005-12-31": "6.19680", "2005-09-30": "4.89280", "2005-06-30": "5.23700", "2005-03-31": "5.44310"}, "EBIT Margin": {"2020-09-30": "4.84520", "2020-06-30": "7.16240", "2020-03-31": "5.18010", "2019-12-31": "4.54040", "2019-09-30": "4.51780", "2019-06-30": "5.25300", "2019-03-31": "4.36360", "2018-12-31": "1.51400", "2018-09-30": "5.42010", "2018-06-30": "-2.92610", "2018-03-31": "4.36350", "2017-12-31": "6.46410", "2017-09-30": "5.41130", "2017-06-30": "4.63390", "2017-03-31": "4.02790", "2016-12-31": "6.56650", "2016-09-30": "6.32970", "2016-06-30": "5.39050", "2016-03-31": "5.05610", "2015-12-31": "6.68370", "2015-09-30": "6.03200", "2015-06-30": "6.08570", "2015-03-31": "5.86810", "2014-12-31": "6.26370", "2014-09-30": "6.41330", "2014-06-30": "6.38110", "2014-03-31": "6.19170", "2013-12-31": "6.75300", "2013-09-30": "6.74560", "2013-06-30": "6.31080", "2013-03-31": "5.50880", "2012-12-31": "7.27830", "2012-09-30": "6.00130", "2012-06-30": "5.56100", "2012-03-31": "4.55870", "2011-12-31": "6.91950", "2011-09-30": "5.93840", "2011-06-30": "5.61820", "2011-03-31": "5.07880", "2010-12-31": "7.19340", "2010-09-30": "6.23340", "2010-06-30": "6.25230", "2010-03-31": "5.93430", "2009-12-31": "7.43640", "2009-09-30": "6.35500", "2009-06-30": "6.43320", "2009-03-31": "5.88610", "2008-12-31": "7.17250", "2008-09-30": "7.02760", "2008-06-30": "6.99190", "2008-03-31": "6.42460", "2007-12-31": "6.72930", "2007-09-30": "6.20190", "2007-06-30": "6.32650", "2007-03-31": "5.58440", "2006-12-31": "6.20850", "2006-09-30": "4.78910", "2006-06-30": "5.63210", "2006-03-31": "5.61670", "2005-12-31": "6.19680", "2005-09-30": "4.89280", "2005-06-30": "5.23700", "2005-03-31": "5.44310"}, "EBITDA Margin": {"2020-09-30": "", "2020-06-30": "", "2020-03-31": "", "2019-12-31": "", "2019-09-30": "", "2019-06-30": "", "2019-03-31": "", "2018-12-31": "", "2018-09-30": "", "2018-06-30": "", "2018-03-31": "", "2017-12-31": "", "2017-09-30": "", "2017-06-30": "", "2017-03-31": "", "2016-12-31": "", "2016-09-30": "", "2016-06-30": "", "2016-03-31": "", "2015-12-31": "", "2015-09-30": "", "2015-06-30": "", "2015-03-31": "", "2014-12-31": "", "2014-09-30": "", "2014-06-30": "", "2014-03-31": "", "2013-12-31": "", "2013-09-30": "", "2013-06-30": "", "2013-03-31": "", "2012-12-31": "", "2012-09-30": "", "2012-06-30": "", "2012-03-31": "", "2011-12-31": "", "2011-09-30": "", "2011-06-30": "", "2011-03-31": "", "2010-12-31": "", "2010-09-30": "", "2010-06-30": "", "2010-03-31": "", "2009-12-31": "", "2009-09-30": "", "2009-06-30": "", "2009-03-31": "", "2008-12-31": "", "2008-09-30": "", "2008-06-30": "", "2008-03-31": "", "2007-12-31": "", "2007-09-30": "", "2007-06-30": "", "2007-03-31": "", "2006-12-31": "", "2006-09-30": "", "2006-06-30": "", "2006-03-31": "", "2005-12-31": "", "2005-09-30": "", "2005-06-30": "", "2005-03-31": ""}, "Pre-Tax Profit Margin": {"2020-09-30": "2.69330", "2020-06-30": "6.06050", "2020-03-31": "4.16300", "2019-12-31": "3.48940", "2019-09-30": "3.29120", "2019-06-30": "4.08480", "2019-03-31": "3.14540", "2018-12-31": "0.18740", "2018-09-30": "3.99870", "2018-06-30": "-4.40090", "2018-03-31": "3.21360", "2017-12-31": "5.80300", "2017-09-30": "4.46500", "2017-06-30": "4.07790", "2017-03-31": "3.44610", "2016-12-31": "5.98600", "2016-09-30": "5.52060", "2016-06-30": "3.49460", "2016-03-31": "4.38040", "2015-12-31": "5.95940", "2015-09-30": "5.35660", "2015-06-30": "5.63910", "2015-03-31": "5.49930", "2014-12-31": "5.91010", "2014-09-30": "4.48870", "2014-06-30": "5.92450", "2014-03-31": "5.70830", "2013-12-31": "6.34180", "2013-09-30": "6.36350", "2013-06-30": "5.90760", "2013-03-31": "5.09900", "2012-12-31": "5.66270", "2012-09-30": "5.55790", "2012-06-30": "5.13120", "2012-03-31": "4.13010", "2011-12-31": "6.40000", "2011-09-30": "5.35730", "2011-06-30": "5.05790", "2011-03-31": "4.55730", "2010-12-31": "6.63370", "2010-09-30": "5.65560", "2010-06-30": "5.69000", "2010-03-31": "5.39560", "2009-12-31": "6.91480", "2009-09-30": "5.85590", "2009-06-30": "5.91850", "2009-03-31": "5.27910", "2008-12-31": "6.54830", "2008-09-30": "6.48740", "2008-06-30": "6.44930", "2008-03-31": "5.81070", "2007-12-31": "6.10170", "2007-09-30": "5.57980", "2007-06-30": "5.81500", "2007-03-31": "5.09990", "2006-12-31": "5.53650", "2006-09-30": "4.11820", "2006-06-30": "5.26860", "2006-03-31": "5.40520", "2005-12-31": "5.92040", "2005-09-30": "4.58840", "2005-06-30": "4.92680", "2005-03-31": "5.13820"}, "Net Profit Margin": {"2020-09-30": "1.82530", "2020-06-30": "4.55300", "2020-03-31": "3.00650", "2019-12-31": "2.61180", "2019-09-30": "2.36070", "2019-06-30": "3.05210", "2019-03-31": "2.30510", "2018-12-31": "-0.76990", "2018-09-30": "2.92690", "2018-06-30": "-5.46230", "2018-03-31": "2.18180", "2017-12-31": "6.79050", "2017-09-30": "2.78250", "2017-06-30": "2.40340", "2017-03-31": "2.13870", "2016-12-31": "3.71160", "2016-09-30": "3.45180", "2016-06-30": "2.11320", "2016-03-31": "2.65190", "2015-12-31": "3.64080", "2015-09-30": "3.22430", "2015-06-30": "3.42220", "2015-03-31": "3.36070", "2014-12-31": "3.56500", "2014-09-30": "2.70690", "2014-06-30": "3.60090", "2014-03-31": "3.45380", "2013-12-31": "3.85320", "2013-09-30": "3.91140", "2013-06-30": "3.59700", "2013-03-31": "3.10230", "2012-12-31": "3.55630", "2012-09-30": "3.32820", "2012-06-30": "3.14510", "2012-03-31": "2.51960", "2011-12-31": "3.76370", "2011-09-30": "3.25410", "2011-06-30": "3.08930", "2011-03-31": "2.77490", "2010-12-31": "4.22220", "2010-09-30": "3.41190", "2010-06-30": "3.41980", "2010-03-31": "3.24500", "2009-12-31": "4.15280", "2009-09-30": "4.14330", "2009-06-30": "3.56240", "2009-03-31": "3.15470", "2008-12-31": "3.93210", "2008-09-30": "3.51090", "2008-06-30": "3.64800", "2008-03-31": "3.49340", "2007-12-31": "3.69780", "2007-09-30": "3.34760", "2007-06-30": "3.47820", "2007-03-31": "3.07390", "2006-12-31": "3.42860", "2006-09-30": "2.50430", "2006-06-30": "3.16530", "2006-03-31": "3.26780", "2005-12-31": "4.13870", "2005-09-30": "2.77800", "2005-06-30": "2.98630", "2005-03-31": "3.11690"}, "Asset Turnover": {"2020-09-30": "0.28790", "2020-06-30": "0.27750", "2020-03-31": "0.28940", "2019-12-31": "0.30070", "2019-09-30": "0.29440", "2019-06-30": "0.28980", "2019-03-31": "0.28050", "2018-12-31": "0.27700", "2018-09-30": "0.36110", "2018-06-30": "0.35200", "2018-03-31": "0.33850", "2017-12-31": "0.50880", "2017-09-30": "0.49740", "2017-06-30": "0.49380", "2017-03-31": "0.48030", "2016-12-31": "0.48690", "2016-09-30": "0.47380", "2016-06-30": "0.47140", "2016-03-31": "0.46650", "2015-12-31": "0.44510", "2015-09-30": "0.41840", "2015-06-30": "0.49780", "2015-03-31": "0.49140", "2014-12-31": "0.49950", "2014-09-30": "0.47600", "2014-06-30": "0.47670", "2014-03-31": "0.44890", "2013-12-31": "0.45900", "2013-09-30": "0.47090", "2013-06-30": "0.47140", "2013-03-31": "0.46540", "2012-12-31": "0.47390", "2012-09-30": "0.46650", "2012-06-30": "0.46830", "2012-03-31": "0.46660", "2011-12-31": "0.43840", "2011-09-30": "0.40880", "2011-06-30": "0.40330", "2011-03-31": "0.40900", "2010-12-31": "0.39090", "2010-09-30": "0.38420", "2010-06-30": "0.39020", "2010-03-31": "0.38770", "2009-12-31": "0.41060", "2009-09-30": "0.39820", "2009-06-30": "0.40750", "2009-03-31": "0.38570", "2008-12-31": "0.39600", "2008-09-30": "0.37290", "2008-06-30": "0.38810", "2008-03-31": "0.39080", "2007-12-31": "0.40100", "2007-09-30": "0.37340", "2007-06-30": "0.37910", "2007-03-31": "0.25840", "2006-12-31": "0.58660", "2006-09-30": "0.53050", "2006-06-30": "0.52040", "2006-03-31": "0.64600", "2005-12-31": "0.63680", "2005-09-30": "0.58920", "2005-06-30": "0.61780", "2005-03-31": "0.61970"}, "Inventory Turnover Ratio": {"2020-09-30": "2.34240", "2020-06-30": "2.43610", "2020-03-31": "2.37670", "2019-12-31": "2.40150", "2019-09-30": "2.52290", "2019-06-30": "2.51240", "2019-03-31": "2.41110", "2018-12-31": "2.46590", "2018-09-30": "2.66580", "2018-06-30": "2.60530", "2018-03-31": "2.53000", "2017-12-31": "2.46350", "2017-09-30": "2.76130", "2017-06-30": "2.71590", "2017-03-31": "2.65220", "2016-12-31": "2.45450", "2016-09-30": "2.58730", "2016-06-30": "2.58940", "2016-03-31": "2.62160", "2015-12-31": "2.41730", "2015-09-30": "2.40800", "2015-06-30": "2.48440", "2015-03-31": "2.46650", "2014-12-31": "2.55000", "2014-09-30": "2.45870", "2014-06-30": "2.48930", "2014-03-31": "2.39070", "2013-12-31": "2.39860", "2013-09-30": "2.39310", "2013-06-30": "2.40190", "2013-03-31": "2.37670", "2012-12-31": "2.27540", "2012-09-30": "2.34390", "2012-06-30": "2.42280", "2012-03-31": "2.40560", "2011-12-31": "2.26370", "2011-09-30": "2.07110", "2011-06-30": "2.10940", "2011-03-31": "2.05800", "2010-12-31": "1.76360", "2010-09-30": "1.76630", "2010-06-30": "1.82760", "2010-03-31": "1.85050", "2009-12-31": "1.91070", "2009-09-30": "1.96770", "2009-06-30": "2.10830", "2009-03-31": "2.05980", "2008-12-31": "2.06700", "2008-09-30": "1.97270", "2008-06-30": "2.09550", "2008-03-31": "2.13200", "2007-12-31": "2.18420", "2007-09-30": "2.06550", "2007-06-30": "2.13510", "2007-03-31": "1.33100", "2006-12-31": "1.23870", "2006-09-30": "1.16520", "2006-06-30": "1.17030", "2006-03-31": "1.28490", "2005-12-31": "1.26530", "2005-09-30": "1.15320", "2005-06-30": "1.25070", "2005-03-31": "1.22530"}, "Receiveable Turnover": {"2020-09-30": "2.81560", "2020-06-30": "2.90150", "2020-03-31": "2.89770", "2019-12-31": "3.40970", "2019-09-30": "3.27510", "2019-06-30": "3.49020", "2019-03-31": "3.15990", "2018-12-31": "3.08680", "2018-09-30": "3.20080", "2018-06-30": "3.31420", "2018-03-31": "3.27580", "2017-12-31": "3.67240", "2017-09-30": "3.71230", "2017-06-30": "3.72210", "2017-03-31": "3.67460", "2016-12-31": "3.78090", "2016-09-30": "3.27450", "2016-06-30": "3.31680", "2016-03-31": "3.31790", "2015-12-31": "3.46110", "2015-09-30": "3.01810", "2015-06-30": "3.41250", "2015-03-31": "3.57530", "2014-12-31": "3.82520", "2014-09-30": "3.23430", "2014-06-30": "3.62970", "2014-03-31": "3.59770", "2013-12-31": "3.76100", "2013-09-30": "3.97410", "2013-06-30": "4.40550", "2013-03-31": "4.63470", "2012-12-31": "4.84350", "2012-09-30": "4.71780", "2012-06-30": "5.01530", "2012-03-31": "5.04140", "2011-12-31": "4.67950", "2011-09-30": "4.52030", "2011-06-30": "4.48300", "2011-03-31": "4.80460", "2010-12-31": "4.93400", "2010-09-30": "4.63920", "2010-06-30": "4.70630", "2010-03-31": "4.61450", "2009-12-31": "4.63770", "2009-09-30": "4.32860", "2009-06-30": "4.50580", "2009-03-31": "4.36600", "2008-12-31": "4.48410", "2008-09-30": "4.34700", "2008-06-30": "4.74240", "2008-03-31": "4.61250", "2007-12-31": "4.79140", "2007-09-30": "4.54150", "2007-06-30": "4.83300", "2007-03-31": "2.94030", "2006-12-31": "5.06740", "2006-09-30": "5.10090", "2006-06-30": "5.20030", "2006-03-31": "4.95250", "2005-12-31": "5.29060", "2005-09-30": "5.03050", "2005-06-30": "5.35370", "2005-03-31": "5.11490"}, "Days Sales In Receivables": {"2020-09-30": "31.96490", "2020-06-30": "31.01880", "2020-03-31": "31.05880", "2019-12-31": "26.39490", "2019-09-30": "27.48050", "2019-06-30": "25.78650", "2019-03-31": "28.48210", "2018-12-31": "29.15610", "2018-09-30": "28.11810", "2018-06-30": "27.15610", "2018-03-31": "27.47440", "2017-12-31": "24.50710", "2017-09-30": "24.24370", "2017-06-30": "24.17990", "2017-03-31": "24.49250", "2016-12-31": "23.80380", "2016-09-30": "27.48520", "2016-06-30": "27.13480", "2016-03-31": "27.12600", "2015-12-31": "26.00360", "2015-09-30": "29.81990", "2015-06-30": "26.37360", "2015-03-31": "25.17290", "2014-12-31": "23.52800", "2014-09-30": "27.82670", "2014-06-30": "24.79540", "2014-03-31": "25.01580", "2013-12-31": "23.92960", "2013-09-30": "22.64660", "2013-06-30": "20.42920", "2013-03-31": "19.41890", "2012-12-31": "18.58160", "2012-09-30": "19.07670", "2012-06-30": "17.94490", "2012-03-31": "17.85210", "2011-12-31": "19.23280", "2011-09-30": "19.91040", "2011-06-30": "20.07570", "2011-03-31": "18.73210", "2010-12-31": "18.24070", "2010-09-30": "19.39990", "2010-06-30": "19.12320", "2010-03-31": "19.50380", "2009-12-31": "19.40610", "2009-09-30": "20.79220", "2009-06-30": "19.97440", "2009-03-31": "20.61380", "2008-12-31": "20.07100", "2008-09-30": "20.70400", "2008-06-30": "18.97760", "2008-03-31": "19.51210", "2007-12-31": "18.78350", "2007-09-30": "19.81740", "2007-06-30": "18.62180", "2007-03-31": "30.60870", "2006-12-31": "17.76060", "2006-09-30": "17.64380", "2006-06-30": "17.30670", "2006-03-31": "18.17280", "2005-12-31": "17.01150", "2005-09-30": "17.89080", "2005-06-30": "16.81090", "2005-03-31": "17.59580"}, "ROE - Return On Equity": {"2020-09-30": "1.76380", "2020-06-30": "4.36840", "2020-03-31": "3.07300", "2019-12-31": "2.71780", "2019-09-30": "2.42960", "2019-06-30": "3.13480", "2019-03-31": "2.37810", "2018-12-31": "-0.72080", "2018-09-30": "3.79550", "2018-06-30": "-7.19440", "2018-03-31": "2.58030", "2017-12-31": "8.72000", "2017-09-30": "3.68530", "2017-06-30": "3.21260", "2017-03-31": "2.84260", "2016-12-31": "4.63430", "2016-09-30": "4.28880", "2016-06-30": "2.65780", "2016-03-31": "3.18340", "2015-12-31": "4.03190", "2015-09-30": "3.32710", "2015-06-30": "3.42550", "2015-03-31": "3.30040", "2014-12-31": "3.48230", "2014-09-30": "2.48760", "2014-06-30": "3.26760", "2014-03-31": "2.95460", "2013-12-31": "3.33700", "2013-09-30": "3.25690", "2013-06-30": "2.89160", "2013-03-31": "2.49680", "2012-12-31": "2.96390", "2012-09-30": "2.73870", "2012-06-30": "2.54790", "2012-03-31": "2.03930", "2011-12-31": "2.89090", "2011-09-30": "2.31280", "2011-06-30": "2.12580", "2011-03-31": "1.86980", "2010-12-31": "2.68700", "2010-09-30": "2.22450", "2010-06-30": "2.29150", "2010-03-31": "2.16280", "2009-12-31": "2.92160", "2009-09-30": "2.86760", "2009-06-30": "2.45910", "2009-03-31": "2.10550", "2008-12-31": "2.77230", "2008-09-30": "2.44120", "2008-06-30": "2.50970", "2008-03-31": "2.34260", "2007-12-31": "2.61900", "2007-09-30": "2.11630", "2007-06-30": "2.27430", "2007-03-31": "1.20900", "2006-12-31": "4.29910", "2006-09-30": "3.08280", "2006-06-30": "3.81200", "2006-03-31": "3.87810", "2005-12-31": "5.01200", "2005-09-30": "3.26860", "2005-06-30": "3.70000", "2005-03-31": "4.03850"}, "Return On Tangible Equity": {"2020-09-30": "-2.89110", "2020-06-30": "-6.79760", "2020-03-31": "-4.25860", "2019-12-31": "-3.58110", "2019-09-30": "-3.04160", "2019-06-30": "-3.71000", "2019-03-31": "-2.63210", "2018-12-31": "0.74480", "2018-09-30": "-12.91820", "2018-06-30": "21.47350", "2018-03-31": "-7.78110", "2017-12-31": "-22.84860", "2017-09-30": "-7.73910", "2017-06-30": "-6.32750", "2017-03-31": "-5.40120", "2016-12-31": "-11.43640", "2016-09-30": "-9.74280", "2016-06-30": "-5.41520", "2016-03-31": "-7.24390", "2015-12-31": "-10.14820", "2015-09-30": "-9.19090", "2015-06-30": "-189.28570", "2015-03-31": "-137.65500", "2014-12-31": "2812.76600", "2014-09-30": "911.53850", "2014-06-30": "1246.00000", "2014-03-31": "1297.70100", "2013-12-31": "67.80930", "2013-09-30": "52.35710", "2013-06-30": "41.74400", "2013-03-31": "50.31650", "2012-12-31": "74.15280", "2012-09-30": "145.88750", "2012-06-30": "60.48840", "2012-03-31": "42.56720", "2011-12-31": "63.80510", "2011-09-30": "83.84910", "2011-06-30": "53.31150", "2011-03-31": "27.68450", "2010-12-31": "45.08230", "2010-09-30": "74.90810", "2010-06-30": "327.49010", "2010-03-31": "-4541.17700", "2009-12-31": "-2679.48700", "2009-09-30": "-675.24750", "2009-06-30": "239.62260", "2009-03-31": "-130.92600", "2008-12-31": "-69.78040", "2008-09-30": "-211.90560", "2008-06-30": "-69.37660", "2008-03-31": "-35.39680", "2007-12-31": "-26.89770", "2007-09-30": "-35.76430", "2007-06-30": "-25.61420", "2007-03-31": "18.64230", "2006-12-31": "7.71990", "2006-09-30": "5.89350", "2006-06-30": "7.44170", "2006-03-31": "5.35610", "2005-12-31": "7.08120", "2005-09-30": "4.72190", "2005-06-30": "5.48320", "2005-03-31": "6.24530"}, "ROA - Return On Assets": {"2020-09-30": "0.52340", "2020-06-30": "1.26800", "2020-03-31": "0.87240", "2019-12-31": "0.78400", "2019-09-30": "0.69460", "2019-06-30": "0.88210", "2019-03-31": "0.64930", "2018-12-31": "-0.21480", "2018-09-30": "1.05700", "2018-06-30": "-1.92210", "2018-03-31": "0.73850", "2017-12-31": "3.45520", "2017-09-30": "1.38390", "2017-06-30": "1.18560", "2017-03-31": "1.03810", "2016-12-31": "1.80710", "2016-09-30": "1.63770", "2016-06-30": "0.99620", "2016-03-31": "1.23820", "2015-12-31": "1.62270", "2015-09-30": "1.33930", "2015-06-30": "1.70350", "2015-03-31": "1.65160", "2014-12-31": "1.78200", "2014-09-30": "1.28850", "2014-06-30": "1.71640", "2014-03-31": "1.55040", "2013-12-31": "1.77000", "2013-09-30": "1.85090", "2013-06-30": "1.69720", "2013-03-31": "1.44400", "2012-12-31": "1.68530", "2012-09-30": "1.56030", "2012-06-30": "1.47280", "2012-03-31": "1.17570", "2011-12-31": "1.70430", "2011-09-30": "1.32870", "2011-06-30": "1.24150", "2011-03-31": "1.12850", "2010-12-31": "1.62940", "2010-09-30": "1.32060", "2010-06-30": "1.33610", "2010-03-31": "1.25970", "2009-12-31": "1.69530", "2009-09-30": "1.65320", "2009-06-30": "1.45650", "2009-03-31": "1.22490", "2008-12-31": "1.56360", "2008-09-30": "1.46340", "2008-06-30": "1.51190", "2008-03-31": "1.37170", "2007-12-31": "1.48930", "2007-09-30": "1.25610", "2007-06-30": "1.32510", "2007-03-31": "0.80120", "2006-12-31": "2.02780", "2006-09-30": "1.34520", "2006-06-30": "1.66440", "2006-03-31": "2.13360", "2005-12-31": "2.65910", "2005-09-30": "1.65970", "2005-06-30": "1.86850", "2005-03-31": "1.95510"}, "ROI - Return On Investment": {"2020-09-30": "0.93290", "2020-06-30": "2.26490", "2020-03-31": "1.53340", "2019-12-31": "1.35330", "2019-09-30": "1.20260", "2019-06-30": "1.50230", "2019-03-31": "1.11580", "2018-12-31": "-0.32460", "2018-09-30": "1.42760", "2018-06-30": "-2.63630", "2018-03-31": "0.99570", "2017-12-31": "5.48970", "2017-09-30": "2.20590", "2017-06-30": "1.83540", "2017-03-31": "1.61780", "2016-12-31": "2.73340", "2016-09-30": "2.50470", "2016-06-30": "1.53070", "2016-03-31": "1.84120", "2015-12-31": "2.36330", "2015-09-30": "1.93430", "2015-06-30": "2.60840", "2015-03-31": "2.50800", "2014-12-31": "2.66570", "2014-09-30": "1.90290", "2014-06-30": "2.47300", "2014-03-31": "2.21130", "2013-12-31": "2.49320", "2013-09-30": "2.65030", "2013-06-30": "2.33090", "2013-03-31": "2.00580", "2012-12-31": "2.38530", "2012-09-30": "2.19180", "2012-06-30": "2.05000", "2012-03-31": "1.64200", "2011-12-31": "2.32760", "2011-09-30": "1.81940", "2011-06-30": "1.67930", "2011-03-31": "1.52190", "2010-12-31": "2.18550", "2010-09-30": "1.79950", "2010-06-30": "1.81350", "2010-03-31": "1.74870", "2009-12-31": "2.34700", "2009-09-30": "2.30240", "2009-06-30": "2.04570", "2009-03-31": "1.67550", "2008-12-31": "2.23590", "2008-09-30": "1.95960", "2008-06-30": "1.99110", "2008-03-31": "1.84810", "2007-12-31": "2.05440", "2007-09-30": "1.67430", "2007-06-30": "1.79020", "2007-03-31": "1.10730", "2006-12-31": "3.26240", "2006-09-30": "2.23530", "2006-06-30": "3.11080", "2006-03-31": "3.19630", "2005-12-31": "4.09460", "2005-09-30": "2.63680", "2005-06-30": "2.96280", "2005-03-31": "3.20680"}, "Book Value Per Share": {"2020-09-30": "52.79760", "2020-06-30": "52.29920", "2020-03-31": "50.17170", "2019-12-31": "49.28570", "2019-09-30": "48.37280", "2019-06-30": "47.42030", "2019-03-31": "46.22960", "2018-12-31": "45.20700", "2018-09-30": "35.93920", "2018-06-30": "35.01570", "2018-03-31": "38.06790", "2017-12-31": "37.17460", "2017-09-30": "34.42050", "2017-06-30": "33.64240", "2017-03-31": "32.95230", "2016-12-31": "34.71630", "2016-09-30": "33.72800", "2016-06-30": "32.64410", "2016-03-31": "33.33120", "2015-12-31": "33.79020", "2015-09-30": "33.49550", "2015-06-30": "33.21380", "2015-03-31": "32.82610", "2014-12-31": "33.30090", "2014-09-30": "33.05200", "2014-06-30": "32.87240", "2014-03-31": "32.57630", "2013-12-31": "32.15090", "2013-09-30": "32.00500", "2013-06-30": "31.70820", "2013-03-31": "31.11480", "2012-12-31": "30.58730", "2012-09-30": "29.62760", "2012-06-30": "29.82930", "2012-03-31": "29.49850", "2011-12-31": "29.31510", "2011-09-30": "28.65980", "2011-06-30": "28.41310", "2011-03-31": "28.00520", "2010-12-31": "27.65960", "2010-09-30": "26.97870", "2010-06-30": "26.45430", "2010-03-31": "26.03500", "2009-12-31": "25.71390", "2009-09-30": "25.14510", "2009-06-30": "24.77010", "2009-03-31": "24.21440", "2008-12-31": "24.07660", "2008-09-30": "23.46580", "2008-06-30": "22.99500", "2008-03-31": "22.47440", "2007-12-31": "21.80500", "2007-09-30": "22.06290", "2007-06-30": "21.65160", "2007-03-31": "22.08020", "2006-12-31": "12.01060", "2006-09-30": "11.45960", "2006-06-30": "11.08350", "2006-03-31": "10.36610", "2005-12-31": "10.23100", "2005-09-30": "9.77270", "2005-06-30": "9.46660", "2005-03-31": "9.14210"}, "Operating Cash Flow Per Share": {"2020-09-30": 1.4191, "2020-06-30": 5.4139, "2020-03-31": "2.51910", "2019-12-31": 2.0184, "2019-09-30": 2.2308, "2019-06-30": 4.0998, "2019-03-31": "1.49620", "2018-12-31": 2.2429, "2018-09-30": 1.053, "2018-06-30": 2.8844, "2018-03-31": "2.31110", "2017-12-31": -0.164, "2017-09-30": 2.581, "2017-06-30": 1.9888, "2017-03-31": "3.41350", "2016-12-31": 1.9241, "2016-09-30": 3.6735, "2016-06-30": 1.5816, "2016-03-31": "2.21930", "2015-12-31": 3.265, "2015-09-30": 1.6498, "2015-06-30": 0.9222, "2015-03-31": "1.74650", "2014-12-31": 2.9109, "2014-09-30": 1.4357, "2014-06-30": 0.7889, "2014-03-31": "1.82520", "2013-12-31": 1.2545, "2013-09-30": 1.4059, "2013-06-30": 0.7351, "2013-03-31": "1.32150", "2012-12-31": 1.3341, "2012-09-30": 0.7564, "2012-06-30": 0.9929, "2012-03-31": "2.12830", "2011-12-31": 0.5899, "2011-09-30": 1.5046, "2011-06-30": 0.8918, "2011-03-31": "1.36110", "2010-12-31": 1.2747, "2010-09-30": 0.9454, "2010-06-30": 0.4912, "2010-03-31": "0.75930", "2009-12-31": 1.2395, "2009-09-30": 0.6445, "2009-06-30": 0.374, "2009-03-31": "0.52480", "2008-12-31": 1.2048, "2008-09-30": 0.5343, "2008-06-30": 0.4431, "2008-03-31": "0.50470", "2007-12-31": 1.1231, "2007-09-30": 0.3058, "2007-06-30": 0.1723, "2007-03-31": "0.75300", "2006-12-31": 0.8811, "2006-09-30": 0.3104, "2006-06-30": 0.6483, "2006-03-31": "0.20240", "2005-12-31": 0.9078, "2005-09-30": 0.2937, "2005-06-30": 0.6629, "2005-03-31": "0.05110"}, "Free Cash Flow Per Share": {"2020-09-30": 1.0137, "2020-06-30": 5.0739, "2020-03-31": "1.95350", "2019-12-31": 1.584, "2019-09-30": 1.7725, "2019-06-30": 3.6598, "2019-03-31": "0.94620", "2018-12-31": 1.7124, "2018-09-30": 0.5282, "2018-06-30": 2.4615, "2018-03-31": "1.83810", "2017-12-31": -0.6723, "2017-09-30": 2.0707, "2017-06-30": 1.5711, "2017-03-31": "2.97680", "2016-12-31": 1.3401, "2016-09-30": 3.2112, "2016-06-30": 1.109, "2016-03-31": "1.67700", "2015-12-31": 2.4981, "2015-09-30": 1.1654, "2015-06-30": 0.4642, "2015-03-31": "1.38470", "2014-12-31": 2.3199, "2014-09-30": 0.9618, "2014-06-30": 0.3578, "2014-03-31": "1.50340", "2013-12-31": 0.7544, "2013-09-30": 0.9733, "2013-06-30": 0.3457, "2013-03-31": "1.06930", "2012-12-31": 0.7976, "2012-09-30": 0.3606, "2012-06-30": 0.6445, "2012-03-31": "1.84110", "2011-12-31": 0.0741, "2011-09-30": 1.1542, "2011-06-30": 0.588, "2011-03-31": "1.14440", "2010-12-31": 0.8513, "2010-09-30": 0.5699, "2010-06-30": 0.1459, "2010-03-31": "0.47210", "2009-12-31": 0.7106, "2009-09-30": 0.1732, "2009-06-30": -0.05, "2009-03-31": "0.20760", "2008-12-31": 0.7299, "2008-09-30": 0.1756, "2008-06-30": 0.0654, "2008-03-31": "0.23200", "2007-12-31": 0.6179, "2007-09-30": -0.0002, "2007-06-30": -0.0003, "2007-03-31": "0.42120", "2006-12-31": 0.1126, "2006-09-30": -0.2152, "2006-06-30": 0.2035, "2006-03-31": "-0.13200", "2005-12-31": 0.4805, "2005-09-30": -0.1867, "2005-06-30": 0.1681, "2005-03-31": "-0.32320"}}, "revenue": {"CVS Health Annual Revenue (Millions of US $)": {"2019": "$256,776", "2018": "$194,579", "2017": "$184,786", "2016": "$177,546", "2015": "$153,290", "2014": "$139,367", "2013": "$126,761", "2012": "$123,120", "2011": "$107,080", "2010": "$95,778", "2009": "$98,215", "2008": "$87,472", "2007": "$76,330", "2006": "$43,821", "2005": "$37,007"}, "CVS Health Quarterly Revenue (Millions of US $)": {"2020-09-30": "$67,056", "2020-06-30": "$65,341", "2020-03-31": "$66,755", "2019-12-31": "$66,889", "2019-09-30": "$64,810", "2019-06-30": "$63,431", "2019-03-31": "$61,646", "2018-12-31": "$54,424", "2018-09-30": "$47,490", "2018-06-30": "$46,922", "2018-03-31": "$45,743", "2017-12-31": "$48,406", "2017-09-30": "$46,181", "2017-06-30": "$45,685", "2017-03-31": "$44,514", "2016-12-31": "$45,991", "2016-09-30": "$44,615", "2016-06-30": "$43,725", "2016-03-31": "$43,215", "2015-12-31": "$41,145", "2015-09-30": "$38,644", "2015-06-30": "$37,169", "2015-03-31": "$36,332", "2014-12-31": "$37,055", "2014-09-30": "$35,021", "2014-06-30": "$34,602", "2014-03-31": "$32,689", "2013-12-31": "$32,830", "2013-09-30": "$31,932", "2013-06-30": "$31,248", "2013-03-31": "$30,751", "2012-12-31": "$31,381", "2012-09-30": "$30,227", "2012-06-30": "$30,714", "2012-03-31": "$30,798", "2011-12-31": "$28,297", "2011-09-30": "$26,674", "2011-06-30": "$26,414", "2011-03-31": "$25,695", "2010-12-31": "$24,300", "2010-09-30": "$23,711", "2010-06-30": "$24,007", "2010-03-31": "$23,760", "2009-12-31": "$25,308", "2009-09-30": "$24,642", "2009-06-30": "$24,871", "2009-03-31": "$23,394", "2008-12-31": "$24,142", "2008-09-30": "$20,863", "2008-06-30": "$21,140", "2008-03-31": "$21,326", "2007-12-31": "$21,943", "2007-09-30": "$20,495", "2007-06-30": "$20,703", "2007-03-31": "$13,189", "2006-12-31": "$12,069", "2006-09-30": "$11,209", "2006-06-30": "$10,564", "2006-03-31": "$9,979", "2005-12-31": "$9,732", "2005-09-30": "$8,970", "2005-06-30": "$9,122", "2005-03-31": "$9,182"}}, "gross-profit": {"CVS Health Annual Gross Profit (Millions of US $)": {"2019": "$98,057", "2018": "$38,132", "2017": "$31,338", "2016": "$31,013", "2015": "$26,528", "2014": "$25,367", "2013": "$23,783", "2012": "$22,488", "2011": "$20,562", "2010": "$20,219", "2009": "$20,358", "2008": "$18,290", "2007": "$16,108", "2006": "$11,742", "2005": "$9,695"}, "CVS Health Quarterly Gross Profit (Millions of US $)": {"2020-09-30": "$26,116", "2020-06-30": "$25,099", "2020-03-31": "$26,408", "2019-12-31": "$24,824", "2019-09-30": "$24,373", "2019-06-30": "$24,461", "2019-03-31": "$24,399", "2018-12-31": "$13,860", "2018-09-30": "$7,988", "2018-06-30": "$8,046", "2018-03-31": "$8,238", "2017-12-31": "$10,724", "2017-09-30": "$7,117", "2017-06-30": "$6,926", "2017-03-31": "$6,571", "2016-12-31": "$9,762", "2016-09-30": "$7,492", "2016-06-30": "$7,015", "2016-03-31": "$6,744", "2015-12-31": "$7,301", "2015-09-30": "$6,661", "2015-06-30": "$6,402", "2015-03-31": "$6,164", "2014-12-31": "$6,633", "2014-09-30": "$6,468", "2014-06-30": "$6,324", "2014-03-31": "$5,942", "2013-12-31": "$6,338", "2013-09-30": "$6,027", "2013-06-30": "$5,841", "2013-03-31": "$5,577", "2012-12-31": "$6,279", "2012-09-30": "$5,647", "2012-06-30": "$5,449", "2012-03-31": "$5,113", "2011-12-31": "$5,556", "2011-09-30": "$5,178", "2011-06-30": "$5,086", "2011-03-31": "$4,742", "2010-12-31": "$5,438", "2010-09-30": "$5,015", "2010-06-30": "$5,020", "2010-03-31": "$4,746", "2009-12-31": "$5,546", "2009-09-30": "$5,012", "2009-06-30": "$5,052", "2009-03-31": "$4,748", "2008-12-31": "$5,223", "2008-09-30": "$4,401", "2008-06-30": "$4,373", "2008-03-31": "$4,293", "2007-12-31": "$4,451", "2007-09-30": "$4,195", "2007-06-30": "$4,159", "2007-03-31": "$3,303", "2006-12-31": "$3,263", "2006-09-30": "$3,036", "2006-06-30": "$2,795", "2006-03-31": "$2,649", "2005-12-31": "$2,495", "2005-09-30": "$2,401", "2005-06-30": "$2,417", "2005-03-31": "$2,381"}}, "operating-income": {"CVS Health Annual Operating Income (Millions of US $)": {"2019": "$11,987", "2018": "$4,021", "2017": "$9,538", "2016": "$10,386", "2015": "$9,475", "2014": "$8,799", "2013": "$8,037", "2012": "$7,210", "2011": "$6,331", "2010": "$6,137", "2009": "$6,425", "2008": "$6,046", "2007": "$4,794", "2006": "$2,442", "2005": "$2,020"}, "CVS Health Quarterly Operating Income (Millions of US $)": {"2020-09-30": "$3,249", "2020-06-30": "$4,680", "2020-03-31": "$3,458", "2019-12-31": "$3,037", "2019-09-30": "$2,928", "2019-06-30": "$3,332", "2019-03-31": "$2,690", "2018-12-31": "$824", "2018-09-30": "$2,574", "2018-06-30": "$-1,373", "2018-03-31": "$1,996", "2017-12-31": "$3,129", "2017-09-30": "$2,499", "2017-06-30": "$2,117", "2017-03-31": "$1,793", "2016-12-31": "$3,020", "2016-09-30": "$2,824", "2016-06-30": "$2,357", "2016-03-31": "$2,185", "2015-12-31": "$2,750", "2015-09-30": "$2,331", "2015-06-30": "$2,262", "2015-03-31": "$2,132", "2014-12-31": "$2,321", "2014-09-30": "$2,246", "2014-06-30": "$2,208", "2014-03-31": "$2,024", "2013-12-31": "$2,217", "2013-09-30": "$2,154", "2013-06-30": "$1,972", "2013-03-31": "$1,694", "2012-12-31": "$2,284", "2012-09-30": "$1,814", "2012-06-30": "$1,708", "2012-03-31": "$1,404", "2011-12-31": "$1,958", "2011-09-30": "$1,584", "2011-06-30": "$1,484", "2011-03-31": "$1,305", "2010-12-31": "$1,748", "2010-09-30": "$1,478", "2010-06-30": "$1,501", "2010-03-31": "$1,410", "2009-12-31": "$1,882", "2009-09-30": "$1,566", "2009-06-30": "$1,600", "2009-03-31": "$1,377", "2008-12-31": "$1,732", "2008-09-30": "$1,466", "2008-06-30": "$1,478", "2008-03-31": "$1,370", "2007-12-31": "$1,477", "2007-09-30": "$1,271", "2007-06-30": "$1,310", "2007-03-31": "$736", "2006-12-31": "$749", "2006-09-30": "$537", "2006-06-30": "$595", "2006-03-31": "$561", "2005-12-31": "$603", "2005-09-30": "$439", "2005-06-30": "$478", "2005-03-31": "$500"}}, "ebitda": {"CVS Health Annual EBITDA (Millions of US $)": {"2019": "$16,358", "2018": "$12,888", "2017": "$12,198", "2016": "$12,861", "2015": "$11,567", "2014": "$10,730", "2013": "$9,907", "2012": "$8,963", "2011": "$7,899", "2010": "$7,606", "2009": "$7,814", "2008": "$7,320", "2007": "$5,889", "2006": "$3,175", "2005": "$2,609"}, "CVS Health Quarterly EBITDA (Millions of US $)": {"2020-09-30": "$4,363", "2020-06-30": "$5,782", "2020-03-31": "$4,544", "2019-12-31": "$4,133", "2019-09-30": "$4,020", "2019-06-30": "$4,404", "2019-03-31": "$3,801", "2018-12-31": "$3,859", "2018-09-30": "$3,194", "2018-06-30": "$3,195", "2018-03-31": "$2,640", "2017-12-31": "$3,797", "2017-09-30": "$3,114", "2017-06-30": "$2,875", "2017-03-31": "$2,412", "2016-12-31": "$3,648", "2016-09-30": "$3,435", "2016-06-30": "$2,976", "2016-03-31": "$2,802", "2015-12-31": "$3,332", "2015-09-30": "$2,863", "2015-06-30": "$2,750", "2015-03-31": "$2,622", "2014-12-31": "$2,810", "2014-09-30": "$2,723", "2014-06-30": "$2,696", "2014-03-31": "$2,501", "2013-12-31": "$2,675", "2013-09-30": "$2,615", "2013-06-30": "$2,421", "2013-03-31": "$2,196", "2012-12-31": "$2,740", "2012-09-30": "$2,257", "2012-06-30": "$2,139", "2012-03-31": "$1,827", "2011-12-31": "$2,354", "2011-09-30": "$1,991", "2011-06-30": "$1,875", "2011-03-31": "$1,679", "2010-12-31": "$2,121", "2010-09-30": "$1,848", "2010-06-30": "$1,869", "2010-03-31": "$1,768", "2009-12-31": "$2,234", "2009-09-30": "$1,867", "2009-06-30": "$1,982", "2009-03-31": "$1,731", "2008-12-31": "$2,085", "2008-09-30": "$1,777", "2008-06-30": "$1,788", "2008-03-31": "$1,669", "2007-12-31": "$1,753", "2007-09-30": "$1,573", "2007-06-30": "$1,618", "2007-03-31": "$945", "2006-12-31": "$951", "2006-09-30": "$730", "2006-06-30": "$778", "2006-03-31": "$716", "2005-12-31": "$759", "2005-09-30": "$587", "2005-06-30": "$625", "2005-03-31": "$638"}}, "net-income": {"CVS Health Annual Net Income (Millions of US $)": {"2019": "$6,634", "2018": "$-594", "2017": "$6,622", "2016": "$5,317", "2015": "$5,237", "2014": "$4,644", "2013": "$4,592", "2012": "$3,864", "2011": "$3,462", "2010": "$3,427", "2009": "$3,696", "2008": "$3,198", "2007": "$2,623", "2006": "$1,355", "2005": "$1,211"}, "CVS Health Quarterly Net Income (Millions of US $)": {"2020-09-30": "$1,224", "2020-06-30": "$2,975", "2020-03-31": "$2,007", "2019-12-31": "$1,747", "2019-09-30": "$1,530", "2019-06-30": "$1,936", "2019-03-31": "$1,421", "2018-12-31": "$-419", "2018-09-30": "$1,390", "2018-06-30": "$-2,563", "2018-03-31": "$998", "2017-12-31": "$3,287", "2017-09-30": "$1,285", "2017-06-30": "$1,098", "2017-03-31": "$952", "2016-12-31": "$1,707", "2016-09-30": "$1,540", "2016-06-30": "$924", "2016-03-31": "$1,146", "2015-12-31": "$1,498", "2015-09-30": "$1,246", "2015-06-30": "$1,272", "2015-03-31": "$1,221", "2014-12-31": "$1,321", "2014-09-30": "$948", "2014-06-30": "$1,246", "2014-03-31": "$1,129", "2013-12-31": "$1,265", "2013-09-30": "$1,249", "2013-06-30": "$1,124", "2013-03-31": "$954", "2012-12-31": "$1,116", "2012-09-30": "$1,006", "2012-06-30": "$966", "2012-03-31": "$776", "2011-12-31": "$1,065", "2011-09-30": "$868", "2011-06-30": "$816", "2011-03-31": "$713", "2010-12-31": "$1,026", "2010-09-30": "$809", "2010-06-30": "$821", "2010-03-31": "$771", "2009-12-31": "$1,051", "2009-09-30": "$1,021", "2009-06-30": "$886", "2009-03-31": "$738", "2008-12-31": "$949", "2008-09-30": "$733", "2008-06-30": "$771", "2008-03-31": "$745", "2007-12-31": "$811", "2007-09-30": "$686", "2007-06-30": "$720", "2007-03-31": "$405", "2006-12-31": "$414", "2006-09-30": "$281", "2006-06-30": "$334", "2006-03-31": "$326", "2005-12-31": "$403", "2005-09-30": "$249", "2005-06-30": "$272", "2005-03-31": "$286"}}, "eps-earnings-per-share-diluted": {"CVS Health Annual EPS": {"2019": "$5.08", "2018": "$-0.57", "2017": "$6.44", "2016": "$4.90", "2015": "$4.63", "2014": "$3.96", "2013": "$3.74", "2012": "$3.02", "2011": "$2.57", "2010": "$2.49", "2009": "$2.55", "2008": "$2.18", "2007": "$1.92", "2006": "$1.60", "2005": "$1.45"}, "CVS Health Quarterly EPS": {"2020-09-30": "$0.93", "2020-06-30": "$2.26", "2020-03-31": "$1.53", "2019-12-31": "$1.33", "2019-09-30": "$1.17", "2019-06-30": "$1.49", "2019-03-31": "$1.09", "2018-12-31": "$-0.39", "2018-09-30": "$1.36", "2018-06-30": "$-2.52", "2018-03-31": "$0.98", "2017-12-31": "$3.19", "2017-09-30": "$1.26", "2017-06-30": "$1.07", "2017-03-31": "$0.92", "2016-12-31": "$1.57", "2016-09-30": "$1.43", "2016-06-30": "$0.86", "2016-03-31": "$1.04", "2015-12-31": "$1.33", "2015-09-30": "$1.11", "2015-06-30": "$1.12", "2015-03-31": "$1.07", "2014-12-31": "$1.14", "2014-09-30": "$0.81", "2014-06-30": "$1.06", "2014-03-31": "$0.95", "2013-12-31": "$1.04", "2013-09-30": "$1.02", "2013-06-30": "$0.91", "2013-03-31": "$0.77", "2012-12-31": "$0.89", "2012-09-30": "$0.79", "2012-06-30": "$0.75", "2012-03-31": "$0.59", "2011-12-31": "$0.80", "2011-09-30": "$0.65", "2011-06-30": "$0.60", "2011-03-31": "$0.52", "2010-12-31": "$0.75", "2010-09-30": "$0.59", "2010-06-30": "$0.60", "2010-03-31": "$0.55", "2009-12-31": "$0.74", "2009-09-30": "$0.71", "2009-06-30": "$0.60", "2009-03-31": "$0.50", "2008-12-31": "$0.64", "2008-09-30": "$0.50", "2008-06-30": "$0.53", "2008-03-31": "$0.51", "2007-12-31": "$0.57", "2007-09-30": "$0.45", "2007-06-30": "$0.47", "2007-03-31": "$0.43", "2006-12-31": "$0.48", "2006-09-30": "$0.33", "2006-06-30": "$0.40", "2006-03-31": "$0.39", "2005-12-31": "$0.48", "2005-09-30": "$0.30", "2005-06-30": "$0.33", "2005-03-31": "$0.34"}}, "shares-outstanding": {"CVS Health Annual Shares Outstanding (Millions of Shares)": {"2019": "1,305", "2018": "1,044", "2017": "1,024", "2016": "1,079", "2015": "1,126", "2014": "1,169", "2013": "1,226", "2012": "1,280", "2011": "1,347", "2010": "1,377", "2009": "1,450", "2008": "1,469", "2007": "1,372", "2006": "853", "2005": "842"}, "CVS Health Quarterly Shares Outstanding (Millions of Shares)": {"2020-09-30": "1,315", "2020-06-30": "1,314", "2020-03-31": "1,312", "2019-12-31": "1,305", "2019-09-30": "1,305", "2019-06-30": "1,302", "2019-03-31": "1,302", "2018-12-31": "1,044", "2018-09-30": "1,022", "2018-06-30": "1,018", "2018-03-31": "1,019", "2017-12-31": "1,024", "2017-09-30": "1,020", "2017-06-30": "1,024", "2017-03-31": "1,035", "2016-12-31": "1,079", "2016-09-30": "1,073", "2016-06-30": "1,075", "2016-03-31": "1,099", "2015-12-31": "1,126", "2015-09-30": "1,121", "2015-06-30": "1,132", "2015-03-31": "1,136", "2014-12-31": "1,169", "2014-09-30": "1,164", "2014-06-30": "1,174", "2014-03-31": "1,190", "2013-12-31": "1,226", "2013-09-30": "1,226", "2013-06-30": "1,236", "2013-03-31": "1,241", "2012-12-31": "1,280", "2012-09-30": "1,274", "2012-06-30": "1,287", "2012-03-31": "1,309", "2011-12-31": "1,347", "2011-09-30": "1,340", "2011-06-30": "1,364", "2011-03-31": "1,371", "2010-12-31": "1,377", "2010-09-30": "1,368", "2010-06-30": "1,369", "2010-03-31": "1,396", "2009-12-31": "1,450", "2009-09-30": "1,445", "2009-06-30": "1,472", "2009-03-31": "1,469", "2008-12-31": "1,469", "2008-09-30": "1,470", "2008-06-30": "1,469", "2008-03-31": "1,468", "2007-12-31": "1,372", "2007-09-30": "1,521", "2007-06-30": "1,543", "2007-03-31": "940", "2006-12-31": "853", "2006-09-30": "855", "2006-06-30": "851", "2006-03-31": "849", "2005-12-31": "842", "2005-09-30": "845", "2005-06-30": "842", "2005-03-31": "837"}}, "total-assets": {"CVS Health Annual Total Assets (Millions of US $)": {"2019": "$222,449", "2018": "$196,456", "2017": "$95,131", "2016": "$94,462", "2015": "$92,437", "2014": "$74,187", "2013": "$71,526", "2012": "$66,221", "2011": "$64,543", "2010": "$62,169", "2009": "$61,641", "2008": "$60,960", "2007": "$54,722", "2006": "$20,574", "2005": "$15,283"}, "CVS Health Quarterly Total Assets (Millions of US $)": {"2020-09-30": "$232,898", "2020-06-30": "$235,495", "2020-03-31": "$230,639", "2019-12-31": "$222,449", "2019-09-30": "$220,113", "2019-06-30": "$218,904", "2019-03-31": "$219,768", "2018-12-31": "$196,456", "2018-09-30": "$131,506", "2018-06-30": "$133,290", "2018-03-31": "$135,139", "2017-12-31": "$95,131", "2017-09-30": "$92,853", "2017-06-30": "$92,525", "2017-03-31": "$92,670", "2016-12-31": "$94,462", "2016-09-30": "$94,156", "2016-06-30": "$92,748", "2016-03-31": "$92,634", "2015-12-31": "$92,437", "2015-09-30": "$92,362", "2015-06-30": "$74,668", "2015-03-31": "$73,930", "2014-12-31": "$74,187", "2014-09-30": "$73,576", "2014-06-30": "$72,593", "2014-03-31": "$72,822", "2013-12-31": "$71,526", "2013-09-30": "$67,805", "2013-06-30": "$66,284", "2013-03-31": "$66,068", "2012-12-31": "$66,221", "2012-09-30": "$64,796", "2012-06-30": "$65,589", "2012-03-31": "$66,006", "2011-12-31": "$64,543", "2011-09-30": "$65,251", "2011-06-30": "$65,487", "2011-03-31": "$62,828", "2010-12-31": "$62,169", "2010-09-30": "$61,713", "2010-06-30": "$61,524", "2010-03-31": "$61,284", "2009-12-31": "$61,641", "2009-09-30": "$61,879", "2009-06-30": "$61,036", "2009-03-31": "$60,656", "2008-12-31": "$60,960", "2008-09-30": "$55,952", "2008-06-30": "$54,467", "2008-03-31": "$54,567", "2007-12-31": "$54,722", "2007-09-30": "$54,892", "2007-06-30": "$54,606", "2007-03-31": "$51,036", "2006-12-31": "$20,574", "2006-09-30": "$21,127", "2006-06-30": "$20,301", "2006-03-31": "$15,448", "2005-12-31": "$15,283", "2005-09-30": "$15,226", "2005-06-30": "$14,766", "2005-03-31": "$14,818"}}, "cash-on-hand": {"CVS Health Annual Cash on Hand (Millions of US $)": {"2019": "$8,056", "2018": "$6,581", "2017": "$1,807", "2016": "$3,458", "2015": "$2,547", "2014": "$2,515", "2013": "$4,177", "2012": "$1,380", "2011": "$1,418", "2010": "$1,431", "2009": "$1,091", "2008": "$1,352", "2007": "$1,084", "2006": "$531", "2005": "$513"}, "CVS Health Quarterly Cash on Hand (Millions of US $)": {"2020-09-30": "$12,087", "2020-06-30": "$17,465", "2020-03-31": "$12,713", "2019-12-31": "$8,056", "2019-09-30": "$7,527", "2019-06-30": "$8,525", "2019-03-31": "$8,322", "2018-12-31": "$6,581", "2018-09-30": "$41,692", "2018-06-30": "$43,911", "2018-03-31": "$42,142", "2017-12-31": "$1,807", "2017-09-30": "$2,560", "2017-06-30": "$2,169", "2017-03-31": "$2,302", "2016-12-31": "$3,458", "2016-09-30": "$2,263", "2016-06-30": "$1,207", "2016-03-31": "$1,864", "2015-12-31": "$2,547", "2015-09-30": "$3,011", "2015-06-30": "$1,404", "2015-03-31": "$1,634", "2014-12-31": "$2,515", "2014-09-30": "$1,210", "2014-06-30": "$1,712", "2014-03-31": "$2,848", "2013-12-31": "$4,177", "2013-09-30": "$1,613", "2013-06-30": "$1,179", "2013-03-31": "$1,556", "2012-12-31": "$1,380", "2012-09-30": "$1,238", "2012-06-30": "$1,828", "2012-03-31": "$2,216", "2011-12-31": "$1,418", "2011-09-30": "$1,712", "2011-06-30": "$2,233", "2011-03-31": "$2,168", "2010-12-31": "$1,431", "2010-09-30": "$983", "2010-06-30": "$1,111", "2010-03-31": "$1,051", "2009-12-31": "$1,091", "2009-09-30": "$1,135", "2009-06-30": "$1,225", "2009-03-31": "$997", "2008-12-31": "$1,352", "2008-09-30": "$1,282", "2008-06-30": "$616", "2008-03-31": "$818", "2007-12-31": "$1,084", "2007-09-30": "$755", "2007-06-30": "$936", "2007-03-31": "$738", "2006-12-31": "$531", "2006-09-30": "$395", "2006-06-30": "$532", "2006-03-31": "$387", "2005-12-31": "$513", "2005-09-30": "$368", "2005-06-30": "$414", "2005-03-31": "$324"}}, "long-term-debt": {"CVS Health Annual Long Term Debt (Millions of US $)": {"2019": "$64,699", "2018": "$71,444", "2017": "$22,181", "2016": "$25,615", "2015": "$26,267", "2014": "$11,630", "2013": "$12,841", "2012": "$9,133", "2011": "$9,208", "2010": "$8,652", "2009": "$8,756", "2008": "$8,057", "2007": "$8,350", "2006": "$2,870", "2005": "$1,594"}, "CVS Health Quarterly Long Term Debt (Millions of US $)": {"2020-09-30": "$61,552", "2020-06-30": "$63,481", "2020-03-31": "$65,735", "2019-12-31": "$64,699", "2019-09-30": "$64,206", "2019-06-30": "$66,941", "2019-03-31": "$67,888", "2018-12-31": "$71,444", "2018-09-30": "$60,747", "2018-06-30": "$61,569", "2018-03-31": "$61,552", "2017-12-31": "$22,181", "2017-09-30": "$23,386", "2017-06-30": "$25,622", "2017-03-31": "$25,622", "2016-12-31": "$25,615", "2016-09-30": "$25,610", "2016-06-30": "$25,600", "2016-03-31": "$26,267", "2015-12-31": "$26,267", "2015-09-30": "$26,771", "2015-06-30": "$11,633", "2015-03-31": "$11,689", "2014-12-31": "$11,630", "2014-09-30": "$11,709", "2014-06-30": "$12,252", "2014-03-31": "$12,845", "2013-12-31": "$12,841", "2013-09-30": "$8,819", "2013-06-30": "$9,358", "2013-03-31": "$9,352", "2012-12-31": "$9,133", "2012-09-30": "$9,210", "2012-06-30": "$9,208", "2012-03-31": "$9,206", "2011-12-31": "$9,208", "2011-09-30": "$10,167", "2011-06-30": "$10,168", "2011-03-31": "$8,669", "2010-12-31": "$8,652", "2010-09-30": "$8,653", "2010-06-30": "$9,454", "2010-03-31": "$8,454", "2009-12-31": "$8,756", "2009-09-30": "$8,756", "2009-06-30": "$7,305", "2009-03-31": "$9,056", "2008-12-31": "$8,057", "2008-09-30": "$8,048", "2008-06-30": "$8,348", "2008-03-31": "$8,349", "2007-12-31": "$8,350", "2007-09-30": "$8,395", "2007-06-30": "$8,396", "2007-03-31": "$2,895", "2006-12-31": "$2,870", "2006-09-30": "$3,280", "2006-06-30": "$1,780", "2006-03-31": "$1,592", "2005-12-31": "$1,594", "2005-09-30": "$1,628", "2005-06-30": "$1,630", "2005-03-31": "$1,633"}}, "total-liabilities": {"CVS Health Annual Total Liabilities (Millions of US $)": {"2019": "$158,279", "2018": "$137,913", "2017": "$57,436", "2016": "$57,628", "2015": "$55,234", "2014": "$36,224", "2013": "$33,588", "2012": "$28,568", "2011": "$26,492", "2010": "$24,469", "2009": "$25,873", "2008": "$26,386", "2007": "$23,400", "2006": "$10,657", "2005": "$6,952"}, "CVS Health Quarterly Total Liabilities (Millions of US $)": {"2020-09-30": "$163,786", "2020-06-30": "$167,140", "2020-03-31": "$165,165", "2019-12-31": "$158,279", "2019-09-30": "$157,180", "2019-06-30": "$157,305", "2019-03-31": "$159,762", "2018-12-31": "$137,913", "2018-09-30": "$94,884", "2018-06-30": "$97,679", "2018-03-31": "$96,462", "2017-12-31": "$57,436", "2017-09-30": "$57,985", "2017-06-30": "$58,378", "2017-03-31": "$58,828", "2016-12-31": "$57,628", "2016-09-30": "$58,202", "2016-06-30": "$57,982", "2016-03-31": "$56,603", "2015-12-31": "$55,234", "2015-09-30": "$55,182", "2015-06-30": "$37,535", "2015-03-31": "$36,935", "2014-12-31": "$36,224", "2014-09-30": "$35,467", "2014-06-30": "$34,461", "2014-03-31": "$34,610", "2013-12-31": "$33,588", "2013-09-30": "$29,271", "2013-06-30": "$27,378", "2013-03-31": "$27,859", "2012-12-31": "$28,568", "2012-09-30": "$27,880", "2012-06-30": "$27,676", "2012-03-31": "$27,953", "2011-12-31": "$26,492", "2011-09-30": "$27,764", "2011-06-30": "$27,243", "2011-03-31": "$24,909", "2010-12-31": "$24,469", "2010-09-30": "$25,076", "2010-06-30": "$25,652", "2010-03-31": "$25,590", "2009-12-31": "$25,873", "2009-09-30": "$26,204", "2009-06-30": "$24,884", "2009-03-31": "$25,367", "2008-12-31": "$26,386", "2008-09-30": "$22,216", "2008-06-30": "$21,457", "2008-03-31": "$22,415", "2007-12-31": "$23,400", "2007-09-30": "$22,106", "2007-06-30": "$22,581", "2007-03-31": "$17,004", "2006-12-31": "$10,657", "2006-09-30": "$11,693", "2006-06-30": "$11,219", "2006-03-31": "$6,728", "2005-12-31": "$6,952", "2005-09-30": "$7,270", "2005-06-30": "$7,083", "2005-03-31": "$7,417"}}, "total-share-holder-equity": {"CVS Health Annual Share Holder Equity (Millions of US $)": {"2019": "$64,170", "2018": "$58,543", "2017": "$37,695", "2016": "$36,834", "2015": "$37,203", "2014": "$37,963", "2013": "$37,938", "2012": "$37,653", "2011": "$38,051", "2010": "$37,700", "2009": "$35,768", "2008": "$34,574", "2007": "$31,322", "2006": "$9,918", "2005": "$8,331"}, "CVS Health Quarterly Share Holder Equity (Millions of US $)": {"2020-09-30": "$69,112", "2020-06-30": "$68,355", "2020-03-31": "$65,474", "2019-12-31": "$64,170", "2019-09-30": "$62,933", "2019-06-30": "$61,599", "2019-03-31": "$60,006", "2018-12-31": "$58,543", "2018-09-30": "$36,622", "2018-06-30": "$35,611", "2018-03-31": "$38,677", "2017-12-31": "$37,695", "2017-09-30": "$34,868", "2017-06-30": "$34,147", "2017-03-31": "$33,842", "2016-12-31": "$36,834", "2016-09-30": "$35,954", "2016-06-30": "$34,766", "2016-03-31": "$36,031", "2015-12-31": "$37,203", "2015-09-30": "$37,180", "2015-06-30": "$37,133", "2015-03-31": "$36,995", "2014-12-31": "$37,963", "2014-09-30": "$38,109", "2014-06-30": "$38,132", "2014-03-31": "$38,212", "2013-12-31": "$37,938", "2013-09-30": "$38,534", "2013-06-30": "$38,906", "2013-03-31": "$38,209", "2012-12-31": "$37,653", "2012-09-30": "$36,916", "2012-06-30": "$37,913", "2012-03-31": "$38,053", "2011-12-31": "$38,051", "2011-09-30": "$37,487", "2011-06-30": "$38,244", "2011-03-31": "$37,919", "2010-12-31": "$37,700", "2010-09-30": "$36,637", "2010-06-30": "$35,872", "2010-03-31": "$35,694", "2009-12-31": "$35,768", "2009-09-30": "$35,675", "2009-06-30": "$36,152", "2009-03-31": "$35,289", "2008-12-31": "$34,574", "2008-09-30": "$33,736", "2008-06-30": "$33,010", "2008-03-31": "$32,152", "2007-12-31": "$31,322", "2007-09-30": "$32,786", "2007-06-30": "$32,025", "2007-03-31": "$34,031", "2006-12-31": "$9,918", "2006-09-30": "$9,434", "2006-06-30": "$9,082", "2006-03-31": "$8,720", "2005-12-31": "$8,331", "2005-09-30": "$7,956", "2005-06-30": "$7,683", "2005-03-31": "$7,401"}}, "profit-margins": {"current": "2.99%"}, "gross margin": {"2020-09-30": "38.51%", "2020-06-30": "38.18%", "2020-03-31": "38.21%", "2019-12-31": "38.19%", "2019-09-30": "35.65%", "2019-06-30": "31.15%", "2019-03-31": "25.79%", "2018-12-31": "19.60%", "2018-09-30": "18.56%", "2018-06-30": "18.22%", "2018-03-31": "17.74%", "2017-12-31": "16.96%", "2017-09-30": "16.66%", "2017-06-30": "17.01%", "2017-03-31": "17.24%", "2016-12-31": "17.47%", "2016-09-30": "16.53%", "2016-06-30": "16.63%", "2016-03-31": "16.92%", "2015-12-31": "17.31%", "2015-09-30": "17.33%", "2015-06-30": "17.63%", "2015-03-31": "17.89%", "2014-12-31": "18.20%", "2014-09-30": "18.55%", "2014-06-30": "18.65%", "2014-03-31": "18.76%", "2013-12-31": "18.76%", "2013-09-30": "18.93%", "2013-06-30": "18.89%", "2013-03-31": "18.65%", "2012-12-31": "18.27%", "2012-09-30": "18.13%", "2012-06-30": "18.28%", "2012-03-31": "18.66%", "2011-12-31": "19.20%", "2011-09-30": "19.83%", "2011-06-30": "20.26%", "2011-03-31": "20.69%", "2010-12-31": "21.11%", "2010-09-30": "21.00%", "2010-06-30": "20.80%", "2010-03-31": "20.65%", "2009-12-31": "20.73%", "2009-09-30": "20.64%", "2009-06-30": "20.83%", "2009-03-31": "20.94%", "2008-12-31": "20.91%", "2008-09-30": "20.54%", "2008-06-30": "20.39%", "2008-03-31": "20.24%", "2007-12-31": "21.10%", "2007-09-30": "22.45%", "2007-06-30": "24.07%", "2007-03-31": "26.36%", "2006-12-31": "26.80%", "2006-09-30": "26.46%", "2006-06-30": "26.35%", "2006-03-31": "26.35%", "2005-12-31": "26.20%"}, "operating margin": {"2020-09-30": "5.42%", "2020-06-30": "5.35%", "2020-03-31": "4.87%", "2019-12-31": "4.67%", "2019-09-30": "4.00%", "2019-06-30": "4.15%", "2019-03-31": "2.24%", "2018-12-31": "2.07%", "2018-09-30": "3.35%", "2018-06-30": "3.34%", "2018-03-31": "5.24%", "2017-12-31": "5.16%", "2017-09-30": "5.17%", "2017-06-30": "5.39%", "2017-03-31": "5.59%", "2016-12-31": "5.85%", "2016-09-30": "5.86%", "2016-06-30": "5.77%", "2016-03-31": "5.95%", "2015-12-31": "6.18%", "2015-09-30": "6.06%", "2015-06-30": "6.16%", "2015-03-31": "6.23%", "2014-12-31": "6.31%", "2014-09-30": "6.43%", "2014-06-30": "6.51%", "2014-03-31": "6.50%", "2013-12-31": "6.34%", "2013-09-30": "6.47%", "2013-06-30": "6.28%", "2013-03-31": "6.09%", "2012-12-31": "5.86%", "2012-09-30": "5.73%", "2012-06-30": "5.71%", "2012-03-31": "5.73%", "2011-12-31": "5.91%", "2011-09-30": "5.94%", "2011-06-30": "6.01%", "2011-03-31": "6.17%", "2010-12-31": "6.41%", "2010-09-30": "6.48%", "2010-06-30": "6.51%", "2010-03-31": "6.55%", "2009-12-31": "6.54%", "2009-09-30": "6.47%", "2009-06-30": "6.62%", "2009-03-31": "6.76%", "2008-12-31": "6.91%", "2008-09-30": "6.79%", "2008-06-30": "6.59%", "2008-03-31": "6.43%", "2007-12-31": "6.28%", "2007-09-30": "6.12%", "2007-06-30": "5.83%", "2007-03-31": "5.56%", "2006-12-31": "5.57%", "2006-09-30": "5.53%", "2006-06-30": "5.60%", "2006-03-31": "5.50%", "2005-12-31": "5.46%"}, "ebitda margin": {"2020-09-30": "7.07%", "2020-06-30": "7.01%", "2020-03-31": "6.53%", "2019-12-31": "6.37%", "2019-09-30": "6.58%", "2019-06-30": "6.72%", "2019-03-31": "6.67%", "2018-12-31": "6.62%", "2018-09-30": "6.80%", "2018-06-30": "6.81%", "2018-03-31": "6.68%", "2017-12-31": "6.60%", "2017-09-30": "6.61%", "2017-06-30": "6.84%", "2017-03-31": "6.97%", "2016-12-31": "7.24%", "2016-09-30": "7.26%", "2016-06-30": "7.18%", "2016-03-31": "7.33%", "2015-12-31": "7.55%", "2015-09-30": "7.40%", "2015-06-30": "7.49%", "2015-03-31": "7.59%", "2014-12-31": "7.70%", "2014-09-30": "7.84%", "2014-06-30": "7.94%", "2014-03-31": "7.93%", "2013-12-31": "7.82%", "2013-09-30": "7.96%", "2013-06-30": "7.78%", "2013-03-31": "7.58%", "2012-12-31": "7.28%", "2012-09-30": "7.15%", "2012-06-30": "7.13%", "2012-03-31": "7.17%", "2011-12-31": "7.38%", "2011-09-30": "7.44%", "2011-06-30": "7.51%", "2011-03-31": "7.69%", "2010-12-31": "7.94%", "2010-09-30": "7.98%", "2010-06-30": "7.92%", "2010-03-31": "7.96%", "2009-12-31": "7.96%", "2009-09-30": "7.90%", "2009-06-30": "8.12%", "2009-03-31": "8.24%", "2008-12-31": "8.37%", "2008-09-30": "8.19%", "2008-06-30": "7.99%", "2008-03-31": "7.83%", "2007-12-31": "7.72%", "2007-09-30": "7.65%", "2007-06-30": "7.42%", "2007-03-31": "7.24%", "2006-12-31": "7.25%", "2006-09-30": "7.19%", "2006-06-30": "7.24%", "2006-03-31": "7.11%", "2005-12-31": "7.05%"}, "pre tax profit margin": {"2020-09-30": "4.09%", "2020-06-30": "4.25%", "2020-03-31": "3.76%", "2019-12-31": "3.50%", "2019-09-30": "2.77%", "2019-06-30": "2.88%", "2019-03-31": "0.89%", "2018-12-31": "0.72%", "2018-09-30": "2.18%", "2018-06-30": "2.28%", "2018-03-31": "4.41%", "2017-12-31": "4.47%", "2017-09-30": "4.50%", "2017-06-30": "4.76%", "2017-03-31": "4.63%", "2016-12-31": "4.86%", "2016-09-30": "4.83%", "2016-06-30": "4.76%", "2016-03-31": "5.31%", "2015-12-31": "5.62%", "2015-09-30": "5.60%", "2015-06-30": "5.40%", "2015-03-31": "5.46%", "2014-12-31": "5.51%", "2014-09-30": "5.60%", "2014-06-30": "6.08%", "2014-03-31": "6.08%", "2013-12-31": "5.94%", "2013-09-30": "5.76%", "2013-06-30": "5.56%", "2013-03-31": "5.36%", "2012-12-31": "5.12%", "2012-09-30": "5.28%", "2012-06-30": "5.23%", "2012-03-31": "5.21%", "2011-12-31": "5.37%", "2011-09-30": "5.38%", "2011-06-30": "5.45%", "2011-03-31": "5.62%", "2010-12-31": "5.85%", "2010-09-30": "5.93%", "2010-06-30": "5.98%", "2010-03-31": "6.03%", "2009-12-31": "6.01%", "2009-09-30": "5.91%", "2009-06-30": "6.05%", "2009-03-31": "6.18%", "2008-12-31": "6.33%", "2008-09-30": "6.21%", "2008-06-30": "5.99%", "2008-03-31": "5.83%", "2007-12-31": "5.71%", "2007-09-30": "5.55%", "2007-06-30": "5.26%", "2007-03-31": "5.02%", "2006-12-31": "5.08%", "2006-09-30": "5.14%", "2006-06-30": "5.31%", "2006-03-31": "5.23%", "2005-12-31": "5.16%"}, "net profit margin": {"2020-09-30": "2.99%", "2020-06-30": "3.13%", "2020-03-31": "2.76%", "2019-12-31": "2.58%", "2019-09-30": "1.83%", "2019-06-30": "1.91%", "2019-03-31": "-0.08%", "2018-12-31": "-0.31%", "2018-09-30": "1.65%", "2018-06-30": "1.61%", "2018-03-31": "3.58%", "2017-12-31": "3.58%", "2017-09-30": "2.76%", "2017-06-30": "2.93%", "2017-03-31": "2.86%", "2016-12-31": "2.99%", "2016-09-30": "2.96%", "2016-06-30": "2.89%", "2016-03-31": "3.22%", "2015-12-31": "3.42%", "2015-09-30": "3.39%", "2015-06-30": "3.27%", "2015-03-31": "3.31%", "2014-12-31": "3.33%", "2014-09-30": "3.39%", "2014-06-30": "3.70%", "2014-03-31": "3.70%", "2013-12-31": "3.62%", "2013-09-30": "3.55%", "2013-06-30": "3.40%", "2013-03-31": "3.28%", "2012-12-31": "3.14%", "2012-09-30": "3.18%", "2012-06-30": "3.15%", "2012-03-31": "3.14%", "2011-12-31": "3.23%", "2011-09-30": "3.32%", "2011-06-30": "3.36%", "2011-03-31": "3.45%", "2010-12-31": "3.58%", "2010-09-30": "3.57%", "2010-06-30": "3.75%", "2010-03-31": "3.78%", "2009-12-31": "3.76%", "2009-09-30": "3.70%", "2009-06-30": "3.54%", "2009-03-31": "3.56%", "2008-12-31": "3.66%", "2008-09-30": "3.59%", "2008-06-30": "3.55%", "2008-03-31": "3.51%", "2007-12-31": "3.44%", "2007-09-30": "3.35%", "2007-06-30": "3.18%", "2007-03-31": "3.05%", "2006-12-31": "3.09%", "2006-09-30": "3.24%", "2006-06-30": "3.34%", "2006-03-31": "3.31%", "2005-12-31": "3.27%"}, "pe ratio": {"current": "9.09", "2021-02-05": "11.93", "2020-09-30": "9.51", "2020-06-30": "10.09", "2020-03-31": "10.42", "2019-12-31": "14.08", "2019-09-30": "17.83", "2019-06-30": "14.46", "2019-03-31": "0.00", "2018-12-31": "0.00", "2018-09-30": "23.94", "2018-06-30": "20.08", "2018-03-31": "8.67", "2017-12-31": "10.14", "2017-09-30": "15.11", "2017-06-30": "14.35", "2017-03-31": "14.51", "2016-12-31": "14.15", "2016-09-30": "16.73", "2016-06-30": "19.24", "2016-03-31": "19.59", "2015-12-31": "18.26", "2015-09-30": "18.77", "2015-06-30": "21.81", "2015-03-31": "21.70", "2014-12-31": "20.79", "2014-09-30": "17.52", "2014-06-30": "15.68", "2014-03-31": "16.11", "2013-12-31": "16.08", "2013-09-30": "13.23", "2013-06-30": "14.19", "2013-03-31": "14.27", "2012-12-31": "13.23", "2012-09-30": "13.61", "2012-06-30": "13.74", "2012-03-31": "13.87", "2011-12-31": "12.92", "2011-09-30": "10.86", "2011-06-30": "12.40", "2011-03-31": "11.28", "2010-12-31": "11.25", "2010-09-30": "10.20", "2010-06-30": "9.04", "2010-03-31": "11.24", "2009-12-31": "10.07", "2009-09-30": "11.56", "2009-06-30": "11.25", "2009-03-31": "9.99", "2008-12-31": "10.36", "2008-09-30": "12.68", "2008-06-30": "15.25", "2008-03-31": "16.06", "2007-12-31": "16.40", "2007-09-30": "16.86", "2007-06-30": "16.56", "2007-03-31": "16.14", "2006-12-31": "14.95"}, "price sales": {"2021-02-05": "0.36", "2020-09-30": "0.28", "2020-06-30": "0.32", "2020-03-31": "0.29", "2019-12-31": "0.36", "2019-09-30": "0.30", "2019-06-30": "0.27", "2019-03-31": "0.26", "2018-12-31": "0.32", "2018-09-30": "0.39", "2018-06-30": "0.32", "2018-03-31": "0.31", "2017-12-31": "0.36", "2017-09-30": "0.42", "2017-06-30": "0.42", "2017-03-31": "0.41", "2016-12-31": "0.42", "2016-09-30": "0.49", "2016-06-30": "0.55", "2016-03-31": "0.63", "2015-12-31": "0.62", "2015-09-30": "0.64", "2015-06-30": "0.71", "2015-03-31": "0.72", "2014-12-31": "0.69", "2014-09-30": "0.60", "2014-06-30": "0.58", "2014-03-31": "0.60", "2013-12-31": "0.59", "2013-09-30": "0.47", "2013-06-30": "0.49", "2013-03-31": "0.47", "2012-12-31": "0.42", "2012-09-30": "0.43", "2012-06-30": "0.44", "2012-03-31": "0.44", "2011-12-31": "0.42", "2011-09-30": "0.36", "2011-06-30": "0.42", "2011-03-31": "0.39", "2010-12-31": "0.40", "2010-09-30": "0.36", "2010-06-30": "0.34", "2010-03-31": "0.43", "2009-12-31": "0.38", "2009-09-30": "0.43", "2009-06-30": "0.40", "2009-03-31": "0.36", "2008-12-31": "0.38", "2008-09-30": "0.45", "2008-06-30": "0.53", "2008-03-31": "0.55", "2007-12-31": "0.55", "2007-09-30": "0.56", "2007-06-30": "0.52", "2007-03-31": "0.50", "2006-12-31": "0.47"}, "price book": {"current": "1.37", "2021-02-05": "1.37", "2020-09-30": "1.09", "2020-06-30": "1.21", "2020-03-31": "1.15", "2019-12-31": "1.45", "2019-09-30": "1.25", "2019-06-30": "1.09", "2019-03-31": "1.09", "2018-12-31": "1.35", "2018-09-30": "2.03", "2018-06-30": "1.69", "2018-03-31": "1.49", "2017-12-31": "1.76", "2017-09-30": "2.12", "2017-06-30": "2.14", "2017-03-31": "2.11", "2016-12-31": "2.01", "2016-09-30": "2.32", "2016-06-30": "2.56", "2016-03-31": "2.71", "2015-12-31": "2.51", "2015-09-30": "2.49", "2015-06-30": "2.72", "2015-03-31": "2.70", "2014-12-31": "2.47", "2014-09-30": "2.05", "2014-06-30": "1.95", "2014-03-31": "1.94", "2013-12-31": "1.88", "2013-09-30": "1.49", "2013-06-30": "1.51", "2013-03-31": "1.47", "2012-12-31": "1.31", "2012-09-30": "1.35", "2012-06-30": "1.29", "2012-03-31": "1.25", "2011-12-31": "1.14", "2011-09-30": "0.95", "2011-06-30": "1.07", "2011-03-31": "0.99", "2010-12-31": "1.01", "2010-09-30": "0.94", "2010-06-30": "0.89", "2010-03-31": "1.12", "2009-12-31": "1.00", "2009-09-30": "1.13", "2009-06-30": "1.02", "2009-03-31": "0.90", "2008-12-31": "0.94", "2008-09-30": "1.13", "2008-06-30": "1.35", "2008-03-31": "1.41", "2007-12-31": "1.43", "2007-09-30": "1.41", "2007-06-30": "1.32", "2007-03-31": "1.21", "2006-12-31": "2.00", "2006-09-30": "2.18", "2006-06-30": "2.15", "2006-03-31": "2.24"}, "price fcf": {"2021-02-05": "", "2020-09-30": "$9.63", "2020-06-30": "$10.38", "2020-03-31": "$8.97", "2019-12-31": "$7.96", "2019-09-30": "$8.09", "2019-06-30": "$6.85", "2019-03-31": "$5.65", "2018-12-31": "$6.54", "2018-09-30": "$4.16", "2018-06-30": "$5.70", "2018-03-31": "$4.81", "2017-12-31": "$5.95", "2017-09-30": "$7.96", "2017-06-30": "$9.10", "2017-03-31": "$8.64", "2016-12-31": "$7.34", "2016-09-30": "$8.50", "2016-06-30": "$6.45", "2016-03-31": "$5.80", "2015-12-31": "$5.51", "2015-09-30": "$5.33", "2015-06-30": "$5.13", "2015-03-31": "$5.02", "2014-12-31": "$5.14", "2014-09-30": "$3.58", "2014-06-30": "$3.59", "2014-03-31": "$3.58", "2013-12-31": "$3.14", "2013-09-30": "$3.19", "2013-06-30": "$2.57", "2013-03-31": "$2.87", "2012-12-31": "$3.64", "2012-09-30": "$2.92", "2012-06-30": "$3.71", "2012-03-31": "$3.66", "2011-12-31": "$2.96", "2011-09-30": "$3.74", "2011-06-30": "$3.15", "2011-03-31": "$2.71", "2010-12-31": "$2.04", "2010-09-30": "$1.90", "2010-06-30": "$1.50", "2010-03-31": "$1.31", "2009-12-31": "$1.04", "2009-09-30": "$1.06", "2009-06-30": "$1.06", "2009-03-31": "$1.18", "2008-12-31": "$1.20", "2008-09-30": "$1.09", "2008-06-30": "$0.92", "2008-03-31": "$0.85", "2007-12-31": "$1.04", "2007-09-30": "$0.53", "2007-06-30": "$0.32", "2007-03-31": "$0.52", "2006-12-31": "$-0.03"}, "net worth": {"value": "$94.48B"}, "current ratio": {"current": "0.95", "2020-09-30": "0.95", "2020-06-30": "0.98", "2020-03-31": "0.99", "2019-12-31": "0.94", "2019-09-30": "0.92", "2019-06-30": "0.95", "2019-03-31": "0.95", "2018-12-31": "1.03", "2018-09-30": "2.44", "2018-06-30": "2.34", "2018-03-31": "2.37", "2017-12-31": "1.02", "2017-09-30": "1.05", "2017-06-30": "1.10", "2017-03-31": "1.08", "2016-12-31": "1.18", "2016-09-30": "1.16", "2016-06-30": "1.11", "2016-03-31": "1.20", "2015-12-31": "1.26", "2015-09-30": "1.44", "2015-06-30": "1.30", "2015-03-31": "1.30", "2014-12-31": "1.37", "2014-09-30": "1.39", "2014-06-30": "1.45", "2014-03-31": "1.51", "2013-12-31": "1.64", "2013-09-30": "1.42", "2013-06-30": "1.57", "2013-03-31": "1.50", "2012-12-31": "1.43", "2012-09-30": "1.42", "2012-06-30": "1.47", "2012-03-31": "1.48", "2011-12-31": "1.56", "2011-09-30": "1.53", "2011-06-30": "1.62", "2011-03-31": "1.60", "2010-12-31": "1.60", "2010-09-30": "1.49", "2010-06-30": "1.51", "2010-03-31": "1.39", "2009-12-31": "1.43", "2009-09-30": "1.37", "2009-06-30": "1.31", "2009-03-31": "1.40", "2008-12-31": "1.23", "2008-09-30": "1.52", "2008-06-30": "1.54", "2008-03-31": "1.42", "2007-12-31": "1.31", "2007-09-30": "1.51", "2007-06-30": "1.42", "2007-03-31": "1.05", "2006-12-31": "1.48", "2006-09-30": "1.31", "2006-06-30": "1.11", "2006-03-31": "1.93", "2005-12-31": "1.83", "2005-09-30": "1.66", "2005-06-30": "1.66", "2005-03-31": "1.61"}, "quick ratio": {"2020-09-30": "0.67", "2020-06-30": "0.72", "2020-03-31": "0.71", "2019-12-31": "0.62", "2019-09-30": "0.61", "2019-06-30": "0.64", "2019-03-31": "0.64", "2018-12-31": "0.65", "2018-09-30": "1.94", "2018-06-30": "1.87", "2018-03-31": "1.88", "2017-12-31": "0.52", "2017-09-30": "0.55", "2017-06-30": "0.56", "2017-03-31": "0.56", "2016-12-31": "0.62", "2016-09-30": "0.62", "2016-06-30": "0.58", "2016-03-31": "0.63", "2015-12-31": "0.65", "2015-09-30": "0.82", "2015-06-30": "0.69", "2015-03-31": "0.68", "2014-12-31": "0.74", "2014-09-30": "0.75", "2014-06-30": "0.77", "2014-03-31": "0.82", "2013-12-31": "0.93", "2013-09-30": "0.70", "2013-06-30": "0.73", "2013-03-31": "0.69", "2012-12-31": "0.65", "2012-09-30": "0.63", "2012-06-30": "0.68", "2012-03-31": "0.69", "2011-12-31": "0.72", "2011-09-30": "0.69", "2011-06-30": "0.76", "2011-03-31": "0.72", "2010-12-31": "0.63", "2010-09-30": "0.58", "2010-06-30": "0.60", "2010-03-31": "0.56", "2009-12-31": "0.59", "2009-09-30": "0.58", "2009-06-30": "0.58", "2009-03-31": "0.61", "2008-12-31": "0.55", "2008-09-30": "0.67", "2008-06-30": "0.64", "2008-03-31": "0.61", "2007-12-31": "0.57", "2007-09-30": "0.64", "2007-06-30": "0.61", "2007-03-31": "0.46", "2006-12-31": "0.47", "2006-09-30": "0.39", "2006-06-30": "0.34", "2006-03-31": "0.62", "2005-12-31": "0.58", "2005-09-30": "0.50", "2005-06-30": "0.52", "2005-03-31": "0.49"}, "debt equity ratio": {"current": "0.89", "2020-09-30": "2.37", "2020-06-30": "2.45", "2020-03-31": "2.52", "2019-12-31": "2.47", "2019-09-30": "2.50", "2019-06-30": "2.55", "2019-03-31": "2.66", "2018-12-31": "2.36", "2018-09-30": "2.59", "2018-06-30": "2.74", "2018-03-31": "2.49", "2017-12-31": "1.52", "2017-09-30": "1.66", "2017-06-30": "1.71", "2017-03-31": "1.74", "2016-12-31": "1.57", "2016-09-30": "1.62", "2016-06-30": "1.67", "2016-03-31": "1.57", "2015-12-31": "1.49", "2015-09-30": "1.48", "2015-06-30": "1.01", "2015-03-31": "1.00", "2014-12-31": "0.95", "2014-09-30": "0.93", "2014-06-30": "0.90", "2014-03-31": "0.91", "2013-12-31": "0.89", "2013-09-30": "0.76", "2013-06-30": "0.70", "2013-03-31": "0.73", "2012-12-31": "0.76", "2012-09-30": "0.76", "2012-06-30": "0.73", "2012-03-31": "0.74", "2011-12-31": "0.70", "2011-09-30": "0.74", "2011-06-30": "0.71", "2011-03-31": "0.66", "2010-12-31": "0.65", "2010-09-30": "0.68", "2010-06-30": "0.72", "2010-03-31": "0.72", "2009-12-31": "0.72", "2009-09-30": "0.74", "2009-06-30": "0.69", "2009-03-31": "0.72", "2008-12-31": "0.76", "2008-09-30": "0.66", "2008-06-30": "0.65", "2008-03-31": "0.70", "2007-12-31": "0.75", "2007-09-30": "0.67", "2007-06-30": "0.71", "2007-03-31": "0.50", "2006-12-31": "1.08", "2006-09-30": "1.24", "2006-06-30": "1.24", "2006-03-31": "0.77", "2005-12-31": "0.83", "2005-09-30": "0.91", "2005-06-30": "0.92", "2005-03-31": "1.00"}, "return on equity": {"2020-09-30": "11.91%", "2020-06-30": "12.66%", "2020-03-31": "11.36%", "2019-12-31": "10.67%", "2019-09-30": "7.35%", "2019-06-30": "7.99%", "2019-03-31": "-0.36%", "2018-12-31": "-1.40%", "2018-09-30": "8.38%", "2018-06-30": "8.19%", "2018-03-31": "18.35%", "2017-12-31": "18.85%", "2017-09-30": "14.44%", "2017-06-30": "15.05%", "2017-03-31": "14.49%", "2016-12-31": "14.81%", "2016-09-30": "14.19%", "2016-06-30": "13.26%", "2016-03-31": "13.99%", "2015-12-31": "14.11%", "2015-09-30": "13.56%", "2015-06-30": "12.68%", "2015-03-31": "12.53%", "2014-12-31": "12.19%", "2014-09-30": "12.04%", "2014-06-30": "12.80%", "2014-03-31": "12.41%", "2013-12-31": "11.96%", "2013-09-30": "11.59%", "2013-06-30": "11.08%", "2013-03-31": "10.73%", "2012-12-31": "10.27%", "2012-09-30": "10.11%", "2012-06-30": "9.70%", "2012-03-31": "9.29%", "2011-12-31": "9.13%", "2011-09-30": "9.05%", "2011-06-30": "8.94%", "2011-03-31": "9.10%", "2010-12-31": "9.40%", "2010-09-30": "9.59%", "2010-06-30": "10.25%", "2010-03-31": "10.41%", "2009-12-31": "10.35%", "2009-09-30": "10.15%", "2009-06-30": "9.46%", "2009-03-31": "9.34%", "2008-12-31": "9.58%", "2008-09-30": "9.40%", "2008-06-30": "9.32%", "2008-03-31": "9.24%", "2007-12-31": "8.06%", "2007-09-30": "8.18%", "2007-06-30": "8.52%", "2007-03-31": "9.18%", "2006-12-31": "14.59%", "2006-09-30": "15.12%", "2006-06-30": "15.39%", "2006-03-31": "15.30%", "2005-12-31": "15.43%"}, "return on assets": {"2020-09-30": "3.45%", "2020-06-30": "3.64%", "2020-03-31": "3.24%", "2019-12-31": "3.01%", "2019-09-30": "2.09%", "2019-06-30": "2.26%", "2019-03-31": "-0.10%", "2018-12-31": "-0.40%", "2018-09-30": "2.51%", "2018-06-30": "2.64%", "2018-03-31": "6.42%", "2017-12-31": "7.10%", "2017-09-30": "5.41%", "2017-06-30": "5.67%", "2017-03-31": "5.48%", "2016-12-31": "5.69%", "2016-09-30": "5.49%", "2016-06-30": "5.20%", "2016-03-31": "5.86%", "2015-12-31": "6.28%", "2015-09-30": "6.42%", "2015-06-30": "6.43%", "2015-03-31": "6.44%", "2014-12-31": "6.34%", "2014-09-30": "6.32%", "2014-06-30": "6.87%", "2014-03-31": "6.85%", "2013-12-31": "6.76%", "2013-09-30": "6.67%", "2013-06-30": "6.38%", "2013-03-31": "6.16%", "2012-12-31": "5.89%", "2012-09-30": "5.85%", "2012-06-30": "5.62%", "2012-03-31": "5.40%", "2011-12-31": "5.37%", "2011-09-30": "5.35%", "2011-06-30": "5.34%", "2011-03-31": "5.43%", "2010-12-31": "5.56%", "2010-09-30": "5.61%", "2010-06-30": "5.95%", "2010-03-31": "6.07%", "2009-12-31": "6.03%", "2009-09-30": "5.88%", "2009-06-30": "5.54%", "2009-03-31": "5.50%", "2008-12-31": "5.66%", "2008-09-30": "5.57%", "2008-06-30": "5.51%", "2008-03-31": "5.42%", "2007-12-31": "4.87%", "2007-09-30": "4.91%", "2007-06-30": "4.94%", "2007-03-31": "5.07%", "2006-12-31": "7.00%", "2006-09-30": "7.45%", "2006-06-30": "7.92%", "2006-03-31": "8.23%", "2005-12-31": "8.05%"}, "return on investments": {"2020-09-30": "11.04%", "2020-06-30": "10.87%", "2020-03-31": "9.89%", "2019-12-31": "9.36%", "2019-09-30": "7.61%", "2019-06-30": "7.79%", "2019-03-31": "4.17%", "2018-12-31": "3.79%", "2018-09-30": "7.13%", "2018-06-30": "7.92%", "2018-03-31": "14.01%", "2017-12-31": "16.07%", "2017-09-30": "15.72%", "2017-06-30": "16.04%", "2017-03-31": "16.39%", "2016-12-31": "16.84%", "2016-09-30": "16.34%", "2016-06-30": "15.39%", "2016-03-31": "15.98%", "2015-12-31": "16.85%", "2015-09-30": "17.15%", "2015-06-30": "18.21%", "2015-03-31": "17.95%", "2014-12-31": "17.52%", "2014-09-30": "17.21%", "2014-06-30": "17.24%", "2014-03-31": "16.95%", "2013-12-31": "16.57%", "2013-09-30": "17.06%", "2013-06-30": "16.45%", "2013-03-31": "15.99%", "2012-12-31": "15.40%", "2012-09-30": "14.67%", "2012-06-30": "14.06%", "2012-03-31": "13.50%", "2011-12-31": "13.33%", "2011-09-30": "12.95%", "2011-06-30": "12.89%", "2011-03-31": "13.14%", "2010-12-31": "13.55%", "2010-09-30": "13.99%", "2010-06-30": "14.26%", "2010-03-31": "14.63%", "2009-12-31": "14.54%", "2009-09-30": "14.35%", "2009-06-30": "14.34%", "2009-03-31": "14.23%", "2008-12-31": "14.54%", "2008-09-30": "14.18%", "2008-06-30": "13.76%", "2008-03-31": "13.42%", "2007-12-31": "12.12%", "2007-09-30": "12.39%", "2007-06-30": "12.96%", "2007-03-31": "14.28%", "2006-12-31": "20.93%", "2006-09-30": "20.96%", "2006-06-30": "21.61%", "2006-03-31": "21.27%", "2005-12-31": "21.34%"}, "return on tangible equity": {"2020-09-30": "-17.48%", "2020-06-30": "-17.37%", "2020-03-31": "-14.57%", "2019-12-31": "-12.93%", "2019-09-30": "-8.38%", "2019-06-30": "-9.97%", "2019-03-31": "0.51%", "2018-12-31": "2.58%", "2018-09-30": "-24.94%", "2018-06-30": "-21.58%", "2018-03-31": "-43.62%", "2017-12-31": "-40.05%", "2017-09-30": "-30.25%", "2017-06-30": "-32.15%", "2017-03-31": "-31.22%", "2016-12-31": "-33.41%", "2016-09-30": "-32.17%", "2016-06-30": "-31.50%", "2016-03-31": "-46.14%", "2015-12-31": "-70.30%", "2015-09-30": "-135.19%", "2015-06-30": "-1352.84%", "2015-03-31": "-2978.62%", "2014-12-31": "5495.86%", "2014-09-30": "850.42%", "2014-06-30": "439.36%", "2014-03-31": "270.62%", "2013-12-31": "207.43%", "2013-09-30": "209.25%", "2013-06-30": "247.46%", "2013-03-31": "284.10%", "2012-12-31": "275.12%", "2012-09-30": "261.30%", "2012-06-30": "237.94%", "2012-03-31": "230.92%", "2011-12-31": "202.34%", "2011-09-30": "185.86%", "2011-06-30": "181.32%", "2011-03-31": "219.23%", "2010-12-31": "384.09%", "2010-09-30": "1076.23%", "2010-06-30": "34083.72%", "2010-03-31": "9150.92%", "2009-12-31": "-3820.16%", "2009-09-30": "-838.74%", "2009-06-30": "-678.85%", "2009-03-31": "-364.06%", "2008-12-31": "-253.11%", "2008-09-30": "-182.20%", "2008-06-30": "-145.91%", "2008-03-31": "-119.70%", "2007-12-31": "-187.62%", "2007-09-30": "312.94%", "2007-06-30": "75.88%", "2007-03-31": "33.82%", "2006-12-31": "25.91%", "2006-09-30": "25.29%", "2006-06-30": "24.09%", "2006-03-31": "22.44%", "2005-12-31": "23.31%"}, "dividend yield history": {"last payout": "$2.00", "last yield": "2.77%"}}