{"ticker": "CONE", "price": {"title": "CyrusOne Inc Historical Annual Stock Price Data", "value": 74.67, "historical": {"2020": {"Average Stock Price": "70.8891", "Year Open": "64.3200", "Year High": "86.5000", "Year Low": "45.0700", "Year Close": "73.1500", "Annual % Change": "11.80%"}, "2019": {"Average Stock Price": "61.7104", "Year Open": "49.8000", "Year High": "79.3300", "Year Low": "49.5900", "Year Close": "65.4300", "Annual % Change": "23.73%"}, "2018": {"Average Stock Price": "57.4204", "Year Open": "58.4800", "Year High": "68.6300", "Year Low": "48.4800", "Year Close": "52.8800", "Annual % Change": "-11.17%"}, "2017": {"Average Stock Price": "56.1987", "Year Open": "46.3700", "Year High": "64.9500", "Year Low": "46.3700", "Year Close": "59.5300", "Annual % Change": "33.09%"}, "2016": {"Average Stock Price": "45.6869", "Year Open": "36.8600", "Year High": "55.6600", "Year Low": "33.6100", "Year Close": "44.7300", "Annual % Change": "19.44%"}, "2015": {"Average Stock Price": "32.0028", "Year Open": "27.4500", "Year High": "38.1300", "Year Low": "27.2900", "Year Close": "37.4500", "Annual % Change": "35.93%"}, "2014": {"Average Stock Price": "23.8741", "Year Open": "21.8500", "Year High": "28.1600", "Year Low": "19.8400", "Year Close": "27.5500", "Annual % Change": "23.38%"}, "2013": {"Average Stock Price": "21.1267", "Year Open": "21.2000", "Year High": "24.2300", "Year Low": "17.9800", "Year Close": "22.3300", "Annual % Change": "0.00%"}}}, "market cap": {"value": "$8.99B"}, "income statement": {"Revenue": {"2019-12-31": "981.30000", "2018-12-31": "821.40000", "2017-12-31": "672.00000", "2016-12-31": "529.10000", "2015-12-31": "399.30000", "2014-12-31": "330.90000", "2013-12-31": "263.50000", "2012-12-31": "220.80000", "2011-12-31": "181.70000", "2010-12-31": "127.50000"}, "Cost Of Goods Sold": {"2019-12-31": "383.40000", "2018-12-31": "292.40000", "2017-12-31": "235.10000", "2016-12-31": "187.50000", "2015-12-31": "148.70000", "2014-12-31": "124.50000", "2013-12-31": "93.20000", "2012-12-31": "76.00000", "2011-12-31": "58.20000", "2010-12-31": "43.90000"}, "Gross Profit": {"2019-12-31": "597.90000", "2018-12-31": "529.00000", "2017-12-31": "436.90000", "2016-12-31": "341.60000", "2015-12-31": "250.60000", "2014-12-31": "206.40000", "2013-12-31": "170.30000", "2012-12-31": "144.80000", "2011-12-31": "123.50000", "2010-12-31": "83.60000"}, "Research And Development Expenses": {"2019-12-31": "", "2018-12-31": "", "2017-12-31": "", "2016-12-31": "", "2015-12-31": "", "2014-12-31": "", "2013-12-31": "", "2012-12-31": "", "2011-12-31": "", "2010-12-31": ""}, "SG&A Expenses": {"2019-12-31": "103.70000", "2018-12-31": "100.20000", "2017-12-31": "84.00000", "2016-12-31": "77.60000", "2015-12-31": "58.70000", "2014-12-31": "47.40000", "2013-12-31": "38.60000", "2012-12-31": "32.90000", "2011-12-31": "23.90000", "2010-12-31": "17.40000"}, "Other Operating Income Or Expenses": {"2019-12-31": "-0.70000", "2018-12-31": "0.00000", "2017-12-31": "-58.00000", "2016-12-31": "-5.00000", "2015-12-31": "-13.50000", "2014-12-31": "", "2013-12-31": "-2.80000", "2012-12-31": "-16.50000", "2011-12-31": "-3.50000", "2010-12-31": "-1.80000"}, "Operating Expenses": {"2019-12-31": "914.30000", "2018-12-31": "731.70000", "2017-12-31": "647.90000", "2016-12-31": "458.60000", "2015-12-31": "376.50000", "2014-12-31": "290.90000", "2013-12-31": "251.90000", "2012-12-31": "204.50000", "2011-12-31": "143.70000", "2010-12-31": "109.70000"}, "Operating Income": {"2019-12-31": "67.00000", "2018-12-31": "89.70000", "2017-12-31": "24.10000", "2016-12-31": "70.50000", "2015-12-31": "22.80000", "2014-12-31": "40.00000", "2013-12-31": "11.60000", "2012-12-31": "16.30000", "2011-12-31": "38.00000", "2010-12-31": "17.80000"}, "Total Non-Operating Income/Expense": {"2019-12-31": "-29.30000", "2018-12-31": "-87.90000", "2017-12-31": "-104.60000", "2016-12-31": "-48.80000", "2015-12-31": "-41.20000", "2014-12-31": "-53.10000", "2013-12-31": "-44.90000", "2012-12-31": "-41.80000", "2011-12-31": "-34.30000", "2010-12-31": "-11.50000"}, "Pre-Tax Income": {"2019-12-31": "37.70000", "2018-12-31": "1.80000", "2017-12-31": "-80.50000", "2016-12-31": "21.70000", "2015-12-31": "-18.40000", "2014-12-31": "-13.10000", "2013-12-31": "-33.30000", "2012-12-31": "-25.50000", "2011-12-31": "3.70000", "2010-12-31": "6.30000"}, "Income Taxes": {"2019-12-31": "-3.70000", "2018-12-31": "0.60000", "2017-12-31": "3.00000", "2016-12-31": "1.80000", "2015-12-31": "1.80000", "2014-12-31": "1.40000", "2013-12-31": "2.30000", "2012-12-31": "-5.10000", "2011-12-31": "2.20000", "2010-12-31": "2.70000"}, "Income After Taxes": {"2019-12-31": "41.40000", "2018-12-31": "1.20000", "2017-12-31": "-83.50000", "2016-12-31": "19.90000", "2015-12-31": "-20.20000", "2014-12-31": "-14.50000", "2013-12-31": "-35.60000", "2012-12-31": "-20.40000", "2011-12-31": "1.50000", "2010-12-31": "3.60000"}, "Other Income": {"2019-12-31": "", "2018-12-31": "", "2017-12-31": "", "2016-12-31": "", "2015-12-31": "", "2014-12-31": "", "2013-12-31": "", "2012-12-31": "", "2011-12-31": "", "2010-12-31": ""}, "Income From Continuous Operations": {"2019-12-31": "41.40000", "2018-12-31": "1.20000", "2017-12-31": "-83.50000", "2016-12-31": "19.90000", "2015-12-31": "-20.20000", "2014-12-31": "-14.50000", "2013-12-31": "-35.60000", "2012-12-31": "-20.40000", "2011-12-31": "1.50000", "2010-12-31": "3.60000"}, "Income From Discontinued Operations": {"2019-12-31": "", "2018-12-31": "", "2017-12-31": "", "2016-12-31": "", "2015-12-31": "", "2014-12-31": "", "2013-12-31": "-0.20000", "2012-12-31": "0.10000", "2011-12-31": "", "2010-12-31": "-0.10000"}, "Net Income": {"2019-12-31": "40.70000", "2018-12-31": "0.10000", "2017-12-31": "-84.40000", "2016-12-31": "19.90000", "2015-12-31": "-15.40000", "2014-12-31": "-7.80000", "2013-12-31": "-26.10000", "2012-12-31": "-20.30000", "2011-12-31": "1.50000", "2010-12-31": "3.50000"}, "EBITDA": {"2019-12-31": "489.70000", "2018-12-31": "427.80000", "2017-12-31": "287.20000", "2016-12-31": "259.30000", "2015-12-31": "164.30000", "2014-12-31": "158.00000", "2013-12-31": "106.80000", "2012-12-31": "89.70000", "2011-12-31": "93.50000", "2010-12-31": "54.00000"}, "EBIT": {"2019-12-31": "67.00000", "2018-12-31": "89.70000", "2017-12-31": "24.10000", "2016-12-31": "70.50000", "2015-12-31": "22.80000", "2014-12-31": "40.00000", "2013-12-31": "11.60000", "2012-12-31": "16.30000", "2011-12-31": "38.00000", "2010-12-31": "17.80000"}, "Basic Shares Outstanding": {"2019-12-31": "112.10000", "2018-12-31": "99.80000", "2017-12-31": "88.90000", "2016-12-31": "78.30000", "2015-12-31": "54.30000", "2014-12-31": "29.20000", "2013-12-31": "20.90000", "2012-12-31": "", "2011-12-31": "", "2010-12-31": ""}, "Shares Outstanding": {"2019-12-31": "112.50000", "2018-12-31": "100.40000", "2017-12-31": "88.90000", "2016-12-31": "79.00000", "2015-12-31": "54.30000", "2014-12-31": "29.20000", "2013-12-31": "20.90000", "2012-12-31": "", "2011-12-31": "", "2010-12-31": ""}, "Basic EPS": {"2019-12-31": "0.36000", "2018-12-31": "0.00000", "2017-12-31": "-0.95000", "2016-12-31": "0.24000", "2015-12-31": "-0.30000", "2014-12-31": "-0.30000", "2013-12-31": "-1.22000", "2012-12-31": "", "2011-12-31": "", "2010-12-31": ""}, "EPS - Earnings Per Share": {"2019-12-31": "0.36000", "2018-12-31": "0.00000", "2017-12-31": "-0.95000", "2016-12-31": "0.24000", "2015-12-31": "-0.30000", "2014-12-31": "-0.30000", "2013-12-31": "-1.22000", "2012-12-31": "0.00000", "2011-12-31": "0.00000", "2010-12-31": "0.00000"}}, "income statement, quarterly": {"Revenue": {"2020-09-30": "262.80000", "2020-06-30": "256.40000", "2020-03-31": "245.90000", "2019-12-31": "253.90000", "2019-09-30": "250.90000", "2019-06-30": "251.50000", "2019-03-31": "225.00000", "2018-12-31": "221.30000", "2018-09-30": "206.60000", "2018-06-30": "196.90000", "2018-03-31": "196.60000", "2017-12-31": "180.50000", "2017-09-30": "175.30000", "2017-06-30": "166.90000", "2017-03-31": "149.30000", "2016-12-31": "137.40000", "2016-09-30": "143.80000", "2016-06-30": "130.10000", "2016-03-31": "117.80000", "2015-12-31": "113.30000", "2015-09-30": "111.20000", "2015-06-30": "89.10000", "2015-03-31": "85.70000", "2014-12-31": "86.90000", "2014-09-30": "84.80000", "2014-06-30": "81.70000", "2014-03-31": "77.50000", "2013-12-31": "72.30000", "2013-09-30": "67.50000", "2013-06-30": "63.60000", "2013-03-31": "60.10000", "2012-12-31": "58.00000", "2012-09-30": "56.70000", "2012-06-30": "54.00000", "2012-03-31": "52.10000", "2011-12-31": "", "2010-12-31": ""}, "Cost Of Goods Sold": {"2020-09-30": "109.70000", "2020-06-30": "99.00000", "2020-03-31": "92.60000", "2019-12-31": "93.80000", "2019-09-30": "103.00000", "2019-06-30": "103.30000", "2019-03-31": "83.30000", "2018-12-31": "78.00000", "2018-09-30": "77.70000", "2018-06-30": "68.90000", "2018-03-31": "67.80000", "2017-12-31": "60.20000", "2017-09-30": "63.00000", "2017-06-30": "59.60000", "2017-03-31": "52.30000", "2016-12-31": "47.80000", "2016-09-30": "54.60000", "2016-06-30": "44.80000", "2016-03-31": "40.30000", "2015-12-31": "41.40000", "2015-09-30": "42.20000", "2015-06-30": "32.80000", "2015-03-31": "32.30000", "2014-12-31": "32.00000", "2014-09-30": "33.00000", "2014-06-30": "31.80000", "2014-03-31": "27.70000", "2013-12-31": "24.30000", "2013-09-30": "24.20000", "2013-06-30": "24.60000", "2013-03-31": "20.10000", "2012-12-31": "41.20000", "2012-09-30": "20.00000", "2012-06-30": "18.10000", "2012-03-31": "17.30000", "2011-12-31": "", "2010-12-31": ""}, "Gross Profit": {"2020-09-30": "153.10000", "2020-06-30": "157.40000", "2020-03-31": "153.30000", "2019-12-31": "160.10000", "2019-09-30": "147.90000", "2019-06-30": "148.20000", "2019-03-31": "141.70000", "2018-12-31": "143.30010", "2018-09-30": "128.90000", "2018-06-30": "128.00000", "2018-03-31": "128.80000", "2017-12-31": "120.30000", "2017-09-30": "112.30000", "2017-06-30": "107.30000", "2017-03-31": "97.00000", "2016-12-31": "89.60000", "2016-09-30": "89.20000", "2016-06-30": "85.30000", "2016-03-31": "77.50000", "2015-12-31": "71.90000", "2015-09-30": "69.00000", "2015-06-30": "56.30000", "2015-03-31": "53.40000", "2014-12-31": "54.90000", "2014-09-30": "51.80000", "2014-06-30": "49.90000", "2014-03-31": "49.80000", "2013-12-31": "48.00000", "2013-09-30": "43.30000", "2013-06-30": "39.00000", "2013-03-31": "40.00000", "2012-12-31": "16.80000", "2012-09-30": "36.70000", "2012-06-30": "35.90000", "2012-03-31": "34.80000", "2011-12-31": "", "2010-12-31": ""}, "Research And Development Expenses": {"2020-09-30": "", "2020-06-30": "", "2020-03-31": "", "2019-12-31": "", "2019-09-30": "", "2019-06-30": "", "2019-03-31": "", "2018-12-31": "", "2018-09-30": "", "2018-06-30": "", "2018-03-31": "", "2017-12-31": "", "2017-09-30": "", "2017-06-30": "", "2017-03-31": "", "2016-12-31": "", "2016-09-30": "", "2016-06-30": "", "2016-03-31": "", "2015-12-31": "", "2015-09-30": "", "2015-06-30": "", "2015-03-31": "", "2014-12-31": "", "2014-09-30": "", "2014-06-30": "", "2014-03-31": "", "2013-12-31": "", "2013-09-30": "", "2013-06-30": "", "2013-03-31": "", "2012-12-31": "", "2012-09-30": "", "2012-06-30": "", "2012-03-31": "", "2011-12-31": "", "2010-12-31": ""}, "SG&A Expenses": {"2020-09-30": "34.20000", "2020-06-30": "24.10000", "2020-03-31": "31.60000", "2019-12-31": "26.30000", "2019-09-30": "24.90000", "2019-06-30": "25.00000", "2019-03-31": "27.50000", "2018-12-31": "29.00000", "2018-09-30": "23.60000", "2018-06-30": "23.00000", "2018-03-31": "24.60000", "2017-12-31": "20.30000", "2017-09-30": "21.40000", "2017-06-30": "21.60000", "2017-03-31": "20.70000", "2016-12-31": "21.90000", "2016-09-30": "18.60000", "2016-06-30": "19.10000", "2016-03-31": "18.00000", "2015-12-31": "18.30000", "2015-09-30": "15.70000", "2015-06-30": "12.70000", "2015-03-31": "12.00000", "2014-12-31": "13.00000", "2014-09-30": "12.20000", "2014-06-30": "11.90000", "2014-03-31": "10.30000", "2013-12-31": "9.40000", "2013-09-30": "9.50000", "2013-06-30": "10.00000", "2013-03-31": "9.70000", "2012-12-31": "13.80000", "2012-09-30": "8.30000", "2012-06-30": "7.80000", "2012-03-31": "7.00000", "2011-12-31": "", "2010-12-31": ""}, "Other Operating Income Or Expenses": {"2020-09-30": "-8.80000", "2020-06-30": "-2.40000", "2020-03-31": "", "2019-12-31": "", "2019-09-30": "-0.70000", "2019-06-30": "", "2019-03-31": "", "2018-12-31": "", "2018-09-30": "", "2018-06-30": "", "2018-03-31": "", "2017-12-31": "0.00000", "2017-09-30": "-54.40000", "2017-06-30": "-3.60000", "2017-03-31": "", "2016-12-31": "", "2016-09-30": "0.00000", "2016-06-30": "0.00000", "2016-03-31": "0.00000", "2015-12-31": "", "2015-09-30": "-4.90000", "2015-06-30": "0.00000", "2015-03-31": "-8.60000", "2014-12-31": "", "2014-09-30": "", "2014-06-30": "0.00000", "2014-03-31": "0.00000", "2013-12-31": "", "2013-09-30": "", "2013-06-30": "", "2013-03-31": "", "2012-12-31": "", "2012-09-30": "-1.30000", "2012-06-30": "-14.40000", "2012-03-31": "-1.20000", "2011-12-31": "", "2010-12-31": ""}, "Operating Expenses": {"2020-09-30": "267.40000", "2020-06-30": "235.30000", "2020-03-31": "232.70000", "2019-12-31": "230.90000", "2019-09-30": "238.40000", "2019-06-30": "231.80000", "2019-03-31": "213.20000", "2018-12-31": "206.50010", "2018-09-30": "186.40000", "2018-06-30": "169.90000", "2018-03-31": "168.90000", "2017-12-31": "156.60000", "2017-09-30": "211.60000", "2017-06-30": "150.20000", "2017-03-31": "129.50000", "2016-12-31": "124.70000", "2016-09-30": "125.00000", "2016-06-30": "109.00000", "2016-03-31": "99.90000", "2015-12-31": "102.20000", "2015-09-30": "103.70000", "2015-06-30": "86.50000", "2015-03-31": "84.10000", "2014-12-31": "75.70000", "2014-09-30": "75.20000", "2014-06-30": "74.30000", "2014-03-31": "65.70000", "2013-12-31": "63.30000", "2013-09-30": "59.00000", "2013-06-30": "58.00000", "2013-03-31": "71.60000", "2012-12-31": "54.80000", "2012-09-30": "49.00000", "2012-06-30": "58.80000", "2012-03-31": "41.90000", "2011-12-31": "", "2010-12-31": ""}, "Operating Income": {"2020-09-30": "-4.60000", "2020-06-30": "21.10000", "2020-03-31": "13.20000", "2019-12-31": "23.00000", "2019-09-30": "12.50000", "2019-06-30": "19.70000", "2019-03-31": "11.80000", "2018-12-31": "14.80000", "2018-09-30": "20.20000", "2018-06-30": "27.00000", "2018-03-31": "27.70000", "2017-12-31": "23.90000", "2017-09-30": "-36.30000", "2017-06-30": "16.70000", "2017-03-31": "19.80000", "2016-12-31": "12.70000", "2016-09-30": "18.80000", "2016-06-30": "21.10000", "2016-03-31": "17.90000", "2015-12-31": "11.10000", "2015-09-30": "7.50000", "2015-06-30": "2.60000", "2015-03-31": "1.60000", "2014-12-31": "11.20000", "2014-09-30": "9.60000", "2014-06-30": "7.40000", "2014-03-31": "11.80000", "2013-12-31": "9.00000", "2013-09-30": "8.50000", "2013-06-30": "5.60000", "2013-03-31": "-11.50000", "2012-12-31": "3.20000", "2012-09-30": "7.70000", "2012-06-30": "-4.80000", "2012-03-31": "10.20000", "2011-12-31": "", "2010-12-31": ""}, "Total Non-Operating Income/Expense": {"2020-09-30": "-34.60000", "2020-06-30": "22.70000", "2020-03-31": "0.30000", "2019-12-31": "-75.20000", "2019-09-30": "-1.90000", "2019-06-30": "-29.60000", "2019-03-31": "77.40000", "2018-12-31": "-122.00000", "2018-09-30": "-62.40000", "2018-06-30": "79.90000", "2018-03-31": "16.60000", "2017-12-31": "-20.10000", "2017-09-30": "-17.90000", "2017-06-30": "-16.80000", "2017-03-31": "-49.80000", "2016-12-31": "-11.40000", "2016-09-30": "-13.80000", "2016-06-30": "-11.50000", "2016-03-31": "-12.10000", "2015-12-31": "-12.00000", "2015-09-30": "-12.10000", "2015-06-30": "-8.70000", "2015-03-31": "-8.40000", "2014-12-31": "-22.70000", "2014-09-30": "-9.00000", "2014-06-30": "-10.70000", "2014-03-31": "-10.70000", "2013-12-31": "-11.50000", "2013-09-30": "-10.40000", "2013-06-30": "-12.10000", "2013-03-31": "-10.90000", "2012-12-31": "-10.50000", "2012-09-30": "-11.30000", "2012-06-30": "-9.70000", "2012-03-31": "-10.30000", "2011-12-31": "", "2010-12-31": ""}, "Pre-Tax Income": {"2020-09-30": "-39.20000", "2020-06-30": "43.80000", "2020-03-31": "13.50000", "2019-12-31": "-52.20000", "2019-09-30": "10.60000", "2019-06-30": "-9.90000", "2019-03-31": "89.20000", "2018-12-31": "-107.20000", "2018-09-30": "-42.20000", "2018-06-30": "106.90000", "2018-03-31": "44.30000", "2017-12-31": "3.80000", "2017-09-30": "-54.20000", "2017-06-30": "-0.10000", "2017-03-31": "-30.00000", "2016-12-31": "1.30000", "2016-09-30": "5.00000", "2016-06-30": "9.60000", "2016-03-31": "5.80000", "2015-12-31": "-0.90000", "2015-09-30": "-4.60000", "2015-06-30": "-6.10000", "2015-03-31": "-6.80000", "2014-12-31": "-11.50000", "2014-09-30": "0.60000", "2014-06-30": "-3.30000", "2014-03-31": "1.10000", "2013-12-31": "-2.50000", "2013-09-30": "-1.90000", "2013-06-30": "-6.50000", "2013-03-31": "-22.40000", "2012-12-31": "-7.30000", "2012-09-30": "-3.60000", "2012-06-30": "-14.50000", "2012-03-31": "-0.10000", "2011-12-31": "", "2010-12-31": ""}, "Income Taxes": {"2020-09-30": "-1.90000", "2020-06-30": "-1.20000", "2020-03-31": "-1.20000", "2019-12-31": "-0.10000", "2019-09-30": "-2.00000", "2019-06-30": "-1.40000", "2019-03-31": "-0.20000", "2018-12-31": "-1.40000", "2018-09-30": "0.20000", "2018-06-30": "1.00000", "2018-03-31": "0.80000", "2017-12-31": "1.00000", "2017-09-30": "0.90000", "2017-06-30": "0.70000", "2017-03-31": "0.40000", "2016-12-31": "0.50000", "2016-09-30": "0.60000", "2016-06-30": "0.50000", "2016-03-31": "0.20000", "2015-12-31": "0.30000", "2015-09-30": "0.70000", "2015-06-30": "0.40000", "2015-03-31": "0.40000", "2014-12-31": "0.30000", "2014-09-30": "0.40000", "2014-06-30": "0.30000", "2014-03-31": "0.40000", "2013-12-31": "1.10000", "2013-09-30": "0.30000", "2013-06-30": "0.30000", "2013-03-31": "0.60000", "2012-12-31": "-0.40000", "2012-09-30": "-0.70000", "2012-06-30": "-4.60000", "2012-03-31": "0.60000", "2011-12-31": "", "2010-12-31": ""}, "Income After Taxes": {"2020-09-30": "-37.30000", "2020-06-30": "45.00000", "2020-03-31": "14.70000", "2019-12-31": "-52.10000", "2019-09-30": "12.60000", "2019-06-30": "-8.50000", "2019-03-31": "89.40000", "2018-12-31": "-105.80000", "2018-09-30": "-42.40000", "2018-06-30": "105.90000", "2018-03-31": "43.50000", "2017-12-31": "2.80000", "2017-09-30": "-55.10000", "2017-06-30": "-0.80000", "2017-03-31": "-30.40000", "2016-12-31": "0.80000", "2016-09-30": "4.40000", "2016-06-30": "9.10000", "2016-03-31": "5.60000", "2015-12-31": "-1.20000", "2015-09-30": "-5.30000", "2015-06-30": "-6.50000", "2015-03-31": "-7.20000", "2014-12-31": "-11.80000", "2014-09-30": "0.20000", "2014-06-30": "-3.60000", "2014-03-31": "0.70000", "2013-12-31": "-3.60000", "2013-09-30": "-2.20000", "2013-06-30": "-6.80000", "2013-03-31": "-23.00000", "2012-12-31": "-6.90000", "2012-09-30": "-2.90000", "2012-06-30": "-9.90000", "2012-03-31": "-0.70000", "2011-12-31": "", "2010-12-31": ""}, "Other Income": {"2020-09-30": "", "2020-06-30": "", "2020-03-31": "", "2019-12-31": "", "2019-09-30": "", "2019-06-30": "", "2019-03-31": "", "2018-12-31": "", "2018-09-30": "", "2018-06-30": "", "2018-03-31": "", "2017-12-31": "", "2017-09-30": "", "2017-06-30": "", "2017-03-31": "", "2016-12-31": "", "2016-09-30": "", "2016-06-30": "", "2016-03-31": "", "2015-12-31": "", "2015-09-30": "", "2015-06-30": "", "2015-03-31": "", "2014-12-31": "", "2014-09-30": "", "2014-06-30": "", "2014-03-31": "", "2013-12-31": "", "2013-09-30": "", "2013-06-30": "", "2013-03-31": "", "2012-12-31": "0.00000", "2012-09-30": "", "2012-06-30": "", "2012-03-31": "", "2011-12-31": "", "2010-12-31": ""}, "Income From Continuous Operations": {"2020-09-30": "-37.30000", "2020-06-30": "45.00000", "2020-03-31": "14.70000", "2019-12-31": "-52.10000", "2019-09-30": "12.60000", "2019-06-30": "-8.50000", "2019-03-31": "89.40000", "2018-12-31": "-105.80000", "2018-09-30": "-42.40000", "2018-06-30": "105.90000", "2018-03-31": "43.50000", "2017-12-31": "2.80000", "2017-09-30": "-55.10000", "2017-06-30": "-0.80000", "2017-03-31": "-30.40000", "2016-12-31": "0.80000", "2016-09-30": "4.40000", "2016-06-30": "9.10000", "2016-03-31": "5.60000", "2015-12-31": "-1.20000", "2015-09-30": "-5.30000", "2015-06-30": "-6.50000", "2015-03-31": "-7.20000", "2014-12-31": "-11.80000", "2014-09-30": "0.20000", "2014-06-30": "-3.60000", "2014-03-31": "0.70000", "2013-12-31": "-3.60000", "2013-09-30": "-2.20000", "2013-06-30": "-6.80000", "2013-03-31": "-23.00000", "2012-12-31": "-6.90000", "2012-09-30": "-2.90000", "2012-06-30": "-9.90000", "2012-03-31": "-0.70000", "2011-12-31": "", "2010-12-31": ""}, "Income From Discontinued Operations": {"2020-09-30": "", "2020-06-30": "", "2020-03-31": "", "2019-12-31": "", "2019-09-30": "", "2019-06-30": "", "2019-03-31": "", "2018-12-31": "", "2018-09-30": "", "2018-06-30": "", "2018-03-31": "", "2017-12-31": "", "2017-09-30": "", "2017-06-30": "", "2017-03-31": "", "2016-12-31": "", "2016-09-30": "", "2016-06-30": "", "2016-03-31": "", "2015-12-31": "", "2015-09-30": "", "2015-06-30": "", "2015-03-31": "", "2014-12-31": "", "2014-09-30": "", "2014-06-30": "", "2014-03-31": "", "2013-12-31": "", "2013-09-30": "", "2013-06-30": "", "2013-03-31": "", "2012-12-31": "0.00000", "2012-09-30": "0.10000", "2012-06-30": "", "2012-03-31": "", "2011-12-31": "", "2010-12-31": ""}, "Net Income": {"2020-09-30": "-37.40000", "2020-06-30": "44.90000", "2020-03-31": "14.50000", "2019-12-31": "-52.20000", "2019-09-30": "12.40000", "2019-06-30": "-8.70000", "2019-03-31": "89.20000", "2018-12-31": "-106.30000", "2018-09-30": "-42.70000", "2018-06-30": "105.90000", "2018-03-31": "43.20000", "2017-12-31": "2.10000", "2017-09-30": "-55.10000", "2017-06-30": "-1.00000", "2017-03-31": "-30.40000", "2016-12-31": "0.80000", "2016-09-30": "4.40000", "2016-06-30": "9.10000", "2016-03-31": "5.60000", "2015-12-31": "-1.00000", "2015-09-30": "-4.60000", "2015-06-30": "-5.50000", "2015-03-31": "-4.30000", "2014-12-31": "-7.00000", "2014-09-30": "0.10000", "2014-06-30": "-1.10000", "2014-03-31": "0.20000", "2013-12-31": "-1.90000", "2013-09-30": "-0.80000", "2013-06-30": "-2.30000", "2013-03-31": "-21.10000", "2012-12-31": "-6.90000", "2012-09-30": "-2.80000", "2012-06-30": "-9.90000", "2012-03-31": "-0.70000", "2011-12-31": "", "2010-12-31": ""}, "EBITDA": {"2020-09-30": "110.10000", "2020-06-30": "132.40000", "2020-03-31": "123.30000", "2019-12-31": "132.60000", "2019-09-30": "119.10000", "2019-06-30": "122.90000", "2019-03-31": "115.10000", "2018-12-31": "113.70000", "2018-09-30": "105.40000", "2018-06-30": "105.70000", "2018-03-31": "103.00000", "2017-12-31": "95.50000", "2017-09-30": "33.60000", "2017-06-30": "82.60000", "2017-03-31": "75.50000", "2016-12-31": "66.90000", "2016-09-30": "69.40000", "2016-06-30": "65.80000", "2016-03-31": "57.20000", "2015-12-31": "51.00000", "2015-09-30": "46.60000", "2015-06-30": "34.00000", "2015-03-31": "32.70000", "2014-12-31": "41.80000", "2014-09-30": "39.60000", "2014-06-30": "37.20000", "2014-03-31": "39.40000", "2013-12-31": "35.60000", "2013-09-30": "32.40000", "2013-06-30": "28.60000", "2013-03-31": "10.20000", "2012-12-31": "3.20000", "2012-09-30": "7.70000", "2012-06-30": "-4.80000", "2012-03-31": "10.20000", "2011-12-31": "", "2010-12-31": ""}, "EBIT": {"2020-09-30": "-4.60000", "2020-06-30": "21.10000", "2020-03-31": "13.20000", "2019-12-31": "23.00000", "2019-09-30": "12.50000", "2019-06-30": "19.70000", "2019-03-31": "11.80000", "2018-12-31": "14.80000", "2018-09-30": "20.20000", "2018-06-30": "27.00000", "2018-03-31": "27.70000", "2017-12-31": "23.90000", "2017-09-30": "-36.30000", "2017-06-30": "16.70000", "2017-03-31": "19.80000", "2016-12-31": "12.70000", "2016-09-30": "18.80000", "2016-06-30": "21.10000", "2016-03-31": "17.90000", "2015-12-31": "11.10000", "2015-09-30": "7.50000", "2015-06-30": "2.60000", "2015-03-31": "1.60000", "2014-12-31": "11.20000", "2014-09-30": "9.60000", "2014-06-30": "7.40000", "2014-03-31": "11.80000", "2013-12-31": "9.00000", "2013-09-30": "8.50000", "2013-06-30": "5.60000", "2013-03-31": "-11.50000", "2012-12-31": "3.20000", "2012-09-30": "7.70000", "2012-06-30": "-4.80000", "2012-03-31": "10.20000", "2011-12-31": "", "2010-12-31": ""}, "Basic Shares Outstanding": {"2020-09-30": "118.70000", "2020-06-30": "115.30000", "2020-03-31": "114.90000", "2019-12-31": "112.10000", "2019-09-30": "113.10000", "2019-06-30": "113.10000", "2019-03-31": "108.30000", "2018-12-31": "99.80000", "2018-09-30": "98.80000", "2018-06-30": "98.60000", "2018-03-31": "96.00000", "2017-12-31": "88.90000", "2017-09-30": "90.40000", "2017-06-30": "88.10000", "2017-03-31": "84.00000", "2016-12-31": "78.30000", "2016-09-30": "80.60000", "2016-06-30": "78.30000", "2016-03-31": "72.10000", "2015-12-31": "54.30000", "2015-09-30": "64.30000", "2015-06-30": "51.10000", "2015-03-31": "36.90000", "2014-12-31": "29.20000", "2014-09-30": "36.90000", "2014-06-30": "21.70000", "2014-03-31": "20.90000", "2013-12-31": "20.90000", "2013-09-30": "20.90000", "2013-06-30": "20.90000", "2013-03-31": "20.90000", "2012-12-31": "", "2012-09-30": "", "2012-06-30": "", "2012-03-31": "", "2011-12-31": "", "2010-12-31": ""}, "Shares Outstanding": {"2020-09-30": "118.70000", "2020-06-30": "115.70000", "2020-03-31": "115.10000", "2019-12-31": "112.50000", "2019-09-30": "113.50000", "2019-06-30": "113.10000", "2019-03-31": "108.80000", "2018-12-31": "100.40000", "2018-09-30": "98.80000", "2018-06-30": "99.40000", "2018-03-31": "96.60000", "2017-12-31": "88.90000", "2017-09-30": "90.40000", "2017-06-30": "88.10000", "2017-03-31": "84.00000", "2016-12-31": "79.00000", "2016-09-30": "81.30000", "2016-06-30": "79.00000", "2016-03-31": "72.80000", "2015-12-31": "54.30000", "2015-09-30": "64.30000", "2015-06-30": "51.10000", "2015-03-31": "36.90000", "2014-12-31": "29.20000", "2014-09-30": "36.90000", "2014-06-30": "21.70000", "2014-03-31": "20.90000", "2013-12-31": "20.90000", "2013-09-30": "20.90000", "2013-06-30": "20.90000", "2013-03-31": "20.90000", "2012-12-31": "", "2012-09-30": "", "2012-06-30": "", "2012-03-31": "", "2011-12-31": "", "2010-12-31": ""}, "Basic EPS": {"2020-09-30": "-0.32000", "2020-06-30": "0.39000", "2020-03-31": "0.13000", "2019-12-31": "-0.49000", "2019-09-30": "0.11000", "2019-06-30": "-0.08000", "2019-03-31": "0.82000", "2018-12-31": "-1.09000", "2018-09-30": "-0.43000", "2018-06-30": "1.07000", "2018-03-31": "0.45000", "2017-12-31": "0.03000", "2017-09-30": "-0.61000", "2017-06-30": "-0.01000", "2017-03-31": "-0.36000", "2016-12-31": "0.01000", "2016-09-30": "0.05000", "2016-06-30": "0.11000", "2016-03-31": "0.07000", "2015-12-31": "0.01000", "2015-09-30": "-0.08000", "2015-06-30": "-0.11000", "2015-03-31": "-0.12000", "2014-12-31": "-0.25300", "2014-09-30": "0.00300", "2014-06-30": "-0.06000", "2014-03-31": "0.01000", "2013-12-31": "-0.04000", "2013-09-30": "-0.05000", "2013-06-30": "-0.12000", "2013-03-31": "-1.01000", "2012-12-31": "", "2012-09-30": "", "2012-06-30": "", "2012-03-31": "", "2011-12-31": "", "2010-12-31": ""}, "EPS - Earnings Per Share": {"2020-09-30": "-0.32000", "2020-06-30": "0.39000", "2020-03-31": "0.13000", "2019-12-31": "-0.49000", "2019-09-30": "0.11000", "2019-06-30": "-0.08000", "2019-03-31": "0.82000", "2018-12-31": "-1.08000", "2018-09-30": "-0.43000", "2018-06-30": "1.06000", "2018-03-31": "0.45000", "2017-12-31": "0.03000", "2017-09-30": "-0.61000", "2017-06-30": "-0.01000", "2017-03-31": "-0.36000", "2016-12-31": "0.01000", "2016-09-30": "0.05000", "2016-06-30": "0.11000", "2016-03-31": "0.07000", "2015-12-31": "0.01000", "2015-09-30": "-0.08000", "2015-06-30": "-0.11000", "2015-03-31": "-0.12000", "2014-12-31": "-0.25300", "2014-09-30": "0.00300", "2014-06-30": "-0.06000", "2014-03-31": "0.01000", "2013-12-31": "-0.04000", "2013-09-30": "-0.05000", "2013-06-30": "-0.12000", "2013-03-31": "-1.01000", "2012-12-31": "0.00000", "2012-09-30": "0.00000", "2012-06-30": "0.00000", "2012-03-31": "0.00000", "2011-12-31": "0.00000", "2010-12-31": "0.00000"}}, "balance sheet": {"Cash On Hand": {"2019-12-31": "77.70000", "2018-12-31": "64.40000", "2017-12-31": "151.90000", "2016-12-31": "14.60000", "2015-12-31": "15.80000", "2014-12-31": "36.50000", "2013-12-31": "148.80000", "2012-12-31": "22.80000", "2011-12-31": "0.60000", "2010-12-31": ""}, "Receivables": {"2019-12-31": "291.90000", "2018-12-31": "234.90000", "2017-12-31": "87.20000", "2016-12-31": "83.30000", "2015-12-31": "76.10000", "2014-12-31": "60.90000", "2013-12-31": "41.20000", "2012-12-31": "33.20000", "2011-12-31": "", "2010-12-31": ""}, "Inventory": {"2019-12-31": "", "2018-12-31": "", "2017-12-31": "", "2016-12-31": "", "2015-12-31": "", "2014-12-31": "", "2013-12-31": "", "2012-12-31": "", "2011-12-31": "", "2010-12-31": ""}, "Pre-Paid Expenses": {"2019-12-31": "", "2018-12-31": "", "2017-12-31": "", "2016-12-31": "", "2015-12-31": "", "2014-12-31": "", "2013-12-31": "", "2012-12-31": "", "2011-12-31": "", "2010-12-31": ""}, "Other Current Assets": {"2019-12-31": "", "2018-12-31": "", "2017-12-31": "", "2016-12-31": "", "2015-12-31": "", "2014-12-31": "", "2013-12-31": "", "2012-12-31": "", "2011-12-31": "", "2010-12-31": ""}, "Total Current Assets": {"2019-12-31": "369.60000", "2018-12-31": "299.30000", "2017-12-31": "239.10000", "2016-12-31": "97.90000", "2015-12-31": "91.90000", "2014-12-31": "97.40000", "2013-12-31": "190.00000", "2012-12-31": "56.00000", "2011-12-31": "0.60000", "2010-12-31": ""}, "Property, Plant, And Equipment": {"2019-12-31": "4710.30000", "2018-12-31": "4293.00000", "2017-12-31": "3058.40000", "2016-12-31": "2023.10000", "2015-12-31": "1392.00000", "2014-12-31": "1051.40000", "2013-12-31": "883.80000", "2012-12-31": "706.90000", "2011-12-31": "529.00000", "2010-12-31": ""}, "Long-Term Investments": {"2019-12-31": "", "2018-12-31": "", "2017-12-31": "", "2016-12-31": "", "2015-12-31": "", "2014-12-31": "", "2013-12-31": "", "2012-12-31": "", "2011-12-31": "", "2010-12-31": ""}, "Goodwill And Intangible Assets": {"2019-12-31": "651.20000", "2018-12-31": "690.80000", "2017-12-31": "658.10000", "2016-12-31": "605.30000", "2015-12-31": "623.70000", "2014-12-31": "345.10000", "2013-12-31": "362.10000", "2012-12-31": "378.80000", "2011-12-31": "396.90000", "2010-12-31": "0.00000"}, "Other Long-Term Assets": {"2019-12-31": "249.00000", "2018-12-31": "309.40000", "2017-12-31": "356.50000", "2016-12-31": "126.10000", "2015-12-31": "88.00000", "2014-12-31": "77.10000", "2013-12-31": "70.90000", "2012-12-31": "69.20000", "2011-12-31": "28.20000", "2010-12-31": ""}, "Total Long-Term Assets": {"2019-12-31": "5610.50000", "2018-12-31": "5293.20000", "2017-12-31": "4073.00000", "2016-12-31": "2754.50000", "2015-12-31": "2103.70000", "2014-12-31": "1473.60000", "2013-12-31": "1316.80000", "2012-12-31": "1154.90000", "2011-12-31": "954.10000", "2010-12-31": ""}, "Total Assets": {"2019-12-31": "6142.00000", "2018-12-31": "5592.50000", "2017-12-31": "4312.10000", "2016-12-31": "2852.40000", "2015-12-31": "2195.60000", "2014-12-31": "1571.00000", "2013-12-31": "1506.80000", "2012-12-31": "1210.90000", "2011-12-31": "954.70000", "2010-12-31": "0.00000"}, "Total Current Liabilities": {"2019-12-31": "299.00000", "2018-12-31": "316.60000", "2017-12-31": "213.40000", "2016-12-31": "227.10000", "2015-12-31": "136.60000", "2014-12-31": "69.90000", "2013-12-31": "66.80000", "2012-12-31": "37.10000", "2011-12-31": "502.40000", "2010-12-31": ""}, "Long Term Debt": {"2019-12-31": "2918.40000", "2018-12-31": "2781.40000", "2017-12-31": "2231.40000", "2016-12-31": "1250.90000", "2015-12-31": "1008.70000", "2014-12-31": "657.70000", "2013-12-31": "541.70000", "2012-12-31": "557.20000", "2011-12-31": "42.90000", "2010-12-31": ""}, "Other Non-Current Liabilities": {"2019-12-31": "233.70000", "2018-12-31": "199.60000", "2017-12-31": "153.40000", "2016-12-31": "212.40000", "2015-12-31": "228.70000", "2014-12-31": "126.40000", "2013-12-31": "120.70000", "2012-12-31": "116.50000", "2011-12-31": "97.90000", "2010-12-31": ""}, "Total Long Term Liabilities": {"2019-12-31": "3212.60000", "2018-12-31": "3049.90000", "2017-12-31": "2384.80000", "2016-12-31": "1463.30000", "2015-12-31": "1237.40000", "2014-12-31": "784.10000", "2013-12-31": "662.40000", "2012-12-31": "673.70000", "2011-12-31": "140.80000", "2010-12-31": ""}, "Total Liabilities": {"2019-12-31": "3707.40000", "2018-12-31": "3366.50000", "2017-12-31": "2598.20000", "2016-12-31": "1690.40000", "2015-12-31": "1374.00000", "2014-12-31": "854.00000", "2013-12-31": "729.20000", "2012-12-31": "710.80000", "2011-12-31": "643.20000", "2010-12-31": "0.00000"}, "Common Stock Net": {"2019-12-31": "1.10000", "2018-12-31": "1.10000", "2017-12-31": "1.00000", "2016-12-31": "0.80000", "2015-12-31": "0.70000", "2014-12-31": "0.40000", "2013-12-31": "0.20000", "2012-12-31": "", "2011-12-31": "", "2010-12-31": "0.00000"}, "Retained Earnings (Accumulated Deficit)": {"2019-12-31": "-767.30000", "2018-12-31": "-600.20000", "2017-12-31": "-486.90000", "2016-12-31": "-249.80000", "2015-12-31": "-145.90000", "2014-12-31": "-55.90000", "2013-12-31": "-18.90000", "2012-12-31": "", "2011-12-31": "", "2010-12-31": ""}, "Comprehensive Income": {"2019-12-31": "-1.20000", "2018-12-31": "-12.30000", "2017-12-31": "74.20000", "2016-12-31": "-1.30000", "2015-12-31": "-0.40000", "2014-12-31": "-0.20000", "2013-12-31": "", "2012-12-31": "", "2011-12-31": "", "2010-12-31": ""}, "Other Share Holders Equity": {"2019-12-31": "", "2018-12-31": "", "2017-12-31": "", "2016-12-31": "", "2015-12-31": "", "2014-12-31": "", "2013-12-31": "", "2012-12-31": "493.00000", "2011-12-31": "311.50000", "2010-12-31": "0.00000"}, "Share Holder Equity": {"2019-12-31": "2434.60000", "2018-12-31": "2226.00000", "2017-12-31": "1713.90000", "2016-12-31": "1162.00000", "2015-12-31": "821.60000", "2014-12-31": "717.00000", "2013-12-31": "777.60000", "2012-12-31": "500.10000", "2011-12-31": "311.50000", "2010-12-31": "0.00000"}, "Total Liabilities And Share Holders Equity": {"2019-12-31": "6142.00000", "2018-12-31": "5592.50000", "2017-12-31": "4312.10000", "2016-12-31": "2852.40000", "2015-12-31": "2195.60000", "2014-12-31": "1571.00000", "2013-12-31": "1506.80000", "2012-12-31": "1210.90000", "2011-12-31": "954.70000", "2010-12-31": "0.00000"}}, "balance sheet, quarterly": {"Cash On Hand": {"2020-09-30": "157.90000", "2020-06-30": "72.00000", "2020-03-31": "58.60000", "2019-12-31": "77.70000", "2019-09-30": "53.00000", "2019-06-30": "145.40000", "2019-03-31": "127.30000", "2018-12-31": "64.40000", "2018-09-30": "61.00000", "2018-06-30": "116.20000", "2018-03-31": "228.70000", "2017-12-31": "151.90000", "2017-09-30": "24.70000", "2017-06-30": "40.80000", "2017-03-31": "21.00000", "2016-12-31": "14.60000", "2016-09-30": "11.00000", "2016-06-30": "13.50000", "2016-03-31": "88.40000", "2015-12-31": "15.80000", "2015-09-30": "46.90000", "2015-06-30": "413.50000", "2015-03-31": "26.00000", "2014-12-31": "36.50000", "2014-09-30": "30.40000", "2014-06-30": "49.30000", "2014-03-31": "125.20000", "2013-12-31": "148.80000", "2013-09-30": "213.20000", "2013-06-30": "267.10000", "2013-03-31": "331.20000", "2012-12-31": "22.80000", "2012-09-30": "", "2012-06-30": "", "2012-03-31": "", "2011-12-31": "0.60000", "2010-12-31": ""}, "Receivables": {"2020-09-30": "306.90000", "2020-06-30": "307.00000", "2020-03-31": "305.30000", "2019-12-31": "291.90000", "2019-09-30": "279.30000", "2019-06-30": "268.40000", "2019-03-31": "248.70000", "2018-12-31": "234.90000", "2018-09-30": "104.50000", "2018-06-30": "87.70000", "2018-03-31": "93.10000", "2017-12-31": "87.20000", "2017-09-30": "93.00000", "2017-06-30": "93.40000", "2017-03-31": "89.40000", "2016-12-31": "83.30000", "2016-09-30": "73.00000", "2016-06-30": "66.40000", "2016-03-31": "67.10000", "2015-12-31": "76.10000", "2015-09-30": "74.50000", "2015-06-30": "56.30000", "2015-03-31": "53.90000", "2014-12-31": "60.90000", "2014-09-30": "59.10000", "2014-06-30": "61.50000", "2014-03-31": "42.40000", "2013-12-31": "41.20000", "2013-09-30": "33.90000", "2013-06-30": "27.20000", "2013-03-31": "30.00000", "2012-12-31": "33.20000", "2012-09-30": "", "2012-06-30": "", "2012-03-31": "", "2011-12-31": "", "2010-12-31": ""}, "Inventory": {"2020-09-30": "", "2020-06-30": "", "2020-03-31": "", "2019-12-31": "", "2019-09-30": "", "2019-06-30": "", "2019-03-31": "", "2018-12-31": "", "2018-09-30": "", "2018-06-30": "", "2018-03-31": "", "2017-12-31": "", "2017-09-30": "", "2017-06-30": "", "2017-03-31": "", "2016-12-31": "", "2016-09-30": "", "2016-06-30": "", "2016-03-31": "", "2015-12-31": "", "2015-09-30": "", "2015-06-30": "", "2015-03-31": "", "2014-12-31": "", "2014-09-30": "", "2014-06-30": "", "2014-03-31": "", "2013-12-31": "", "2013-09-30": "", "2013-06-30": "", "2013-03-31": "", "2012-12-31": "", "2012-09-30": "", "2012-06-30": "", "2012-03-31": "", "2011-12-31": "", "2010-12-31": ""}, "Pre-Paid Expenses": {"2020-09-30": "", "2020-06-30": "", "2020-03-31": "", "2019-12-31": "", "2019-09-30": "", "2019-06-30": "", "2019-03-31": "", "2018-12-31": "", "2018-09-30": "", "2018-06-30": "", "2018-03-31": "", "2017-12-31": "", "2017-09-30": "", "2017-06-30": "", "2017-03-31": "", "2016-12-31": "", "2016-09-30": "", "2016-06-30": "", "2016-03-31": "", "2015-12-31": "", "2015-09-30": "", "2015-06-30": "", "2015-03-31": "", "2014-12-31": "", "2014-09-30": "", "2014-06-30": "", "2014-03-31": "", "2013-12-31": "", "2013-09-30": "", "2013-06-30": "", "2013-03-31": "", "2012-12-31": "", "2012-09-30": "", "2012-06-30": "", "2012-03-31": "", "2011-12-31": "", "2010-12-31": ""}, "Other Current Assets": {"2020-09-30": "", "2020-06-30": "", "2020-03-31": "", "2019-12-31": "", "2019-09-30": "", "2019-06-30": "", "2019-03-31": "", "2018-12-31": "", "2018-09-30": "", "2018-06-30": "", "2018-03-31": "", "2017-12-31": "", "2017-09-30": "", "2017-06-30": "", "2017-03-31": "", "2016-12-31": "", "2016-09-30": "", "2016-06-30": "", "2016-03-31": "", "2015-12-31": "", "2015-09-30": "", "2015-06-30": "", "2015-03-31": "", "2014-12-31": "", "2014-09-30": "", "2014-06-30": "", "2014-03-31": "", "2013-12-31": "", "2013-09-30": "", "2013-06-30": "", "2013-03-31": "", "2012-12-31": "", "2012-09-30": "", "2012-06-30": "", "2012-03-31": "", "2011-12-31": "", "2010-12-31": ""}, "Total Current Assets": {"2020-09-30": "464.80000", "2020-06-30": "379.00000", "2020-03-31": "363.90000", "2019-12-31": "369.60000", "2019-09-30": "332.30000", "2019-06-30": "413.80000", "2019-03-31": "376.00000", "2018-12-31": "299.30000", "2018-09-30": "165.50000", "2018-06-30": "203.90000", "2018-03-31": "321.80000", "2017-12-31": "239.10000", "2017-09-30": "117.70000", "2017-06-30": "134.20000", "2017-03-31": "110.40000", "2016-12-31": "97.90000", "2016-09-30": "84.00000", "2016-06-30": "79.90000", "2016-03-31": "155.50000", "2015-12-31": "91.90000", "2015-09-30": "121.40000", "2015-06-30": "469.80000", "2015-03-31": "79.90000", "2014-12-31": "97.40000", "2014-09-30": "89.50000", "2014-06-30": "110.80000", "2014-03-31": "167.60000", "2013-12-31": "190.00000", "2013-09-30": "247.10000", "2013-06-30": "294.30000", "2013-03-31": "361.20000", "2012-12-31": "56.00000", "2012-09-30": "", "2012-06-30": "", "2012-03-31": "", "2011-12-31": "0.60000", "2010-12-31": ""}, "Property, Plant, And Equipment": {"2020-09-30": "5128.20000", "2020-06-30": "4942.20000", "2020-03-31": "4791.40000", "2019-12-31": "4710.30000", "2019-09-30": "4578.10000", "2019-06-30": "4499.60000", "2019-03-31": "4386.30000", "2018-12-31": "4293.00000", "2018-09-30": "4119.80000", "2018-06-30": "3245.30000", "2018-03-31": "3118.20000", "2017-12-31": "3058.40000", "2017-09-30": "2934.00000", "2017-06-30": "2853.20000", "2017-03-31": "2611.60000", "2016-12-31": "2023.10000", "2016-09-30": "1886.90000", "2016-06-30": "1711.60000", "2016-03-31": "1616.90000", "2015-12-31": "1392.00000", "2015-09-30": "1329.00000", "2015-06-30": "1091.00000", "2015-03-31": "1067.40000", "2014-12-31": "1051.40000", "2014-09-30": "1016.20000", "2014-06-30": "959.10000", "2014-03-31": "924.80000", "2013-12-31": "883.80000", "2013-09-30": "838.60000", "2013-06-30": "790.00000", "2013-03-31": "754.30000", "2012-12-31": "706.90000", "2012-09-30": "", "2012-06-30": "", "2012-03-31": "", "2011-12-31": "", "2010-12-31": ""}, "Long-Term Investments": {"2020-09-30": "", "2020-06-30": "", "2020-03-31": "", "2019-12-31": "", "2019-09-30": "", "2019-06-30": "", "2019-03-31": "", "2018-12-31": "", "2018-09-30": "", "2018-06-30": "", "2018-03-31": "", "2017-12-31": "", "2017-09-30": "", "2017-06-30": "", "2017-03-31": "", "2016-12-31": "", "2016-09-30": "", "2016-06-30": "", "2016-03-31": "", "2015-12-31": "", "2015-09-30": "", "2015-06-30": "", "2015-03-31": "", "2014-12-31": "", "2014-09-30": "", "2014-06-30": "", "2014-03-31": "", "2013-12-31": "", "2013-09-30": "", "2013-06-30": "", "2013-03-31": "", "2012-12-31": "", "2012-09-30": "", "2012-06-30": "", "2012-03-31": "", "2011-12-31": "", "2010-12-31": ""}, "Goodwill And Intangible Assets": {"2020-09-30": "621.50000", "2020-06-30": "630.00000", "2020-03-31": "639.60000", "2019-12-31": "651.20000", "2019-09-30": "658.80000", "2019-06-30": "670.40000", "2019-03-31": "681.20000", "2018-12-31": "690.80000", "2018-09-30": "703.50000", "2018-06-30": "645.60000", "2018-03-31": "651.90000", "2017-12-31": "658.10000", "2017-09-30": "664.80000", "2017-06-30": "671.40000", "2017-03-31": "678.20000", "2016-12-31": "605.30000", "2016-09-30": "610.90000", "2016-06-30": "614.00000", "2016-03-31": "618.90000", "2015-12-31": "623.70000", "2015-09-30": "629.10000", "2015-06-30": "337.80000", "2015-03-31": "341.50000", "2014-12-31": "345.10000", "2014-09-30": "349.40000", "2014-06-30": "353.60000", "2014-03-31": "357.90000", "2013-12-31": "362.10000", "2013-09-30": "366.10000", "2013-06-30": "370.30000", "2013-03-31": "374.60000", "2012-12-31": "378.80000", "2012-09-30": "0.00000", "2012-06-30": "0.00000", "2012-03-31": "0.00000", "2011-12-31": "396.90000", "2010-12-31": "0.00000"}, "Other Long-Term Assets": {"2020-09-30": "290.90000", "2020-06-30": "312.20000", "2020-03-31": "275.00000", "2019-12-31": "249.00000", "2019-09-30": "233.00000", "2019-06-30": "207.40000", "2019-03-31": "414.10000", "2018-12-31": "309.40000", "2018-09-30": "504.30000", "2018-06-30": "533.90000", "2018-03-31": "406.40000", "2017-12-31": "356.50000", "2017-09-30": "167.30000", "2017-06-30": "157.80000", "2017-03-31": "143.60000", "2016-12-31": "126.10000", "2016-09-30": "114.50000", "2016-06-30": "105.80000", "2016-03-31": "92.20000", "2015-12-31": "88.00000", "2015-09-30": "102.10000", "2015-06-30": "93.10000", "2015-03-31": "87.80000", "2014-12-31": "77.10000", "2014-09-30": "82.90000", "2014-06-30": "82.60000", "2014-03-31": "77.80000", "2013-12-31": "70.90000", "2013-09-30": "68.10000", "2013-06-30": "65.20000", "2013-03-31": "83.90000", "2012-12-31": "69.20000", "2012-09-30": "", "2012-06-30": "", "2012-03-31": "", "2011-12-31": "557.20000", "2010-12-31": ""}, "Total Long-Term Assets": {"2020-09-30": "6040.60000", "2020-06-30": "5884.40000", "2020-03-31": "5706.00000", "2019-12-31": "5610.50000", "2019-09-30": "5469.90000", "2019-06-30": "5377.40000", "2019-03-31": "5481.60000", "2018-12-31": "5293.20000", "2018-09-30": "5327.60000", "2018-06-30": "4424.80000", "2018-03-31": "4176.50000", "2017-12-31": "4073.00000", "2017-09-30": "3766.10000", "2017-06-30": "3682.40000", "2017-03-31": "3433.40000", "2016-12-31": "2754.50000", "2016-09-30": "2612.30000", "2016-06-30": "2431.40000", "2016-03-31": "2328.00000", "2015-12-31": "2103.70000", "2015-09-30": "2060.20000", "2015-06-30": "1521.90000", "2015-03-31": "1496.70000", "2014-12-31": "1473.60000", "2014-09-30": "1448.50000", "2014-06-30": "1395.30000", "2014-03-31": "1360.50000", "2013-12-31": "1316.80000", "2013-09-30": "1272.80000", "2013-06-30": "1225.50000", "2013-03-31": "1212.80000", "2012-12-31": "1154.90000", "2012-09-30": "", "2012-06-30": "", "2012-03-31": "", "2011-12-31": "954.10000", "2010-12-31": ""}, "Total Assets": {"2020-09-30": "6712.30000", "2020-06-30": "6468.10000", "2020-03-31": "6278.50000", "2019-12-31": "6142.00000", "2019-09-30": "5892.90000", "2019-06-30": "5869.70000", "2019-03-31": "5941.40000", "2018-12-31": "5592.50000", "2018-09-30": "5493.10000", "2018-06-30": "4628.70000", "2018-03-31": "4498.30000", "2017-12-31": "4312.10000", "2017-09-30": "3883.80000", "2017-06-30": "3816.60000", "2017-03-31": "3543.80000", "2016-12-31": "2852.40000", "2016-09-30": "2696.30000", "2016-06-30": "2511.30000", "2016-03-31": "2483.50000", "2015-12-31": "2195.60000", "2015-09-30": "2181.60000", "2015-06-30": "1991.70000", "2015-03-31": "1576.60000", "2014-12-31": "1571.00000", "2014-09-30": "1538.00000", "2014-06-30": "1506.10000", "2014-03-31": "1528.10000", "2013-12-31": "1506.80000", "2013-09-30": "1519.90000", "2013-06-30": "1519.80000", "2013-03-31": "1574.00000", "2012-12-31": "1210.90000", "2012-09-30": "0.00000", "2012-06-30": "0.00000", "2012-03-31": "0.00000", "2011-12-31": "954.70000", "2010-12-31": "0.00000"}, "Total Current Liabilities": {"2020-09-30": "313.50000", "2020-06-30": "282.70000", "2020-03-31": "304.40000", "2019-12-31": "299.00000", "2019-09-30": "263.60000", "2019-06-30": "262.30000", "2019-03-31": "237.10000", "2018-12-31": "316.60000", "2018-09-30": "257.30000", "2018-06-30": "204.70000", "2018-03-31": "155.70000", "2017-12-31": "213.40000", "2017-09-30": "244.70000", "2017-06-30": "276.00000", "2017-03-31": "268.20000", "2016-12-31": "227.10000", "2016-09-30": "214.60000", "2016-06-30": "163.70000", "2016-03-31": "196.20000", "2015-12-31": "136.60000", "2015-09-30": "116.30000", "2015-06-30": "90.00000", "2015-03-31": "67.10000", "2014-12-31": "69.90000", "2014-09-30": "100.20000", "2014-06-30": "83.90000", "2014-03-31": "88.80000", "2013-12-31": "66.80000", "2013-09-30": "67.80000", "2013-06-30": "30.50000", "2013-03-31": "60.30000", "2012-12-31": "37.10000", "2012-09-30": "", "2012-06-30": "", "2012-03-31": "", "2011-12-31": "502.40000", "2010-12-31": ""}, "Long Term Debt": {"2020-09-30": "3227.00000", "2020-06-30": "3185.70000", "2020-03-31": "3076.40000", "2019-12-31": "2918.40000", "2019-09-30": "2806.80000", "2019-06-30": "2745.40000", "2019-03-31": "2932.00000", "2018-12-31": "2781.40000", "2018-09-30": "2738.90000", "2018-06-30": "2322.20000", "2018-03-31": "2325.50000", "2017-12-31": "2231.40000", "2017-09-30": "2024.60000", "2017-06-30": "1844.20000", "2017-03-31": "1744.20000", "2016-12-31": "1250.90000", "2016-09-30": "1077.60000", "2016-06-30": "1107.10000", "2016-03-31": "1021.80000", "2015-12-31": "1008.70000", "2015-09-30": "995.50000", "2015-06-30": "741.90000", "2015-03-31": "692.40000", "2014-12-31": "657.70000", "2014-09-30": "569.20000", "2014-06-30": "540.00000", "2014-03-31": "540.50000", "2013-12-31": "541.70000", "2013-09-30": "543.80000", "2013-06-30": "544.80000", "2013-03-31": "556.00000", "2012-12-31": "557.20000", "2012-09-30": "", "2012-06-30": "", "2012-03-31": "", "2011-12-31": "48.20000", "2010-12-31": ""}, "Other Non-Current Liabilities": {"2020-09-30": "267.70000", "2020-06-30": "242.70000", "2020-03-31": "233.90000", "2019-12-31": "233.70000", "2019-09-30": "221.70000", "2019-06-30": "219.80000", "2019-03-31": "207.40000", "2018-12-31": "199.60000", "2018-09-30": "189.20000", "2018-06-30": "173.60000", "2018-03-31": "162.50000", "2017-12-31": "153.40000", "2017-09-30": "238.10000", "2017-06-30": "230.50000", "2017-03-31": "227.80000", "2016-12-31": "212.40000", "2016-09-30": "214.40000", "2016-06-30": "216.00000", "2016-03-31": "223.40000", "2015-12-31": "228.70000", "2015-09-30": "228.70000", "2015-06-30": "294.20000", "2015-03-31": "125.90000", "2014-12-31": "126.40000", "2014-09-30": "128.60000", "2014-06-30": "131.20000", "2014-03-31": "132.00000", "2013-12-31": "120.70000", "2013-09-30": "117.90000", "2013-06-30": "143.30000", "2013-03-31": "141.20000", "2012-12-31": "116.50000", "2012-09-30": "", "2012-06-30": "", "2012-03-31": "", "2011-12-31": "92.60000", "2010-12-31": ""}, "Total Long Term Liabilities": {"2020-09-30": "3550.10000", "2020-06-30": "3484.20000", "2020-03-31": "3367.30000", "2019-12-31": "3212.60000", "2019-09-30": "3088.10000", "2019-06-30": "3030.70000", "2019-03-31": "3206.60000", "2018-12-31": "3049.90000", "2018-09-30": "2996.80000", "2018-06-30": "2495.80000", "2018-03-31": "2488.00000", "2017-12-31": "2384.80000", "2017-09-30": "2262.70000", "2017-06-30": "2074.70000", "2017-03-31": "1972.00000", "2016-12-31": "1463.30000", "2016-09-30": "1292.00000", "2016-06-30": "1323.10000", "2016-03-31": "1245.20000", "2015-12-31": "1237.40000", "2015-09-30": "1224.20000", "2015-06-30": "1036.10000", "2015-03-31": "818.29990", "2014-12-31": "784.10000", "2014-09-30": "697.80000", "2014-06-30": "671.20000", "2014-03-31": "672.50000", "2013-12-31": "662.40000", "2013-09-30": "661.70000", "2013-06-30": "688.10000", "2013-03-31": "697.20000", "2012-12-31": "673.70000", "2012-09-30": "", "2012-06-30": "", "2012-03-31": "", "2011-12-31": "140.80000", "2010-12-31": ""}, "Total Liabilities": {"2020-09-30": "4107.90000", "2020-06-30": "4007.40000", "2020-03-31": "3914.70000", "2019-12-31": "3707.40000", "2019-09-30": "3476.00000", "2019-06-30": "3407.10000", "2019-03-31": "3563.30000", "2018-12-31": "3366.50000", "2018-09-30": "3254.10000", "2018-06-30": "2700.50000", "2018-03-31": "2643.70000", "2017-12-31": "2598.20000", "2017-09-30": "2507.40000", "2017-06-30": "2350.70000", "2017-03-31": "2240.20000", "2016-12-31": "1690.40000", "2016-09-30": "1506.60000", "2016-06-30": "1486.80000", "2016-03-31": "1441.40000", "2015-12-31": "1374.00000", "2015-09-30": "1340.50000", "2015-06-30": "1126.10000", "2015-03-31": "885.40000", "2014-12-31": "854.00000", "2014-09-30": "798.00000", "2014-06-30": "755.10000", "2014-03-31": "761.30000", "2013-12-31": "729.20000", "2013-09-30": "729.50000", "2013-06-30": "718.60000", "2013-03-31": "757.50000", "2012-12-31": "710.80000", "2012-09-30": "0.00000", "2012-06-30": "0.00000", "2012-03-31": "0.00000", "2011-12-31": "643.20000", "2010-12-31": "0.00000"}, "Common Stock Net": {"2020-09-30": "1.20000", "2020-06-30": "1.20000", "2020-03-31": "1.20000", "2019-12-31": "1.10000", "2019-09-30": "1.10000", "2019-06-30": "1.10000", "2019-03-31": "1.10000", "2018-12-31": "1.10000", "2018-09-30": "1.10000", "2018-06-30": "1.00000", "2018-03-31": "1.00000", "2017-12-31": "1.00000", "2017-09-30": "0.90000", "2017-06-30": "0.90000", "2017-03-31": "0.90000", "2016-12-31": "0.80000", "2016-09-30": "0.80000", "2016-06-30": "0.80000", "2016-03-31": "0.80000", "2015-12-31": "0.70000", "2015-09-30": "0.60000", "2015-06-30": "0.60000", "2015-03-31": "0.40000", "2014-12-31": "0.40000", "2014-09-30": "0.40000", "2014-06-30": "0.40000", "2014-03-31": "0.20000", "2013-12-31": "0.20000", "2013-09-30": "0.20000", "2013-06-30": "0.20000", "2013-03-31": "0.20000", "2012-12-31": "", "2012-09-30": "0.00000", "2012-06-30": "0.00000", "2012-03-31": "0.00000", "2011-12-31": "0.00000", "2010-12-31": "0.00000"}, "Retained Earnings (Accumulated Deficit)": {"2020-09-30": "-923.90000", "2020-06-30": "-824.70000", "2020-03-31": "-811.00000", "2019-12-31": "-767.30000", "2019-09-30": "-657.40000", "2019-06-30": "-613.00000", "2019-03-31": "-552.20000", "2018-12-31": "-600.20000", "2018-09-30": "-444.30000", "2018-06-30": "-353.00000", "2018-03-31": "-413.10000", "2017-12-31": "-486.90000", "2017-09-30": "-449.20000", "2017-06-30": "-355.70000", "2017-03-31": "-316.50000", "2016-12-31": "-249.80000", "2016-09-30": "-218.80000", "2016-06-30": "-191.50000", "2016-03-31": "-170.30000", "2015-12-31": "-145.90000", "2015-09-30": "-124.30000", "2015-06-30": "-98.90000", "2015-03-31": "-72.50000", "2014-12-31": "-55.90000", "2014-09-30": "-40.80000", "2014-06-30": "-32.70000", "2014-03-31": "-23.50000", "2013-12-31": "-18.90000", "2013-09-30": "-14.20000", "2013-06-30": "", "2013-03-31": "", "2012-12-31": "", "2012-09-30": "", "2012-06-30": "", "2012-03-31": "", "2011-12-31": "", "2010-12-31": ""}, "Comprehensive Income": {"2020-09-30": "-5.80000", "2020-06-30": "-21.70000", "2020-03-31": "-26.30000", "2019-12-31": "-1.20000", "2019-09-30": "-21.00000", "2019-06-30": "-15.00000", "2019-03-31": "-9.00000", "2018-12-31": "-12.30000", "2018-09-30": "-3.10000", "2018-06-30": "-1.30000", "2018-03-31": "-1.30000", "2017-12-31": "74.20000", "2017-09-30": "-1.30000", "2017-06-30": "-1.20000", "2017-03-31": "-1.30000", "2016-12-31": "-1.30000", "2016-09-30": "-1.20000", "2016-06-30": "-0.50000", "2016-03-31": "-0.40000", "2015-12-31": "-0.40000", "2015-09-30": "-0.70000", "2015-06-30": "-0.30000", "2015-03-31": "-0.60000", "2014-12-31": "-0.20000", "2014-09-30": "", "2014-06-30": "", "2014-03-31": "", "2013-12-31": "", "2013-09-30": "", "2013-06-30": "", "2013-03-31": "", "2012-12-31": "", "2012-09-30": "", "2012-06-30": "", "2012-03-31": "", "2011-12-31": "", "2010-12-31": ""}, "Other Share Holders Equity": {"2020-09-30": "", "2020-06-30": "", "2020-03-31": "", "2019-12-31": "", "2019-09-30": "", "2019-06-30": "", "2019-03-31": "", "2018-12-31": "", "2018-09-30": "", "2018-06-30": "", "2018-03-31": "", "2017-12-31": "", "2017-09-30": "", "2017-06-30": "", "2017-03-31": "", "2016-12-31": "", "2016-09-30": "", "2016-06-30": "", "2016-03-31": "", "2015-12-31": "", "2015-09-30": "", "2015-06-30": "", "2015-03-31": "", "2014-12-31": "", "2014-09-30": "", "2014-06-30": "", "2014-03-31": "", "2013-12-31": "", "2013-09-30": "", "2013-06-30": "-9.70000", "2013-03-31": "-3.90000", "2012-12-31": "493.00000", "2012-09-30": "0.00000", "2012-06-30": "0.00000", "2012-03-31": "0.00000", "2011-12-31": "311.50000", "2010-12-31": "0.00000"}, "Share Holder Equity": {"2020-09-30": "2604.40000", "2020-06-30": "2460.70000", "2020-03-31": "2363.80000", "2019-12-31": "2434.60000", "2019-09-30": "2416.90000", "2019-06-30": "2462.60000", "2019-03-31": "2378.10000", "2018-12-31": "2226.00000", "2018-09-30": "2239.00000", "2018-06-30": "1928.20000", "2018-03-31": "1854.60000", "2017-12-31": "1713.90000", "2017-09-30": "1376.40000", "2017-06-30": "1465.90000", "2017-03-31": "1303.60000", "2016-12-31": "1162.00000", "2016-09-30": "1189.70000", "2016-06-30": "1024.50000", "2016-03-31": "1042.10000", "2015-12-31": "821.60000", "2015-09-30": "841.10000", "2015-06-30": "865.60000", "2015-03-31": "691.20000", "2014-12-31": "717.00000", "2014-09-30": "740.00000", "2014-06-30": "751.00000", "2014-03-31": "766.80000", "2013-12-31": "777.60000", "2013-09-30": "790.40000", "2013-06-30": "801.20000", "2013-03-31": "816.50000", "2012-12-31": "500.10000", "2012-09-30": "0.00000", "2012-06-30": "0.00000", "2012-03-31": "0.00000", "2011-12-31": "311.50000", "2010-12-31": "0.00000"}, "Total Liabilities And Share Holders Equity": {"2020-09-30": "6712.30000", "2020-06-30": "6468.10000", "2020-03-31": "6278.50000", "2019-12-31": "6142.00000", "2019-09-30": "5892.90000", "2019-06-30": "5869.70000", "2019-03-31": "5941.40000", "2018-12-31": "5592.50000", "2018-09-30": "5493.10000", "2018-06-30": "4628.70000", "2018-03-31": "4498.30000", "2017-12-31": "4312.10000", "2017-09-30": "3883.80000", "2017-06-30": "3816.60000", "2017-03-31": "3543.80000", "2016-12-31": "2852.40000", "2016-09-30": "2696.30000", "2016-06-30": "2511.30000", "2016-03-31": "2483.50000", "2015-12-31": "2195.60000", "2015-09-30": "2181.60000", "2015-06-30": "1991.70000", "2015-03-31": "1576.60000", "2014-12-31": "1571.00000", "2014-09-30": "1538.00000", "2014-06-30": "1506.10000", "2014-03-31": "1528.10000", "2013-12-31": "1506.80000", "2013-09-30": "1519.90000", "2013-06-30": "1519.80000", "2013-03-31": "1574.00000", "2012-12-31": "1210.90000", "2012-09-30": "0.00000", "2012-06-30": "0.00000", "2012-03-31": "0.00000", "2011-12-31": "954.70000", "2010-12-31": "0.00000"}}, "cash flow statement": {"Net Income/Loss": {"2019-12-31": "41.40000", "2018-12-31": "1.20000", "2017-12-31": "-83.50000", "2016-12-31": "19.90000", "2015-12-31": "-20.20000", "2014-12-31": "-14.50000", "2013-12-31": "-35.80000", "2012-12-31": "-20.30000", "2011-12-31": "1.50000", "2010-12-31": "3.50000"}, "Total Depreciation And Amortization - Cash Flow": {"2019-12-31": "422.70000", "2018-12-31": "338.10000", "2017-12-31": "263.10000", "2016-12-31": "188.80000", "2015-12-31": "141.50000", "2014-12-31": "118.00000", "2013-12-31": "95.20000", "2012-12-31": "73.40000", "2011-12-31": "55.50000", "2010-12-31": "36.20000"}, "Other Non-Cash Items": {"2019-12-31": "-88.90000", "2018-12-31": "10.20000", "2017-12-31": "72.90000", "2016-12-31": "18.90000", "2015-12-31": "31.30000", "2014-12-31": "14.50000", "2013-12-31": "14.40000", "2012-12-31": "9.20000", "2011-12-31": "1.60000", "2010-12-31": "3.10000"}, "Total Non-Cash Items": {"2019-12-31": "333.80000", "2018-12-31": "348.30000", "2017-12-31": "336.00000", "2016-12-31": "207.70000", "2015-12-31": "172.80000", "2014-12-31": "132.50000", "2013-12-31": "109.60000", "2012-12-31": "82.60000", "2011-12-31": "57.10000", "2010-12-31": "39.30000"}, "Change In Accounts Receivable": {"2019-12-31": "-74.20000", "2018-12-31": "-80.20000", "2017-12-31": "-64.30000", "2016-12-31": "-51.70000", "2015-12-31": "-23.90000", "2014-12-31": "-37.00000", "2013-12-31": "-25.30000", "2012-12-31": "-24.00000", "2011-12-31": "-3.30000", "2010-12-31": "-4.30000"}, "Change In Inventories": {"2019-12-31": "", "2018-12-31": "", "2017-12-31": "", "2016-12-31": "", "2015-12-31": "", "2014-12-31": "", "2013-12-31": "", "2012-12-31": "", "2011-12-31": "", "2010-12-31": ""}, "Change In Accounts Payable": {"2019-12-31": "", "2018-12-31": "", "2017-12-31": "", "2016-12-31": "", "2015-12-31": "", "2014-12-31": "", "2013-12-31": "", "2012-12-31": "", "2011-12-31": "", "2010-12-31": ""}, "Change In Assets/Liabilities": {"2019-12-31": "-6.50000", "2018-12-31": "34.50000", "2017-12-31": "34.00000", "2016-12-31": "-2.50000", "2015-12-31": "4.50000", "2014-12-31": "9.60000", "2013-12-31": "23.00000", "2012-12-31": "3.80000", "2011-12-31": "2.30000", "2010-12-31": "-1.20000"}, "Total Change In Assets/Liabilities": {"2019-12-31": "-81.50000", "2018-12-31": "-42.70000", "2017-12-31": "-1.00000", "2016-12-31": "-47.30000", "2015-12-31": "-12.40000", "2014-12-31": "-20.50000", "2013-12-31": "3.60000", "2012-12-31": "-20.80000", "2011-12-31": "2.50000", "2010-12-31": "-1.30000"}, "Cash Flow From Operating Activities": {"2019-12-31": "365.70000", "2018-12-31": "309.30000", "2017-12-31": "289.50000", "2016-12-31": "180.60000", "2015-12-31": "140.20000", "2014-12-31": "111.10000", "2013-12-31": "79.40000", "2012-12-31": "44.50000", "2011-12-31": "66.00000", "2010-12-31": "43.50000"}, "Net Change In Property, Plant, And Equipment": {"2019-12-31": "-875.10000", "2018-12-31": "-1328.50000", "2017-12-31": "-1406.80000", "2016-12-31": "-731.10000", "2015-12-31": "-234.50000", "2014-12-31": "-284.20000", "2013-12-31": "-228.60000", "2012-12-31": "-228.10000", "2011-12-31": "-117.50000", "2010-12-31": "-29.30000"}, "Net Change In Intangible Assets": {"2019-12-31": "", "2018-12-31": "", "2017-12-31": "", "2016-12-31": "", "2015-12-31": "", "2014-12-31": "", "2013-12-31": "", "2012-12-31": "", "2011-12-31": "", "2010-12-31": ""}, "Net Acquisitions/Divestitures": {"2019-12-31": "", "2018-12-31": "", "2017-12-31": "", "2016-12-31": "", "2015-12-31": "-389.60000", "2014-12-31": "", "2013-12-31": "", "2012-12-31": "", "2011-12-31": "", "2010-12-31": ""}, "Net Change In Short-term Investments": {"2019-12-31": "", "2018-12-31": "", "2017-12-31": "", "2016-12-31": "", "2015-12-31": "", "2014-12-31": "", "2013-12-31": "", "2012-12-31": "", "2011-12-31": "", "2010-12-31": ""}, "Net Change In Long-Term Investments": {"2019-12-31": "195.20000", "2018-12-31": "-12.60000", "2017-12-31": "-100.00000", "2016-12-31": "", "2015-12-31": "", "2014-12-31": "", "2013-12-31": "", "2012-12-31": "", "2011-12-31": "", "2010-12-31": ""}, "Net Change In Investments - Total": {"2019-12-31": "195.20000", "2018-12-31": "-12.60000", "2017-12-31": "-100.00000", "2016-12-31": "", "2015-12-31": "", "2014-12-31": "", "2013-12-31": "", "2012-12-31": "", "2011-12-31": "", "2010-12-31": ""}, "Investing Activities - Other": {"2019-12-31": "", "2018-12-31": "", "2017-12-31": "", "2016-12-31": "", "2015-12-31": "", "2014-12-31": "", "2013-12-31": "6.10000", "2012-12-31": "-24.50000", "2011-12-31": "11.70000", "2010-12-31": "-11.20000"}, "Cash Flow From Investing Activities": {"2019-12-31": "-679.90000", "2018-12-31": "-1341.10000", "2017-12-31": "-1506.80000", "2016-12-31": "-731.10000", "2015-12-31": "-624.10000", "2014-12-31": "-284.20000", "2013-12-31": "-222.50000", "2012-12-31": "-252.60000", "2011-12-31": "-105.80000", "2010-12-31": "-40.50000"}, "Net Long-Term Debt": {"2019-12-31": "268.70000", "2018-12-31": "431.40000", "2017-12-31": "845.50000", "2016-12-31": "230.70000", "2015-12-31": "347.90000", "2014-12-31": "130.90000", "2013-12-31": "-26.40000", "2012-12-31": "235.80000", "2011-12-31": "43.40000", "2010-12-31": "5.30000"}, "Net Current Debt": {"2019-12-31": "", "2018-12-31": "", "2017-12-31": "", "2016-12-31": "", "2015-12-31": "", "2014-12-31": "", "2013-12-31": "", "2012-12-31": "", "2011-12-31": "", "2010-12-31": ""}, "Debt Issuance/Retirement Net - Total": {"2019-12-31": "268.70000", "2018-12-31": "431.40000", "2017-12-31": "845.50000", "2016-12-31": "230.70000", "2015-12-31": "347.90000", "2014-12-31": "130.90000", "2013-12-31": "-26.40000", "2012-12-31": "235.80000", "2011-12-31": "43.40000", "2010-12-31": "5.30000"}, "Net Common Equity Issued/Repurchased": {"2019-12-31": "357.20000", "2018-12-31": "699.60000", "2017-12-31": "705.70000", "2016-12-31": "447.10000", "2015-12-31": "203.10000", "2014-12-31": "0.10000", "2013-12-31": "360.50000", "2012-12-31": "", "2011-12-31": "", "2010-12-31": ""}, "Net Total Equity Issued/Repurchased": {"2019-12-31": "357.20000", "2018-12-31": "699.60000", "2017-12-31": "705.70000", "2016-12-31": "447.10000", "2015-12-31": "203.10000", "2014-12-31": "0.10000", "2013-12-31": "360.50000", "2012-12-31": "", "2011-12-31": "", "2010-12-31": ""}, "Total Common And Preferred Stock Dividends Paid": {"2019-12-31": "-210.40000", "2018-12-31": "-181.10000", "2017-12-31": "-145.70000", "2016-12-31": "-114.30000", "2015-12-31": "-80.80000", "2014-12-31": "-50.90000", "2013-12-31": "-31.00000", "2012-12-31": "", "2011-12-31": "", "2010-12-31": ""}, "Financial Activities - Other": {"2019-12-31": "-90.70000", "2018-12-31": "-5.20000", "2017-12-31": "-50.90000", "2016-12-31": "-14.20000", "2015-12-31": "-7.00000", "2014-12-31": "-19.30000", "2013-12-31": "-27.70000", "2012-12-31": "-11.80000", "2011-12-31": "-7.90000", "2010-12-31": "-3.40000"}, "Cash Flow From Financial Activities": {"2019-12-31": "324.80000", "2018-12-31": "944.70000", "2017-12-31": "1354.60000", "2016-12-31": "549.30000", "2015-12-31": "463.20000", "2014-12-31": "60.80000", "2013-12-31": "275.40000", "2012-12-31": "224.00000", "2011-12-31": "35.50000", "2010-12-31": "1.90000"}, "Net Cash Flow": {"2019-12-31": "13.30000", "2018-12-31": "-87.50000", "2017-12-31": "137.30000", "2016-12-31": "-1.20000", "2015-12-31": "-20.70000", "2014-12-31": "-112.30000", "2013-12-31": "132.30000", "2012-12-31": "15.90000", "2011-12-31": "-4.30000", "2010-12-31": "4.90000"}, "Stock-Based Compensation": {"2019-12-31": "16.70000", "2018-12-31": "17.50000", "2017-12-31": "14.70000", "2016-12-31": "12.30000", "2015-12-31": "14.40000", "2014-12-31": "10.30000", "2013-12-31": "6.20000", "2012-12-31": "", "2011-12-31": "", "2010-12-31": ""}, "Common Stock Dividends Paid": {"2019-12-31": "-210.40000", "2018-12-31": "-181.10000", "2017-12-31": "-145.70000", "2016-12-31": "-114.30000", "2015-12-31": "-80.80000", "2014-12-31": "-50.90000", "2013-12-31": "-31.00000", "2012-12-31": "", "2011-12-31": "", "2010-12-31": ""}}, "cash flow statement, quarterly": {"Net Income/Loss": {"2020-09-30": -37.3, "2020-06-30": 45, "2020-03-31": "14.70000", "2019-12-31": -52.1, "2019-09-30": 12.6, "2019-06-30": -8.5, "2019-03-31": "89.40000", "2018-12-31": -105.8, "2018-09-30": -42.4, "2018-06-30": 105.9, "2018-03-31": "43.50000", "2017-12-31": 2.8, "2017-09-30": -55.1, "2017-06-30": -0.8, "2017-03-31": "-30.40000", "2016-12-31": 0.8, "2016-09-30": 4.4, "2016-06-30": 9.1, "2016-03-31": "5.60000", "2015-12-31": -1.2, "2015-09-30": -5.3, "2015-06-30": -6.5, "2015-03-31": "-7.20000", "2014-12-31": -11.8, "2014-09-30": 0.2, "2014-06-30": -3.6, "2014-03-31": "0.70000", "2013-12-31": -3.8, "2013-09-30": -2.2, "2013-06-30": -6.8, "2013-03-31": "-23.00000", "2012-12-31": -20.3, "2012-09-30": 0, "2012-06-30": 0, "2012-03-31": "0.00000", "2011-12-31": -2, "2010-12-31": 3.5}, "Total Depreciation And Amortization - Cash Flow": {"2020-09-30": 114.7, "2020-06-30": 111.3, "2020-03-31": "110.10000", "2019-12-31": 109.6, "2019-09-30": 106.6, "2019-06-30": 103.2, "2019-03-31": "103.30000", "2018-12-31": 98.9, "2018-09-30": 85.2, "2018-06-30": 78.7, "2018-03-31": "75.30000", "2017-12-31": 71.6, "2017-09-30": 69.9, "2017-06-30": 65.9, "2017-03-31": "55.70000", "2016-12-31": 54.2, "2016-09-30": 50.6, "2016-06-30": 44.7, "2016-03-31": "39.30000", "2015-12-31": 39.9, "2015-09-30": 39.1, "2015-06-30": 31.4, "2015-03-31": "31.10000", "2014-12-31": 30.6, "2014-09-30": 30, "2014-06-30": 29.8, "2014-03-31": "27.60000", "2013-12-31": 26.6, "2013-09-30": 23.9, "2013-06-30": 23, "2013-03-31": "21.70000", "2012-12-31": 73.4, "2012-09-30": 0, "2012-06-30": 0, "2012-03-31": "", "2011-12-31": 19.3, "2010-12-31": 36.2}, "Other Non-Cash Items": {"2020-09-30": 33.8, "2020-06-30": -26.3, "2020-03-31": "-9.10000", "2019-12-31": 0.4, "2019-09-30": -10.7, "2019-06-30": 13.9, "2019-03-31": "-92.50000", "2018-12-31": 103.2, "2018-09-30": 41.4, "2018-06-30": -98.3, "2018-03-31": "-36.10000", "2017-12-31": 2.8, "2017-09-30": 58.5, "2017-06-30": 7, "2017-03-31": "4.60000", "2016-12-31": -1.6, "2016-09-30": 12.1, "2016-06-30": 4.4, "2016-03-31": "4.00000", "2015-12-31": 4.7, "2015-09-30": 10.2, "2015-06-30": 4.1, "2015-03-31": "12.30000", "2014-12-31": 3.3, "2014-09-30": 3.8, "2014-06-30": 4.3, "2014-03-31": "3.10000", "2013-12-31": 7.4, "2013-09-30": 2.4, "2013-06-30": 3, "2013-03-31": "1.60000", "2012-12-31": 9.2, "2012-09-30": 0, "2012-06-30": 0, "2012-03-31": "", "2011-12-31": 0, "2010-12-31": 0}, "Total Non-Cash Items": {"2020-09-30": 148.5, "2020-06-30": 85, "2020-03-31": "101.00000", "2019-12-31": 110, "2019-09-30": 95.9, "2019-06-30": 117.1, "2019-03-31": "10.80000", "2018-12-31": 202.1, "2018-09-30": 126.6, "2018-06-30": -19.6, "2018-03-31": "39.20000", "2017-12-31": 74.4, "2017-09-30": 128.4, "2017-06-30": 72.9, "2017-03-31": "60.30000", "2016-12-31": 52.6, "2016-09-30": 62.7, "2016-06-30": 49.1, "2016-03-31": "43.30000", "2015-12-31": 44.6, "2015-09-30": 49.3, "2015-06-30": 35.5, "2015-03-31": "43.40000", "2014-12-31": 33.9, "2014-09-30": 33.8, "2014-06-30": 34.1, "2014-03-31": "30.70000", "2013-12-31": 34, "2013-09-30": 26.3, "2013-06-30": 26, "2013-03-31": "23.30000", "2012-12-31": 73.4, "2012-09-30": 0, "2012-06-30": 0, "2012-03-31": "", "2011-12-31": 19.3, "2010-12-31": 36.2}, "Change In Accounts Receivable": {"2020-09-30": 1.9, "2020-06-30": -1.6, "2020-03-31": "-29.40000", "2019-12-31": -22.7, "2019-09-30": -10.4, "2019-06-30": -23.1, "2019-03-31": "-18.00000", "2018-12-31": -24.8, "2018-09-30": -18.6, "2018-06-30": -18.8, "2018-03-31": "-18.00000", "2017-12-31": -10.6, "2017-09-30": -12.4, "2017-06-30": -21.3, "2017-03-31": "-20.00000", "2016-12-31": -22.7, "2016-09-30": -20.1, "2016-06-30": -15.1, "2016-03-31": "6.20000", "2015-12-31": -7, "2015-09-30": -9.1, "2015-06-30": -9.6, "2015-03-31": "1.80000", "2014-12-31": -5.7, "2014-09-30": 0.1, "2014-06-30": -24.7, "2014-03-31": "-6.70000", "2013-12-31": -14.8, "2013-09-30": -10.9, "2013-06-30": -1.2, "2013-03-31": "1.60000", "2012-12-31": -24, "2012-09-30": 0, "2012-06-30": 0, "2012-03-31": "", "2011-12-31": 0, "2010-12-31": 0}, "Change In Inventories": {"2020-09-30": 0, "2020-06-30": 0, "2020-03-31": "", "2019-12-31": 0, "2019-09-30": 0, "2019-06-30": 0, "2019-03-31": "", "2018-12-31": 0, "2018-09-30": 0, "2018-06-30": 0, "2018-03-31": "", "2017-12-31": 0, "2017-09-30": 0, "2017-06-30": 0, "2017-03-31": "", "2016-12-31": 0, "2016-09-30": 0, "2016-06-30": 0, "2016-03-31": "", "2015-12-31": 0, "2015-09-30": 0, "2015-06-30": 0, "2015-03-31": "", "2014-12-31": 0, "2014-09-30": 0, "2014-06-30": 0, "2014-03-31": "", "2013-12-31": 0, "2013-09-30": 0, "2013-06-30": 0, "2013-03-31": "", "2012-12-31": 0, "2012-09-30": 0, "2012-06-30": 0, "2012-03-31": "", "2011-12-31": 0, "2010-12-31": 0}, "Change In Accounts Payable": {"2020-09-30": 0, "2020-06-30": 0, "2020-03-31": "", "2019-12-31": 0, "2019-09-30": 0, "2019-06-30": 0, "2019-03-31": "", "2018-12-31": 0, "2018-09-30": 0, "2018-06-30": 0, "2018-03-31": "", "2017-12-31": 0, "2017-09-30": 0, "2017-06-30": 0, "2017-03-31": "", "2016-12-31": 0, "2016-09-30": 0, "2016-06-30": 0, "2016-03-31": "", "2015-12-31": 0, "2015-09-30": 0, "2015-06-30": 0, "2015-03-31": "", "2014-12-31": 0, "2014-09-30": 0, "2014-06-30": 0, "2014-03-31": "", "2013-12-31": 0, "2013-09-30": 0, "2013-06-30": 0, "2013-03-31": "", "2012-12-31": 0, "2012-09-30": 0, "2012-06-30": 0, "2012-03-31": "", "2011-12-31": 0, "2010-12-31": 0}, "Change In Assets/Liabilities": {"2020-09-30": -5.3, "2020-06-30": -6.7, "2020-03-31": "-2.40000", "2019-12-31": -5.9, "2019-09-30": -8.8, "2019-06-30": 6.2, "2019-03-31": "2.00000", "2018-12-31": 9.1, "2018-09-30": 9.1, "2018-06-30": 11, "2018-03-31": "5.30000", "2017-12-31": 6.8, "2017-09-30": 8.3, "2017-06-30": 3.2, "2017-03-31": "15.70000", "2016-12-31": 3.7, "2016-09-30": 0.8, "2016-06-30": -4.7, "2016-03-31": "-2.30000", "2015-12-31": 5.2, "2015-09-30": 0.4, "2015-06-30": 0.7, "2015-03-31": "-1.80000", "2014-12-31": 0, "2014-09-30": -1.4, "2014-06-30": 2.2, "2014-03-31": "8.80000", "2013-12-31": 2.5, "2013-09-30": 2.3, "2013-06-30": 22.5, "2013-03-31": "-4.30000", "2012-12-31": 3.8, "2012-09-30": 0, "2012-06-30": 0, "2012-03-31": "", "2011-12-31": 0, "2010-12-31": 0}, "Total Change In Assets/Liabilities": {"2020-09-30": 13.9, "2020-06-30": -2.4, "2020-03-31": "-33.00000", "2019-12-31": -41.2, "2019-09-30": 0.8, "2019-06-30": 14.7, "2019-03-31": "-55.80000", "2018-12-31": 10.7, "2018-09-30": -29.8, "2018-06-30": 18, "2018-03-31": "-41.60000", "2017-12-31": 22, "2017-09-30": -5.8, "2017-06-30": -6.1, "2017-03-31": "-11.10000", "2016-12-31": -14.7, "2016-09-30": -18.4, "2016-06-30": -18.1, "2016-03-31": "3.90000", "2015-12-31": -4.7, "2015-09-30": -4.2, "2015-06-30": -0.6, "2015-03-31": "-2.90000", "2014-12-31": -12.9, "2014-09-30": 10.3, "2014-06-30": -24.4, "2014-03-31": "6.50000", "2013-12-31": -15.6, "2013-09-30": -0.8, "2013-06-30": -3.9, "2013-03-31": "23.90000", "2012-12-31": -20.8, "2012-09-30": 0, "2012-06-30": 0, "2012-03-31": "", "2011-12-31": 3.8, "2010-12-31": -1.3}, "Cash Flow From Operating Activities": {"2020-09-30": 127.7, "2020-06-30": 127.9, "2020-03-31": "86.30000", "2019-12-31": 88.7, "2019-09-30": 109.5, "2019-06-30": 123.6, "2019-03-31": "43.90000", "2018-12-31": 106.4, "2018-09-30": 54.4, "2018-06-30": 104.3, "2018-03-31": "44.20000", "2017-12-31": 99.4, "2017-09-30": 68.6, "2017-06-30": 66.3, "2017-03-31": "55.20000", "2016-12-31": 39, "2016-09-30": 48.7, "2016-06-30": 40.1, "2016-03-31": "52.80000", "2015-12-31": 38.7, "2015-09-30": 39.8, "2015-06-30": 28.4, "2015-03-31": "33.30000", "2014-12-31": 22.8, "2014-09-30": 44.3, "2014-06-30": 6.1, "2014-03-31": "37.90000", "2013-12-31": 14.6, "2013-09-30": 23.3, "2013-06-30": 16.6, "2013-03-31": "24.90000", "2012-12-31": 1.7, "2012-09-30": 11, "2012-06-30": 19.3, "2012-03-31": "12.50000", "2011-12-31": 22.5, "2010-12-31": 43.5}, "Net Change In Property, Plant, And Equipment": {"2020-09-30": -234.2, "2020-06-30": -261.2, "2020-03-31": "-196.50000", "2019-12-31": -148.7, "2019-09-30": -211.6, "2019-06-30": -212.9, "2019-03-31": "-301.90000", "2018-12-31": -697.3, "2018-09-30": -308.5, "2018-06-30": -177.5, "2018-03-31": "-145.20000", "2017-12-31": -697.7, "2017-09-30": -224.1, "2017-06-30": 189.8, "2017-03-31": "-674.80000", "2016-12-31": -174.6, "2016-09-30": -178.3, "2016-06-30": -168.6, "2016-03-31": "-209.60000", "2015-12-31": -76.3, "2015-09-30": -66.7, "2015-06-30": -42.3, "2015-03-31": "-49.20000", "2014-12-31": -89.3, "2014-09-30": -78.1, "2014-06-30": -67.1, "2014-03-31": "-49.70000", "2013-12-31": -63, "2013-09-30": -64.3, "2013-06-30": -48.7, "2013-03-31": "-52.60000", "2012-12-31": 146.2, "2012-09-30": -41.4, "2012-06-30": -52, "2012-03-31": "-52.80000", "2011-12-31": 0, "2010-12-31": 0}, "Net Change In Intangible Assets": {"2020-09-30": 0, "2020-06-30": 0, "2020-03-31": "", "2019-12-31": 0, "2019-09-30": 0, "2019-06-30": 0, "2019-03-31": "", "2018-12-31": 0, "2018-09-30": 0, "2018-06-30": 0, "2018-03-31": "", "2017-12-31": 0, "2017-09-30": 0, "2017-06-30": 0, "2017-03-31": "", "2016-12-31": 0, "2016-09-30": 0, "2016-06-30": 0, "2016-03-31": "", "2015-12-31": 0, "2015-09-30": 0, "2015-06-30": 0, "2015-03-31": "", "2014-12-31": 0, "2014-09-30": 0, "2014-06-30": 0, "2014-03-31": "", "2013-12-31": 0, "2013-09-30": 0, "2013-06-30": 0, "2013-03-31": "", "2012-12-31": 0, "2012-09-30": 0, "2012-06-30": 0, "2012-03-31": "", "2011-12-31": 0, "2010-12-31": 0}, "Net Acquisitions/Divestitures": {"2020-09-30": 0, "2020-06-30": 0, "2020-03-31": "", "2019-12-31": 0, "2019-09-30": 0, "2019-06-30": 0, "2019-03-31": "", "2018-12-31": 461.8, "2018-09-30": -461.8, "2018-06-30": 0, "2018-03-31": "", "2017-12-31": 492.3, "2017-09-30": 0, "2017-06-30": -492.3, "2017-03-31": "", "2016-12-31": 0, "2016-09-30": 0, "2016-06-30": 0, "2016-03-31": "", "2015-12-31": 8.8, "2015-09-30": -398.4, "2015-06-30": 0, "2015-03-31": "", "2014-12-31": 0, "2014-09-30": 0, "2014-06-30": 0, "2014-03-31": "", "2013-12-31": 0, "2013-09-30": 0, "2013-06-30": 0, "2013-03-31": "", "2012-12-31": 0, "2012-09-30": 0, "2012-06-30": 0, "2012-03-31": "", "2011-12-31": 0, "2010-12-31": 0}, "Net Change In Short-term Investments": {"2020-09-30": 0, "2020-06-30": 0, "2020-03-31": "", "2019-12-31": 0, "2019-09-30": 0, "2019-06-30": 0, "2019-03-31": "", "2018-12-31": 0, "2018-09-30": 0, "2018-06-30": 0, "2018-03-31": "", "2017-12-31": 0, "2017-09-30": 0, "2017-06-30": 0, "2017-03-31": "", "2016-12-31": 0, "2016-09-30": 0, "2016-06-30": 0, "2016-03-31": "", "2015-12-31": 0, "2015-09-30": 0, "2015-06-30": 0, "2015-03-31": "", "2014-12-31": 0, "2014-09-30": 0, "2014-06-30": 0, "2014-03-31": "", "2013-12-31": 0, "2013-09-30": 0, "2013-06-30": 0, "2013-03-31": "", "2012-12-31": 0, "2012-09-30": 0, "2012-06-30": 0, "2012-03-31": "", "2011-12-31": 0, "2010-12-31": 0}, "Net Change In Long-Term Investments": {"2020-09-30": 21.8, "2020-06-30": 6.8, "2020-03-31": "-3.30000", "2019-12-31": -4.3, "2019-09-30": 0, "2019-06-30": 199.5, "2019-03-31": "", "2018-12-31": -12.6, "2018-09-30": 0, "2018-06-30": 0, "2018-03-31": "", "2017-12-31": -100, "2017-09-30": 0, "2017-06-30": 0, "2017-03-31": "", "2016-12-31": 0, "2016-09-30": 0, "2016-06-30": 0, "2016-03-31": "", "2015-12-31": 0, "2015-09-30": 0, "2015-06-30": 0, "2015-03-31": "", "2014-12-31": 0, "2014-09-30": 0, "2014-06-30": 0, "2014-03-31": "", "2013-12-31": 0, "2013-09-30": 0, "2013-06-30": 0, "2013-03-31": "", "2012-12-31": 0, "2012-09-30": 0, "2012-06-30": 0, "2012-03-31": "", "2011-12-31": 0, "2010-12-31": 0}, "Net Change In Investments - Total": {"2020-09-30": 21.8, "2020-06-30": 6.8, "2020-03-31": "-3.30000", "2019-12-31": -4.3, "2019-09-30": 0, "2019-06-30": 199.5, "2019-03-31": "", "2018-12-31": -12.6, "2018-09-30": 0, "2018-06-30": 0, "2018-03-31": "", "2017-12-31": -100, "2017-09-30": 0, "2017-06-30": 0, "2017-03-31": "", "2016-12-31": 0, "2016-09-30": 0, "2016-06-30": 0, "2016-03-31": "", "2015-12-31": 0, "2015-09-30": 0, "2015-06-30": 0, "2015-03-31": "", "2014-12-31": 0, "2014-09-30": 0, "2014-06-30": 0, "2014-03-31": "", "2013-12-31": 0, "2013-09-30": 0, "2013-06-30": 0, "2013-03-31": "", "2012-12-31": -228.1, "2012-09-30": 0, "2012-06-30": 0, "2012-03-31": "", "2011-12-31": -88.2, "2010-12-31": -29.3}, "Investing Activities - Other": {"2020-09-30": 0, "2020-06-30": 0, "2020-03-31": "", "2019-12-31": 0, "2019-09-30": 0, "2019-06-30": 0, "2019-03-31": "", "2018-12-31": 0, "2018-09-30": 0, "2018-06-30": 0, "2018-03-31": "", "2017-12-31": 0, "2017-09-30": 0, "2017-06-30": 0, "2017-03-31": "", "2016-12-31": -1.5, "2016-09-30": 0.3, "2016-06-30": 0.4, "2016-03-31": "0.80000", "2015-12-31": 0, "2015-09-30": 0, "2015-06-30": 0, "2015-03-31": "", "2014-12-31": 0, "2014-09-30": 0, "2014-06-30": 0, "2014-03-31": "", "2013-12-31": -0.2, "2013-09-30": 0, "2013-06-30": 2.6, "2013-03-31": "3.70000", "2012-12-31": -4.5, "2012-09-30": -16.2, "2012-06-30": -3.8, "2012-03-31": "", "2011-12-31": 22.9, "2010-12-31": -11.2}, "Cash Flow From Investing Activities": {"2020-09-30": -212.4, "2020-06-30": -254.4, "2020-03-31": "-199.80000", "2019-12-31": -153, "2019-09-30": -211.6, "2019-06-30": -13.4, "2019-03-31": "-301.90000", "2018-12-31": -248.1, "2018-09-30": -770.3, "2018-06-30": -177.5, "2018-03-31": "-145.20000", "2017-12-31": -305.4, "2017-09-30": -224.1, "2017-06-30": -302.5, "2017-03-31": "-674.80000", "2016-12-31": -176.1, "2016-09-30": -178, "2016-06-30": -168.2, "2016-03-31": "-208.80000", "2015-12-31": -67.5, "2015-09-30": -465.1, "2015-06-30": -42.3, "2015-03-31": "-49.20000", "2014-12-31": -89.3, "2014-09-30": -78.1, "2014-06-30": -67.1, "2014-03-31": "-49.70000", "2013-12-31": -63.2, "2013-09-30": -64.3, "2013-06-30": -46.1, "2013-03-31": "-48.90000", "2012-12-31": -86.4, "2012-09-30": -57.6, "2012-06-30": -55.8, "2012-03-31": "-52.80000", "2011-12-31": -65.3, "2010-12-31": -40.5}, "Net Long-Term Debt": {"2020-09-30": 18.6, "2020-06-30": 93.3999, "2020-03-31": "171.20010", "2019-12-31": 119.7, "2019-09-30": 62.4, "2019-06-30": -188.5, "2019-03-31": "275.10000", "2018-12-31": 46.8, "2018-09-30": 307, "2018-06-30": -2.7, "2018-03-31": "80.30000", "2017-12-31": 118.9, "2017-09-30": 177.5, "2017-06-30": -649.5, "2017-03-31": "1198.60000", "2016-12-31": 169, "2016-09-30": -33.9, "2016-06-30": 83.7, "2016-03-31": "11.90000", "2015-12-31": 27.9, "2015-09-30": 252.1, "2015-06-30": 49, "2015-03-31": "18.90000", "2014-12-31": 104, "2014-09-30": 29.1, "2014-06-30": -0.8, "2014-03-31": "-1.40000", "2013-12-31": -2.3, "2013-09-30": -1.2, "2013-06-30": -21.7, "2013-03-31": "-1.20000", "2012-12-31": 109.1, "2012-09-30": 48.6, "2012-06-30": 35.7, "2012-03-31": "42.40000", "2011-12-31": 0, "2010-12-31": 0}, "Net Current Debt": {"2020-09-30": 0, "2020-06-30": 0, "2020-03-31": "", "2019-12-31": 0, "2019-09-30": 0, "2019-06-30": 0, "2019-03-31": "", "2018-12-31": 0, "2018-09-30": 0, "2018-06-30": 0, "2018-03-31": "", "2017-12-31": 0, "2017-09-30": 0, "2017-06-30": 0, "2017-03-31": "", "2016-12-31": 0, "2016-09-30": 0, "2016-06-30": 0, "2016-03-31": "", "2015-12-31": 0, "2015-09-30": 0, "2015-06-30": 0, "2015-03-31": "", "2014-12-31": 0, "2014-09-30": 0, "2014-06-30": 0, "2014-03-31": "", "2013-12-31": 0, "2013-09-30": 0, "2013-06-30": 0, "2013-03-31": "", "2012-12-31": 0, "2012-09-30": 0, "2012-06-30": 0, "2012-03-31": "", "2011-12-31": 0, "2010-12-31": 0}, "Debt Issuance/Retirement Net - Total": {"2020-09-30": 18.6, "2020-06-30": 93.3999, "2020-03-31": "171.20010", "2019-12-31": 119.7, "2019-09-30": 62.4, "2019-06-30": -188.5, "2019-03-31": "275.10000", "2018-12-31": 46.8, "2018-09-30": 307, "2018-06-30": -2.7, "2018-03-31": "80.30000", "2017-12-31": 118.9, "2017-09-30": 177.5, "2017-06-30": -649.5, "2017-03-31": "1198.60000", "2016-12-31": 169, "2016-09-30": -33.9, "2016-06-30": 83.7, "2016-03-31": "11.90000", "2015-12-31": 27.9, "2015-09-30": 252.1, "2015-06-30": 49, "2015-03-31": "18.90000", "2014-12-31": 104, "2014-09-30": 29.1, "2014-06-30": -0.8, "2014-03-31": "-1.40000", "2013-12-31": -2.3, "2013-09-30": -1.2, "2013-06-30": -21.7, "2013-03-31": "-1.20000", "2012-12-31": 109.1, "2012-09-30": 48.6, "2012-06-30": 35.7, "2012-03-31": "42.40000", "2011-12-31": 34.9, "2010-12-31": 15.5}, "Net Common Equity Issued/Repurchased": {"2020-09-30": 222.6, "2020-06-30": 102.7, "2020-03-31": "0.60000", "2019-12-31": 103.9, "2019-09-30": 0.7, "2019-06-30": 147.6, "2019-03-31": "105.00000", "2018-12-31": 147.7, "2018-09-30": 399.7, "2018-06-30": 9.3, "2018-03-31": "142.90000", "2017-12-31": 296.9, "2017-09-30": 0.2, "2017-06-30": 197.6, "2017-03-31": "211.00000", "2016-12-31": -1.5, "2016-09-30": 192.1, "2016-06-30": 0.5, "2016-03-31": "256.00000", "2015-12-31": 0.2, "2015-09-30": -170.4, "2015-06-30": 373.3, "2015-03-31": "", "2014-12-31": 0.1, "2014-09-30": 0, "2014-06-30": 0, "2014-03-31": "", "2013-12-31": 0, "2013-09-30": 0, "2013-06-30": 0, "2013-03-31": "360.50000", "2012-12-31": 0, "2012-09-30": 0, "2012-06-30": 0, "2012-03-31": "", "2011-12-31": 0, "2010-12-31": 0}, "Net Total Equity Issued/Repurchased": {"2020-09-30": 222.6, "2020-06-30": 102.7, "2020-03-31": "0.60000", "2019-12-31": 103.9, "2019-09-30": 0.7, "2019-06-30": 147.6, "2019-03-31": "105.00000", "2018-12-31": 147.7, "2018-09-30": 399.7, "2018-06-30": 9.3, "2018-03-31": "142.90000", "2017-12-31": 296.9, "2017-09-30": 0.2, "2017-06-30": 197.6, "2017-03-31": "211.00000", "2016-12-31": -1.5, "2016-09-30": 192.1, "2016-06-30": 0.5, "2016-03-31": "256.00000", "2015-12-31": 0.2, "2015-09-30": -170.4, "2015-06-30": 373.3, "2015-03-31": "", "2014-12-31": 0.1, "2014-09-30": 0, "2014-06-30": 0, "2014-03-31": "", "2013-12-31": 0, "2013-09-30": 0, "2013-06-30": 0, "2013-03-31": "360.50000", "2012-12-31": 0, "2012-09-30": 0, "2012-06-30": 0, "2012-03-31": "", "2011-12-31": 0, "2010-12-31": 0}, "Total Common And Preferred Stock Dividends Paid": {"2020-09-30": -58.6, "2020-06-30": -57.7, "2020-03-31": "-58.40000", "2019-12-31": -56.9, "2019-09-30": -52.2, "2019-06-30": -50.9, "2019-03-31": "-50.40000", "2018-12-31": -48.8, "2018-09-30": -45.7, "2018-06-30": -45.6, "2018-03-31": "-41.00000", "2017-12-31": -38.3, "2017-09-30": -38.3, "2017-06-30": -36.7, "2017-03-31": "-32.40000", "2016-12-31": -31.5, "2016-09-30": -29.9, "2016-06-30": -30.1, "2016-03-31": "-22.80000", "2015-12-31": -22.5, "2015-09-30": -24.5, "2015-06-30": -20.3, "2015-03-31": "-13.50000", "2014-12-31": -13.5, "2014-09-30": -13.4, "2014-06-30": -13.6, "2014-03-31": "-10.40000", "2013-12-31": -10.3, "2013-09-30": -10.4, "2013-06-30": -10.3, "2013-03-31": "", "2012-12-31": 0, "2012-09-30": 0, "2012-06-30": 0, "2012-03-31": "", "2011-12-31": 0, "2010-12-31": 0}, "Financial Activities - Other": {"2020-09-30": -4.8, "2020-06-30": 1, "2020-03-31": "-19.90000", "2019-12-31": -81.7, "2019-09-30": -0.2, "2019-06-30": -0.1, "2019-03-31": "-8.70000", "2018-12-31": -0.1, "2018-09-30": -0.4, "2018-06-30": -0.3, "2018-03-31": "-4.40000", "2017-12-31": -44.3, "2017-09-30": 0, "2017-06-30": 744.6, "2017-03-31": "-751.20000", "2016-12-31": 3.2, "2016-09-30": -1.2, "2016-06-30": -0.5, "2016-03-31": "-15.70000", "2015-12-31": -0.8, "2015-09-30": -5.6, "2015-06-30": -0.6, "2015-03-31": "", "2014-12-31": -18, "2014-09-30": -0.8, "2014-06-30": -0.5, "2014-03-31": "", "2013-12-31": -3.2, "2013-09-30": -1.3, "2013-06-30": 0, "2013-03-31": "-23.20000", "2012-12-31": -11.1, "2012-09-30": -0.2, "2012-06-30": 0.3, "2012-03-31": "-0.80000", "2011-12-31": -1.3, "2010-12-31": -13.6}, "Cash Flow From Financial Activities": {"2020-09-30": 177.8, "2020-06-30": 139.4, "2020-03-31": "93.50000", "2019-12-31": 85, "2019-09-30": 10.7, "2019-06-30": -91.9, "2019-03-31": "321.00000", "2018-12-31": 145.6, "2018-09-30": 660.6, "2018-06-30": -39.3, "2018-03-31": "177.80000", "2017-12-31": 333.2, "2017-09-30": 139.4, "2017-06-30": 256, "2017-03-31": "626.00000", "2016-12-31": 139.2, "2016-09-30": 127.1, "2016-06-30": 53.6, "2016-03-31": "229.40000", "2015-12-31": 4.8, "2015-09-30": 51.6, "2015-06-30": 401.4, "2015-03-31": "5.40000", "2014-12-31": 72.6, "2014-09-30": 14.9, "2014-06-30": -14.9, "2014-03-31": "-11.80000", "2013-12-31": -15.8, "2013-09-30": -12.9, "2013-06-30": -32, "2013-03-31": "336.10000", "2012-12-31": 98, "2012-09-30": 48.4, "2012-06-30": 36, "2012-03-31": "41.60000", "2011-12-31": 33.6, "2010-12-31": 1.9}, "Net Cash Flow": {"2020-09-30": 85.9, "2020-06-30": 13.4, "2020-03-31": "-19.10000", "2019-12-31": 24.7, "2019-09-30": -92.4, "2019-06-30": 18.1, "2019-03-31": "62.90000", "2018-12-31": 3.4, "2018-09-30": -55.2, "2018-06-30": -112.5, "2018-03-31": "76.80000", "2017-12-31": 127.2, "2017-09-30": -16.1, "2017-06-30": 19.8, "2017-03-31": "6.40000", "2016-12-31": 2.1, "2016-09-30": -2.2, "2016-06-30": -74.5, "2016-03-31": "73.40000", "2015-12-31": -24, "2015-09-30": -373.7, "2015-06-30": 387.5, "2015-03-31": "-10.50000", "2014-12-31": 6.1, "2014-09-30": -18.9, "2014-06-30": -75.9, "2014-03-31": "-23.60000", "2013-12-31": -64.4, "2013-09-30": -53.9, "2013-06-30": -61.5, "2013-03-31": "312.10000", "2012-12-31": 13.3, "2012-09-30": 1.8, "2012-06-30": -0.5, "2012-03-31": "1.30000", "2011-12-31": -9.2, "2010-12-31": 4.9}, "Stock-Based Compensation": {"2020-09-30": 6.7, "2020-06-30": 3.3, "2020-03-31": "3.70000", "2019-12-31": 4.3, "2019-09-30": 4.2, "2019-06-30": 3.7, "2019-03-31": "4.50000", "2018-12-31": 4.5, "2018-09-30": 4.6, "2018-06-30": 4.5, "2018-03-31": "3.90000", "2017-12-31": 3.1, "2017-09-30": 3.9, "2017-06-30": 4, "2017-03-31": "3.70000", "2016-12-31": 3.8, "2016-09-30": 2.3, "2016-06-30": 3.2, "2016-03-31": "3.00000", "2015-12-31": 3.9, "2015-09-30": 4.3, "2015-06-30": 3.2, "2015-03-31": "3.00000", "2014-12-31": 2.7, "2014-09-30": 2.6, "2014-06-30": 2.8, "2014-03-31": "2.20000", "2013-12-31": 1.1, "2013-09-30": 1.9, "2013-06-30": 1.8, "2013-03-31": "1.40000", "2012-12-31": 0, "2012-09-30": 0, "2012-06-30": 0, "2012-03-31": "", "2011-12-31": 0, "2010-12-31": 0}, "Common Stock Dividends Paid": {"2020-09-30": -58.6, "2020-06-30": -57.7, "2020-03-31": "-58.40000", "2019-12-31": -56.9, "2019-09-30": -52.2, "2019-06-30": -50.9, "2019-03-31": "-50.40000", "2018-12-31": -48.8, "2018-09-30": -45.7, "2018-06-30": -45.6, "2018-03-31": "-41.00000", "2017-12-31": -38.3, "2017-09-30": -38.3, "2017-06-30": -36.7, "2017-03-31": "-32.40000", "2016-12-31": -31.5, "2016-09-30": -29.9, "2016-06-30": -30.1, "2016-03-31": "-22.80000", "2015-12-31": -22.5, "2015-09-30": -24.5, "2015-06-30": -20.3, "2015-03-31": "-13.50000", "2014-12-31": -13.5, "2014-09-30": -13.4, "2014-06-30": -13.6, "2014-03-31": "-10.40000", "2013-12-31": -10.3, "2013-09-30": -10.4, "2013-06-30": -10.3, "2013-03-31": "", "2012-12-31": 0, "2012-09-30": 0, "2012-06-30": 0, "2012-03-31": "", "2011-12-31": 0, "2010-12-31": 0}}, "financial ratios": {"Current Ratio": {"2019-12-31": "", "2018-12-31": "", "2017-12-31": "", "2016-12-31": "", "2015-12-31": "", "2014-12-31": "", "2013-12-31": "", "2012-12-31": "", "2011-12-31": "", "2010-12-31": ""}, "Long-term Debt / Capital": {"2019-12-31": "0.54520", "2018-12-31": "0.55550", "2017-12-31": "0.56560", "2016-12-31": "0.51840", "2015-12-31": "0.55110", "2014-12-31": "0.47840", "2013-12-31": "0.41060", "2012-12-31": "0.52700", "2011-12-31": "0.12100", "2010-12-31": ""}, "Debt/Equity Ratio": {"2019-12-31": "1.19870", "2018-12-31": "1.24950", "2017-12-31": "1.30190", "2016-12-31": "1.07650", "2015-12-31": "1.22770", "2014-12-31": "0.91730", "2013-12-31": "0.69660", "2012-12-31": "1.11420", "2011-12-31": "1.67930", "2010-12-31": ""}, "Gross Margin": {"2019-12-31": "", "2018-12-31": "", "2017-12-31": "", "2016-12-31": "", "2015-12-31": "", "2014-12-31": "", "2013-12-31": "", "2012-12-31": "", "2011-12-31": "", "2010-12-31": ""}, "Operating Margin": {"2019-12-31": "6.82770", "2018-12-31": "10.92040", "2017-12-31": "3.58630", "2016-12-31": "13.32450", "2015-12-31": "5.71000", "2014-12-31": "12.08820", "2013-12-31": "4.40230", "2012-12-31": "7.38230", "2011-12-31": "20.91360", "2010-12-31": "13.96080"}, "EBIT Margin": {"2019-12-31": "6.82770", "2018-12-31": "10.92040", "2017-12-31": "3.58630", "2016-12-31": "13.32450", "2015-12-31": "5.71000", "2014-12-31": "12.08820", "2013-12-31": "4.40230", "2012-12-31": "7.38230", "2011-12-31": "20.91360", "2010-12-31": "13.96080"}, "EBITDA Margin": {"2019-12-31": "49.90320", "2018-12-31": "52.08180", "2017-12-31": "42.73810", "2016-12-31": "49.00770", "2015-12-31": "41.14700", "2014-12-31": "47.74860", "2013-12-31": "40.53130", "2012-12-31": "40.62500", "2011-12-31": "51.45840", "2010-12-31": "42.35290"}, "Pre-Tax Profit Margin": {"2019-12-31": "3.84180", "2018-12-31": "0.21910", "2017-12-31": "-11.97920", "2016-12-31": "4.10130", "2015-12-31": "-4.60810", "2014-12-31": "-3.95890", "2013-12-31": "-12.63760", "2012-12-31": "-11.54890", "2011-12-31": "2.03630", "2010-12-31": "4.94120"}, "Net Profit Margin": {"2019-12-31": "4.14760", "2018-12-31": "0.01220", "2017-12-31": "-12.55950", "2016-12-31": "3.76110", "2015-12-31": "-3.85680", "2014-12-31": "-2.35720", "2013-12-31": "-9.90510", "2012-12-31": "-9.19380", "2011-12-31": "0.82550", "2010-12-31": "2.74510"}, "Asset Turnover": {"2019-12-31": "0.15980", "2018-12-31": "0.14690", "2017-12-31": "0.15580", "2016-12-31": "0.18550", "2015-12-31": "0.18190", "2014-12-31": "0.21060", "2013-12-31": "0.17490", "2012-12-31": "0.18230", "2011-12-31": "0.19030", "2010-12-31": ""}, "Inventory Turnover Ratio": {"2019-12-31": "", "2018-12-31": "", "2017-12-31": "", "2016-12-31": "", "2015-12-31": "", "2014-12-31": "", "2013-12-31": "", "2012-12-31": "", "2011-12-31": "", "2010-12-31": ""}, "Receiveable Turnover": {"2019-12-31": "", "2018-12-31": "", "2017-12-31": "", "2016-12-31": "", "2015-12-31": "", "2014-12-31": "", "2013-12-31": "", "2012-12-31": "", "2011-12-31": "", "2010-12-31": ""}, "Days Sales In Receivables": {"2019-12-31": "", "2018-12-31": "", "2017-12-31": "", "2016-12-31": "", "2015-12-31": "", "2014-12-31": "", "2013-12-31": "", "2012-12-31": "", "2011-12-31": "", "2010-12-31": ""}, "ROE - Return On Equity": {"2019-12-31": "1.70050", "2018-12-31": "0.05390", "2017-12-31": "-4.87190", "2016-12-31": "1.71260", "2015-12-31": "-2.45860", "2014-12-31": "-2.02230", "2013-12-31": "-4.57820", "2012-12-31": "-4.07920", "2011-12-31": "0.48150", "2010-12-31": ""}, "Return On Tangible Equity": {"2019-12-31": "2.32140", "2018-12-31": "0.07820", "2017-12-31": "-7.90870", "2016-12-31": "3.57460", "2015-12-31": "-10.20720", "2014-12-31": "-3.89890", "2013-12-31": "-8.56800", "2012-12-31": "-16.81780", "2011-12-31": "-1.75640", "2010-12-31": ""}, "ROA - Return On Assets": {"2019-12-31": "0.67400", "2018-12-31": "0.02150", "2017-12-31": "-1.93640", "2016-12-31": "0.69770", "2015-12-31": "-0.92000", "2014-12-31": "-0.92300", "2013-12-31": "-2.36260", "2012-12-31": "-1.68470", "2011-12-31": "0.15710", "2010-12-31": ""}, "ROI - Return On Investment": {"2019-12-31": "0.77340", "2018-12-31": "0.02400", "2017-12-31": "-2.11640", "2016-12-31": "0.82470", "2015-12-31": "-1.10360", "2014-12-31": "-1.05480", "2013-12-31": "-2.69840", "2012-12-31": "-1.92940", "2011-12-31": "0.42330", "2010-12-31": ""}, "Book Value Per Share": {"2019-12-31": "21.20570", "2018-12-31": "20.54850", "2017-12-31": "17.82750", "2016-12-31": "13.91020", "2015-12-31": "11.32370", "2014-12-31": "18.55010", "2013-12-31": "35.35830", "2012-12-31": "", "2011-12-31": "", "2010-12-31": ""}, "Operating Cash Flow Per Share": {"2019-12-31": 0.17, "2018-12-31": -0.1758, "2017-12-31": 0.9704, "2016-12-31": -0.2959, "2015-12-31": -1.2228, "2014-12-31": 0.0058, "2013-12-31": 3.799, "2012-12-31": 0, "2011-12-31": 0, "2010-12-31": 0}, "Free Cash Flow Per Share": {"2019-12-31": 5.6234, "2018-12-31": 2.4167, "2017-12-31": -5.5997, "2016-12-31": -5.2318, "2015-12-31": 4.1915, "2014-12-31": 1.2107, "2013-12-31": -7.1388, "2012-12-31": 0, "2011-12-31": 0, "2010-12-31": 0}}, "financial ratios, quarterly": {"Current Ratio": {"2020-09-30": "", "2020-06-30": "", "2020-03-31": "", "2019-12-31": "", "2019-09-30": "", "2019-06-30": "", "2019-03-31": "", "2018-12-31": "", "2018-09-30": "", "2018-06-30": "", "2018-03-31": "", "2017-12-31": "", "2017-09-30": "", "2017-06-30": "", "2017-03-31": "", "2016-12-31": "", "2016-09-30": "", "2016-06-30": "", "2016-03-31": "", "2015-12-31": "", "2015-09-30": "", "2015-06-30": "", "2015-03-31": "", "2014-12-31": "", "2014-09-30": "", "2014-06-30": "", "2014-03-31": "", "2013-12-31": "", "2013-09-30": "", "2013-06-30": "", "2013-03-31": "", "2012-12-31": "", "2012-09-30": "", "2012-06-30": "", "2012-03-31": "", "2011-12-31": "", "2010-12-31": ""}, "Long-term Debt / Capital": {"2020-09-30": "0.55340", "2020-06-30": "0.56420", "2020-03-31": "0.56550", "2019-12-31": "0.54520", "2019-09-30": "0.53730", "2019-06-30": "0.52720", "2019-03-31": "0.55220", "2018-12-31": "0.55550", "2018-09-30": "0.55020", "2018-06-30": "0.54630", "2018-03-31": "0.55630", "2017-12-31": "0.56560", "2017-09-30": "0.59530", "2017-06-30": "0.55710", "2017-03-31": "0.57230", "2016-12-31": "0.51840", "2016-09-30": "0.47530", "2016-06-30": "0.51940", "2016-03-31": "0.49510", "2015-12-31": "0.55110", "2015-09-30": "0.54200", "2015-06-30": "0.46150", "2015-03-31": "0.50040", "2014-12-31": "0.47840", "2014-09-30": "0.43480", "2014-06-30": "0.41830", "2014-03-31": "0.41340", "2013-12-31": "0.41060", "2013-09-30": "0.40760", "2013-06-30": "0.40480", "2013-03-31": "0.40510", "2012-12-31": "0.52700", "2012-09-30": "", "2012-06-30": "", "2012-03-31": "", "2011-12-31": "", "2010-12-31": ""}, "Debt/Equity Ratio": {"2020-09-30": "1.23910", "2020-06-30": "1.29460", "2020-03-31": "1.30150", "2019-12-31": "1.19870", "2019-09-30": "1.16130", "2019-06-30": "1.11480", "2019-03-31": "1.23290", "2018-12-31": "1.24950", "2018-09-30": "1.22330", "2018-06-30": "1.20430", "2018-03-31": "1.25390", "2017-12-31": "1.30190", "2017-09-30": "1.47090", "2017-06-30": "1.25810", "2017-03-31": "1.33800", "2016-12-31": "1.07650", "2016-09-30": "0.90580", "2016-06-30": "1.08060", "2016-03-31": "0.98050", "2015-12-31": "1.22770", "2015-09-30": "1.18360", "2015-06-30": "0.85710", "2015-03-31": "1.00170", "2014-12-31": "0.91730", "2014-09-30": "0.76920", "2014-06-30": "0.71900", "2014-03-31": "0.70490", "2013-12-31": "0.69660", "2013-09-30": "0.68800", "2013-06-30": "0.68000", "2013-03-31": "0.68100", "2012-12-31": "1.11420", "2012-09-30": "", "2012-06-30": "", "2012-03-31": "", "2011-12-31": "", "2010-12-31": ""}, "Gross Margin": {"2020-09-30": "", "2020-06-30": "", "2020-03-31": "", "2019-12-31": "", "2019-09-30": "", "2019-06-30": "", "2019-03-31": "", "2018-12-31": "", "2018-09-30": "", "2018-06-30": "", "2018-03-31": "", "2017-12-31": "", "2017-09-30": "", "2017-06-30": "", "2017-03-31": "", "2016-12-31": "", "2016-09-30": "", "2016-06-30": "", "2016-03-31": "", "2015-12-31": "", "2015-09-30": "", "2015-06-30": "", "2015-03-31": "", "2014-12-31": "", "2014-09-30": "", "2014-06-30": "", "2014-03-31": "", "2013-12-31": "", "2013-09-30": "", "2013-06-30": "", "2013-03-31": "", "2012-12-31": "", "2012-09-30": "", "2012-06-30": "", "2012-03-31": "", "2011-12-31": "", "2010-12-31": ""}, "Operating Margin": {"2020-09-30": "-1.75040", "2020-06-30": "8.22930", "2020-03-31": "5.36800", "2019-12-31": "9.05870", "2019-09-30": "4.98210", "2019-06-30": "7.83300", "2019-03-31": "5.24440", "2018-12-31": "6.68770", "2018-09-30": "9.77740", "2018-06-30": "13.71250", "2018-03-31": "14.08950", "2017-12-31": "13.24100", "2017-09-30": "-20.70740", "2017-06-30": "10.00600", "2017-03-31": "13.26190", "2016-12-31": "9.24310", "2016-09-30": "13.07370", "2016-06-30": "16.21830", "2016-03-31": "15.19530", "2015-12-31": "9.79700", "2015-09-30": "6.74460", "2015-06-30": "2.91810", "2015-03-31": "1.86700", "2014-12-31": "12.88840", "2014-09-30": "11.32080", "2014-06-30": "9.05750", "2014-03-31": "15.22580", "2013-12-31": "12.44810", "2013-09-30": "12.59260", "2013-06-30": "8.80500", "2013-03-31": "-19.13480", "2012-12-31": "5.51720", "2012-09-30": "13.58030", "2012-06-30": "-8.88890", "2012-03-31": "19.57770", "2011-12-31": "", "2010-12-31": ""}, "EBIT Margin": {"2020-09-30": "-1.75040", "2020-06-30": "8.22930", "2020-03-31": "5.36800", "2019-12-31": "9.05870", "2019-09-30": "4.98210", "2019-06-30": "7.83300", "2019-03-31": "5.24440", "2018-12-31": "6.68770", "2018-09-30": "9.77740", "2018-06-30": "13.71250", "2018-03-31": "14.08950", "2017-12-31": "13.24100", "2017-09-30": "-20.70740", "2017-06-30": "10.00600", "2017-03-31": "13.26190", "2016-12-31": "9.24310", "2016-09-30": "13.07370", "2016-06-30": "16.21830", "2016-03-31": "15.19530", "2015-12-31": "9.79700", "2015-09-30": "6.74460", "2015-06-30": "2.91810", "2015-03-31": "1.86700", "2014-12-31": "12.88840", "2014-09-30": "11.32080", "2014-06-30": "9.05750", "2014-03-31": "15.22580", "2013-12-31": "12.44810", "2013-09-30": "12.59260", "2013-06-30": "8.80500", "2013-03-31": "-19.13480", "2012-12-31": "5.51720", "2012-09-30": "13.58030", "2012-06-30": "-8.88890", "2012-03-31": "19.57770", "2011-12-31": "", "2010-12-31": ""}, "EBITDA Margin": {"2020-09-30": "", "2020-06-30": "", "2020-03-31": "", "2019-12-31": "", "2019-09-30": "", "2019-06-30": "", "2019-03-31": "", "2018-12-31": "", "2018-09-30": "", "2018-06-30": "", "2018-03-31": "", "2017-12-31": "", "2017-09-30": "", "2017-06-30": "", "2017-03-31": "", "2016-12-31": "", "2016-09-30": "", "2016-06-30": "", "2016-03-31": "", "2015-12-31": "", "2015-09-30": "", "2015-06-30": "", "2015-03-31": "", "2014-12-31": "", "2014-09-30": "", "2014-06-30": "", "2014-03-31": "", "2013-12-31": "", "2013-09-30": "", "2013-06-30": "", "2013-03-31": "", "2012-12-31": "", "2012-09-30": "", "2012-06-30": "", "2012-03-31": "", "2011-12-31": "", "2010-12-31": ""}, "Pre-Tax Profit Margin": {"2020-09-30": "-14.91630", "2020-06-30": "17.08270", "2020-03-31": "5.49000", "2019-12-31": "-20.55930", "2019-09-30": "4.22480", "2019-06-30": "-3.93640", "2019-03-31": "39.64440", "2018-12-31": "-48.44100", "2018-09-30": "-20.42590", "2018-06-30": "54.29150", "2018-03-31": "22.53310", "2017-12-31": "2.10530", "2017-09-30": "-30.91840", "2017-06-30": "-0.05990", "2017-03-31": "-20.09380", "2016-12-31": "0.94610", "2016-09-30": "3.47710", "2016-06-30": "7.37890", "2016-03-31": "4.92360", "2015-12-31": "-0.79440", "2015-09-30": "-4.13670", "2015-06-30": "-6.84620", "2015-03-31": "-7.93470", "2014-12-31": "-13.23360", "2014-09-30": "0.70750", "2014-06-30": "-4.03920", "2014-03-31": "1.41940", "2013-12-31": "-3.45780", "2013-09-30": "-2.81480", "2013-06-30": "-10.22010", "2013-03-31": "-37.27120", "2012-12-31": "-12.58620", "2012-09-30": "-6.34920", "2012-06-30": "-26.85190", "2012-03-31": "-0.19190", "2011-12-31": "", "2010-12-31": ""}, "Net Profit Margin": {"2020-09-30": "-14.23140", "2020-06-30": "17.51170", "2020-03-31": "5.89670", "2019-12-31": "-20.55930", "2019-09-30": "4.94220", "2019-06-30": "-3.45920", "2019-03-31": "39.64440", "2018-12-31": "-48.03430", "2018-09-30": "-20.66800", "2018-06-30": "53.78370", "2018-03-31": "21.97360", "2017-12-31": "1.16340", "2017-09-30": "-31.43180", "2017-06-30": "-0.59920", "2017-03-31": "-20.36170", "2016-12-31": "0.58220", "2016-09-30": "3.05980", "2016-06-30": "6.99460", "2016-03-31": "4.75380", "2015-12-31": "-0.88260", "2015-09-30": "-4.13670", "2015-06-30": "-6.17280", "2015-03-31": "-5.01750", "2014-12-31": "-8.05520", "2014-09-30": "0.11790", "2014-06-30": "-1.34640", "2014-03-31": "0.25810", "2013-12-31": "-2.62790", "2013-09-30": "-1.18520", "2013-06-30": "-3.61640", "2013-03-31": "-35.10820", "2012-12-31": "-11.89660", "2012-09-30": "-4.93830", "2012-06-30": "-18.33330", "2012-03-31": "-1.34360", "2011-12-31": "", "2010-12-31": ""}, "Asset Turnover": {"2020-09-30": "0.03920", "2020-06-30": "0.03960", "2020-03-31": "0.03920", "2019-12-31": "0.04130", "2019-09-30": "0.04260", "2019-06-30": "0.04280", "2019-03-31": "0.03790", "2018-12-31": "0.03960", "2018-09-30": "0.03760", "2018-06-30": "0.04250", "2018-03-31": "0.04370", "2017-12-31": "0.04190", "2017-09-30": "0.04510", "2017-06-30": "0.04370", "2017-03-31": "0.04210", "2016-12-31": "0.04820", "2016-09-30": "0.05330", "2016-06-30": "0.05180", "2016-03-31": "0.04740", "2015-12-31": "0.05160", "2015-09-30": "0.05100", "2015-06-30": "0.04470", "2015-03-31": "0.05440", "2014-12-31": "0.05530", "2014-09-30": "0.05510", "2014-06-30": "0.05420", "2014-03-31": "0.05070", "2013-12-31": "0.04800", "2013-09-30": "0.04440", "2013-06-30": "0.04180", "2013-03-31": "0.03820", "2012-12-31": "0.04790", "2012-09-30": "", "2012-06-30": "", "2012-03-31": "", "2011-12-31": "", "2010-12-31": ""}, "Inventory Turnover Ratio": {"2020-09-30": "", "2020-06-30": "", "2020-03-31": "", "2019-12-31": "", "2019-09-30": "", "2019-06-30": "", "2019-03-31": "", "2018-12-31": "", "2018-09-30": "", "2018-06-30": "", "2018-03-31": "", "2017-12-31": "", "2017-09-30": "", "2017-06-30": "", "2017-03-31": "", "2016-12-31": "", "2016-09-30": "", "2016-06-30": "", "2016-03-31": "", "2015-12-31": "", "2015-09-30": "", "2015-06-30": "", "2015-03-31": "", "2014-12-31": "", "2014-09-30": "", "2014-06-30": "", "2014-03-31": "", "2013-12-31": "", "2013-09-30": "", "2013-06-30": "", "2013-03-31": "", "2012-12-31": "", "2012-09-30": "", "2012-06-30": "", "2012-03-31": "", "2011-12-31": "", "2010-12-31": ""}, "Receiveable Turnover": {"2020-09-30": "", "2020-06-30": "", "2020-03-31": "", "2019-12-31": "", "2019-09-30": "", "2019-06-30": "", "2019-03-31": "", "2018-12-31": "", "2018-09-30": "", "2018-06-30": "", "2018-03-31": "", "2017-12-31": "", "2017-09-30": "", "2017-06-30": "", "2017-03-31": "", "2016-12-31": "", "2016-09-30": "", "2016-06-30": "", "2016-03-31": "", "2015-12-31": "", "2015-09-30": "", "2015-06-30": "", "2015-03-31": "", "2014-12-31": "", "2014-09-30": "", "2014-06-30": "", "2014-03-31": "", "2013-12-31": "", "2013-09-30": "", "2013-06-30": "", "2013-03-31": "", "2012-12-31": "", "2012-09-30": "", "2012-06-30": "", "2012-03-31": "", "2011-12-31": "", "2010-12-31": ""}, "Days Sales In Receivables": {"2020-09-30": "", "2020-06-30": "", "2020-03-31": "", "2019-12-31": "", "2019-09-30": "", "2019-06-30": "", "2019-03-31": "", "2018-12-31": "", "2018-09-30": "", "2018-06-30": "", "2018-03-31": "", "2017-12-31": "", "2017-09-30": "", "2017-06-30": "", "2017-03-31": "", "2016-12-31": "", "2016-09-30": "", "2016-06-30": "", "2016-03-31": "", "2015-12-31": "", "2015-09-30": "", "2015-06-30": "", "2015-03-31": "", "2014-12-31": "", "2014-09-30": "", "2014-06-30": "", "2014-03-31": "", "2013-12-31": "", "2013-09-30": "", "2013-06-30": "", "2013-03-31": "", "2012-12-31": "", "2012-09-30": "", "2012-06-30": "", "2012-03-31": "", "2011-12-31": "", "2010-12-31": ""}, "ROE - Return On Equity": {"2020-09-30": "-1.43220", "2020-06-30": "1.82870", "2020-03-31": "0.62190", "2019-12-31": "-2.14000", "2019-09-30": "0.52130", "2019-06-30": "-0.34520", "2019-03-31": "3.75930", "2018-12-31": "-4.75290", "2018-09-30": "-1.89370", "2018-06-30": "5.49220", "2018-03-31": "2.34550", "2017-12-31": "0.16340", "2017-09-30": "-4.00320", "2017-06-30": "-0.05460", "2017-03-31": "-2.33200", "2016-12-31": "0.06880", "2016-09-30": "0.36980", "2016-06-30": "0.88820", "2016-03-31": "0.53740", "2015-12-31": "-0.14610", "2015-09-30": "-0.63010", "2015-06-30": "-0.75090", "2015-03-31": "-1.04170", "2014-12-31": "-1.64570", "2014-09-30": "0.02700", "2014-06-30": "-0.47940", "2014-03-31": "0.09130", "2013-12-31": "-0.46300", "2013-09-30": "-0.27830", "2013-06-30": "-0.84870", "2013-03-31": "-2.81690", "2012-12-31": "-1.37970", "2012-09-30": "", "2012-06-30": "", "2012-03-31": "", "2011-12-31": "", "2010-12-31": ""}, "Return On Tangible Equity": {"2020-09-30": "-1.88110", "2020-06-30": "2.45810", "2020-03-31": "0.85260", "2019-12-31": "-2.92140", "2019-09-30": "0.71670", "2019-06-30": "-0.47430", "2019-03-31": "5.26840", "2018-12-31": "-6.89160", "2018-09-30": "-2.76130", "2018-06-30": "8.25670", "2018-03-31": "3.61690", "2017-12-31": "0.26520", "2017-09-30": "-7.74310", "2017-06-30": "-0.10070", "2017-03-31": "-4.86090", "2016-12-31": "0.14370", "2016-09-30": "0.76020", "2016-06-30": "2.21680", "2016-03-31": "1.32330", "2015-12-31": "-0.60640", "2015-09-30": "-2.50000", "2015-06-30": "-1.23150", "2015-03-31": "-2.05890", "2014-12-31": "-3.17290", "2014-09-30": "0.05120", "2014-06-30": "-0.90590", "2014-03-31": "0.17120", "2013-12-31": "-0.86640", "2013-09-30": "-0.51850", "2013-06-30": "-1.57810", "2013-03-31": "-5.20480", "2012-12-31": "-5.68840", "2012-09-30": "", "2012-06-30": "", "2012-03-31": "", "2011-12-31": "", "2010-12-31": ""}, "ROA - Return On Assets": {"2020-09-30": "-0.55570", "2020-06-30": "0.69570", "2020-03-31": "0.23410", "2019-12-31": "-0.84830", "2019-09-30": "0.21380", "2019-06-30": "-0.14480", "2019-03-31": "1.50470", "2018-12-31": "-1.89180", "2018-09-30": "-0.77190", "2018-06-30": "2.28790", "2018-03-31": "0.96700", "2017-12-31": "0.06490", "2017-09-30": "-1.41870", "2017-06-30": "-0.02100", "2017-03-31": "-0.85780", "2016-12-31": "0.02800", "2016-09-30": "0.16320", "2016-06-30": "0.36240", "2016-03-31": "0.22550", "2015-12-31": "-0.05470", "2015-09-30": "-0.24290", "2015-06-30": "-0.32640", "2015-03-31": "-0.45670", "2014-12-31": "-0.75110", "2014-09-30": "0.01300", "2014-06-30": "-0.23900", "2014-03-31": "0.04580", "2013-12-31": "-0.23890", "2013-09-30": "-0.14470", "2013-06-30": "-0.44740", "2013-03-31": "-1.46120", "2012-12-31": "-0.56980", "2012-09-30": "", "2012-06-30": "", "2012-03-31": "", "2011-12-31": "", "2010-12-31": ""}, "ROI - Return On Investment": {"2020-09-30": "-0.63960", "2020-06-30": "0.79700", "2020-03-31": "0.27020", "2019-12-31": "-0.97330", "2019-09-30": "0.24120", "2019-06-30": "-0.16320", "2019-03-31": "1.68360", "2018-12-31": "-2.11290", "2018-09-30": "-0.85180", "2018-06-30": "2.49150", "2018-03-31": "1.04060", "2017-12-31": "0.07100", "2017-09-30": "-1.62010", "2017-06-30": "-0.02420", "2017-03-31": "-0.99740", "2016-12-31": "0.03320", "2016-09-30": "0.19410", "2016-06-30": "0.42690", "2016-03-31": "0.27130", "2015-12-31": "-0.06560", "2015-09-30": "-0.28860", "2015-06-30": "-0.40440", "2015-03-31": "-0.52040", "2014-12-31": "-0.85840", "2014-09-30": "0.01530", "2014-06-30": "-0.27890", "2014-03-31": "0.05350", "2013-12-31": "-0.27290", "2013-09-30": "-0.16490", "2013-06-30": "-0.50520", "2013-03-31": "-1.67580", "2012-12-31": "-0.65260", "2012-09-30": "", "2012-06-30": "", "2012-03-31": "", "2011-12-31": "", "2010-12-31": ""}, "Book Value Per Share": {"2020-09-30": "21.62710", "2020-06-30": "21.05810", "2020-03-31": "20.55230", "2019-12-31": "21.20570", "2019-09-30": "21.35130", "2019-06-30": "21.75900", "2019-03-31": "21.55700", "2018-12-31": "20.54850", "2018-09-30": "21.16260", "2018-06-30": "19.45440", "2018-03-31": "18.75230", "2017-12-31": "17.82750", "2017-09-30": "15.07740", "2017-06-30": "16.05740", "2017-03-31": "14.86010", "2016-12-31": "13.91020", "2016-09-30": "14.24360", "2016-06-30": "12.86750", "2016-03-31": "13.09120", "2015-12-31": "11.32370", "2015-09-30": "12.69660", "2015-06-30": "13.06190", "2015-03-31": "17.69630", "2014-12-31": "18.55010", "2014-09-30": "19.14420", "2014-06-30": "19.42680", "2014-03-31": "33.81100", "2013-12-31": "35.35830", "2013-09-30": "35.73880", "2013-06-30": "36.22060", "2013-03-31": "37.33080", "2012-12-31": "", "2012-09-30": "", "2012-06-30": "", "2012-03-31": "", "2011-12-31": "", "2010-12-31": ""}, "Operating Cash Flow Per Share": {"2020-09-30": 1.0291, "2020-06-30": 1.1015, "2020-03-31": "0.74980", "2019-12-31": 0.8102, "2019-09-30": 0.9595, "2019-06-30": 1.0775, "2019-03-31": "0.40350", "2018-12-31": 1.0271, "2018-09-30": 0.5596, "2018-06-30": 1.0364, "2018-03-31": "0.45760", "2017-12-31": 1.1536, "2017-09-30": 0.7238, "2017-06-30": 0.722, "2017-03-31": "0.65710", "2016-12-31": 0.5444, "2016-09-30": 0.5658, "2016-06-30": 0.4506, "2016-03-31": "0.72530", "2015-12-31": 1.0035, "2015-09-30": 0.3711, "2015-06-30": 0.305, "2015-03-31": "0.90240", "2014-12-31": 1.4118, "2014-09-30": 0.3653, "2014-06-30": 0.2143, "2014-03-31": "1.81340", "2013-12-31": 0.6985, "2013-09-30": 1.1149, "2013-06-30": 0.7942, "2013-03-31": "1.19140", "2012-12-31": 0, "2012-09-30": 0, "2012-06-30": 0, "2012-03-31": "", "2011-12-31": 0, "2010-12-31": 0}, "Free Cash Flow Per Share": {"2020-09-30": -0.844, "2020-06-30": -1.1472, "2020-03-31": "-0.95740", "2019-12-31": -0.5685, "2019-09-30": -0.8888, "2019-06-30": -0.6994, "2019-03-31": "-2.37130", "2018-12-31": -5.8164, "2018-09-30": -2.5825, "2018-06-30": -0.707, "2018-03-31": "-1.04550", "2017-12-31": -6.8269, "2017-09-30": -1.6152, "2017-06-30": 3.2502, "2017-03-31": "-7.37620", "2016-12-31": -1.8651, "2016-09-30": -1.4919, "2016-06-30": -1.4576, "2016-03-31": "-2.15380", "2015-12-31": -0.8548, "2015-09-30": -0.2986, "2015-06-30": -0.1523, "2015-03-31": "-0.43090", "2014-12-31": -3.0392, "2014-09-30": 0.4659, "2014-06-30": -2.7902, "2014-03-31": "-0.56460", "2013-12-31": -2.3158, "2013-09-30": -1.9618, "2013-06-30": -1.5358, "2013-03-31": "-1.32540", "2012-12-31": 0, "2012-09-30": 0, "2012-06-30": 0, "2012-03-31": "", "2011-12-31": 0, "2010-12-31": 0}}, "revenue": {"CyrusOne Inc Annual Revenue (Millions of US $)": {"2019": "$981", "2018": "$821", "2017": "$672", "2016": "$529", "2015": "$399", "2014": "$331", "2013": "$264", "2012": "$221", "2011": "$182", "2010": "$128"}, "CyrusOne Inc Quarterly Revenue (Millions of US $)": {"2020-09-30": "$263", "2020-06-30": "$256", "2020-03-31": "$246", "2019-12-31": "$254", "2019-09-30": "$251", "2019-06-30": "$252", "2019-03-31": "$225", "2018-12-31": "$221", "2018-09-30": "$207", "2018-06-30": "$197", "2018-03-31": "$197", "2017-12-31": "$181", "2017-09-30": "$175", "2017-06-30": "$167", "2017-03-31": "$149", "2016-12-31": "$137", "2016-09-30": "$144", "2016-06-30": "$130", "2016-03-31": "$118", "2015-12-31": "$113", "2015-09-30": "$111", "2015-06-30": "$89", "2015-03-31": "$86", "2014-12-31": "$87", "2014-09-30": "$85", "2014-06-30": "$82", "2014-03-31": "$78", "2013-12-31": "$72", "2013-09-30": "$68", "2013-06-30": "$64", "2013-03-31": "$60", "2012-12-31": "$58", "2012-09-30": "$57", "2012-06-30": "$54", "2012-03-31": "$52", "2011-12-31": "", "2010-12-31": ""}}, "gross-profit": {"CyrusOne Inc Annual Gross Profit (Millions of US $)": {"2019": "$598", "2018": "$529", "2017": "$437", "2016": "$342", "2015": "$251", "2014": "$206", "2013": "$170", "2012": "$145", "2011": "$124", "2010": "$84"}, "CyrusOne Inc Quarterly Gross Profit (Millions of US $)": {"2020-09-30": "$153", "2020-06-30": "$157", "2020-03-31": "$153", "2019-12-31": "$160", "2019-09-30": "$148", "2019-06-30": "$148", "2019-03-31": "$142", "2018-12-31": "$143", "2018-09-30": "$129", "2018-06-30": "$128", "2018-03-31": "$129", "2017-12-31": "$120", "2017-09-30": "$112", "2017-06-30": "$107", "2017-03-31": "$97", "2016-12-31": "$90", "2016-09-30": "$89", "2016-06-30": "$85", "2016-03-31": "$78", "2015-12-31": "$72", "2015-09-30": "$69", "2015-06-30": "$56", "2015-03-31": "$53", "2014-12-31": "$55", "2014-09-30": "$52", "2014-06-30": "$50", "2014-03-31": "$50", "2013-12-31": "$48", "2013-09-30": "$43", "2013-06-30": "$39", "2013-03-31": "$40", "2012-12-31": "$17", "2012-09-30": "$37", "2012-06-30": "$36", "2012-03-31": "$35", "2011-12-31": "", "2010-12-31": ""}}, "operating-income": {"CyrusOne Inc Annual Operating Income (Millions of US $)": {"2019": "$67", "2018": "$90", "2017": "$24", "2016": "$71", "2015": "$23", "2014": "$40", "2013": "$12", "2012": "$16", "2011": "$38", "2010": "$18"}, "CyrusOne Inc Quarterly Operating Income (Millions of US $)": {"2020-09-30": "$-5", "2020-06-30": "$21", "2020-03-31": "$13", "2019-12-31": "$23", "2019-09-30": "$13", "2019-06-30": "$20", "2019-03-31": "$12", "2018-12-31": "$15", "2018-09-30": "$20", "2018-06-30": "$27", "2018-03-31": "$28", "2017-12-31": "$24", "2017-09-30": "$-36", "2017-06-30": "$17", "2017-03-31": "$20", "2016-12-31": "$13", "2016-09-30": "$19", "2016-06-30": "$21", "2016-03-31": "$18", "2015-12-31": "$11", "2015-09-30": "$8", "2015-06-30": "$3", "2015-03-31": "$2", "2014-12-31": "$11", "2014-09-30": "$10", "2014-06-30": "$7", "2014-03-31": "$12", "2013-12-31": "$9", "2013-09-30": "$9", "2013-06-30": "$6", "2013-03-31": "$-12", "2012-12-31": "$3", "2012-09-30": "$8", "2012-06-30": "$-5", "2012-03-31": "$10", "2011-12-31": "", "2010-12-31": ""}}, "ebitda": {"CyrusOne Inc Annual EBITDA (Millions of US $)": {"2019": "$490", "2018": "$428", "2017": "$287", "2016": "$259", "2015": "$164", "2014": "$158", "2013": "$107", "2012": "$90", "2011": "$94", "2010": "$54"}, "CyrusOne Inc Quarterly EBITDA (Millions of US $)": {"2020-09-30": "$110", "2020-06-30": "$132", "2020-03-31": "$123", "2019-12-31": "$133", "2019-09-30": "$119", "2019-06-30": "$123", "2019-03-31": "$115", "2018-12-31": "$114", "2018-09-30": "$105", "2018-06-30": "$106", "2018-03-31": "$103", "2017-12-31": "$96", "2017-09-30": "$34", "2017-06-30": "$83", "2017-03-31": "$76", "2016-12-31": "$67", "2016-09-30": "$69", "2016-06-30": "$66", "2016-03-31": "$57", "2015-12-31": "$51", "2015-09-30": "$47", "2015-06-30": "$34", "2015-03-31": "$33", "2014-12-31": "$42", "2014-09-30": "$40", "2014-06-30": "$37", "2014-03-31": "$39", "2013-12-31": "$36", "2013-09-30": "$32", "2013-06-30": "$29", "2013-03-31": "$10", "2012-12-31": "$3", "2012-09-30": "$8", "2012-06-30": "$-5", "2012-03-31": "$10", "2011-12-31": "", "2010-12-31": ""}}, "net-income": {"CyrusOne Inc Annual Net Income (Millions of US $)": {"2019": "$41", "2018": "$0", "2017": "$-84", "2016": "$20", "2015": "$-15", "2014": "$-8", "2013": "$-26", "2012": "$-20", "2011": "$2", "2010": "$4"}, "CyrusOne Inc Quarterly Net Income (Millions of US $)": {"2020-09-30": "$-37", "2020-06-30": "$45", "2020-03-31": "$15", "2019-12-31": "$-52", "2019-09-30": "$12", "2019-06-30": "$-9", "2019-03-31": "$89", "2018-12-31": "$-106", "2018-09-30": "$-43", "2018-06-30": "$106", "2018-03-31": "$43", "2017-12-31": "$2", "2017-09-30": "$-55", "2017-06-30": "$-1", "2017-03-31": "$-30", "2016-12-31": "$1", "2016-09-30": "$4", "2016-06-30": "$9", "2016-03-31": "$6", "2015-12-31": "$-1", "2015-09-30": "$-5", "2015-06-30": "$-6", "2015-03-31": "$-4", "2014-12-31": "$-7", "2014-09-30": "$0", "2014-06-30": "$-1", "2014-03-31": "$0", "2013-12-31": "$-2", "2013-09-30": "$-1", "2013-06-30": "$-2", "2013-03-31": "$-21", "2012-12-31": "$-7", "2012-09-30": "$-3", "2012-06-30": "$-10", "2012-03-31": "$-1", "2011-12-31": "", "2010-12-31": ""}}, "eps-earnings-per-share-diluted": {"CyrusOne Inc Annual EPS": {"2019": "$0.36", "2018": "$0.00", "2017": "$-0.95", "2016": "$0.24", "2015": "$-0.30", "2014": "$-0.30", "2013": "$-1.22", "2012": "$0.00", "2011": "$0.00", "2010": "$0.00"}, "CyrusOne Inc Quarterly EPS": {"2020-09-30": "$-0.32", "2020-06-30": "$0.39", "2020-03-31": "$0.13", "2019-12-31": "$-0.49", "2019-09-30": "$0.11", "2019-06-30": "$-0.08", "2019-03-31": "$0.82", "2018-12-31": "$-1.08", "2018-09-30": "$-0.43", "2018-06-30": "$1.06", "2018-03-31": "$0.45", "2017-12-31": "$0.03", "2017-09-30": "$-0.61", "2017-06-30": "$-0.01", "2017-03-31": "$-0.36", "2016-12-31": "$0.01", "2016-09-30": "$0.05", "2016-06-30": "$0.11", "2016-03-31": "$0.07", "2015-12-31": "$0.01", "2015-09-30": "$-0.08", "2015-06-30": "$-0.11", "2015-03-31": "$-0.12", "2014-12-31": "$-0.25", "2014-09-30": "$0.00", "2014-06-30": "$-0.06", "2014-03-31": "$0.01", "2013-12-31": "$-0.04", "2013-09-30": "$-0.05", "2013-06-30": "$-0.12", "2013-03-31": "$-1.01", "2012-12-31": "$0.00", "2012-09-30": "$0.00", "2012-06-30": "$0.00", "2012-03-31": "$0.00", "2011-12-31": "$0.00", "2010-12-31": "$0.00"}}, "shares-outstanding": {"CyrusOne Inc Annual Shares Outstanding (Millions of Shares)": {"2019": "113", "2018": "100", "2017": "89", "2016": "79", "2015": "54", "2014": "29", "2013": "21", "2012": "", "2011": "", "2010": ""}, "CyrusOne Inc Quarterly Shares Outstanding (Millions of Shares)": {"2020-09-30": "119", "2020-06-30": "116", "2020-03-31": "115", "2019-12-31": "113", "2019-09-30": "114", "2019-06-30": "113", "2019-03-31": "109", "2018-12-31": "100", "2018-09-30": "99", "2018-06-30": "99", "2018-03-31": "97", "2017-12-31": "89", "2017-09-30": "90", "2017-06-30": "88", "2017-03-31": "84", "2016-12-31": "79", "2016-09-30": "81", "2016-06-30": "79", "2016-03-31": "73", "2015-12-31": "54", "2015-09-30": "64", "2015-06-30": "51", "2015-03-31": "37", "2014-12-31": "29", "2014-09-30": "37", "2014-06-30": "22", "2014-03-31": "21", "2013-12-31": "21", "2013-09-30": "21", "2013-06-30": "21", "2013-03-31": "21", "2012-12-31": "", "2012-09-30": "", "2012-06-30": "", "2012-03-31": "", "2011-12-31": "", "2010-12-31": ""}}, "total-assets": {"CyrusOne Inc Annual Total Assets (Millions of US $)": {"2019": "$6,142", "2018": "$5,593", "2017": "$4,312", "2016": "$2,852", "2015": "$2,196", "2014": "$1,571", "2013": "$1,507", "2012": "$1,211", "2011": "$955", "2010": "$0"}, "CyrusOne Inc Quarterly Total Assets (Millions of US $)": {"2020-09-30": "$6,712", "2020-06-30": "$6,468", "2020-03-31": "$6,279", "2019-12-31": "$6,142", "2019-09-30": "$5,893", "2019-06-30": "$5,870", "2019-03-31": "$5,941", "2018-12-31": "$5,593", "2018-09-30": "$5,493", "2018-06-30": "$4,629", "2018-03-31": "$4,498", "2017-12-31": "$4,312", "2017-09-30": "$3,884", "2017-06-30": "$3,817", "2017-03-31": "$3,544", "2016-12-31": "$2,852", "2016-09-30": "$2,696", "2016-06-30": "$2,511", "2016-03-31": "$2,484", "2015-12-31": "$2,196", "2015-09-30": "$2,182", "2015-06-30": "$1,992", "2015-03-31": "$1,577", "2014-12-31": "$1,571", "2014-09-30": "$1,538", "2014-06-30": "$1,506", "2014-03-31": "$1,528", "2013-12-31": "$1,507", "2013-09-30": "$1,520", "2013-06-30": "$1,520", "2013-03-31": "$1,574", "2012-12-31": "$1,211", "2012-09-30": "$0", "2012-06-30": "$0", "2012-03-31": "$0", "2011-12-31": "$955", "2010-12-31": "$0"}}, "cash-on-hand": {"CyrusOne Inc Annual Cash on Hand (Millions of US $)": {"2019": "$78", "2018": "$64", "2017": "$152", "2016": "$15", "2015": "$16", "2014": "$37", "2013": "$149", "2012": "$23", "2011": "$1", "2010": "$"}, "CyrusOne Inc Quarterly Cash on Hand (Millions of US $)": {"2020-09-30": "$158", "2020-06-30": "$72", "2020-03-31": "$59", "2019-12-31": "$78", "2019-09-30": "$53", "2019-06-30": "$145", "2019-03-31": "$127", "2018-12-31": "$64", "2018-09-30": "$61", "2018-06-30": "$116", "2018-03-31": "$229", "2017-12-31": "$152", "2017-09-30": "$25", "2017-06-30": "$41", "2017-03-31": "$21", "2016-12-31": "$15", "2016-09-30": "$11", "2016-06-30": "$14", "2016-03-31": "$88", "2015-12-31": "$16", "2015-09-30": "$47", "2015-06-30": "$414", "2015-03-31": "$26", "2014-12-31": "$37", "2014-09-30": "$30", "2014-06-30": "$49", "2014-03-31": "$125", "2013-12-31": "$149", "2013-09-30": "$213", "2013-06-30": "$267", "2013-03-31": "$331", "2012-12-31": "$23", "2012-09-30": "", "2012-06-30": "", "2012-03-31": "", "2011-12-31": "$1", "2010-12-31": ""}}, "long-term-debt": {"CyrusOne Inc Annual Long Term Debt (Millions of US $)": {"2019": "$2,918", "2018": "$2,781", "2017": "$2,231", "2016": "$1,251", "2015": "$1,009", "2014": "$658", "2013": "$542", "2012": "$557", "2011": "$43", "2010": "$"}, "CyrusOne Inc Quarterly Long Term Debt (Millions of US $)": {"2020-09-30": "$3,227", "2020-06-30": "$3,186", "2020-03-31": "$3,076", "2019-12-31": "$2,918", "2019-09-30": "$2,807", "2019-06-30": "$2,745", "2019-03-31": "$2,932", "2018-12-31": "$2,781", "2018-09-30": "$2,739", "2018-06-30": "$2,322", "2018-03-31": "$2,326", "2017-12-31": "$2,231", "2017-09-30": "$2,025", "2017-06-30": "$1,844", "2017-03-31": "$1,744", "2016-12-31": "$1,251", "2016-09-30": "$1,078", "2016-06-30": "$1,107", "2016-03-31": "$1,022", "2015-12-31": "$1,009", "2015-09-30": "$996", "2015-06-30": "$742", "2015-03-31": "$692", "2014-12-31": "$658", "2014-09-30": "$569", "2014-06-30": "$540", "2014-03-31": "$541", "2013-12-31": "$542", "2013-09-30": "$544", "2013-06-30": "$545", "2013-03-31": "$556", "2012-12-31": "$557", "2012-09-30": "", "2012-06-30": "", "2012-03-31": "", "2011-12-31": "$48", "2010-12-31": ""}}, "total-liabilities": {"CyrusOne Inc Annual Total Liabilities (Millions of US $)": {"2019": "$3,707", "2018": "$3,367", "2017": "$2,598", "2016": "$1,690", "2015": "$1,374", "2014": "$854", "2013": "$729", "2012": "$711", "2011": "$643", "2010": "$0"}, "CyrusOne Inc Quarterly Total Liabilities (Millions of US $)": {"2020-09-30": "$4,108", "2020-06-30": "$4,007", "2020-03-31": "$3,915", "2019-12-31": "$3,707", "2019-09-30": "$3,476", "2019-06-30": "$3,407", "2019-03-31": "$3,563", "2018-12-31": "$3,367", "2018-09-30": "$3,254", "2018-06-30": "$2,701", "2018-03-31": "$2,644", "2017-12-31": "$2,598", "2017-09-30": "$2,507", "2017-06-30": "$2,351", "2017-03-31": "$2,240", "2016-12-31": "$1,690", "2016-09-30": "$1,507", "2016-06-30": "$1,487", "2016-03-31": "$1,441", "2015-12-31": "$1,374", "2015-09-30": "$1,341", "2015-06-30": "$1,126", "2015-03-31": "$885", "2014-12-31": "$854", "2014-09-30": "$798", "2014-06-30": "$755", "2014-03-31": "$761", "2013-12-31": "$729", "2013-09-30": "$730", "2013-06-30": "$719", "2013-03-31": "$758", "2012-12-31": "$711", "2012-09-30": "$0", "2012-06-30": "$0", "2012-03-31": "$0", "2011-12-31": "$643", "2010-12-31": "$0"}}, "total-share-holder-equity": {"CyrusOne Inc Annual Share Holder Equity (Millions of US $)": {"2019": "$2,435", "2018": "$2,226", "2017": "$1,714", "2016": "$1,162", "2015": "$822", "2014": "$717", "2013": "$778", "2012": "$500", "2011": "$312", "2010": "$0"}, "CyrusOne Inc Quarterly Share Holder Equity (Millions of US $)": {"2020-09-30": "$2,604", "2020-06-30": "$2,461", "2020-03-31": "$2,364", "2019-12-31": "$2,435", "2019-09-30": "$2,417", "2019-06-30": "$2,463", "2019-03-31": "$2,378", "2018-12-31": "$2,226", "2018-09-30": "$2,239", "2018-06-30": "$1,928", "2018-03-31": "$1,855", "2017-12-31": "$1,714", "2017-09-30": "$1,376", "2017-06-30": "$1,466", "2017-03-31": "$1,304", "2016-12-31": "$1,162", "2016-09-30": "$1,190", "2016-06-30": "$1,025", "2016-03-31": "$1,042", "2015-12-31": "$822", "2015-09-30": "$841", "2015-06-30": "$866", "2015-03-31": "$691", "2014-12-31": "$717", "2014-09-30": "$740", "2014-06-30": "$751", "2014-03-31": "$767", "2013-12-31": "$778", "2013-09-30": "$790", "2013-06-30": "$801", "2013-03-31": "$817", "2012-12-31": "$500", "2012-09-30": "$0", "2012-06-30": "$0", "2012-03-31": "$0", "2011-12-31": "$312", "2010-12-31": "$0"}}, "profit-margins": {"current": "-2.91%"}, "gross margin": {"2020-09-30": "61.14%", "2020-06-30": "61.37%", "2020-03-31": "60.72%", "2019-12-31": "60.90%", "2019-09-30": "61.22%", "2019-06-30": "62.10%", "2019-03-31": "63.76%", "2018-12-31": "64.36%", "2018-09-30": "64.71%", "2018-06-30": "65.20%", "2018-03-31": "65.00%", "2017-12-31": "64.88%", "2017-09-30": "64.65%", "2017-06-30": "64.15%", "2017-03-31": "64.46%", "2016-12-31": "64.65%", "2016-09-30": "64.16%", "2016-06-30": "64.41%", "2016-03-31": "63.81%", "2015-12-31": "62.66%", "2015-09-30": "62.47%", "2015-06-30": "62.25%", "2015-03-31": "61.76%", "2014-12-31": "62.35%", "2014-09-30": "63.09%", "2014-06-30": "63.67%", "2014-03-31": "63.83%", "2013-12-31": "64.39%", "2013-09-30": "55.60%", "2013-06-30": "55.65%", "2013-03-31": "56.77%", "2012-12-31": "56.56%"}, "operating margin": {"2020-09-30": "5.10%", "2020-06-30": "6.95%", "2020-03-31": "6.88%", "2019-12-31": "6.92%", "2019-09-30": "6.32%", "2019-06-30": "7.40%", "2019-03-31": "8.71%", "2018-12-31": "10.95%", "2018-09-30": "12.66%", "2018-06-30": "5.73%", "2018-03-31": "4.58%", "2017-12-31": "3.72%", "2017-09-30": "2.23%", "2017-06-30": "11.56%", "2017-03-31": "13.04%", "2016-12-31": "13.42%", "2016-09-30": "13.66%", "2016-06-30": "12.29%", "2016-03-31": "9.28%", "2015-12-31": "6.02%", "2015-09-30": "6.43%", "2015-06-30": "7.49%", "2015-03-31": "8.82%", "2014-12-31": "12.05%", "2014-09-30": "11.99%", "2014-06-30": "12.33%", "2014-03-31": "12.77%", "2013-12-31": "4.55%", "2013-09-30": "2.40%", "2013-06-30": "2.09%", "2013-03-31": "-2.62%", "2012-12-31": "7.24%"}, "ebitda margin": {"2020-09-30": "48.87%", "2020-06-30": "50.35%", "2020-03-31": "49.65%", "2019-12-31": "49.90%", "2019-09-30": "49.63%", "2019-06-30": "50.50%", "2019-03-31": "51.76%", "2018-12-31": "52.07%", "2018-09-30": "52.43%", "2018-06-30": "45.20%", "2018-03-31": "43.89%", "2017-12-31": "43.01%", "2017-09-30": "41.40%", "2017-06-30": "49.41%", "2017-03-31": "49.64%", "2016-12-31": "48.96%", "2016-09-30": "48.12%", "2016-06-30": "46.82%", "2016-03-31": "43.85%", "2015-12-31": "41.35%", "2015-09-30": "41.82%", "2015-06-30": "42.94%", "2015-03-31": "44.71%", "2014-12-31": "47.59%", "2014-09-30": "47.95%", "2014-06-30": "48.00%", "2014-03-31": "48.23%", "2013-12-31": "40.53%", "2013-09-30": "29.60%", "2013-06-30": "20.92%", "2013-03-31": "6.99%", "2012-12-31": "7.24%"}, "pre tax profit margin": {"2020-09-30": "-3.24%", "2020-06-30": "1.69%", "2020-03-31": "-3.69%", "2019-12-31": "3.87%", "2019-09-30": "-1.79%", "2019-06-30": "-7.73%", "2019-03-31": "5.53%", "2018-12-31": "0.24%", "2018-09-30": "14.45%", "2018-06-30": "13.47%", "2018-03-31": "-0.83%", "2017-12-31": "-11.90%", "2017-09-30": "-13.22%", "2017-06-30": "-4.02%", "2017-03-31": "-2.50%", "2016-12-31": "4.16%", "2016-09-30": "3.96%", "2016-06-30": "2.12%", "2016-03-31": "-1.39%", "2015-12-31": "-4.76%", "2015-09-30": "-8.04%", "2015-06-30": "-6.92%", "2015-03-31": "-6.18%", "2014-12-31": "-3.92%", "2014-09-30": "-1.26%", "2014-06-30": "-2.33%", "2014-03-31": "-3.90%", "2013-12-31": "-12.88%", "2013-09-30": "-15.20%", "2013-06-30": "-16.74%", "2013-03-31": "-20.96%", "2012-12-31": "-11.76%"}, "net profit margin": {"2020-09-30": "-2.85%", "2020-06-30": "1.99%", "2020-03-31": "-3.39%", "2019-12-31": "4.07%", "2019-09-30": "-1.48%", "2019-06-30": "-7.62%", "2019-03-31": "5.41%", "2018-12-31": "0.00%", "2018-09-30": "13.81%", "2018-06-30": "12.80%", "2018-03-31": "-1.53%", "2017-12-31": "-12.50%", "2017-09-30": "-13.54%", "2017-06-30": "-4.36%", "2017-03-31": "-2.86%", "2016-12-31": "3.78%", "2016-09-30": "3.56%", "2016-06-30": "1.91%", "2016-03-31": "-1.39%", "2015-12-31": "-4.01%", "2015-09-30": "-5.90%", "2015-06-30": "-4.90%", "2015-03-31": "-3.53%", "2014-12-31": "-2.41%", "2014-09-30": "-0.95%", "2014-06-30": "-1.33%", "2014-03-31": "-1.77%", "2013-12-31": "-9.85%", "2013-09-30": "-12.40%", "2013-06-30": "-13.81%", "2013-03-31": "-17.90%", "2012-12-31": "-9.50%"}, "pe ratio": {"current": "18.90", "2021-02-05": "0.00", "2020-09-30": "0.00", "2020-06-30": "421.89", "2020-03-31": "0.00", "2019-12-31": "162.87", "2019-09-30": "0.00", "2019-06-30": "0.00", "2019-03-31": "110.66", "2018-12-31": "622.18", "2018-09-30": "53.76", "2018-06-30": "58.63", "2018-03-31": "0.00", "2017-12-31": "0.00", "2017-09-30": "0.00", "2017-06-30": "0.00", "2017-03-31": "0.00", "2016-12-31": "166.18", "2016-09-30": "200.25", "2016-06-30": "610.26", "2016-03-31": "0.00", "2015-12-31": "0.00", "2015-09-30": "0.00", "2015-06-30": "0.00", "2015-03-31": "0.00", "2014-12-31": "0.00", "2014-09-30": "0.00", "2014-06-30": "0.00", "2014-03-31": "0.00", "2013-12-31": "0.00"}, "price sales": {"2021-02-05": "8.46", "2020-09-30": "7.88", "2020-06-30": "8.13", "2020-03-31": "6.85", "2019-12-31": "7.25", "2019-09-30": "8.75", "2019-06-30": "6.43", "2019-03-31": "5.97", "2018-12-31": "5.99", "2018-09-30": "7.33", "2018-06-30": "6.83", "2018-03-31": "6.01", "2017-12-31": "7.16", "2017-09-30": "7.31", "2017-06-30": "7.03", "2017-03-31": "6.67", "2016-12-31": "5.89", "2016-09-30": "5.91", "2016-06-30": "6.89", "2016-03-31": "5.54", "2015-12-31": "4.10", "2015-09-30": "3.19", "2015-06-30": "2.67", "2015-03-31": "2.30", "2014-12-31": "1.80", "2014-09-30": "1.50", "2014-06-30": "1.44", "2014-03-31": "1.26", "2013-12-31": "1.42"}, "price book": {"current": "3.45", "2021-02-05": "3.45", "2020-09-30": "3.22", "2020-06-30": "3.41", "2020-03-31": "2.94", "2019-12-31": "3.00", "2019-09-30": "3.57", "2019-06-30": "2.54", "2019-03-31": "2.31", "2018-12-31": "2.42", "2018-09-30": "2.82", "2018-06-30": "2.80", "2018-03-31": "2.53", "2017-12-31": "3.07", "2017-09-30": "3.57", "2017-06-30": "3.14", "2017-03-31": "3.11", "2016-12-31": "2.87", "2016-09-30": "2.95", "2016-06-30": "3.79", "2016-03-31": "3.04", "2015-12-31": "2.85", "2015-09-30": "2.20", "2015-06-30": "1.91", "2015-03-31": "1.48", "2014-12-31": "1.23", "2014-09-30": "1.04", "2014-06-30": "1.05", "2014-03-31": "0.50", "2013-12-31": "0.51", "2013-09-30": "0.42", "2013-06-30": "0.45", "2013-03-31": "0.48"}, "price fcf": {"2021-02-05": "", "2020-09-30": "$-3.52", "2020-06-30": "$-3.56", "2020-03-31": "$-3.11", "2019-12-31": "$-4.53", "2019-09-30": "$-9.78", "2019-06-30": "$-11.47", "2019-03-31": "$-11.48", "2018-12-31": "$-10.15", "2018-09-30": "$-11.16", "2018-06-30": "$-10.19", "2018-03-31": "$-6.24", "2017-12-31": "$-12.57", "2017-09-30": "$-7.61", "2017-06-30": "$-7.48", "2017-03-31": "$-12.19", "2016-12-31": "$-6.97", "2016-09-30": "$-5.96", "2016-06-30": "$-4.76", "2016-03-31": "$-3.46", "2015-12-31": "$-1.74", "2015-09-30": "$-3.92", "2015-06-30": "$-3.16", "2015-03-31": "$-5.79", "2014-12-31": "$-5.93", "2014-09-30": "$-5.20", "2014-06-30": "$-7.63", "2014-03-31": "$-6.38", "2013-12-31": "$-7.14"}, "net worth": {"value": "$8.99B"}, "current ratio": {"2020-09-30": "1.48", "2020-06-30": "1.34", "2020-03-31": "1.20", "2019-12-31": "1.24", "2019-09-30": "1.26", "2019-06-30": "1.58", "2019-03-31": "1.59", "2018-12-31": "0.95", "2018-09-30": "0.64", "2018-06-30": "1.00", "2018-03-31": "2.07", "2017-12-31": "1.12", "2017-09-30": "0.48", "2017-06-30": "0.49", "2017-03-31": "0.41", "2016-12-31": "0.43", "2016-09-30": "0.39", "2016-06-30": "0.49", "2016-03-31": "0.79", "2015-12-31": "0.67", "2015-09-30": "1.04", "2015-06-30": "5.22", "2015-03-31": "1.19", "2014-12-31": "1.39", "2014-09-30": "0.89", "2014-06-30": "1.32", "2014-03-31": "1.89", "2013-12-31": "2.84", "2013-09-30": "3.65", "2013-06-30": "9.65", "2013-03-31": "5.99", "2012-12-31": "1.51", "2012-09-30": "0.00", "2012-06-30": "0.00", "2012-03-31": "0.00", "2011-12-31": "0.00", "2010-12-31": "0.00"}, "quick ratio": {"2020-09-30": "0.00", "2020-06-30": "0.00", "2020-03-31": "0.00", "2019-12-31": "0.00", "2019-09-30": "0.00", "2019-06-30": "0.00", "2019-03-31": "0.00", "2018-12-31": "0.00", "2018-09-30": "0.00", "2018-06-30": "0.00", "2018-03-31": "0.00", "2017-12-31": "0.00", "2017-09-30": "0.00", "2017-06-30": "0.00", "2017-03-31": "0.00", "2016-12-31": "0.00", "2016-09-30": "0.00", "2016-06-30": "0.00", "2016-03-31": "0.00", "2015-12-31": "0.00", "2015-09-30": "0.00", "2015-06-30": "0.00", "2015-03-31": "0.00", "2014-12-31": "0.00", "2014-09-30": "0.00", "2014-06-30": "0.00", "2014-03-31": "0.00", "2013-12-31": "0.00", "2013-09-30": "0.00", "2013-06-30": "0.00", "2013-03-31": "0.00", "2012-12-31": "0.00", "2012-09-30": "0.00", "2012-06-30": "0.00", "2012-03-31": "0.00", "2011-12-31": "0.00", "2010-12-31": "0.00"}, "debt equity ratio": {"current": "1.24", "2020-09-30": "1.58", "2020-06-30": "1.63", "2020-03-31": "1.66", "2019-12-31": "1.52", "2019-09-30": "1.44", "2019-06-30": "1.38", "2019-03-31": "1.50", "2018-12-31": "1.51", "2018-09-30": "1.45", "2018-06-30": "1.40", "2018-03-31": "1.43", "2017-12-31": "1.52", "2017-09-30": "1.82", "2017-06-30": "1.60", "2017-03-31": "1.72", "2016-12-31": "1.46", "2016-09-30": "1.27", "2016-06-30": "1.45", "2016-03-31": "1.38", "2015-12-31": "1.67", "2015-09-30": "1.59", "2015-06-30": "1.30", "2015-03-31": "1.28", "2014-12-31": "1.19", "2014-09-30": "1.08", "2014-06-30": "1.01", "2014-03-31": "0.99", "2013-12-31": "0.94", "2013-09-30": "0.92", "2013-06-30": "0.90", "2013-03-31": "0.93", "2012-12-31": "1.42", "2012-09-30": "0.00", "2012-06-30": "0.00", "2012-03-31": "0.00", "2011-12-31": "2.07", "2010-12-31": "0.00"}, "return on equity": {"2020-09-30": "-1.18%", "2020-06-30": "0.83%", "2020-03-31": "-1.41%", "2019-12-31": "1.65%", "2019-09-30": "-0.59%", "2019-06-30": "-2.97%", "2019-03-31": "2.10%", "2018-12-31": "0.00%", "2018-09-30": "5.58%", "2018-06-30": "5.59%", "2018-03-31": "-0.69%", "2017-12-31": "-5.73%", "2017-09-30": "-6.41%", "2017-06-30": "-2.03%", "2017-03-31": "-1.37%", "2016-12-31": "1.81%", "2016-09-30": "1.77%", "2016-06-30": "0.97%", "2016-03-31": "-0.67%", "2015-12-31": "-1.99%", "2015-09-30": "-2.83%", "2015-06-30": "-2.26%", "2015-03-31": "-1.66%", "2014-12-31": "-1.08%", "2014-09-30": "-0.40%", "2014-06-30": "-0.52%", "2014-03-31": "-0.64%", "2013-12-31": "-3.26%", "2013-09-30": "-4.26%", "2013-06-30": "-6.23%", "2013-03-31": "-12.45%", "2012-12-31": "-16.80%"}, "return on assets": {"2020-09-30": "-0.45%", "2020-06-30": "0.32%", "2020-03-31": "-0.56%", "2019-12-31": "0.67%", "2019-09-30": "-0.24%", "2019-06-30": "-1.21%", "2019-03-31": "0.85%", "2018-12-31": "0.00%", "2018-09-30": "2.28%", "2018-06-30": "2.22%", "2018-03-31": "-0.27%", "2017-12-31": "-2.16%", "2017-09-30": "-2.41%", "2017-06-30": "-0.81%", "2017-03-31": "-0.55%", "2016-12-31": "0.76%", "2016-09-30": "0.73%", "2016-06-30": "0.38%", "2016-03-31": "-0.27%", "2015-12-31": "-0.81%", "2015-09-30": "-1.20%", "2015-06-30": "-1.02%", "2015-03-31": "-0.78%", "2014-12-31": "-0.52%", "2014-09-30": "-0.20%", "2014-06-30": "-0.26%", "2014-03-31": "-0.33%", "2013-12-31": "-1.70%", "2013-09-30": "-2.13%", "2013-06-30": "-3.07%", "2013-03-31": "-5.89%", "2012-12-31": "-6.94%"}, "return on investments": {"2020-09-30": "0.93%", "2020-06-30": "1.29%", "2020-03-31": "1.30%", "2019-12-31": "1.29%", "2019-09-30": "1.16%", "2019-06-30": "1.31%", "2019-03-31": "1.51%", "2018-12-31": "1.95%", "2018-09-30": "2.28%", "2018-06-30": "1.09%", "2018-03-31": "0.89%", "2017-12-31": "0.73%", "2017-09-30": "0.46%", "2017-06-30": "2.50%", "2017-03-31": "2.96%", "2016-12-31": "3.20%", "2016-09-30": "3.33%", "2016-06-30": "2.95%", "2016-03-31": "2.18%", "2015-12-31": "1.44%", "2015-09-30": "1.55%", "2015-06-30": "1.83%", "2015-03-31": "2.24%", "2014-12-31": "3.03%", "2014-09-30": "2.91%", "2014-06-30": "2.82%", "2014-03-31": "2.71%", "2013-12-31": "0.89%", "2013-09-30": "0.47%", "2013-06-30": "0.53%", "2013-03-31": "-0.99%", "2012-12-31": "6.05%"}, "return on tangible equity": {"2020-09-30": "-1.58%", "2020-06-30": "1.13%", "2020-03-31": "-1.93%", "2019-12-31": "2.28%", "2019-09-30": "-0.83%", "2019-06-30": "-4.21%", "2019-03-31": "3.04%", "2018-12-31": "0.00%", "2018-09-30": "8.51%", "2018-06-30": "9.03%", "2018-03-31": "-1.17%", "2017-12-31": "-10.54%", "2017-09-30": "-12.64%", "2017-06-30": "-4.07%", "2017-03-31": "-2.95%", "2016-12-31": "4.06%", "2016-09-30": "4.47%", "2016-06-30": "2.89%", "2016-03-31": "-1.76%", "2015-12-31": "-4.97%", "2015-09-30": "-6.02%", "2015-06-30": "-4.14%", "2015-03-31": "-3.18%", "2014-12-31": "-2.04%", "2014-09-30": "-0.74%", "2014-06-30": "-0.97%", "2014-03-31": "-1.19%", "2013-12-31": "-6.07%", "2013-09-30": "-8.74%", "2013-06-30": "-13.28%", "2013-03-31": "-29.13%", "2012-12-31": "-69.42%"}, "dividend yield history": {"last payout": "$2.04", "last yield": "2.73%"}}