{"ticker": "DHI", "price": {"title": "D.R Horton Historical Annual Stock Price Data", "value": 80.02, "historical": {"2021": {"Average Stock Price": "73.0304", "Year Open": "67.3400", "Year High": "80.0200", "Year Low": "65.8500", "Year Close": "80.0200", "Annual % Change": "16.11%"}, "2020": {"Average Stock Price": "60.5177", "Year Open": "52.5700", "Year High": "78.8200", "Year Low": "28.7800", "Year Close": "68.9200", "Annual % Change": "30.65%"}, "2019": {"Average Stock Price": "46.2225", "Year Open": "35.2700", "Year High": "55.9100", "Year Low": "35.1300", "Year Close": "52.7500", "Annual % Change": "52.19%"}, "2018": {"Average Stock Price": "42.3585", "Year Open": "51.0600", "Year High": "52.8700", "Year Low": "32.9600", "Year Close": "34.6600", "Annual % Change": "-32.13%"}, "2017": {"Average Stock Price": "36.8839", "Year Open": "27.5600", "Year High": "51.4500", "Year Low": "27.5600", "Year Close": "51.0700", "Annual % Change": "86.86%"}, "2016": {"Average Stock Price": "29.6990", "Year Open": "30.3900", "Year High": "34.4100", "Year Low": "23.2300", "Year Close": "27.3300", "Annual % Change": "-14.67%"}, "2015": {"Average Stock Price": "28.4344", "Year Open": "24.9600", "Year High": "33.0300", "Year Low": "22.9500", "Year Close": "32.0300", "Annual % Change": "26.65%"}, "2014": {"Average Stock Price": "22.7237", "Year Open": "21.8300", "Year High": "25.5800", "Year Low": "19.4900", "Year Close": "25.2900", "Annual % Change": "13.31%"}, "2013": {"Average Stock Price": "21.5110", "Year Open": "20.3900", "Year High": "27.6000", "Year Low": "17.6900", "Year Close": "22.3200", "Annual % Change": "12.84%"}, "2012": {"Average Stock Price": "17.4483", "Year Open": "12.9800", "Year High": "22.3700", "Year Low": "12.9600", "Year Close": "19.7800", "Annual % Change": "56.86%"}, "2011": {"Average Stock Price": "11.3813", "Year Open": "12.3400", "Year High": "13.5000", "Year Low": "8.4500", "Year Close": "12.6100", "Annual % Change": "5.70%"}, "2010": {"Average Stock Price": "11.5953", "Year Open": "11.1600", "Year High": "14.9700", "Year Low": "9.7100", "Year Close": "11.9300", "Annual % Change": "9.75%"}, "2009": {"Average Stock Price": "10.3129", "Year Open": "7.3400", "Year High": "13.7900", "Year Low": "5.9600", "Year Close": "10.8700", "Annual % Change": "53.75%"}, "2008": {"Average Stock Price": "11.8509", "Year Open": "12.8400", "Year High": "17.3100", "Year Low": "4.3400", "Year Close": "7.0700", "Annual % Change": "-46.32%"}, "2007": {"Average Stock Price": "19.3062", "Year Open": "26.0400", "Year High": "30.8600", "Year Low": "10.4100", "Year Close": "13.1700", "Annual % Change": "-50.28%"}, "2006": {"Average Stock Price": "27.5871", "Year Open": "36.9400", "Year High": "41.3900", "Year Low": "20.0000", "Year Close": "26.4900", "Annual % Change": "-25.86%"}, "2005": {"Average Stock Price": "33.8150", "Year Open": "29.5132", "Year High": "42.1100", "Year Low": "26.9100", "Year Close": "35.7300", "Annual % Change": "18.18%"}, "2004": {"Average Stock Price": "23.1596", "Year Open": "20.7855", "Year High": "31.0208", "Year Low": "19.1780", "Year Close": "30.2333", "Annual % Change": "39.77%"}, "2003": {"Average Stock Price": "14.4423", "Year Open": "9.3602", "Year High": "22.5306", "Year Low": "8.5302", "Year Close": "21.6305", "Annual % Change": "149.34%"}, "2002": {"Average Stock Price": "11.1793", "Year Open": "10.8369", "Year High": "14.3670", "Year Low": "8.0302", "Year Close": "8.6752", "Annual % Change": "-19.82%"}, "2001": {"Average Stock Price": "7.9244", "Year Open": "8.4802", "Year High": "11.0703", "Year Low": "6.0568", "Year Close": "10.8203", "Annual % Change": "32.81%"}, "2000": {"Average Stock Price": "5.1707", "Year Open": "4.4168", "Year High": "8.6035", "Year Low": "3.6668", "Year Close": "8.1469", "Annual % Change": "76.98%"}, "1999": {"Average Stock Price": "5.3308", "Year Open": "7.4369", "Year High": "7.4369", "Year Low": "3.4368", "Year Close": "4.6034", "Annual % Change": "-39.96%"}, "1998": {"Average Stock Price": "6.5459", "Year Open": "5.6868", "Year High": "8.1469", "Year Low": "3.8768", "Year Close": "7.6669", "Annual % Change": "32.34%"}, "1997": {"Average Stock Price": "4.3869", "Year Open": "3.5434", "Year High": "6.7935", "Year Low": "3.0834", "Year Close": "5.7935", "Annual % Change": "59.74%"}, "1996": {"Average Stock Price": "3.3706", "Year Open": "3.9601", "Year High": "4.1668", "Year Low": "2.6234", "Year Close": "3.6268", "Annual % Change": "-7.40%"}, "1995": {"Average Stock Price": "3.0539", "Year Open": "2.1429", "Year High": "3.9601", "Year Low": "2.1143", "Year Close": "3.9168", "Annual % Change": "80.17%"}, "1994": {"Average Stock Price": "3.1533", "Year Open": "4.0787", "Year High": "4.5834", "Year Low": "2.1143", "Year Close": "2.1739", "Annual % Change": "-47.83%"}, "1993": {"Average Stock Price": "3.0909", "Year Open": "2.3810", "Year High": "4.1668", "Year Low": "2.2620", "Year Close": "4.1668", "Annual % Change": "79.49%"}}}, "market cap": {"value": "$29.1B"}, "income statement": {"Revenue": {"2020-09-30": "20311.10000", "2019-09-30": "17592.90000", "2018-09-30": "16068.00000", "2017-09-30": "14091.00000", "2016-09-30": "12157.40000", "2015-09-30": "10824.00000", "2014-09-30": "8024.90000", "2013-09-30": "6259.30000", "2012-09-30": "4354.00000", "2011-09-30": "3636.80000", "2010-09-30": "4400.20000", "2009-09-30": "3657.60000", "2008-09-30": "6646.10000", "2007-09-30": "11296.50000", "2006-09-30": "15051.30000", "2005-09-30": "13863.70000"}, "Cost Of Goods Sold": {"2020-09-30": "15373.20000", "2019-09-30": "13720.90000", "2018-09-30": "12398.10000", "2017-09-30": "11042.80000", "2016-09-30": "9502.60000", "2015-09-30": "8535.69900", "2014-09-30": "6268.60000", "2013-09-30": "4853.50000", "2012-09-30": "3492.40000", "2011-09-30": "3023.30000", "2010-09-30": "3627.60000", "2009-09-30": "3538.70000", "2008-09-30": "8285.50000", "2007-09-30": "10508.70000", "2006-09-30": "11455.40000", "2005-09-30": "10157.10000"}, "Gross Profit": {"2020-09-30": "4937.89900", "2019-09-30": "3872.00000", "2018-09-30": "3669.90000", "2017-09-30": "3048.20000", "2016-09-30": "2654.80100", "2015-09-30": "2288.30100", "2014-09-30": "1756.30000", "2013-09-30": "1405.80000", "2012-09-30": "861.60010", "2011-09-30": "613.50020", "2010-09-30": "772.60010", "2009-09-30": "118.90010", "2008-09-30": "-1639.40000", "2007-09-30": "787.79980", "2006-09-30": "3595.89900", "2005-09-30": "3706.60100"}, "Research And Development Expenses": {"2020-09-30": "", "2019-09-30": "", "2018-09-30": "", "2017-09-30": "", "2016-09-30": "", "2015-09-30": "", "2014-09-30": "", "2013-09-30": "", "2012-09-30": "", "2011-09-30": "", "2010-09-30": "", "2009-09-30": "", "2008-09-30": "", "2007-09-30": "", "2006-09-30": "", "2005-09-30": ""}, "SG&A Expenses": {"2020-09-30": "2047.80000", "2019-09-30": "1832.50000", "2018-09-30": "1676.80000", "2017-09-30": "1471.60000", "2016-09-30": "1320.30000", "2015-09-30": "1186.00000", "2014-09-30": "965.40000", "2013-09-30": "766.30000", "2012-09-30": "614.20000", "2011-09-30": "556.30000", "2010-09-30": "600.40000", "2009-09-30": "601.10000", "2008-09-30": "891.90000", "2007-09-30": "1295.30000", "2006-09-30": "1658.80000", "2005-09-30": "1374.20000"}, "Other Operating Income Or Expenses": {"2020-09-30": "0.70000", "2019-09-30": "0.50000", "2018-09-30": "2.80000", "2017-09-30": "", "2016-09-30": "", "2015-09-30": "", "2014-09-30": "", "2013-09-30": "", "2012-09-30": "", "2011-09-30": "", "2010-09-30": "", "2009-09-30": "", "2008-09-30": "", "2007-09-30": "", "2006-09-30": "", "2005-09-30": ""}, "Operating Expenses": {"2020-09-30": "17420.30000", "2019-09-30": "15552.90000", "2018-09-30": "14072.10000", "2017-09-30": "12514.40000", "2016-09-30": "10830.10000", "2015-09-30": "9731.49900", "2014-09-30": "7234.00000", "2013-09-30": "5619.80000", "2012-09-30": "4106.60000", "2011-09-30": "3579.60000", "2010-09-30": "4228.00000", "2009-09-30": "4139.80000", "2008-09-30": "9256.80100", "2007-09-30": "12278.10000", "2006-09-30": "13114.20000", "2005-09-30": "11531.30000"}, "Operating Income": {"2020-09-30": "2890.79900", "2019-09-30": "2040.00000", "2018-09-30": "1995.90000", "2017-09-30": "1576.60100", "2016-09-30": "1327.30100", "2015-09-30": "1092.50100", "2014-09-30": "790.89990", "2013-09-30": "639.50000", "2012-09-30": "247.39990", "2011-09-30": "57.20020", "2010-09-30": "172.20020", "2009-09-30": "-482.19970", "2008-09-30": "-2610.70100", "2007-09-30": "-981.59960", "2006-09-30": "1937.10000", "2005-09-30": "2332.40000"}, "Total Non-Operating Income/Expense": {"2020-09-30": "92.20000", "2019-09-30": "85.30000", "2018-09-30": "64.10000", "2017-09-30": "25.50000", "2016-09-30": "26.20000", "2015-09-30": "30.90000", "2014-09-30": "23.30000", "2013-09-30": "18.30000", "2012-09-30": "-4.50000", "2011-09-30": "-45.10000", "2010-09-30": "-72.70000", "2009-09-30": "-74.60000", "2008-09-30": "-21.10000", "2007-09-30": "30.40000", "2006-09-30": "50.00000", "2005-09-30": "46.20000"}, "Pre-Tax Income": {"2020-09-30": "2983.00000", "2019-09-30": "2125.30000", "2018-09-30": "2060.00000", "2017-09-30": "1602.10000", "2016-09-30": "1353.50000", "2015-09-30": "1123.40000", "2014-09-30": "814.20000", "2013-09-30": "657.80000", "2012-09-30": "242.90000", "2011-09-30": "12.10000", "2010-09-30": "99.50000", "2009-09-30": "-556.80000", "2008-09-30": "-2631.80000", "2007-09-30": "-951.20000", "2006-09-30": "1987.10000", "2005-09-30": "2378.60000"}, "Income Taxes": {"2020-09-30": "602.50000", "2019-09-30": "506.70000", "2018-09-30": "597.70000", "2017-09-30": "563.70000", "2016-09-30": "467.20000", "2015-09-30": "372.70000", "2014-09-30": "280.70000", "2013-09-30": "195.10000", "2012-09-30": "-713.40000", "2011-09-30": "-59.70000", "2010-09-30": "-145.60000", "2009-09-30": "-7.00000", "2008-09-30": "1.80000", "2007-09-30": "-238.70000", "2006-09-30": "753.80000", "2005-09-30": "908.10000"}, "Income After Taxes": {"2020-09-30": "2380.50000", "2019-09-30": "1618.60000", "2018-09-30": "1462.30000", "2017-09-30": "1038.40000", "2016-09-30": "886.30000", "2015-09-30": "750.70000", "2014-09-30": "533.50000", "2013-09-30": "462.70000", "2012-09-30": "956.30000", "2011-09-30": "71.80000", "2010-09-30": "245.10000", "2009-09-30": "-549.80000", "2008-09-30": "-2633.60000", "2007-09-30": "-712.50000", "2006-09-30": "1233.30000", "2005-09-30": "1470.50000"}, "Other Income": {"2020-09-30": "", "2019-09-30": "", "2018-09-30": "", "2017-09-30": "", "2016-09-30": "", "2015-09-30": "", "2014-09-30": "", "2013-09-30": "", "2012-09-30": "", "2011-09-30": "", "2010-09-30": "", "2009-09-30": "", "2008-09-30": "", "2007-09-30": "", "2006-09-30": "", "2005-09-30": ""}, "Income From Continuous Operations": {"2020-09-30": "2380.50000", "2019-09-30": "1618.60000", "2018-09-30": "1462.30000", "2017-09-30": "1038.40000", "2016-09-30": "886.30000", "2015-09-30": "750.70000", "2014-09-30": "533.50000", "2013-09-30": "462.70000", "2012-09-30": "956.30000", "2011-09-30": "71.80000", "2010-09-30": "245.10000", "2009-09-30": "-549.80000", "2008-09-30": "-2633.60000", "2007-09-30": "-712.50000", "2006-09-30": "1233.30000", "2005-09-30": "1470.50000"}, "Income From Discontinued Operations": {"2020-09-30": "", "2019-09-30": "", "2018-09-30": "", "2017-09-30": "", "2016-09-30": "", "2015-09-30": "", "2014-09-30": "", "2013-09-30": "", "2012-09-30": "", "2011-09-30": "", "2010-09-30": "", "2009-09-30": "", "2008-09-30": "", "2007-09-30": "", "2006-09-30": "", "2005-09-30": ""}, "Net Income": {"2020-09-30": "2373.70000", "2019-09-30": "1618.50000", "2018-09-30": "1460.30000", "2017-09-30": "1038.40000", "2016-09-30": "886.30000", "2015-09-30": "750.70000", "2014-09-30": "533.50000", "2013-09-30": "462.70000", "2012-09-30": "956.30000", "2011-09-30": "71.80000", "2010-09-30": "245.10000", "2009-09-30": "-549.80000", "2008-09-30": "-2633.60000", "2007-09-30": "-712.50000", "2006-09-30": "1233.30000", "2005-09-30": "1470.50000"}, "EBITDA": {"2020-09-30": "2981.39900", "2019-09-30": "2122.90000", "2018-09-30": "2068.20000", "2017-09-30": "1636.30100", "2016-09-30": "1400.90100", "2015-09-30": "1162.00100", "2014-09-30": "856.69990", "2013-09-30": "701.90000", "2012-09-30": "306.59990", "2011-09-30": "114.30020", "2010-09-30": "221.40020", "2009-09-30": "-445.59970", "2008-09-30": "-2470.90100", "2007-09-30": "-436.49960", "2006-09-30": "1998.80000", "2005-09-30": "2389.50000"}, "EBIT": {"2020-09-30": "2890.79900", "2019-09-30": "2040.00000", "2018-09-30": "1995.90000", "2017-09-30": "1576.60100", "2016-09-30": "1327.30100", "2015-09-30": "1092.50100", "2014-09-30": "790.89990", "2013-09-30": "639.50000", "2012-09-30": "247.39990", "2011-09-30": "57.20020", "2010-09-30": "172.20020", "2009-09-30": "-482.19970", "2008-09-30": "-2610.70100", "2007-09-30": "-981.59960", "2006-09-30": "1937.10000", "2005-09-30": "2332.40000"}, "Basic Shares Outstanding": {"2020-09-30": "365.50000", "2019-09-30": "372.60000", "2018-09-30": "376.60000", "2017-09-30": "374.30000", "2016-09-30": "371.00000", "2015-09-30": "366.30000", "2014-09-30": "340.50000", "2013-09-30": "322.10000", "2012-09-30": "318.10000", "2011-09-30": "318.30000", "2010-09-30": "318.10000", "2009-09-30": "316.90000", "2008-09-30": "315.70000", "2007-09-30": "314.10000", "2006-09-30": "312.80000", "2005-09-30": "312.20000"}, "Shares Outstanding": {"2020-09-30": "370.20000", "2019-09-30": "377.40000", "2018-09-30": "383.40000", "2017-09-30": "378.90000", "2016-09-30": "375.10000", "2015-09-30": "369.80000", "2014-09-30": "366.60000", "2013-09-30": "364.90000", "2012-09-30": "359.00000", "2011-09-30": "318.50000", "2010-09-30": "318.60000", "2009-09-30": "316.90000", "2008-09-30": "315.70000", "2007-09-30": "314.10000", "2006-09-30": "316.20000", "2005-09-30": "318.10000"}, "Basic EPS": {"2020-09-30": "6.49000", "2019-09-30": "4.34000", "2018-09-30": "3.88000", "2017-09-30": "2.77000", "2016-09-30": "2.39000", "2015-09-30": "2.05000", "2014-09-30": "1.57000", "2013-09-30": "1.44000", "2012-09-30": "3.01000", "2011-09-30": "0.23000", "2010-09-30": "0.77000", "2009-09-30": "-1.73000", "2008-09-30": "-8.34000", "2007-09-30": "-2.27000", "2006-09-30": "3.94000", "2005-09-30": "4.71000"}, "EPS - Earnings Per Share": {"2020-09-30": "6.41000", "2019-09-30": "4.29000", "2018-09-30": "3.81000", "2017-09-30": "2.74000", "2016-09-30": "2.36000", "2015-09-30": "2.03000", "2014-09-30": "1.50000", "2013-09-30": "1.33000", "2012-09-30": "2.77000", "2011-09-30": "0.23000", "2010-09-30": "0.77000", "2009-09-30": "-1.73000", "2008-09-30": "-8.34000", "2007-09-30": "-2.27000", "2006-09-30": "3.90000", "2005-09-30": "4.62000"}}, "income statement, quarterly": {"Revenue": {"2020-12-31": "5933.40000", "2020-09-30": "6400.39900", "2020-06-30": "5390.00000", "2020-03-31": "4500.00000", "2019-12-31": "4020.70000", "2019-09-30": "5038.90000", "2019-06-30": "4906.30000", "2019-03-31": "4128.70000", "2018-12-31": "3519.00000", "2018-09-30": "4505.30000", "2018-06-30": "4435.30000", "2018-03-31": "3794.70000", "2017-12-31": "3332.70000", "2017-09-30": "4159.10000", "2017-06-30": "3776.40000", "2017-03-31": "3251.30000", "2016-12-31": "2904.20000", "2016-09-30": "3741.20000", "2016-06-30": "3231.90000", "2016-03-31": "2767.90000", "2015-12-31": "2416.40000", "2015-09-30": "3172.60000", "2015-06-30": "2950.80000", "2015-03-31": "2398.00000", "2014-12-31": "2302.60000", "2014-09-30": "2472.30000", "2014-06-30": "2147.00000", "2014-03-31": "1735.00000", "2013-12-31": "1670.60000", "2013-09-30": "1859.80000", "2013-06-30": "1692.80000", "2013-03-31": "1431.60000", "2012-12-31": "1275.10000", "2012-09-30": "1336.20000", "2012-06-30": "1150.00000", "2012-03-31": "961.20000", "2011-12-31": "906.60000", "2011-09-30": "1098.30000", "2011-06-30": "999.20000", "2011-03-31": "751.10000", "2010-12-31": "788.20000", "2010-09-30": "948.40010", "2010-06-30": "1406.10000", "2010-03-31": "913.50000", "2009-12-31": "1132.20000", "2009-09-30": "1028.70000", "2009-06-30": "932.90000", "2009-03-31": "778.00000", "2008-12-31": "918.00000", "2008-09-30": "1782.40100", "2008-06-30": "1464.20000", "2008-03-31": "1656.90000", "2007-12-31": "1742.60000", "2007-09-30": "3172.30000", "2007-06-30": "2598.10000", "2007-03-31": "2658.10000", "2006-12-31": "2868.00000", "2006-09-30": "4882.80000", "2006-06-30": "3667.80000", "2006-03-31": "3597.60000", "2005-12-31": "2903.10000", "2005-09-30": "5096.70000", "2005-06-30": "3370.20000", "2005-03-31": "2876.70000"}, "Cost Of Goods Sold": {"2020-12-31": "4332.50000", "2020-09-30": "4753.50000", "2020-06-30": "4084.70000", "2020-03-31": "3450.80000", "2019-12-31": "3084.20000", "2019-09-30": "3881.50000", "2019-06-30": "3831.60000", "2019-03-31": "3256.70000", "2018-12-31": "2751.10000", "2018-09-30": "3459.19900", "2018-06-30": "3397.20000", "2018-03-31": "2961.60000", "2017-12-31": "2580.10000", "2017-09-30": "3263.90000", "2017-06-30": "2961.10000", "2017-03-31": "2549.90000", "2016-12-31": "2267.90000", "2016-09-30": "2918.10000", "2016-06-30": "2523.00000", "2016-03-31": "2169.30000", "2015-12-31": "1892.20000", "2015-09-30": "2508.89900", "2015-06-30": "2320.40000", "2015-03-31": "1892.00000", "2014-12-31": "1814.40000", "2014-09-30": "1949.70000", "2014-06-30": "1725.50000", "2014-03-31": "1319.80000", "2013-12-31": "1273.60000", "2013-09-30": "1446.60000", "2013-06-30": "1295.40000", "2013-03-31": "1109.20000", "2012-12-31": "1002.30000", "2012-09-30": "1066.30000", "2012-06-30": "917.90000", "2012-03-31": "771.20000", "2011-12-31": "737.00000", "2011-09-30": "914.09960", "2011-06-30": "824.10000", "2011-03-31": "628.30000", "2010-12-31": "656.80000", "2010-09-30": "797.90000", "2010-06-30": "1171.50000", "2010-03-31": "737.60000", "2009-12-31": "920.60000", "2009-09-30": "1078.10000", "2009-06-30": "922.70000", "2009-03-31": "720.60000", "2008-12-31": "817.30000", "2008-09-30": "2657.70000", "2008-06-30": "1616.90000", "2008-03-31": "2303.60000", "2007-12-31": "1707.30000", "2007-09-30": "2909.50000", "2007-06-30": "2980.50000", "2007-03-31": "2251.50000", "2006-12-31": "2367.20000", "2006-09-30": "3984.00000", "2006-06-30": "2804.10000", "2006-03-31": "2622.70000", "2005-12-31": "2044.60000", "2005-09-30": "3762.80000", "2005-06-30": "2434.80000", "2005-03-31": "2110.00000"}, "Gross Profit": {"2020-12-31": "1600.90000", "2020-09-30": "1646.89900", "2020-06-30": "1305.30000", "2020-03-31": "1049.20000", "2019-12-31": "936.50000", "2019-09-30": "1157.40000", "2019-06-30": "1074.70000", "2019-03-31": "872.00020", "2018-12-31": "767.89990", "2018-09-30": "1046.10100", "2018-06-30": "1038.10000", "2018-03-31": "833.09990", "2017-12-31": "752.59990", "2017-09-30": "895.19970", "2017-06-30": "815.29980", "2017-03-31": "701.40010", "2016-12-31": "636.30000", "2016-09-30": "823.10060", "2016-06-30": "708.89990", "2016-03-31": "598.59990", "2015-12-31": "524.19980", "2015-09-30": "663.70070", "2015-06-30": "630.40010", "2015-03-31": "506.00000", "2014-12-31": "488.20010", "2014-09-30": "522.59970", "2014-06-30": "421.50000", "2014-03-31": "415.20000", "2013-12-31": "397.00000", "2013-09-30": "413.20010", "2013-06-30": "397.40000", "2013-03-31": "322.39990", "2012-12-31": "272.80000", "2012-09-30": "269.90000", "2012-06-30": "232.10000", "2012-03-31": "190.00000", "2011-12-31": "169.60000", "2011-09-30": "184.20040", "2011-06-30": "175.10000", "2011-03-31": "122.80000", "2010-12-31": "131.40000", "2010-09-30": "150.50010", "2010-06-30": "234.60000", "2010-03-31": "175.90000", "2009-12-31": "211.60000", "2009-09-30": "-49.39980", "2009-06-30": "10.20000", "2009-03-31": "57.40000", "2008-12-31": "100.70000", "2008-09-30": "-875.29940", "2008-06-30": "-152.70000", "2008-03-31": "-646.70010", "2007-12-31": "35.29990", "2007-09-30": "262.80000", "2007-06-30": "-382.39990", "2007-03-31": "406.60010", "2006-12-31": "500.80000", "2006-09-30": "898.79930", "2006-06-30": "863.70000", "2006-03-31": "974.90010", "2005-12-31": "858.50010", "2005-09-30": "1333.90000", "2005-06-30": "935.39990", "2005-03-31": "766.70000"}, "Research And Development Expenses": {"2020-12-31": "", "2020-09-30": "", "2020-06-30": "", "2020-03-31": "", "2019-12-31": "", "2019-09-30": "", "2019-06-30": "", "2019-03-31": "", "2018-12-31": "", "2018-09-30": "", "2018-06-30": "", "2018-03-31": "", "2017-12-31": "", "2017-09-30": "", "2017-06-30": "", "2017-03-31": "", "2016-12-31": "", "2016-09-30": "", "2016-06-30": "", "2016-03-31": "", "2015-12-31": "", "2015-09-30": "", "2015-06-30": "", "2015-03-31": "", "2014-12-31": "", "2014-09-30": "", "2014-06-30": "", "2014-03-31": "", "2013-12-31": "", "2013-09-30": "", "2013-06-30": "", "2013-03-31": "", "2012-12-31": "", "2012-09-30": "", "2012-06-30": "", "2012-03-31": "", "2011-12-31": "", "2011-09-30": "", "2011-06-30": "", "2011-03-31": "", "2010-12-31": "", "2010-09-30": "", "2010-06-30": "", "2010-03-31": "", "2009-12-31": "", "2009-09-30": "", "2009-06-30": "", "2009-03-31": "", "2008-12-31": "", "2008-09-30": "", "2008-06-30": "", "2008-03-31": "", "2007-12-31": "", "2007-09-30": "", "2007-06-30": "", "2007-03-31": "", "2006-12-31": "", "2006-09-30": "", "2006-06-30": "", "2006-03-31": "", "2005-12-31": "", "2005-09-30": "", "2005-06-30": "", "2005-03-31": ""}, "SG&A Expenses": {"2020-12-31": "585.90000", "2020-09-30": "597.70000", "2020-06-30": "527.50000", "2020-03-31": "466.80000", "2019-12-31": "455.80000", "2019-09-30": "505.50000", "2019-06-30": "480.00000", "2019-03-31": "444.20000", "2018-12-31": "402.80000", "2018-09-30": "456.80000", "2018-06-30": "434.90000", "2018-03-31": "400.90000", "2017-12-31": "384.20000", "2017-09-30": "416.00000", "2017-06-30": "374.50000", "2017-03-31": "355.20000", "2016-12-31": "325.90000", "2016-09-30": "384.90010", "2016-06-30": "336.80000", "2016-03-31": "309.20000", "2015-12-31": "289.40000", "2015-09-30": "323.30000", "2015-06-30": "303.80000", "2015-03-31": "283.10000", "2014-12-31": "275.80000", "2014-09-30": "278.40000", "2014-06-30": "255.70000", "2014-03-31": "218.10000", "2013-12-31": "213.20000", "2013-09-30": "217.90010", "2013-06-30": "198.80000", "2013-03-31": "183.10000", "2012-12-31": "166.50000", "2012-09-30": "171.30000", "2012-06-30": "157.90000", "2012-03-31": "147.10000", "2011-12-31": "137.90000", "2011-09-30": "144.00000", "2011-06-30": "133.00000", "2011-03-31": "141.40000", "2010-12-31": "137.90000", "2010-09-30": "142.20000", "2010-06-30": "164.70000", "2010-03-31": "146.40000", "2009-12-31": "147.10000", "2009-09-30": "154.39990", "2009-06-30": "152.40000", "2009-03-31": "144.10000", "2008-12-31": "150.20000", "2008-09-30": "199.40000", "2008-06-30": "217.80000", "2008-03-31": "231.10000", "2007-12-31": "243.60000", "2007-09-30": "317.10000", "2007-06-30": "303.50000", "2007-03-31": "334.40000", "2006-12-31": "340.30000", "2006-09-30": "464.30000", "2006-06-30": "407.20000", "2006-03-31": "414.30000", "2005-12-31": "373.00000", "2005-09-30": "442.39990", "2005-06-30": "340.50000", "2005-03-31": "300.90000"}, "Other Operating Income Or Expenses": {"2020-12-31": "", "2020-09-30": "", "2020-06-30": "", "2020-03-31": "", "2019-12-31": "", "2019-09-30": "", "2019-06-30": "", "2019-03-31": "", "2018-12-31": "", "2018-09-30": "", "2018-06-30": "", "2018-03-31": "", "2017-12-31": "", "2017-09-30": "", "2017-06-30": "", "2017-03-31": "", "2016-12-31": "", "2016-09-30": "", "2016-06-30": "", "2016-03-31": "", "2015-12-31": "", "2015-09-30": "", "2015-06-30": "", "2015-03-31": "", "2014-12-31": "", "2014-09-30": "", "2014-06-30": "", "2014-03-31": "", "2013-12-31": "", "2013-09-30": "", "2013-06-30": "", "2013-03-31": "", "2012-12-31": "", "2012-09-30": "", "2012-06-30": "", "2012-03-31": "", "2011-12-31": "", "2011-09-30": "", "2011-06-30": "", "2011-03-31": "", "2010-12-31": "", "2010-09-30": "", "2010-06-30": "", "2010-03-31": "", "2009-12-31": "", "2009-09-30": "", "2009-06-30": "", "2009-03-31": "", "2008-12-31": "", "2008-09-30": "", "2008-06-30": "", "2008-03-31": "", "2007-12-31": "", "2007-09-30": "", "2007-06-30": "", "2007-03-31": "", "2006-12-31": "", "2006-09-30": "", "2006-06-30": "", "2006-03-31": "", "2005-12-31": "", "2005-09-30": "", "2005-06-30": "", "2005-03-31": ""}, "Operating Expenses": {"2020-12-31": "4918.40000", "2020-09-30": "5350.50000", "2020-06-30": "4612.20000", "2020-03-31": "3917.60000", "2019-12-31": "3540.00000", "2019-09-30": "4386.50100", "2019-06-30": "4311.60000", "2019-03-31": "3700.90000", "2018-12-31": "3153.90000", "2018-09-30": "3913.20000", "2018-06-30": "3832.10000", "2018-03-31": "3362.50000", "2017-12-31": "2964.30000", "2017-09-30": "3679.89900", "2017-06-30": "3335.60000", "2017-03-31": "2905.10000", "2016-12-31": "2593.80000", "2016-09-30": "3310.20000", "2016-06-30": "2859.80000", "2016-03-31": "2478.50000", "2015-12-31": "2181.60000", "2015-09-30": "2841.99900", "2015-06-30": "2624.20000", "2015-03-31": "2175.10000", "2014-12-31": "2090.20000", "2014-09-30": "2228.10000", "2014-06-30": "1981.20000", "2014-03-31": "1537.90000", "2013-12-31": "1486.80000", "2013-09-30": "1664.50000", "2013-06-30": "1494.20000", "2013-03-31": "1292.30000", "2012-12-31": "1168.80000", "2012-09-30": "1237.60000", "2012-06-30": "1075.80000", "2012-03-31": "918.30000", "2011-12-31": "874.90000", "2011-09-30": "1058.10000", "2011-06-30": "957.10000", "2011-03-31": "769.70000", "2010-12-31": "794.70010", "2010-09-30": "940.10010", "2010-06-30": "1336.20000", "2010-03-31": "884.00000", "2009-12-31": "1067.70000", "2009-09-30": "1232.50000", "2009-06-30": "1075.10000", "2009-03-31": "864.70000", "2008-12-31": "967.50010", "2008-09-30": "2936.50000", "2008-06-30": "1834.70000", "2008-03-31": "2534.70000", "2007-12-31": "1950.90000", "2007-09-30": "3700.70000", "2007-06-30": "3284.00000", "2007-03-31": "2585.90000", "2006-12-31": "2707.50000", "2006-09-30": "4448.30000", "2006-06-30": "3211.30000", "2006-03-31": "3037.00000", "2005-12-31": "2417.60000", "2005-09-30": "4205.20000", "2005-06-30": "2775.30000", "2005-03-31": "2410.90000"}, "Operating Income": {"2020-12-31": "1015.00000", "2020-09-30": "1049.89900", "2020-06-30": "777.79980", "2020-03-31": "582.39990", "2019-12-31": "480.70000", "2019-09-30": "652.39940", "2019-06-30": "594.69970", "2019-03-31": "427.80030", "2018-12-31": "365.09990", "2018-09-30": "592.09990", "2018-06-30": "603.20000", "2018-03-31": "432.20000", "2017-12-31": "368.39990", "2017-09-30": "479.20020", "2017-06-30": "440.79980", "2017-03-31": "346.20020", "2016-12-31": "310.40010", "2016-09-30": "431.00050", "2016-06-30": "372.09990", "2016-03-31": "289.39990", "2015-12-31": "234.79980", "2015-09-30": "330.60130", "2015-06-30": "326.60010", "2015-03-31": "222.89990", "2014-12-31": "212.40010", "2014-09-30": "244.19970", "2014-06-30": "165.80000", "2014-03-31": "197.10000", "2013-12-31": "183.80000", "2013-09-30": "195.30040", "2013-06-30": "198.60000", "2013-03-31": "139.29990", "2012-12-31": "106.29990", "2012-09-30": "98.59990", "2012-06-30": "74.20010", "2012-03-31": "42.90000", "2011-12-31": "31.70000", "2011-09-30": "40.20030", "2011-06-30": "42.10000", "2011-03-31": "-18.60000", "2010-12-31": "-6.50010", "2010-09-30": "8.30000", "2010-06-30": "69.90000", "2010-03-31": "29.50000", "2009-12-31": "64.50000", "2009-09-30": "-203.79960", "2009-06-30": "-142.20000", "2009-03-31": "-86.70000", "2008-12-31": "-49.50010", "2008-09-30": "-1154.10000", "2008-06-30": "-370.50000", "2008-03-31": "-877.80020", "2007-12-31": "-208.30000", "2007-09-30": "-528.39940", "2007-06-30": "-685.89990", "2007-03-31": "72.20020", "2006-12-31": "160.50000", "2006-09-30": "434.49950", "2006-06-30": "456.50000", "2006-03-31": "560.60010", "2005-12-31": "485.50000", "2005-09-30": "891.49950", "2005-06-30": "594.89990", "2005-03-31": "465.80000"}, "Total Non-Operating Income/Expense": {"2020-12-31": "19.30000", "2020-09-30": "6.10000", "2020-06-30": "4.60000", "2020-03-31": "38.90000", "2019-12-31": "42.60000", "2019-09-30": "7.70000", "2019-06-30": "32.00000", "2019-03-31": "35.00000", "2018-12-31": "10.60000", "2018-09-30": "15.70000", "2018-06-30": "13.00000", "2018-03-31": "12.60000", "2017-12-31": "22.80000", "2017-09-30": "6.40000", "2017-06-30": "3.70000", "2017-03-31": "7.70000", "2016-12-31": "7.70000", "2016-09-30": "2.10000", "2016-06-30": "6.50000", "2016-03-31": "11.10000", "2015-12-31": "6.50000", "2015-09-30": "8.20000", "2015-06-30": "7.20000", "2015-03-31": "7.20000", "2014-12-31": "8.30000", "2014-09-30": "6.60000", "2014-06-30": "6.00000", "2014-03-31": "4.80000", "2013-12-31": "5.90000", "2013-09-30": "7.40000", "2013-06-30": "6.50000", "2013-03-31": "2.80000", "2012-12-31": "1.60000", "2012-09-30": "0.60000", "2012-06-30": "-2.00000", "2012-03-31": "-0.60000", "2011-12-31": "-2.50000", "2011-09-30": "-6.30000", "2011-06-30": "-13.20000", "2011-03-31": "-12.20000", "2010-12-31": "-13.40000", "2010-09-30": "-10.00000", "2010-06-30": "-23.60000", "2010-03-31": "-17.40000", "2009-12-31": "-21.70000", "2009-09-30": "-25.30000", "2009-06-30": "-21.20000", "2009-03-31": "-16.30000", "2008-12-31": "-11.80000", "2008-09-30": "-11.10000", "2008-06-30": "-8.60000", "2008-03-31": "-6.80000", "2007-12-31": "5.40000", "2007-09-30": "428.30000", "2007-06-30": "-425.50000", "2007-03-31": "11.20000", "2006-12-31": "16.40000", "2006-09-30": "11.30000", "2006-06-30": "15.70000", "2006-03-31": "8.40000", "2005-12-31": "14.60000", "2005-09-30": "12.90000", "2005-06-30": "9.50000", "2005-03-31": "12.20000"}, "Pre-Tax Income": {"2020-12-31": "1034.30000", "2020-09-30": "1056.00000", "2020-06-30": "782.40000", "2020-03-31": "621.30000", "2019-12-31": "523.30000", "2019-09-30": "660.10000", "2019-06-30": "626.70000", "2019-03-31": "462.80000", "2018-12-31": "375.70000", "2018-09-30": "607.80000", "2018-06-30": "616.20000", "2018-03-31": "444.80000", "2017-12-31": "391.20000", "2017-09-30": "485.59990", "2017-06-30": "444.50000", "2017-03-31": "353.90000", "2016-12-31": "318.10000", "2016-09-30": "433.10000", "2016-06-30": "378.60000", "2016-03-31": "300.50000", "2015-12-31": "241.30000", "2015-09-30": "338.80000", "2015-06-30": "333.80000", "2015-03-31": "230.10000", "2014-12-31": "220.70000", "2014-09-30": "250.80000", "2014-06-30": "171.80000", "2014-03-31": "201.90000", "2013-12-31": "189.70000", "2013-09-30": "202.70000", "2013-06-30": "205.10000", "2013-03-31": "142.10000", "2012-12-31": "107.90000", "2012-09-30": "99.20000", "2012-06-30": "72.20000", "2012-03-31": "42.30000", "2011-12-31": "29.20000", "2011-09-30": "33.90000", "2011-06-30": "28.90000", "2011-03-31": "-30.80000", "2010-12-31": "-19.90000", "2010-09-30": "-1.70000", "2010-06-30": "46.30000", "2010-03-31": "12.10000", "2009-12-31": "42.80000", "2009-09-30": "-229.10000", "2009-06-30": "-163.40000", "2009-03-31": "-103.00000", "2008-12-31": "-61.30000", "2008-09-30": "-1165.20000", "2008-06-30": "-379.10000", "2008-03-31": "-884.60000", "2007-12-31": "-202.90000", "2007-09-30": "-100.10000", "2007-06-30": "-1111.40000", "2007-03-31": "83.40000", "2006-12-31": "176.90000", "2006-09-30": "445.79990", "2006-06-30": "472.20000", "2006-03-31": "569.00000", "2005-12-31": "500.10000", "2005-09-30": "904.40010", "2005-06-30": "604.40000", "2005-03-31": "478.00000"}, "Income Taxes": {"2020-12-31": "239.10000", "2020-09-30": "224.90000", "2020-06-30": "149.50000", "2020-03-31": "137.30000", "2019-12-31": "90.80000", "2019-09-30": "156.20000", "2019-06-30": "153.10000", "2019-03-31": "108.40000", "2018-12-31": "89.00000", "2018-09-30": "138.80000", "2018-06-30": "162.50000", "2018-03-31": "94.00000", "2017-12-31": "202.40000", "2017-09-30": "172.30000", "2017-06-30": "155.50000", "2017-03-31": "124.70000", "2016-12-31": "111.20000", "2016-09-30": "149.40000", "2016-06-30": "128.80000", "2016-03-31": "105.40000", "2015-12-31": "83.60000", "2015-09-30": "99.90000", "2015-06-30": "112.40000", "2015-03-31": "82.20000", "2014-12-31": "78.20000", "2014-09-30": "84.60000", "2014-06-30": "58.70000", "2014-03-31": "70.90000", "2013-12-31": "66.50000", "2013-09-30": "63.30000", "2013-06-30": "59.10000", "2013-03-31": "31.10000", "2012-12-31": "41.60000", "2012-09-30": "-1.00000", "2012-06-30": "-715.60000", "2012-03-31": "1.70000", "2011-12-31": "1.50000", "2011-09-30": "-1.80000", "2011-06-30": "0.20000", "2011-03-31": "-58.60000", "2010-12-31": "0.50000", "2010-09-30": "7.10000", "2010-06-30": "-4.20000", "2010-03-31": "0.70000", "2009-12-31": "-149.20000", "2009-09-30": "5.70000", "2009-06-30": "-19.60000", "2009-03-31": "5.60000", "2008-12-31": "1.30000", "2008-09-30": "-365.30000", "2008-06-30": "20.20000", "2008-03-31": "421.00000", "2007-12-31": "-74.10000", "2007-09-30": "-50.00000", "2007-06-30": "-287.60000", "2007-03-31": "31.70000", "2006-12-31": "67.20000", "2006-09-30": "168.20000", "2006-06-30": "179.40000", "2006-03-31": "216.20000", "2005-12-31": "190.00000", "2005-09-30": "340.60000", "2005-06-30": "232.70000", "2005-03-31": "184.00000"}, "Income After Taxes": {"2020-12-31": "795.20010", "2020-09-30": "831.10000", "2020-06-30": "632.90000", "2020-03-31": "484.00000", "2019-12-31": "432.50000", "2019-09-30": "503.90010", "2019-06-30": "473.60000", "2019-03-31": "354.40000", "2018-12-31": "286.70000", "2018-09-30": "469.00000", "2018-06-30": "453.70000", "2018-03-31": "350.80000", "2017-12-31": "188.80000", "2017-09-30": "313.29990", "2017-06-30": "289.00000", "2017-03-31": "229.20000", "2016-12-31": "206.90000", "2016-09-30": "283.70000", "2016-06-30": "249.80000", "2016-03-31": "195.10000", "2015-12-31": "157.70000", "2015-09-30": "238.90000", "2015-06-30": "221.40000", "2015-03-31": "147.90000", "2014-12-31": "142.50000", "2014-09-30": "166.20000", "2014-06-30": "113.10000", "2014-03-31": "131.00000", "2013-12-31": "123.20000", "2013-09-30": "139.40000", "2013-06-30": "146.00000", "2013-03-31": "111.00000", "2012-12-31": "66.30000", "2012-09-30": "100.20010", "2012-06-30": "787.80000", "2012-03-31": "40.60000", "2011-12-31": "27.70000", "2011-09-30": "35.70000", "2011-06-30": "28.70000", "2011-03-31": "27.80000", "2010-12-31": "-20.40000", "2010-09-30": "-8.80000", "2010-06-30": "50.50000", "2010-03-31": "11.40000", "2009-12-31": "192.00000", "2009-09-30": "-234.80000", "2009-06-30": "-143.80000", "2009-03-31": "-108.60000", "2008-12-31": "-62.60000", "2008-09-30": "-799.90010", "2008-06-30": "-399.30000", "2008-03-31": "-1305.60000", "2007-12-31": "-128.80000", "2007-09-30": "-50.10000", "2007-06-30": "-823.80000", "2007-03-31": "51.70000", "2006-12-31": "109.70000", "2006-09-30": "277.60000", "2006-06-30": "292.80000", "2006-03-31": "352.80000", "2005-12-31": "310.10000", "2005-09-30": "563.80000", "2005-06-30": "371.70000", "2005-03-31": "294.00000"}, "Other Income": {"2020-12-31": "", "2020-09-30": "", "2020-06-30": "", "2020-03-31": "", "2019-12-31": "", "2019-09-30": "", "2019-06-30": "", "2019-03-31": "", "2018-12-31": "", "2018-09-30": "", "2018-06-30": "", "2018-03-31": "", "2017-12-31": "", "2017-09-30": "", "2017-06-30": "", "2017-03-31": "", "2016-12-31": "", "2016-09-30": "", "2016-06-30": "", "2016-03-31": "", "2015-12-31": "", "2015-09-30": "", "2015-06-30": "", "2015-03-31": "", "2014-12-31": "", "2014-09-30": "", "2014-06-30": "", "2014-03-31": "", "2013-12-31": "", "2013-09-30": "", "2013-06-30": "", "2013-03-31": "", "2012-12-31": "", "2012-09-30": "", "2012-06-30": "", "2012-03-31": "", "2011-12-31": "", "2011-09-30": "", "2011-06-30": "", "2011-03-31": "", "2010-12-31": "", "2010-09-30": "", "2010-06-30": "", "2010-03-31": "", "2009-12-31": "", "2009-09-30": "", "2009-06-30": "", "2009-03-31": "", "2008-12-31": "", "2008-09-30": "", "2008-06-30": "", "2008-03-31": "", "2007-12-31": "", "2007-09-30": "", "2007-06-30": "", "2007-03-31": "", "2006-12-31": "", "2006-09-30": "", "2006-06-30": "", "2006-03-31": "", "2005-12-31": "", "2005-09-30": "", "2005-06-30": "", "2005-03-31": ""}, "Income From Continuous Operations": {"2020-12-31": "795.20010", "2020-09-30": "831.10000", "2020-06-30": "632.90000", "2020-03-31": "484.00000", "2019-12-31": "432.50000", "2019-09-30": "503.90010", "2019-06-30": "473.60000", "2019-03-31": "354.40000", "2018-12-31": "286.70000", "2018-09-30": "469.00000", "2018-06-30": "453.70000", "2018-03-31": "350.80000", "2017-12-31": "188.80000", "2017-09-30": "313.29990", "2017-06-30": "289.00000", "2017-03-31": "229.20000", "2016-12-31": "206.90000", "2016-09-30": "283.70000", "2016-06-30": "249.80000", "2016-03-31": "195.10000", "2015-12-31": "157.70000", "2015-09-30": "238.90000", "2015-06-30": "221.40000", "2015-03-31": "147.90000", "2014-12-31": "142.50000", "2014-09-30": "166.20000", "2014-06-30": "113.10000", "2014-03-31": "131.00000", "2013-12-31": "123.20000", "2013-09-30": "139.40000", "2013-06-30": "146.00000", "2013-03-31": "111.00000", "2012-12-31": "66.30000", "2012-09-30": "100.20010", "2012-06-30": "787.80000", "2012-03-31": "40.60000", "2011-12-31": "27.70000", "2011-09-30": "35.70000", "2011-06-30": "28.70000", "2011-03-31": "27.80000", "2010-12-31": "-20.40000", "2010-09-30": "-8.80000", "2010-06-30": "50.50000", "2010-03-31": "11.40000", "2009-12-31": "192.00000", "2009-09-30": "-234.80000", "2009-06-30": "-143.80000", "2009-03-31": "-108.60000", "2008-12-31": "-62.60000", "2008-09-30": "-799.90010", "2008-06-30": "-399.30000", "2008-03-31": "-1305.60000", "2007-12-31": "-128.80000", "2007-09-30": "-50.10000", "2007-06-30": "-823.80000", "2007-03-31": "51.70000", "2006-12-31": "109.70000", "2006-09-30": "277.60000", "2006-06-30": "292.80000", "2006-03-31": "352.80000", "2005-12-31": "310.10000", "2005-09-30": "563.80000", "2005-06-30": "371.70000", "2005-03-31": "294.00000"}, "Income From Discontinued Operations": {"2020-12-31": "", "2020-09-30": "", "2020-06-30": "", "2020-03-31": "", "2019-12-31": "", "2019-09-30": "", "2019-06-30": "", "2019-03-31": "", "2018-12-31": "", "2018-09-30": "", "2018-06-30": "", "2018-03-31": "", "2017-12-31": "", "2017-09-30": "", "2017-06-30": "", "2017-03-31": "", "2016-12-31": "", "2016-09-30": "", "2016-06-30": "", "2016-03-31": "", "2015-12-31": "", "2015-09-30": "", "2015-06-30": "", "2015-03-31": "", "2014-12-31": "", "2014-09-30": "", "2014-06-30": "", "2014-03-31": "", "2013-12-31": "", "2013-09-30": "", "2013-06-30": "", "2013-03-31": "", "2012-12-31": "", "2012-09-30": "", "2012-06-30": "", "2012-03-31": "", "2011-12-31": "", "2011-09-30": "", "2011-06-30": "", "2011-03-31": "", "2010-12-31": "", "2010-09-30": "", "2010-06-30": "", "2010-03-31": "", "2009-12-31": "", "2009-09-30": "", "2009-06-30": "", "2009-03-31": "", "2008-12-31": "", "2008-09-30": "", "2008-06-30": "", "2008-03-31": "", "2007-12-31": "", "2007-09-30": "", "2007-06-30": "", "2007-03-31": "", "2006-12-31": "", "2006-09-30": "", "2006-06-30": "", "2006-03-31": "", "2005-12-31": "", "2005-09-30": "", "2005-06-30": "", "2005-03-31": ""}, "Net Income": {"2020-12-31": "791.80000", "2020-09-30": "829.00010", "2020-06-30": "630.70000", "2020-03-31": "482.70000", "2019-12-31": "431.30000", "2019-09-30": "505.20000", "2019-06-30": "474.80000", "2019-03-31": "351.30000", "2018-12-31": "287.20000", "2018-09-30": "466.20010", "2018-06-30": "453.80000", "2018-03-31": "351.00000", "2017-12-31": "189.30000", "2017-09-30": "313.30000", "2017-06-30": "289.00000", "2017-03-31": "229.20000", "2016-12-31": "206.90000", "2016-09-30": "283.70000", "2016-06-30": "249.80000", "2016-03-31": "195.10000", "2015-12-31": "157.70000", "2015-09-30": "238.90010", "2015-06-30": "221.40000", "2015-03-31": "147.90000", "2014-12-31": "142.50000", "2014-09-30": "166.20000", "2014-06-30": "113.10000", "2014-03-31": "131.00000", "2013-12-31": "123.20000", "2013-09-30": "139.40000", "2013-06-30": "146.00000", "2013-03-31": "111.00000", "2012-12-31": "66.30000", "2012-09-30": "100.20000", "2012-06-30": "787.80000", "2012-03-31": "40.60000", "2011-12-31": "27.70000", "2011-09-30": "35.70000", "2011-06-30": "28.70000", "2011-03-31": "27.80000", "2010-12-31": "-20.40000", "2010-09-30": "-8.80000", "2010-06-30": "50.50000", "2010-03-31": "11.40000", "2009-12-31": "192.00000", "2009-09-30": "-234.80000", "2009-06-30": "-143.80000", "2009-03-31": "-108.60000", "2008-12-31": "-62.60000", "2008-09-30": "-799.90010", "2008-06-30": "-399.30000", "2008-03-31": "-1305.60000", "2007-12-31": "-128.80000", "2007-09-30": "-50.10000", "2007-06-30": "-823.80000", "2007-03-31": "51.70000", "2006-12-31": "109.70000", "2006-09-30": "277.60010", "2006-06-30": "292.80000", "2006-03-31": "352.80000", "2005-12-31": "310.10000", "2005-09-30": "563.80000", "2005-06-30": "371.70000", "2005-03-31": "294.00000"}, "EBITDA": {"2020-12-31": "1037.90000", "2020-09-30": "1075.29900", "2020-06-30": "798.39980", "2020-03-31": "604.89990", "2019-12-31": "502.80000", "2019-09-30": "674.79940", "2019-06-30": "615.99970", "2019-03-31": "447.50030", "2018-12-31": "384.59990", "2018-09-30": "611.49990", "2018-06-30": "620.60000", "2018-03-31": "450.30000", "2017-12-31": "385.79990", "2017-09-30": "494.60020", "2017-06-30": "455.19980", "2017-03-31": "360.40020", "2016-12-31": "326.10020", "2016-09-30": "459.10050", "2016-06-30": "387.19990", "2016-03-31": "304.79990", "2015-12-31": "249.79980", "2015-09-30": "356.30130", "2015-06-30": "342.30010", "2015-03-31": "237.39990", "2014-12-31": "226.00020", "2014-09-30": "257.99970", "2014-06-30": "180.30000", "2014-03-31": "216.50000", "2013-12-31": "201.90010", "2013-09-30": "212.00040", "2013-06-30": "214.30000", "2013-03-31": "154.09990", "2012-12-31": "121.49990", "2012-09-30": "113.49990", "2012-06-30": "89.00010", "2012-03-31": "57.60000", "2011-12-31": "46.50000", "2011-09-30": "54.80030", "2011-06-30": "56.60000", "2011-03-31": "-4.50000", "2010-12-31": "7.39990", "2010-09-30": "21.70000", "2010-06-30": "82.30000", "2010-03-31": "41.10000", "2009-12-31": "76.30000", "2009-09-30": "-194.39960", "2009-06-30": "-133.30000", "2009-03-31": "-78.60000", "2008-12-31": "-39.30010", "2008-09-30": "-1061.70000", "2008-06-30": "-355.70000", "2008-03-31": "-861.70020", "2007-12-31": "-191.80000", "2007-09-30": "-462.09940", "2007-06-30": "-242.49990", "2007-03-31": "90.30020", "2006-12-31": "177.80000", "2006-09-30": "451.89950", "2006-06-30": "472.10000", "2006-03-31": "575.50010", "2005-12-31": "499.30000", "2005-09-30": "906.29950", "2005-06-30": "608.29990", "2005-03-31": "479.70000"}, "EBIT": {"2020-12-31": "1015.00000", "2020-09-30": "1049.89900", "2020-06-30": "777.79980", "2020-03-31": "582.39990", "2019-12-31": "480.70000", "2019-09-30": "652.40010", "2019-06-30": "594.69970", "2019-03-31": "427.80030", "2018-12-31": "365.09990", "2018-09-30": "592.10060", "2018-06-30": "603.20000", "2018-03-31": "432.20000", "2017-12-31": "368.39990", "2017-09-30": "479.20040", "2017-06-30": "440.79980", "2017-03-31": "346.20020", "2016-12-31": "310.40010", "2016-09-30": "431.00120", "2016-06-30": "372.09990", "2016-03-31": "289.39990", "2015-12-31": "234.79980", "2015-09-30": "330.60080", "2015-06-30": "326.60010", "2015-03-31": "222.89990", "2014-12-31": "212.40010", "2014-09-30": "244.19980", "2014-06-30": "165.80000", "2014-03-31": "197.10000", "2013-12-31": "183.80000", "2013-09-30": "195.30020", "2013-06-30": "198.60000", "2013-03-31": "139.29990", "2012-12-31": "106.29990", "2012-09-30": "98.59990", "2012-06-30": "74.20010", "2012-03-31": "42.90000", "2011-12-31": "31.70000", "2011-09-30": "40.20030", "2011-06-30": "42.10000", "2011-03-31": "-18.60000", "2010-12-31": "-6.50010", "2010-09-30": "8.30020", "2010-06-30": "69.90000", "2010-03-31": "29.50000", "2009-12-31": "64.50000", "2009-09-30": "-203.79970", "2009-06-30": "-142.20000", "2009-03-31": "-86.70000", "2008-12-31": "-49.50010", "2008-09-30": "-1154.10000", "2008-06-30": "-370.50000", "2008-03-31": "-877.80020", "2007-12-31": "-208.30000", "2007-09-30": "-528.39990", "2007-06-30": "-685.89990", "2007-03-31": "72.20020", "2006-12-31": "160.50000", "2006-09-30": "434.49950", "2006-06-30": "456.50000", "2006-03-31": "560.60010", "2005-12-31": "485.50000", "2005-09-30": "891.50020", "2005-06-30": "594.89990", "2005-03-31": "465.80000"}, "Basic Shares Outstanding": {"2020-12-31": "364.40000", "2020-09-30": "365.50000", "2020-06-30": "363.80000", "2020-03-31": "365.80000", "2019-12-31": "368.30000", "2019-09-30": "372.60000", "2019-06-30": "372.30000", "2019-03-31": "373.30000", "2018-12-31": "375.10000", "2018-09-30": "376.60000", "2018-06-30": "377.40000", "2018-03-31": "376.80000", "2017-12-31": "375.80000", "2017-09-30": "374.30000", "2017-06-30": "374.80000", "2017-03-31": "374.40000", "2016-12-31": "373.30000", "2016-09-30": "371.00000", "2016-06-30": "371.80000", "2016-03-31": "370.20000", "2015-12-31": "369.30000", "2015-09-30": "366.30000", "2015-06-30": "366.80000", "2015-03-31": "365.80000", "2014-12-31": "364.90000", "2014-09-30": "340.50000", "2014-06-30": "349.70000", "2014-03-31": "324.30000", "2013-12-31": "323.10000", "2013-09-30": "322.10000", "2013-06-30": "322.60000", "2013-03-31": "321.70000", "2012-12-31": "321.10000", "2012-09-30": "318.10000", "2012-06-30": "318.80000", "2012-03-31": "317.60000", "2011-12-31": "316.30000", "2011-09-30": "318.30000", "2011-06-30": "318.70000", "2011-03-31": "319.30000", "2010-12-31": "319.10000", "2010-09-30": "318.10000", "2010-06-30": "318.20000", "2010-03-31": "318.10000", "2009-12-31": "317.70000", "2009-09-30": "316.90000", "2009-06-30": "316.90000", "2009-03-31": "316.80000", "2008-12-31": "316.70000", "2008-09-30": "315.70000", "2008-06-30": "316.00000", "2008-03-31": "315.40000", "2007-12-31": "315.00000", "2007-09-30": "314.10000", "2007-06-30": "314.30000", "2007-03-31": "313.90000", "2006-12-31": "313.40000", "2006-09-30": "312.80000", "2006-06-30": "312.80000", "2006-03-31": "312.40000", "2005-12-31": "312.90000", "2005-09-30": "312.20000", "2005-06-30": "312.40000", "2005-03-31": "312.00000"}, "Shares Outstanding": {"2020-12-31": "370.00000", "2020-09-30": "370.20000", "2020-06-30": "367.70000", "2020-03-31": "370.10000", "2019-12-31": "373.40000", "2019-09-30": "377.40000", "2019-06-30": "376.90000", "2019-03-31": "377.70000", "2018-12-31": "380.10000", "2018-09-30": "383.40000", "2018-06-30": "383.40000", "2018-03-31": "383.90000", "2017-12-31": "383.80000", "2017-09-30": "378.90000", "2017-06-30": "379.40000", "2017-03-31": "378.90000", "2016-12-31": "377.40000", "2016-09-30": "375.10000", "2016-06-30": "375.90000", "2016-03-31": "373.70000", "2015-12-31": "373.50000", "2015-09-30": "369.80000", "2015-06-30": "370.30000", "2015-03-31": "369.40000", "2014-12-31": "368.10000", "2014-09-30": "366.60000", "2014-06-30": "367.80000", "2014-03-31": "366.30000", "2013-12-31": "364.40000", "2013-09-30": "364.90000", "2013-06-30": "365.60000", "2013-03-31": "365.40000", "2012-12-31": "364.10000", "2012-09-30": "359.00000", "2012-06-30": "360.00000", "2012-03-31": "320.10000", "2011-12-31": "316.50000", "2011-09-30": "318.50000", "2011-06-30": "319.00000", "2011-03-31": "319.90000", "2010-12-31": "319.10000", "2010-09-30": "318.60000", "2010-06-30": "319.10000", "2010-03-31": "319.00000", "2009-12-31": "356.10000", "2009-09-30": "316.90000", "2009-06-30": "316.90000", "2009-03-31": "316.80000", "2008-12-31": "316.70000", "2008-09-30": "315.70000", "2008-06-30": "316.00000", "2008-03-31": "315.40000", "2007-12-31": "315.00000", "2007-09-30": "314.10000", "2007-06-30": "314.30000", "2007-03-31": "316.10000", "2006-12-31": "315.60000", "2006-09-30": "316.20000", "2006-06-30": "315.80000", "2006-03-31": "316.70000", "2005-12-31": "317.60000", "2005-09-30": "318.10000", "2005-06-30": "318.30000", "2005-03-31": "318.00000"}, "Basic EPS": {"2020-12-31": "2.17000", "2020-09-30": "2.27000", "2020-06-30": "1.73000", "2020-03-31": "1.32000", "2019-12-31": "1.17000", "2019-09-30": "1.35000", "2019-06-30": "1.28000", "2019-03-31": "0.94000", "2018-12-31": "0.77000", "2018-09-30": "1.25000", "2018-06-30": "1.20000", "2018-03-31": "0.93000", "2017-12-31": "0.50000", "2017-09-30": "0.84000", "2017-06-30": "0.77000", "2017-03-31": "0.61000", "2016-12-31": "0.55000", "2016-09-30": "0.76000", "2016-06-30": "0.67000", "2016-03-31": "0.53000", "2015-12-31": "0.43000", "2015-09-30": "0.66000", "2015-06-30": "0.60000", "2015-03-31": "0.40000", "2014-12-31": "0.39000", "2014-09-30": "0.47000", "2014-06-30": "0.32000", "2014-03-31": "0.40000", "2013-12-31": "0.38000", "2013-09-30": "0.43000", "2013-06-30": "0.45000", "2013-03-31": "0.35000", "2012-12-31": "0.21000", "2012-09-30": "0.32000", "2012-06-30": "2.47000", "2012-03-31": "0.13000", "2011-12-31": "0.09000", "2011-09-30": "0.11000", "2011-06-30": "0.09000", "2011-03-31": "0.09000", "2010-12-31": "-0.06000", "2010-09-30": "-0.03000", "2010-06-30": "0.16000", "2010-03-31": "0.04000", "2009-12-31": "0.60000", "2009-09-30": "-0.74000", "2009-06-30": "-0.45000", "2009-03-31": "-0.34000", "2008-12-31": "-0.20000", "2008-09-30": "-2.53000", "2008-06-30": "-1.26000", "2008-03-31": "-4.14000", "2007-12-31": "-0.41000", "2007-09-30": "-0.16000", "2007-06-30": "-2.62000", "2007-03-31": "0.16000", "2006-12-31": "0.35000", "2006-09-30": "0.88000", "2006-06-30": "0.94000", "2006-03-31": "1.13000", "2005-12-31": "0.99000", "2005-09-30": "1.81000", "2005-06-30": "1.19000", "2005-03-31": "0.94000"}, "EPS - Earnings Per Share": {"2020-12-31": "2.14000", "2020-09-30": "2.23000", "2020-06-30": "1.72000", "2020-03-31": "1.30000", "2019-12-31": "1.16000", "2019-09-30": "1.34000", "2019-06-30": "1.26000", "2019-03-31": "0.93000", "2018-12-31": "0.76000", "2018-09-30": "1.23000", "2018-06-30": "1.18000", "2018-03-31": "0.91000", "2017-12-31": "0.49000", "2017-09-30": "0.83000", "2017-06-30": "0.76000", "2017-03-31": "0.60000", "2016-12-31": "0.55000", "2016-09-30": "0.76000", "2016-06-30": "0.66000", "2016-03-31": "0.52000", "2015-12-31": "0.42000", "2015-09-30": "0.64000", "2015-06-30": "0.60000", "2015-03-31": "0.40000", "2014-12-31": "0.39000", "2014-09-30": "0.44000", "2014-06-30": "0.32000", "2014-03-31": "0.38000", "2013-12-31": "0.36000", "2013-09-30": "0.39000", "2013-06-30": "0.42000", "2013-03-31": "0.32000", "2012-12-31": "0.20000", "2012-09-30": "0.33000", "2012-06-30": "2.22000", "2012-03-31": "0.13000", "2011-12-31": "0.09000", "2011-09-30": "0.11000", "2011-06-30": "0.09000", "2011-03-31": "0.09000", "2010-12-31": "-0.06000", "2010-09-30": "0.01000", "2010-06-30": "0.16000", "2010-03-31": "0.04000", "2009-12-31": "0.56000", "2009-09-30": "-0.74000", "2009-06-30": "-0.45000", "2009-03-31": "-0.34000", "2008-12-31": "-0.20000", "2008-09-30": "-2.53000", "2008-06-30": "-1.26000", "2008-03-31": "-4.14000", "2007-12-31": "-0.41000", "2007-09-30": "-0.16000", "2007-06-30": "-2.62000", "2007-03-31": "0.16000", "2006-12-31": "0.35000", "2006-09-30": "0.88000", "2006-06-30": "0.93000", "2006-03-31": "1.11000", "2005-12-31": "0.98000", "2005-09-30": "1.77000", "2005-06-30": "1.17000", "2005-03-31": "0.92000"}}, "balance sheet": {"Cash On Hand": {"2020-09-30": "4569.10000", "2019-09-30": "2586.00000", "2018-09-30": "2302.40000", "2017-09-30": "1611.60000", "2016-09-30": "1966.70000", "2015-09-30": "2024.50000", "2014-09-30": "1148.70000", "2013-09-30": "1450.30000", "2012-09-30": "1740.30000", "2011-09-30": "1373.40000", "2010-09-30": "1914.50000", "2009-09-30": "2233.30000", "2008-09-30": "1741.40000", "2007-09-30": "793.10000", "2006-09-30": "1858.80000", "2005-09-30": "2508.50000"}, "Receivables": {"2020-09-30": "", "2019-09-30": "", "2018-09-30": "", "2017-09-30": "", "2016-09-30": "", "2015-09-30": "", "2014-09-30": "", "2013-09-30": "", "2012-09-30": "14.40000", "2011-09-30": "12.40000", "2010-09-30": "16.00000", "2009-09-30": "293.10000", "2008-09-30": "676.20000", "2007-09-30": "", "2006-09-30": "", "2005-09-30": ""}, "Inventory": {"2020-09-30": "12237.40000", "2019-09-30": "11282.00000", "2018-09-30": "10395.00000", "2017-09-30": "9237.10100", "2016-09-30": "8340.90000", "2015-09-30": "7807.00000", "2014-09-30": "7700.50000", "2013-09-30": "6197.40000", "2012-09-30": "4165.20000", "2011-09-30": "3449.70000", "2010-09-30": "3449.00000", "2009-09-30": "3666.70000", "2008-09-30": "4683.20000", "2007-09-30": "9343.50000", "2006-09-30": "11343.10000", "2005-09-30": "8486.80100"}, "Pre-Paid Expenses": {"2020-09-30": "", "2019-09-30": "", "2018-09-30": "", "2017-09-30": "", "2016-09-30": "", "2015-09-30": "", "2014-09-30": "", "2013-09-30": "", "2012-09-30": "", "2011-09-30": "", "2010-09-30": "", "2009-09-30": "", "2008-09-30": "", "2007-09-30": "", "2006-09-30": "", "2005-09-30": ""}, "Other Current Assets": {"2020-09-30": "", "2019-09-30": "", "2018-09-30": "", "2017-09-30": "", "2016-09-30": "", "2015-09-30": "", "2014-09-30": "", "2013-09-30": "", "2012-09-30": "", "2011-09-30": "", "2010-09-30": "", "2009-09-30": "", "2008-09-30": "", "2007-09-30": "", "2006-09-30": "", "2005-09-30": ""}, "Total Current Assets": {"2020-09-30": "16806.50000", "2019-09-30": "13868.00000", "2018-09-30": "12697.40000", "2017-09-30": "10848.70000", "2016-09-30": "10307.60000", "2015-09-30": "9831.50000", "2014-09-30": "8849.20000", "2013-09-30": "7647.70000", "2012-09-30": "5919.90000", "2011-09-30": "4835.50000", "2010-09-30": "5379.50000", "2009-09-30": "6193.10000", "2008-09-30": "7100.80000", "2007-09-30": "10136.60000", "2006-09-30": "13201.90000", "2005-09-30": "10995.30000"}, "Property, Plant, And Equipment": {"2020-09-30": "683.70000", "2019-09-30": "499.20000", "2018-09-30": "401.10000", "2017-09-30": "325.00000", "2016-09-30": "195.40000", "2015-09-30": "146.90000", "2014-09-30": "190.80000", "2013-09-30": "106.70000", "2012-09-30": "72.60000", "2011-09-30": "57.60000", "2010-09-30": "60.50000", "2009-09-30": "57.80000", "2008-09-30": "65.90000", "2007-09-30": "110.20000", "2006-09-30": "131.40000", "2005-09-30": "107.20000"}, "Long-Term Investments": {"2020-09-30": "", "2019-09-30": "", "2018-09-30": "11.00000", "2017-09-30": "", "2016-09-30": "", "2015-09-30": "", "2014-09-30": "", "2013-09-30": "", "2012-09-30": "", "2011-09-30": "", "2010-09-30": "", "2009-09-30": "", "2008-09-30": "", "2007-09-30": "", "2006-09-30": "", "2005-09-30": ""}, "Goodwill And Intangible Assets": {"2020-09-30": "163.50000", "2019-09-30": "163.50000", "2018-09-30": "109.20000", "2017-09-30": "80.00000", "2016-09-30": "80.00000", "2015-09-30": "87.20000", "2014-09-30": "94.80000", "2013-09-30": "38.90000", "2012-09-30": "38.90000", "2011-09-30": "15.90000", "2010-09-30": "15.90000", "2009-09-30": "15.90000", "2008-09-30": "15.90000", "2007-09-30": "95.30000", "2006-09-30": "578.90000", "2005-09-30": "578.90000"}, "Other Long-Term Assets": {"2020-09-30": "1113.70000", "2019-09-30": "912.80000", "2018-09-30": "701.90000", "2017-09-30": "565.90000", "2016-09-30": "499.60000", "2015-09-30": "527.30000", "2014-09-30": "485.60000", "2013-09-30": "476.50000", "2012-09-30": "507.30000", "2011-09-30": "449.40000", "2010-09-30": "482.70000", "2009-09-30": "490.00000", "2008-09-30": "554.50000", "2007-09-30": "350.40000", "2006-09-30": "534.50000", "2005-09-30": "833.40000"}, "Total Long-Term Assets": {"2020-09-30": "2105.80000", "2019-09-30": "1738.60000", "2018-09-30": "1417.20000", "2017-09-30": "1335.90000", "2016-09-30": "1251.30000", "2015-09-30": "1319.50000", "2014-09-30": "1336.20000", "2013-09-30": "1208.70000", "2012-09-30": "1328.30000", "2011-09-30": "522.90000", "2010-09-30": "559.10000", "2009-09-30": "563.70000", "2008-09-30": "849.80000", "2007-09-30": "1419.70000", "2006-09-30": "1618.80000", "2005-09-30": "1519.50000"}, "Total Assets": {"2020-09-30": "18912.30000", "2019-09-30": "15606.60000", "2018-09-30": "14114.60000", "2017-09-30": "12184.60000", "2016-09-30": "11558.90000", "2015-09-30": "11151.00000", "2014-09-30": "10185.40000", "2013-09-30": "8856.40000", "2012-09-30": "7248.20000", "2011-09-30": "5358.40000", "2010-09-30": "5938.60000", "2009-09-30": "6756.80000", "2008-09-30": "7950.60000", "2007-09-30": "11556.30000", "2006-09-30": "14820.70000", "2005-09-30": "12514.80000"}, "Total Current Liabilities": {"2020-09-30": "2507.50000", "2019-09-30": "1912.10000", "2018-09-30": "1752.20000", "2017-09-30": "1565.40000", "2016-09-30": "1494.60000", "2015-09-30": "1444.10000", "2014-09-30": "1400.00000", "2013-09-30": "1286.00000", "2012-09-30": "1160.40000", "2011-09-30": "1030.30000", "2010-09-30": "1143.90000", "2009-09-30": "1210.90000", "2008-09-30": "1337.40000", "2007-09-30": "1912.00000", "2006-09-30": "3375.80000", "2005-09-30": "3291.10000"}, "Long Term Debt": {"2020-09-30": "4283.30000", "2019-09-30": "3399.40000", "2018-09-30": "3203.50000", "2017-09-30": "2871.60000", "2016-09-30": "3271.30000", "2015-09-30": "3811.50000", "2014-09-30": "3665.70000", "2013-09-30": "3509.00000", "2012-09-30": "2493.10000", "2011-09-30": "1704.60000", "2010-09-30": "2171.80000", "2009-09-30": "3145.30000", "2008-09-30": "3748.40000", "2007-09-30": "3989.00000", "2006-09-30": "4886.89900", "2005-09-30": "3660.10000"}, "Other Non-Current Liabilities": {"2020-09-30": "", "2019-09-30": "", "2018-09-30": "", "2017-09-30": "", "2016-09-30": "", "2015-09-30": "", "2014-09-30": "", "2013-09-30": "", "2012-09-30": "", "2011-09-30": "", "2010-09-30": "", "2009-09-30": "", "2008-09-30": "", "2007-09-30": "", "2006-09-30": "", "2005-09-30": ""}, "Total Long Term Liabilities": {"2020-09-30": "4283.30000", "2019-09-30": "3399.40000", "2018-09-30": "3203.50000", "2017-09-30": "2871.60000", "2016-09-30": "3271.30000", "2015-09-30": "3811.50000", "2014-09-30": "3665.70000", "2013-09-30": "3509.00000", "2012-09-30": "2493.10000", "2011-09-30": "1704.60000", "2010-09-30": "2171.80000", "2009-09-30": "3145.30000", "2008-09-30": "3778.90000", "2007-09-30": "4057.40000", "2006-09-30": "4992.00000", "2005-09-30": "3863.30000"}, "Total Liabilities": {"2020-09-30": "6790.80000", "2019-09-30": "5311.50000", "2018-09-30": "4955.70000", "2017-09-30": "4437.00000", "2016-09-30": "4765.90000", "2015-09-30": "5255.60000", "2014-09-30": "5065.70000", "2013-09-30": "4795.00000", "2012-09-30": "3653.50000", "2011-09-30": "2734.90000", "2010-09-30": "3315.70000", "2009-09-30": "4356.20000", "2008-09-30": "5116.30000", "2007-09-30": "5969.40000", "2006-09-30": "8367.80000", "2005-09-30": "7154.40000"}, "Common Stock Net": {"2020-09-30": "3.90000", "2019-09-30": "3.90000", "2018-09-30": "3.90000", "2017-09-30": "3.80000", "2016-09-30": "3.80000", "2015-09-30": "3.80000", "2014-09-30": "3.70000", "2013-09-30": "3.30000", "2012-09-30": "3.30000", "2011-09-30": "3.20000", "2010-09-30": "3.20000", "2009-09-30": "3.20000", "2008-09-30": "3.20000", "2007-09-30": "3.20000", "2006-09-30": "3.20000", "2005-09-30": "3.20000"}, "Retained Earnings (Accumulated Deficit)": {"2020-09-30": "9757.80000", "2019-09-30": "7640.10000", "2018-09-30": "6217.90000", "2017-09-30": "4946.00000", "2016-09-30": "4057.20000", "2015-09-30": "3289.60000", "2014-09-30": "2630.50000", "2013-09-30": "2145.60000", "2012-09-30": "1743.10000", "2011-09-30": "834.60000", "2010-09-30": "810.60000", "2009-09-30": "613.20000", "2008-09-30": "1210.50000", "2007-09-30": "3986.10000", "2006-09-30": "4887.00000", "2005-09-30": "3791.30000"}, "Comprehensive Income": {"2020-09-30": "", "2019-09-30": "", "2018-09-30": "", "2017-09-30": "", "2016-09-30": "", "2015-09-30": "1.40000", "2014-09-30": "2.20000", "2013-09-30": "1.90000", "2012-09-30": "0.20000", "2011-09-30": "0.10000", "2010-09-30": "0.30000", "2009-09-30": "", "2008-09-30": "", "2007-09-30": "", "2006-09-30": "", "2005-09-30": ""}, "Other Share Holders Equity": {"2020-09-30": "", "2019-09-30": "", "2018-09-30": "", "2017-09-30": "", "2016-09-30": "", "2015-09-30": "", "2014-09-30": "", "2013-09-30": "", "2012-09-30": "", "2011-09-30": "", "2010-09-30": "", "2009-09-30": "", "2008-09-30": "", "2007-09-30": "", "2006-09-30": "", "2005-09-30": ""}, "Share Holder Equity": {"2020-09-30": "12121.50000", "2019-09-30": "10295.10000", "2018-09-30": "9158.90000", "2017-09-30": "7747.60000", "2016-09-30": "6793.00000", "2015-09-30": "5895.40000", "2014-09-30": "5119.70000", "2013-09-30": "4061.40000", "2012-09-30": "3594.70000", "2011-09-30": "2623.50000", "2010-09-30": "2622.90000", "2009-09-30": "2400.60000", "2008-09-30": "2834.30000", "2007-09-30": "5586.90000", "2006-09-30": "6452.90000", "2005-09-30": "5360.40000"}, "Total Liabilities And Share Holders Equity": {"2020-09-30": "18912.30000", "2019-09-30": "15606.60000", "2018-09-30": "14114.60000", "2017-09-30": "12184.60000", "2016-09-30": "11558.90000", "2015-09-30": "11151.00000", "2014-09-30": "10185.40000", "2013-09-30": "8856.40000", "2012-09-30": "7248.20000", "2011-09-30": "5358.40000", "2010-09-30": "5938.60000", "2009-09-30": "6756.80000", "2008-09-30": "7950.60000", "2007-09-30": "11556.30000", "2006-09-30": "14820.70000", "2005-09-30": "12514.80000"}}, "balance sheet, quarterly": {"Cash On Hand": {"2020-12-31": "3913.80000", "2020-09-30": "4569.10000", "2020-06-30": "3875.30000", "2020-03-31": "2916.70000", "2019-12-31": "2621.00000", "2019-09-30": "2586.00000", "2019-06-30": "1840.20000", "2019-03-31": "1527.70000", "2018-12-31": "1390.50000", "2018-09-30": "2302.40000", "2018-06-30": "1916.80000", "2018-03-31": "1724.40000", "2017-12-31": "1512.20000", "2017-09-30": "1611.60000", "2017-06-30": "1150.70000", "2017-03-31": "1582.10000", "2016-12-31": "1707.40000", "2016-09-30": "1966.70000", "2016-06-30": "1553.10000", "2016-03-31": "1851.60000", "2015-12-31": "1802.80000", "2015-09-30": "2024.50000", "2015-06-30": "1385.70000", "2015-03-31": "1225.70000", "2014-12-31": "1004.40000", "2014-09-30": "1148.70000", "2014-06-30": "1014.30000", "2014-03-31": "1373.70000", "2013-12-31": "1201.00000", "2013-09-30": "1450.30000", "2013-06-30": "1064.80000", "2013-03-31": "1599.30000", "2012-12-31": "1026.30000", "2012-09-30": "1740.30000", "2012-06-30": "1525.20000", "2012-03-31": "1316.90000", "2011-12-31": "1357.30000", "2011-09-30": "1373.40000", "2011-06-30": "1474.70000", "2011-03-31": "1624.70000", "2010-12-31": "1752.40000", "2010-09-30": "1914.50000", "2010-06-30": "2065.60000", "2010-03-31": "2125.70000", "2009-12-31": "2154.00000", "2009-09-30": "2233.30000", "2009-06-30": "2287.00000", "2009-03-31": "1702.80000", "2008-12-31": "2117.30000", "2008-09-30": "1741.40000", "2008-06-30": "1097.60000", "2008-03-31": "868.00000", "2007-12-31": "374.20000", "2007-09-30": "793.10000", "2007-06-30": "529.80000", "2007-03-31": "787.20000", "2006-12-31": "792.00000", "2006-09-30": "1858.80000", "2006-06-30": "1006.20000", "2006-03-31": "995.40000", "2005-12-31": "1132.30000", "2005-09-30": "2508.50000", "2005-06-30": "1000.50000", "2005-03-31": "1221.10000"}, "Receivables": {"2020-12-31": "", "2020-09-30": "", "2020-06-30": "", "2020-03-31": "", "2019-12-31": "", "2019-09-30": "", "2019-06-30": "", "2019-03-31": "", "2018-12-31": "", "2018-09-30": "", "2018-06-30": "", "2018-03-31": "", "2017-12-31": "", "2017-09-30": "", "2017-06-30": "", "2017-03-31": "", "2016-12-31": "", "2016-09-30": "", "2016-06-30": "", "2016-03-31": "", "2015-12-31": "", "2015-09-30": "", "2015-06-30": "", "2015-03-31": "", "2014-12-31": "", "2014-09-30": "", "2014-06-30": "", "2014-03-31": "", "2013-12-31": "", "2013-09-30": "", "2013-06-30": "", "2013-03-31": "", "2012-12-31": "", "2012-09-30": "14.40000", "2012-06-30": "12.90000", "2012-03-31": "12.90000", "2011-12-31": "12.40000", "2011-09-30": "12.40000", "2011-06-30": "14.00000", "2011-03-31": "14.00000", "2010-12-31": "14.30000", "2010-09-30": "16.00000", "2010-06-30": "32.60000", "2010-03-31": "29.40000", "2009-12-31": "381.70000", "2009-09-30": "293.10000", "2009-06-30": "124.90000", "2009-03-31": "54.50000", "2008-12-31": "54.50000", "2008-09-30": "676.20000", "2008-06-30": "", "2008-03-31": "", "2007-12-31": "", "2007-09-30": "", "2007-06-30": "", "2007-03-31": "", "2006-12-31": "", "2006-09-30": "", "2006-06-30": "", "2006-03-31": "", "2005-12-31": "", "2005-09-30": "", "2005-06-30": "", "2005-03-31": ""}, "Inventory": {"2020-12-31": "13576.50000", "2020-09-30": "12237.40000", "2020-06-30": "12138.70000", "2020-03-31": "12224.50000", "2019-12-31": "11899.20000", "2019-09-30": "11282.00000", "2019-06-30": "11702.30000", "2019-03-31": "11920.30000", "2018-12-31": "11595.60000", "2018-09-30": "10395.00000", "2018-06-30": "10303.30000", "2018-03-31": "10144.40000", "2017-12-31": "10040.20000", "2017-09-30": "9237.10100", "2017-06-30": "9554.00000", "2017-03-31": "9038.10100", "2016-12-31": "8742.40000", "2016-09-30": "8340.90000", "2016-06-30": "8504.20000", "2016-03-31": "8216.60000", "2015-12-31": "8088.20000", "2015-09-30": "7807.00000", "2015-06-30": "8111.20000", "2015-03-31": "8136.90000", "2014-12-31": "7989.30000", "2014-09-30": "7700.50000", "2014-06-30": "7375.60000", "2014-03-31": "6783.60000", "2013-12-31": "6496.10000", "2013-09-30": "6197.40000", "2013-06-30": "5911.50000", "2013-03-31": "5324.10000", "2012-12-31": "5015.10000", "2012-09-30": "4165.20000", "2012-06-30": "3861.60000", "2012-03-31": "3636.70000", "2011-12-31": "3478.90000", "2011-09-30": "3449.70000", "2011-06-30": "3500.80000", "2011-03-31": "3474.00000", "2010-12-31": "3411.90000", "2010-09-30": "3449.00000", "2010-06-30": "3565.00000", "2010-03-31": "3763.50000", "2009-12-31": "3584.80000", "2009-09-30": "3666.70000", "2009-06-30": "3873.30000", "2009-03-31": "4168.00000", "2008-12-31": "4426.10000", "2008-09-30": "4683.20000", "2008-06-30": "6396.70000", "2008-03-31": "7065.40000", "2007-12-31": "8586.30000", "2007-09-30": "9343.50000", "2007-06-30": "10587.30000", "2007-03-31": "11209.20000", "2006-12-31": "11342.60000", "2006-09-30": "11343.10000", "2006-06-30": "12005.40000", "2006-03-31": "10852.40000", "2005-12-31": "10074.10000", "2005-09-30": "8486.80100", "2005-06-30": "8622.39900", "2005-03-31": "7926.70000"}, "Pre-Paid Expenses": {"2020-12-31": "", "2020-09-30": "", "2020-06-30": "", "2020-03-31": "", "2019-12-31": "", "2019-09-30": "", "2019-06-30": "", "2019-03-31": "", "2018-12-31": "", "2018-09-30": "", "2018-06-30": "", "2018-03-31": "", "2017-12-31": "", "2017-09-30": "", "2017-06-30": "", "2017-03-31": "", "2016-12-31": "", "2016-09-30": "", "2016-06-30": "", "2016-03-31": "", "2015-12-31": "", "2015-09-30": "", "2015-06-30": "", "2015-03-31": "", "2014-12-31": "", "2014-09-30": "", "2014-06-30": "", "2014-03-31": "", "2013-12-31": "", "2013-09-30": "", "2013-06-30": "", "2013-03-31": "", "2012-12-31": "", "2012-09-30": "", "2012-06-30": "", "2012-03-31": "", "2011-12-31": "", "2011-09-30": "", "2011-06-30": "", "2011-03-31": "", "2010-12-31": "", "2010-09-30": "", "2010-06-30": "", "2010-03-31": "", "2009-12-31": "", "2009-09-30": "", "2009-06-30": "", "2009-03-31": "", "2008-12-31": "", "2008-09-30": "", "2008-06-30": "", "2008-03-31": "", "2007-12-31": "", "2007-09-30": "", "2007-06-30": "", "2007-03-31": "", "2006-12-31": "", "2006-09-30": "", "2006-06-30": "", "2006-03-31": "", "2005-12-31": "", "2005-09-30": "", "2005-06-30": "", "2005-03-31": ""}, "Other Current Assets": {"2020-12-31": "", "2020-09-30": "", "2020-06-30": "", "2020-03-31": "", "2019-12-31": "", "2019-09-30": "", "2019-06-30": "", "2019-03-31": "", "2018-12-31": "", "2018-09-30": "", "2018-06-30": "", "2018-03-31": "", "2017-12-31": "", "2017-09-30": "", "2017-06-30": "", "2017-03-31": "", "2016-12-31": "", "2016-09-30": "", "2016-06-30": "", "2016-03-31": "", "2015-12-31": "", "2015-09-30": "", "2015-06-30": "", "2015-03-31": "", "2014-12-31": "", "2014-09-30": "", "2014-06-30": "", "2014-03-31": "", "2013-12-31": "", "2013-09-30": "", "2013-06-30": "", "2013-03-31": "", "2012-12-31": "", "2012-09-30": "", "2012-06-30": "", "2012-03-31": "", "2011-12-31": "", "2011-09-30": "", "2011-06-30": "", "2011-03-31": "", "2010-12-31": "", "2010-09-30": "", "2010-06-30": "", "2010-03-31": "", "2009-12-31": "", "2009-09-30": "", "2009-06-30": "", "2009-03-31": "", "2008-12-31": "", "2008-09-30": "", "2008-06-30": "", "2008-03-31": "", "2007-12-31": "", "2007-09-30": "", "2007-06-30": "", "2007-03-31": "", "2006-12-31": "", "2006-09-30": "", "2006-06-30": "", "2006-03-31": "", "2005-12-31": "", "2005-09-30": "", "2005-06-30": "", "2005-03-31": ""}, "Total Current Assets": {"2020-12-31": "17490.30000", "2020-09-30": "16806.50000", "2020-06-30": "16014.00000", "2020-03-31": "15141.20000", "2019-12-31": "14520.20000", "2019-09-30": "13868.00000", "2019-06-30": "13542.50000", "2019-03-31": "13448.00000", "2018-12-31": "12986.10000", "2018-09-30": "12697.40000", "2018-06-30": "12220.10000", "2018-03-31": "11868.80000", "2017-12-31": "11552.40000", "2017-09-30": "10848.70000", "2017-06-30": "10704.70000", "2017-03-31": "10620.20000", "2016-12-31": "10449.80000", "2016-09-30": "10307.60000", "2016-06-30": "10057.30000", "2016-03-31": "10068.20000", "2015-12-31": "9891.00000", "2015-09-30": "9831.50000", "2015-06-30": "9496.90000", "2015-03-31": "9362.60000", "2014-12-31": "8993.70000", "2014-09-30": "8849.20000", "2014-06-30": "8389.90000", "2014-03-31": "8157.30000", "2013-12-31": "7697.10000", "2013-09-30": "7647.70000", "2013-06-30": "6976.30000", "2013-03-31": "6923.40000", "2012-12-31": "6041.40000", "2012-09-30": "5919.90000", "2012-06-30": "5399.70000", "2012-03-31": "4966.50000", "2011-12-31": "4848.60000", "2011-09-30": "4835.50000", "2011-06-30": "4989.50000", "2011-03-31": "5112.70000", "2010-12-31": "5178.60000", "2010-09-30": "5379.50000", "2010-06-30": "5663.20000", "2010-03-31": "5918.60000", "2009-12-31": "6120.50000", "2009-09-30": "6193.10000", "2009-06-30": "6285.20000", "2009-03-31": "5925.30000", "2008-12-31": "6597.90000", "2008-09-30": "7100.80000", "2008-06-30": "7494.30000", "2008-03-31": "7933.40000", "2007-12-31": "8960.50000", "2007-09-30": "10136.60000", "2007-06-30": "11117.10000", "2007-03-31": "11996.40000", "2006-12-31": "12134.60000", "2006-09-30": "13201.90000", "2006-06-30": "13011.60000", "2006-03-31": "11847.80000", "2005-12-31": "11206.40000", "2005-09-30": "10995.30000", "2005-06-30": "9622.89900", "2005-03-31": "9147.80000"}, "Property, Plant, And Equipment": {"2020-12-31": "748.40000", "2020-09-30": "683.70000", "2020-06-30": "631.90000", "2020-03-31": "589.70000", "2019-12-31": "563.40000", "2019-09-30": "499.20000", "2019-06-30": "454.20000", "2019-03-31": "437.90000", "2018-12-31": "391.10000", "2018-09-30": "401.10000", "2018-06-30": "385.20000", "2018-03-31": "380.40000", "2017-12-31": "357.70000", "2017-09-30": "325.00000", "2017-06-30": "282.80000", "2017-03-31": "248.10000", "2016-12-31": "218.40000", "2016-09-30": "195.40000", "2016-06-30": "151.70000", "2016-03-31": "149.50000", "2015-12-31": "147.60000", "2015-09-30": "146.90000", "2015-06-30": "199.30000", "2015-03-31": "193.80000", "2014-12-31": "190.70000", "2014-09-30": "190.80000", "2014-06-30": "132.90000", "2014-03-31": "123.30000", "2013-12-31": "117.50000", "2013-09-30": "106.70000", "2013-06-30": "96.10000", "2013-03-31": "87.10000", "2012-12-31": "81.90000", "2012-09-30": "72.60000", "2012-06-30": "66.70000", "2012-03-31": "53.40000", "2011-12-31": "55.00000", "2011-09-30": "57.60000", "2011-06-30": "58.90000", "2011-03-31": "59.20000", "2010-12-31": "60.00000", "2010-09-30": "60.50000", "2010-06-30": "61.30000", "2010-03-31": "57.10000", "2009-12-31": "55.70000", "2009-09-30": "57.80000", "2009-06-30": "62.50000", "2009-03-31": "66.60000", "2008-12-31": "70.70000", "2008-09-30": "65.90000", "2008-06-30": "78.90000", "2008-03-31": "88.90000", "2007-12-31": "99.90000", "2007-09-30": "110.20000", "2007-06-30": "117.90000", "2007-03-31": "125.10000", "2006-12-31": "127.40000", "2006-09-30": "131.40000", "2006-06-30": "130.70000", "2006-03-31": "115.20000", "2005-12-31": "112.90000", "2005-09-30": "107.20000", "2005-06-30": "97.80000", "2005-03-31": "94.00000"}, "Long-Term Investments": {"2020-12-31": "", "2020-09-30": "", "2020-06-30": "", "2020-03-31": "", "2019-12-31": "", "2019-09-30": "", "2019-06-30": "", "2019-03-31": "", "2018-12-31": "", "2018-09-30": "11.00000", "2018-06-30": "32.20000", "2018-03-31": "32.10000", "2017-12-31": "86.10000", "2017-09-30": "", "2017-06-30": "", "2017-03-31": "", "2016-12-31": "", "2016-09-30": "", "2016-06-30": "", "2016-03-31": "", "2015-12-31": "", "2015-09-30": "", "2015-06-30": "", "2015-03-31": "", "2014-12-31": "", "2014-09-30": "", "2014-06-30": "", "2014-03-31": "", "2013-12-31": "", "2013-09-30": "", "2013-06-30": "", "2013-03-31": "", "2012-12-31": "", "2012-09-30": "", "2012-06-30": "", "2012-03-31": "", "2011-12-31": "", "2011-09-30": "", "2011-06-30": "", "2011-03-31": "", "2010-12-31": "", "2010-09-30": "", "2010-06-30": "", "2010-03-31": "", "2009-12-31": "", "2009-09-30": "", "2009-06-30": "", "2009-03-31": "", "2008-12-31": "", "2008-09-30": "", "2008-06-30": "", "2008-03-31": "", "2007-12-31": "", "2007-09-30": "", "2007-06-30": "", "2007-03-31": "", "2006-12-31": "", "2006-09-30": "", "2006-06-30": "", "2006-03-31": "", "2005-12-31": "", "2005-09-30": "", "2005-06-30": "", "2005-03-31": ""}, "Goodwill And Intangible Assets": {"2020-12-31": "163.50000", "2020-09-30": "163.50000", "2020-06-30": "163.50000", "2020-03-31": "163.50000", "2019-12-31": "163.50000", "2019-09-30": "163.50000", "2019-06-30": "163.50000", "2019-03-31": "163.50000", "2018-12-31": "158.40000", "2018-09-30": "109.20000", "2018-06-30": "109.20000", "2018-03-31": "109.20000", "2017-12-31": "100.00000", "2017-09-30": "80.00000", "2017-06-30": "80.00000", "2017-03-31": "80.00000", "2016-12-31": "80.00000", "2016-09-30": "80.00000", "2016-06-30": "87.20000", "2016-03-31": "87.20000", "2015-12-31": "87.20000", "2015-09-30": "87.20000", "2015-06-30": "97.00000", "2015-03-31": "94.80000", "2014-12-31": "94.80000", "2014-09-30": "94.80000", "2014-06-30": "94.80000", "2014-03-31": "41.20000", "2013-12-31": "41.20000", "2013-09-30": "38.90000", "2013-06-30": "38.90000", "2013-03-31": "38.90000", "2012-12-31": "38.90000", "2012-09-30": "38.90000", "2012-06-30": "15.90000", "2012-03-31": "15.90000", "2011-12-31": "15.90000", "2011-09-30": "15.90000", "2011-06-30": "15.90000", "2011-03-31": "15.90000", "2010-12-31": "15.90000", "2010-09-30": "15.90000", "2010-06-30": "15.90000", "2010-03-31": "15.90000", "2009-12-31": "15.90000", "2009-09-30": "15.90000", "2009-06-30": "15.90000", "2009-03-31": "15.90000", "2008-12-31": "15.90000", "2008-09-30": "15.90000", "2008-06-30": "95.30000", "2008-03-31": "95.30000", "2007-12-31": "95.30000", "2007-09-30": "95.30000", "2007-06-30": "153.30000", "2007-03-31": "578.90000", "2006-12-31": "578.90000", "2006-09-30": "578.90000", "2006-06-30": "578.90000", "2006-03-31": "578.90000", "2005-12-31": "578.90000", "2005-09-30": "578.90000", "2005-06-30": "578.90000", "2005-03-31": "578.90000"}, "Other Long-Term Assets": {"2020-12-31": "1236.20000", "2020-09-30": "1113.70000", "2020-06-30": "1005.90000", "2020-03-31": "1086.10000", "2019-12-31": "921.70000", "2019-09-30": "912.80000", "2019-06-30": "889.90000", "2019-03-31": "785.70000", "2018-12-31": "818.80000", "2018-09-30": "701.90000", "2018-06-30": "642.10000", "2018-03-31": "607.70000", "2017-12-31": "622.00000", "2017-09-30": "565.90000", "2017-06-30": "525.90000", "2017-03-31": "521.20000", "2016-12-31": "496.10000", "2016-09-30": "499.60000", "2016-06-30": "531.90000", "2016-03-31": "468.70000", "2015-12-31": "511.50000", "2015-09-30": "527.30000", "2015-06-30": "526.00000", "2015-03-31": "514.20000", "2014-12-31": "506.80000", "2014-09-30": "485.60000", "2014-06-30": "516.40000", "2014-03-31": "481.20000", "2013-12-31": "492.90000", "2013-09-30": "476.50000", "2013-06-30": "537.70000", "2013-03-31": "503.10000", "2012-12-31": "501.60000", "2012-09-30": "507.30000", "2012-06-30": "458.00000", "2012-03-31": "449.10000", "2011-12-31": "443.90000", "2011-09-30": "449.40000", "2011-06-30": "440.50000", "2011-03-31": "433.50000", "2010-12-31": "472.20000", "2010-09-30": "482.70000", "2010-06-30": "471.00000", "2010-03-31": "467.70000", "2009-12-31": "500.00000", "2009-09-30": "490.00000", "2009-06-30": "250.50000", "2009-03-31": "256.40000", "2008-12-31": "276.90000", "2008-09-30": "554.50000", "2008-06-30": "277.30000", "2008-03-31": "292.10000", "2007-12-31": "305.30000", "2007-09-30": "350.40000", "2007-06-30": "369.80000", "2007-03-31": "810.10000", "2006-12-31": "827.80000", "2006-09-30": "534.50000", "2006-06-30": "838.50000", "2006-03-31": "969.10000", "2005-12-31": "915.10000", "2005-09-30": "833.40000", "2005-06-30": "744.90000", "2005-03-31": "719.80000"}, "Total Long-Term Assets": {"2020-12-31": "2290.10000", "2020-09-30": "2105.80000", "2020-06-30": "1959.90000", "2020-03-31": "1988.80000", "2019-12-31": "1802.70000", "2019-09-30": "1738.60000", "2019-06-30": "1681.50000", "2019-03-31": "1559.00000", "2018-12-31": "1549.70000", "2018-09-30": "1417.20000", "2018-06-30": "1373.30000", "2018-03-31": "1349.30000", "2017-12-31": "1404.90000", "2017-09-30": "1335.90000", "2017-06-30": "1272.40000", "2017-03-31": "1300.90000", "2016-12-31": "1262.30000", "2016-09-30": "1251.30000", "2016-06-30": "1275.90000", "2016-03-31": "1232.00000", "2015-12-31": "1288.50000", "2015-09-30": "1319.50000", "2015-06-30": "1366.60000", "2015-03-31": "1350.50000", "2014-12-31": "1345.00000", "2014-09-30": "1336.20000", "2014-06-30": "1326.70000", "2014-03-31": "1215.50000", "2013-12-31": "1230.10000", "2013-09-30": "1208.70000", "2013-06-30": "1310.70000", "2013-03-31": "1309.10000", "2012-12-31": "1305.90000", "2012-09-30": "1328.30000", "2012-06-30": "1257.30000", "2012-03-31": "518.40000", "2011-12-31": "514.80000", "2011-09-30": "522.90000", "2011-06-30": "515.30000", "2011-03-31": "508.60000", "2010-12-31": "548.10000", "2010-09-30": "559.10000", "2010-06-30": "548.20000", "2010-03-31": "540.70000", "2009-12-31": "571.60000", "2009-09-30": "563.70000", "2009-06-30": "494.30000", "2009-03-31": "552.40000", "2008-12-31": "577.00000", "2008-09-30": "849.80000", "2008-06-30": "970.20000", "2008-03-31": "1021.80000", "2007-12-31": "1440.50000", "2007-09-30": "1419.70000", "2007-06-30": "1376.90000", "2007-03-31": "1514.10000", "2006-12-31": "1534.10000", "2006-09-30": "1618.80000", "2006-06-30": "1548.10000", "2006-03-31": "1663.20000", "2005-12-31": "1606.90000", "2005-09-30": "1519.50000", "2005-06-30": "1421.60000", "2005-03-31": "1392.70000"}, "Total Assets": {"2020-12-31": "19780.40000", "2020-09-30": "18912.30000", "2020-06-30": "17973.90000", "2020-03-31": "17130.00000", "2019-12-31": "16322.90000", "2019-09-30": "15606.60000", "2019-06-30": "15224.00000", "2019-03-31": "15007.00000", "2018-12-31": "14535.80000", "2018-09-30": "14114.60000", "2018-06-30": "13593.40000", "2018-03-31": "13218.10000", "2017-12-31": "12957.30000", "2017-09-30": "12184.60000", "2017-06-30": "11977.10000", "2017-03-31": "11921.10000", "2016-12-31": "11712.10000", "2016-09-30": "11558.90000", "2016-06-30": "11333.20000", "2016-03-31": "11300.20000", "2015-12-31": "11179.50000", "2015-09-30": "11151.00000", "2015-06-30": "10863.50000", "2015-03-31": "10713.10000", "2014-12-31": "10338.70000", "2014-09-30": "10185.40000", "2014-06-30": "9716.60000", "2014-03-31": "9372.80000", "2013-12-31": "8927.20000", "2013-09-30": "8856.40000", "2013-06-30": "8287.00000", "2013-03-31": "8232.50000", "2012-12-31": "7347.30000", "2012-09-30": "7248.20000", "2012-06-30": "6657.00000", "2012-03-31": "5484.90000", "2011-12-31": "5363.40000", "2011-09-30": "5358.40000", "2011-06-30": "5504.80000", "2011-03-31": "5621.30000", "2010-12-31": "5726.70000", "2010-09-30": "5938.60000", "2010-06-30": "6211.40000", "2010-03-31": "6459.30000", "2009-12-31": "6692.10000", "2009-09-30": "6756.80000", "2009-06-30": "6779.50000", "2009-03-31": "6477.70000", "2008-12-31": "7174.90000", "2008-09-30": "7950.60000", "2008-06-30": "8464.50000", "2008-03-31": "8955.20000", "2007-12-31": "10401.00000", "2007-09-30": "11556.30000", "2007-06-30": "12494.00000", "2007-03-31": "13510.50000", "2006-12-31": "13668.70000", "2006-09-30": "14820.70000", "2006-06-30": "14559.70000", "2006-03-31": "13511.00000", "2005-12-31": "12813.30000", "2005-09-30": "12514.80000", "2005-06-30": "11044.50000", "2005-03-31": "10540.50000"}, "Total Current Liabilities": {"2020-12-31": "2784.50000", "2020-09-30": "2507.50000", "2020-06-30": "2349.50000", "2020-03-31": "2088.60000", "2019-12-31": "2036.70000", "2019-09-30": "1912.10000", "2019-06-30": "1958.70000", "2019-03-31": "1850.60000", "2018-12-31": "1895.30000", "2018-09-30": "1752.20000", "2018-06-30": "1729.90000", "2018-03-31": "1612.30000", "2017-12-31": "1643.80000", "2017-09-30": "1565.40000", "2017-06-30": "1613.90000", "2017-03-31": "1478.60000", "2016-12-31": "1512.70000", "2016-09-30": "1494.60000", "2016-06-30": "1519.10000", "2016-03-31": "1388.50000", "2015-12-31": "1384.70000", "2015-09-30": "1444.10000", "2015-06-30": "1411.40000", "2015-03-31": "1346.60000", "2014-12-31": "1348.10000", "2014-09-30": "1400.00000", "2014-06-30": "1301.40000", "2014-03-31": "1161.10000", "2013-12-31": "1265.40000", "2013-09-30": "1286.00000", "2013-06-30": "1295.90000", "2013-03-31": "1215.80000", "2012-12-31": "1140.50000", "2012-09-30": "1160.40000", "2012-06-30": "1070.10000", "2012-03-31": "1025.20000", "2011-12-31": "982.80000", "2011-09-30": "1030.30000", "2011-06-30": "1030.80000", "2011-03-31": "1006.60000", "2010-12-31": "1085.40000", "2010-09-30": "1143.90000", "2010-06-30": "1207.40000", "2010-03-31": "1235.90000", "2009-12-31": "1186.70000", "2009-09-30": "1210.90000", "2009-06-30": "903.30000", "2009-03-31": "903.60000", "2008-12-31": "921.40000", "2008-09-30": "1337.40000", "2008-06-30": "1192.60000", "2008-03-31": "1267.30000", "2007-12-31": "1330.50000", "2007-09-30": "1912.00000", "2007-06-30": "2133.20000", "2007-03-31": "2275.30000", "2006-12-31": "2388.50000", "2006-09-30": "3375.80000", "2006-06-30": "2710.30000", "2006-03-31": "2540.30000", "2005-12-31": "2724.40000", "2005-09-30": "3291.10000", "2005-06-30": "2377.10000", "2005-03-31": "2034.20000"}, "Long Term Debt": {"2020-12-31": "4225.60000", "2020-09-30": "4283.30000", "2020-06-30": "4297.30000", "2020-03-31": "4306.60000", "2019-12-31": "3783.30000", "2019-09-30": "3399.40000", "2019-06-30": "3450.60000", "2019-03-31": "3622.40000", "2018-12-31": "3342.30000", "2018-09-30": "3203.50000", "2018-06-30": "3093.60000", "2018-03-31": "3233.90000", "2017-12-31": "3258.10000", "2017-09-30": "2871.60000", "2017-06-30": "2926.50000", "2017-03-31": "3222.40000", "2016-12-31": "3217.60000", "2016-09-30": "3271.30000", "2016-06-30": "3301.30000", "2016-03-31": "3662.70000", "2015-12-31": "3734.30000", "2015-09-30": "3811.50000", "2015-06-30": "3821.10000", "2015-03-31": "3945.50000", "2014-12-31": "3726.80000", "2014-09-30": "3665.70000", "2014-06-30": "3445.30000", "2014-03-31": "3862.10000", "2013-12-31": "3461.90000", "2013-09-30": "3509.00000", "2013-06-30": "3083.60000", "2013-03-31": "3273.00000", "2012-12-31": "2593.70000", "2012-09-30": "2493.10000", "2012-06-30": "2095.30000", "2012-03-31": "1756.70000", "2011-12-31": "1728.30000", "2011-09-30": "1704.60000", "2011-06-30": "1880.40000", "2011-03-31": "2004.30000", "2010-12-31": "2050.70000", "2010-09-30": "2171.80000", "2010-06-30": "2214.70000", "2010-03-31": "2551.80000", "2009-12-31": "2910.00000", "2009-09-30": "3145.30000", "2009-06-30": "3280.20000", "2009-03-31": "2867.60000", "2008-12-31": "3405.40000", "2008-09-30": "3748.40000", "2008-06-30": "3581.60000", "2008-03-31": "3580.80000", "2007-12-31": "3618.30000", "2007-09-30": "3989.00000", "2007-06-30": "4598.00000", "2007-03-31": "4592.40000", "2006-12-31": "4644.90000", "2006-09-30": "4886.89900", "2006-06-30": "5489.70000", "2006-03-31": "4848.70000", "2005-12-31": "4300.00000", "2005-09-30": "3660.10000", "2005-06-30": "3654.70000", "2005-03-31": "3823.60000"}, "Other Non-Current Liabilities": {"2020-12-31": "", "2020-09-30": "", "2020-06-30": "", "2020-03-31": "", "2019-12-31": "", "2019-09-30": "", "2019-06-30": "", "2019-03-31": "", "2018-12-31": "", "2018-09-30": "", "2018-06-30": "", "2018-03-31": "", "2017-12-31": "", "2017-09-30": "", "2017-06-30": "", "2017-03-31": "", "2016-12-31": "", "2016-09-30": "", "2016-06-30": "", "2016-03-31": "", "2015-12-31": "", "2015-09-30": "", "2015-06-30": "", "2015-03-31": "", "2014-12-31": "", "2014-09-30": "", "2014-06-30": "", "2014-03-31": "", "2013-12-31": "", "2013-09-30": "", "2013-06-30": "", "2013-03-31": "", "2012-12-31": "", "2012-09-30": "", "2012-06-30": "", "2012-03-31": "", "2011-12-31": "", "2011-09-30": "", "2011-06-30": "", "2011-03-31": "", "2010-12-31": "", "2010-09-30": "", "2010-06-30": "152.50000", "2010-03-31": "77.70000", "2009-12-31": "6.20000", "2009-09-30": "", "2009-06-30": "77.40000", "2009-03-31": "44.40000", "2008-12-31": "55.90000", "2008-09-30": "", "2008-06-30": "", "2008-03-31": "", "2007-12-31": "", "2007-09-30": "", "2007-06-30": "", "2007-03-31": "", "2006-12-31": "", "2006-09-30": "", "2006-06-30": "", "2006-03-31": "", "2005-12-31": "", "2005-09-30": "", "2005-06-30": "", "2005-03-31": ""}, "Total Long Term Liabilities": {"2020-12-31": "4225.60000", "2020-09-30": "4283.30000", "2020-06-30": "4297.30000", "2020-03-31": "4306.60000", "2019-12-31": "3783.30000", "2019-09-30": "3399.40000", "2019-06-30": "3450.60000", "2019-03-31": "3622.40000", "2018-12-31": "3342.30000", "2018-09-30": "3203.50000", "2018-06-30": "3093.60000", "2018-03-31": "3233.90000", "2017-12-31": "3258.10000", "2017-09-30": "2871.60000", "2017-06-30": "2926.50000", "2017-03-31": "3222.40000", "2016-12-31": "3217.60000", "2016-09-30": "3271.30000", "2016-06-30": "3301.30000", "2016-03-31": "3662.70000", "2015-12-31": "3734.30000", "2015-09-30": "3811.50000", "2015-06-30": "3821.10000", "2015-03-31": "3945.50000", "2014-12-31": "3726.80000", "2014-09-30": "3665.70000", "2014-06-30": "3445.30000", "2014-03-31": "3862.10000", "2013-12-31": "3461.90000", "2013-09-30": "3509.00000", "2013-06-30": "3083.60000", "2013-03-31": "3273.00000", "2012-12-31": "2593.70000", "2012-09-30": "2493.10000", "2012-06-30": "2095.30000", "2012-03-31": "1756.70000", "2011-12-31": "1728.30000", "2011-09-30": "1704.60000", "2011-06-30": "1880.40000", "2011-03-31": "2004.30000", "2010-12-31": "2050.70000", "2010-09-30": "2171.80000", "2010-06-30": "2367.20000", "2010-03-31": "2629.50000", "2009-12-31": "2916.20000", "2009-09-30": "3145.30000", "2009-06-30": "3378.50000", "2009-03-31": "2926.80000", "2008-12-31": "3490.60000", "2008-09-30": "3778.90000", "2008-06-30": "3614.10000", "2008-03-31": "3615.10000", "2007-12-31": "3656.40000", "2007-09-30": "4057.40000", "2007-06-30": "4683.10000", "2007-03-31": "4695.70000", "2006-12-31": "4755.40000", "2006-09-30": "4992.00000", "2006-06-30": "5635.30000", "2006-03-31": "5026.70000", "2005-12-31": "4476.00000", "2005-09-30": "3863.30000", "2005-06-30": "3847.10000", "2005-03-31": "4036.90000"}, "Total Liabilities": {"2020-12-31": "7010.10000", "2020-09-30": "6790.80000", "2020-06-30": "6646.80000", "2020-03-31": "6395.20000", "2019-12-31": "5820.00000", "2019-09-30": "5311.50000", "2019-06-30": "5409.30000", "2019-03-31": "5473.00000", "2018-12-31": "5237.60000", "2018-09-30": "4955.70000", "2018-06-30": "4823.50000", "2018-03-31": "4846.20000", "2017-12-31": "4901.90000", "2017-09-30": "4437.00000", "2017-06-30": "4540.40000", "2017-03-31": "4701.00000", "2016-12-31": "4730.30000", "2016-09-30": "4765.90000", "2016-06-30": "4820.40000", "2016-03-31": "5051.20000", "2015-12-31": "5119.00000", "2015-09-30": "5255.60000", "2015-06-30": "5232.50000", "2015-03-31": "5292.10000", "2014-12-31": "5074.90000", "2014-09-30": "5065.70000", "2014-06-30": "4746.70000", "2014-03-31": "5023.20000", "2013-12-31": "4727.30000", "2013-09-30": "4795.00000", "2013-06-30": "4379.50000", "2013-03-31": "4488.80000", "2012-12-31": "3734.20000", "2012-09-30": "3653.50000", "2012-06-30": "3165.40000", "2012-03-31": "2781.90000", "2011-12-31": "2711.10000", "2011-09-30": "2734.90000", "2011-06-30": "2911.20000", "2011-03-31": "3010.90000", "2010-12-31": "3136.10000", "2010-09-30": "3315.70000", "2010-06-30": "3574.60000", "2010-03-31": "3865.40000", "2009-12-31": "4102.90000", "2009-09-30": "4356.20000", "2009-06-30": "4281.80000", "2009-03-31": "3830.40000", "2008-12-31": "4412.00000", "2008-09-30": "5116.30000", "2008-06-30": "4806.70000", "2008-03-31": "4882.40000", "2007-12-31": "4986.90000", "2007-09-30": "5969.40000", "2007-06-30": "6816.30000", "2007-03-31": "6971.00000", "2006-12-31": "7143.90000", "2006-09-30": "8367.80000", "2006-06-30": "8345.60000", "2006-03-31": "7567.00000", "2005-12-31": "7200.40000", "2005-09-30": "7154.40000", "2005-06-30": "6224.20000", "2005-03-31": "6071.10000"}, "Common Stock Net": {"2020-12-31": "4.00000", "2020-09-30": "3.90000", "2020-06-30": "3.90000", "2020-03-31": "3.90000", "2019-12-31": "3.90000", "2019-09-30": "3.90000", "2019-06-30": "3.90000", "2019-03-31": "3.90000", "2018-12-31": "3.90000", "2018-09-30": "3.90000", "2018-06-30": "3.90000", "2018-03-31": "3.90000", "2017-12-31": "3.90000", "2017-09-30": "3.80000", "2017-06-30": "3.80000", "2017-03-31": "3.80000", "2016-12-31": "3.80000", "2016-09-30": "3.80000", "2016-06-30": "3.80000", "2016-03-31": "3.80000", "2015-12-31": "3.80000", "2015-09-30": "3.80000", "2015-06-30": "3.70000", "2015-03-31": "3.70000", "2014-12-31": "3.70000", "2014-09-30": "3.70000", "2014-06-30": "3.70000", "2014-03-31": "3.30000", "2013-12-31": "3.30000", "2013-09-30": "3.30000", "2013-06-30": "3.30000", "2013-03-31": "3.30000", "2012-12-31": "3.30000", "2012-09-30": "3.30000", "2012-06-30": "3.30000", "2012-03-31": "3.30000", "2011-12-31": "3.20000", "2011-09-30": "3.20000", "2011-06-30": "3.20000", "2011-03-31": "3.20000", "2010-12-31": "3.20000", "2010-09-30": "3.20000", "2010-06-30": "3.20000", "2010-03-31": "3.20000", "2009-12-31": "3.20000", "2009-09-30": "3.20000", "2009-06-30": "3.20000", "2009-03-31": "3.20000", "2008-12-31": "3.20000", "2008-09-30": "3.20000", "2008-06-30": "3.20000", "2008-03-31": "3.20000", "2007-12-31": "3.20000", "2007-09-30": "3.20000", "2007-06-30": "3.20000", "2007-03-31": "3.20000", "2006-12-31": "3.20000", "2006-09-30": "3.20000", "2006-06-30": "3.20000", "2006-03-31": "3.20000", "2005-12-31": "3.20000", "2005-09-30": "3.20000", "2005-06-30": "3.20000", "2005-03-31": "3.10000"}, "Retained Earnings (Accumulated Deficit)": {"2020-12-31": "10476.70000", "2020-09-30": "9757.80000", "2020-06-30": "8992.50000", "2020-03-31": "8425.40000", "2019-12-31": "8006.80000", "2019-09-30": "7640.10000", "2019-06-30": "7190.40000", "2019-03-31": "6771.60000", "2018-12-31": "6476.20000", "2018-09-30": "6217.90000", "2018-06-30": "5798.80000", "2018-03-31": "5392.10000", "2017-12-31": "5088.20000", "2017-09-30": "4946.00000", "2017-06-30": "4670.10000", "2017-03-31": "4418.60000", "2016-12-31": "4226.80000", "2016-09-30": "4057.20000", "2016-06-30": "3803.40000", "2016-03-31": "3583.30000", "2015-12-31": "3417.70000", "2015-09-30": "3289.60000", "2015-06-30": "3073.70000", "2015-03-31": "2875.20000", "2014-12-31": "2750.20000", "2014-09-30": "2630.50000", "2014-06-30": "2487.00000", "2014-03-31": "2387.60000", "2013-12-31": "2268.70000", "2013-09-30": "2145.60000", "2013-06-30": "2006.10000", "2013-03-31": "1860.10000", "2012-12-31": "1749.20000", "2012-09-30": "1743.10000", "2012-06-30": "1655.00000", "2012-03-31": "879.10000", "2011-12-31": "850.40000", "2011-09-30": "834.60000", "2011-06-30": "810.70000", "2011-03-31": "794.00000", "2010-12-31": "778.20000", "2010-09-30": "810.60000", "2010-06-30": "831.30000", "2010-03-31": "792.80000", "2009-12-31": "793.30000", "2009-09-30": "613.20000", "2009-06-30": "861.50000", "2009-03-31": "1015.60000", "2008-12-31": "1136.00000", "2008-09-30": "1210.50000", "2008-06-30": "2034.10000", "2008-03-31": "2457.10000", "2007-12-31": "3810.00000", "2007-09-30": "3986.10000", "2007-06-30": "4083.50000", "2007-03-31": "4954.30000", "2006-12-31": "4949.70000", "2006-09-30": "4887.00000", "2006-06-30": "4656.30000", "2006-03-31": "4394.80000", "2005-12-31": "4073.20000", "2005-09-30": "3791.30000", "2005-06-30": "3255.70000", "2005-03-31": "2912.10000"}, "Comprehensive Income": {"2020-12-31": "", "2020-09-30": "", "2020-06-30": "", "2020-03-31": "", "2019-12-31": "", "2019-09-30": "", "2019-06-30": "", "2019-03-31": "", "2018-12-31": "", "2018-09-30": "", "2018-06-30": "", "2018-03-31": "", "2017-12-31": "", "2017-09-30": "", "2017-06-30": "", "2017-03-31": "", "2016-12-31": "", "2016-09-30": "", "2016-06-30": "", "2016-03-31": "", "2015-12-31": "2.60000", "2015-09-30": "1.40000", "2015-06-30": "2.20000", "2015-03-31": "2.20000", "2014-12-31": "2.20000", "2014-09-30": "2.20000", "2014-06-30": "2.20000", "2014-03-31": "2.20000", "2013-12-31": "1.90000", "2013-09-30": "1.90000", "2013-06-30": "1.90000", "2013-03-31": "0.00000", "2012-12-31": "", "2012-09-30": "0.20000", "2012-06-30": "0.00000", "2012-03-31": "0.10000", "2011-12-31": "0.20000", "2011-09-30": "0.10000", "2011-06-30": "0.30000", "2011-03-31": "0.00000", "2010-12-31": "0.00000", "2010-09-30": "0.30000", "2010-06-30": "0.10000", "2010-03-31": "-0.20000", "2009-12-31": "", "2009-09-30": "", "2009-06-30": "", "2009-03-31": "", "2008-12-31": "", "2008-09-30": "", "2008-06-30": "", "2008-03-31": "", "2007-12-31": "", "2007-09-30": "", "2007-06-30": "", "2007-03-31": "", "2006-12-31": "", "2006-09-30": "", "2006-06-30": "", "2006-03-31": "", "2005-12-31": "", "2005-09-30": "", "2005-06-30": "", "2005-03-31": ""}, "Other Share Holders Equity": {"2020-12-31": "", "2020-09-30": "", "2020-06-30": "", "2020-03-31": "", "2019-12-31": "", "2019-09-30": "", "2019-06-30": "", "2019-03-31": "", "2018-12-31": "", "2018-09-30": "", "2018-06-30": "", "2018-03-31": "", "2017-12-31": "", "2017-09-30": "", "2017-06-30": "", "2017-03-31": "", "2016-12-31": "", "2016-09-30": "", "2016-06-30": "", "2016-03-31": "", "2015-12-31": "", "2015-09-30": "", "2015-06-30": "", "2015-03-31": "", "2014-12-31": "", "2014-09-30": "", "2014-06-30": "", "2014-03-31": "", "2013-12-31": "", "2013-09-30": "", "2013-06-30": "", "2013-03-31": "", "2012-12-31": "", "2012-09-30": "", "2012-06-30": "", "2012-03-31": "", "2011-12-31": "", "2011-09-30": "", "2011-06-30": "", "2011-03-31": "", "2010-12-31": "", "2010-09-30": "", "2010-06-30": "", "2010-03-31": "", "2009-12-31": "", "2009-09-30": "", "2009-06-30": "", "2009-03-31": "", "2008-12-31": "", "2008-09-30": "", "2008-06-30": "", "2008-03-31": "", "2007-12-31": "", "2007-09-30": "", "2007-06-30": "", "2007-03-31": "", "2006-12-31": "", "2006-09-30": "", "2006-06-30": "", "2006-03-31": "", "2005-12-31": "", "2005-09-30": "", "2005-06-30": "", "2005-03-31": ""}, "Share Holder Equity": {"2020-12-31": "12770.30000", "2020-09-30": "12121.50000", "2020-06-30": "11327.10000", "2020-03-31": "10734.80000", "2019-12-31": "10502.90000", "2019-09-30": "10295.10000", "2019-06-30": "9814.70000", "2019-03-31": "9534.00000", "2018-12-31": "9298.20000", "2018-09-30": "9158.90000", "2018-06-30": "8769.90000", "2018-03-31": "8371.90000", "2017-12-31": "8055.40000", "2017-09-30": "7747.60000", "2017-06-30": "7436.70000", "2017-03-31": "7220.10000", "2016-12-31": "6981.80000", "2016-09-30": "6793.00000", "2016-06-30": "6512.80000", "2016-03-31": "6249.00000", "2015-12-31": "6060.50000", "2015-09-30": "5895.40000", "2015-06-30": "5631.00000", "2015-03-31": "5421.00000", "2014-12-31": "5263.80000", "2014-09-30": "5119.70000", "2014-06-30": "4969.90000", "2014-03-31": "4349.60000", "2013-12-31": "4199.90000", "2013-09-30": "4061.40000", "2013-06-30": "3907.50000", "2013-03-31": "3743.70000", "2012-12-31": "3613.10000", "2012-09-30": "3594.70000", "2012-06-30": "3491.60000", "2012-03-31": "2703.00000", "2011-12-31": "2652.30000", "2011-09-30": "2623.50000", "2011-06-30": "2593.60000", "2011-03-31": "2610.40000", "2010-12-31": "2590.60000", "2010-09-30": "2622.90000", "2010-06-30": "2636.80000", "2010-03-31": "2593.90000", "2009-12-31": "2589.20000", "2009-09-30": "2400.60000", "2009-06-30": "2497.70000", "2009-03-31": "2647.30000", "2008-12-31": "2762.90000", "2008-09-30": "2834.30000", "2008-06-30": "3657.80000", "2008-03-31": "4072.80000", "2007-12-31": "5414.10000", "2007-09-30": "5586.90000", "2007-06-30": "5677.70000", "2007-03-31": "6539.50000", "2006-12-31": "6524.80000", "2006-09-30": "6452.90000", "2006-06-30": "6214.10000", "2006-03-31": "5944.00000", "2005-12-31": "5612.90000", "2005-09-30": "5360.40000", "2005-06-30": "4820.30000", "2005-03-31": "4469.40000"}, "Total Liabilities And Share Holders Equity": {"2020-12-31": "19780.40000", "2020-09-30": "18912.30000", "2020-06-30": "17973.90000", "2020-03-31": "17130.00000", "2019-12-31": "16322.90000", "2019-09-30": "15606.60000", "2019-06-30": "15224.00000", "2019-03-31": "15007.00000", "2018-12-31": "14535.80000", "2018-09-30": "14114.60000", "2018-06-30": "13593.40000", "2018-03-31": "13218.10000", "2017-12-31": "12957.30000", "2017-09-30": "12184.60000", "2017-06-30": "11977.10000", "2017-03-31": "11921.10000", "2016-12-31": "11712.10000", "2016-09-30": "11558.90000", "2016-06-30": "11333.20000", "2016-03-31": "11300.20000", "2015-12-31": "11179.50000", "2015-09-30": "11151.00000", "2015-06-30": "10863.50000", "2015-03-31": "10713.10000", "2014-12-31": "10338.70000", "2014-09-30": "10185.40000", "2014-06-30": "9716.60000", "2014-03-31": "9372.80000", "2013-12-31": "8927.20000", "2013-09-30": "8856.40000", "2013-06-30": "8287.00000", "2013-03-31": "8232.50000", "2012-12-31": "7347.30000", "2012-09-30": "7248.20000", "2012-06-30": "6657.00000", "2012-03-31": "5484.90000", "2011-12-31": "5363.40000", "2011-09-30": "5358.40000", "2011-06-30": "5504.80000", "2011-03-31": "5621.30000", "2010-12-31": "5726.70000", "2010-09-30": "5938.60000", "2010-06-30": "6211.40000", "2010-03-31": "6459.30000", "2009-12-31": "6692.10000", "2009-09-30": "6756.80000", "2009-06-30": "6779.50000", "2009-03-31": "6477.70000", "2008-12-31": "7174.90000", "2008-09-30": "7950.60000", "2008-06-30": "8464.50000", "2008-03-31": "8955.20000", "2007-12-31": "10401.00000", "2007-09-30": "11556.30000", "2007-06-30": "12494.00000", "2007-03-31": "13510.50000", "2006-12-31": "13668.70000", "2006-09-30": "14820.70000", "2006-06-30": "14559.70000", "2006-03-31": "13511.00000", "2005-12-31": "12813.30000", "2005-09-30": "12514.80000", "2005-06-30": "11044.50000", "2005-03-31": "10540.50000"}}, "cash flow statement": {"Net Income/Loss": {"2020-09-30": "2380.50000", "2019-09-30": "1618.60000", "2018-09-30": "1462.30000", "2017-09-30": "1038.40000", "2016-09-30": "886.30000", "2015-09-30": "750.70000", "2014-09-30": "533.50000", "2013-09-30": "462.70000", "2012-09-30": "956.30000", "2011-09-30": "71.80000", "2010-09-30": "245.10000", "2009-09-30": "-549.80000", "2008-09-30": "-2633.60000", "2007-09-30": "-712.50000", "2006-09-30": "1233.30000", "2005-09-30": "1470.50000"}, "Total Depreciation And Amortization - Cash Flow": {"2020-09-30": "90.60000", "2019-09-30": "82.90000", "2018-09-30": "72.30000", "2017-09-30": "59.70000", "2016-09-30": "73.60000", "2015-09-30": "69.50000", "2014-09-30": "65.80000", "2013-09-30": "62.40000", "2012-09-30": "59.20000", "2011-09-30": "57.10000", "2010-09-30": "49.20000", "2009-09-30": "36.60000", "2008-09-30": "139.80000", "2007-09-30": "545.10000", "2006-09-30": "61.70000", "2005-09-30": "57.10000"}, "Other Non-Cash Items": {"2020-09-30": "55.50000", "2019-09-30": "93.40000", "2018-09-30": "257.50000", "2017-09-30": "210.20000", "2016-09-30": "151.20000", "2015-09-30": "93.30000", "2014-09-30": "128.20000", "2013-09-30": "174.10000", "2012-09-30": "-685.50000", "2011-09-30": "70.30000", "2010-09-30": "80.10000", "2009-09-30": "631.00000", "2008-09-30": "3150.90000", "2007-09-30": "865.00000", "2006-09-30": "187.20000", "2005-09-30": "-67.60000"}, "Total Non-Cash Items": {"2020-09-30": "146.10000", "2019-09-30": "176.30000", "2018-09-30": "329.80000", "2017-09-30": "269.90000", "2016-09-30": "224.80000", "2015-09-30": "162.80000", "2014-09-30": "194.00000", "2013-09-30": "236.50000", "2012-09-30": "-626.30000", "2011-09-30": "127.40000", "2010-09-30": "129.30000", "2009-09-30": "667.60000", "2008-09-30": "3290.70000", "2007-09-30": "1410.10000", "2006-09-30": "248.90000", "2005-09-30": "-10.50000"}, "Change In Accounts Receivable": {"2020-09-30": "", "2019-09-30": "", "2018-09-30": "", "2017-09-30": "", "2016-09-30": "", "2015-09-30": "", "2014-09-30": "", "2013-09-30": "", "2012-09-30": "", "2011-09-30": "", "2010-09-30": "", "2009-09-30": "", "2008-09-30": "", "2007-09-30": "", "2006-09-30": "", "2005-09-30": ""}, "Change In Inventories": {"2020-09-30": "", "2019-09-30": "", "2018-09-30": "", "2017-09-30": "", "2016-09-30": "", "2015-09-30": "", "2014-09-30": "", "2013-09-30": "", "2012-09-30": "", "2011-09-30": "", "2010-09-30": "", "2009-09-30": "", "2008-09-30": "", "2007-09-30": "", "2006-09-30": "", "2005-09-30": ""}, "Change In Accounts Payable": {"2020-09-30": "", "2019-09-30": "", "2018-09-30": "", "2017-09-30": "", "2016-09-30": "", "2015-09-30": "", "2014-09-30": "", "2013-09-30": "139.50000", "2012-09-30": "", "2011-09-30": "", "2010-09-30": "", "2009-09-30": "", "2008-09-30": "-166.70000", "2007-09-30": "-692.50000", "2006-09-30": "37.80000", "2005-09-30": "589.20000"}, "Change In Assets/Liabilities": {"2020-09-30": "-1671.20000", "2019-09-30": "-1029.00000", "2018-09-30": "-1376.00000", "2017-09-30": "-942.80000", "2016-09-30": "-535.20000", "2015-09-30": "-273.40000", "2014-09-30": "-1504.80000", "2013-09-30": "-2082.40000", "2012-09-30": "-733.80000", "2011-09-30": "-82.10000", "2010-09-30": "114.30000", "2009-09-30": "742.40000", "2008-09-30": "2062.30000", "2007-09-30": "1360.30000", "2006-09-30": "-2701.40000", "2005-09-30": "-2669.90000"}, "Total Change In Assets/Liabilities": {"2020-09-30": "-1105.00000", "2019-09-30": "-902.80000", "2018-09-30": "-1246.90000", "2017-09-30": "-868.10000", "2016-09-30": "-487.20000", "2015-09-30": "-213.10000", "2014-09-30": "-1388.90000", "2013-09-30": "-1928.50000", "2012-09-30": "-622.20000", "2011-09-30": "-180.30000", "2010-09-30": "335.00000", "2009-09-30": "1023.40000", "2008-09-30": "1219.40000", "2007-09-30": "657.89990", "2006-09-30": "-2673.00000", "2005-09-30": "-2080.70000"}, "Cash Flow From Operating Activities": {"2020-09-30": "1421.60000", "2019-09-30": "892.10000", "2018-09-30": "545.20000", "2017-09-30": "440.20000", "2016-09-30": "623.90000", "2015-09-30": "700.40000", "2014-09-30": "-661.40000", "2013-09-30": "-1229.30000", "2012-09-30": "-292.20000", "2011-09-30": "18.90000", "2010-09-30": "709.40000", "2009-09-30": "1141.20000", "2008-09-30": "1876.50000", "2007-09-30": "1355.50000", "2006-09-30": "-1190.80000", "2005-09-30": "-620.70000"}, "Net Change In Property, Plant, And Equipment": {"2020-09-30": "-157.00000", "2019-09-30": "-80.30000", "2018-09-30": "154.60000", "2017-09-30": "-157.30000", "2016-09-30": "-86.10000", "2015-09-30": "-0.10000", "2014-09-30": "-100.20000", "2013-09-30": "-58.00000", "2012-09-30": "-33.60000", "2011-09-30": "-16.30000", "2010-09-30": "-19.20000", "2009-09-30": "-6.20000", "2008-09-30": "-6.60000", "2007-09-30": "-39.80000", "2006-09-30": "-83.30000", "2005-09-30": "-68.20000"}, "Net Change In Intangible Assets": {"2020-09-30": "", "2019-09-30": "", "2018-09-30": "", "2017-09-30": "", "2016-09-30": "", "2015-09-30": "", "2014-09-30": "", "2013-09-30": "", "2012-09-30": "", "2011-09-30": "", "2010-09-30": "", "2009-09-30": "", "2008-09-30": "", "2007-09-30": "", "2006-09-30": "", "2005-09-30": ""}, "Net Acquisitions/Divestitures": {"2020-09-30": "-9.70000", "2019-09-30": "-315.80000", "2018-09-30": "-159.20000", "2017-09-30": "-4.10000", "2016-09-30": "-82.20000", "2015-09-30": "-70.90000", "2014-09-30": "-244.10000", "2013-09-30": "-9.40000", "2012-09-30": "-96.50000", "2011-09-30": "", "2010-09-30": "", "2009-09-30": "", "2008-09-30": "", "2007-09-30": "", "2006-09-30": "", "2005-09-30": ""}, "Net Change In Short-term Investments": {"2020-09-30": "", "2019-09-30": "", "2018-09-30": "", "2017-09-30": "", "2016-09-30": "", "2015-09-30": "", "2014-09-30": "", "2013-09-30": "296.50000", "2012-09-30": "-8.00000", "2011-09-30": "-7.60000", "2010-09-30": "-300.30000", "2009-09-30": "0.00000", "2008-09-30": "", "2007-09-30": "", "2006-09-30": "", "2005-09-30": ""}, "Net Change In Long-Term Investments": {"2020-09-30": "4.30000", "2019-09-30": "4.40000", "2018-09-30": "17.50000", "2017-09-30": "", "2016-09-30": "", "2015-09-30": "", "2014-09-30": "", "2013-09-30": "1.40000", "2012-09-30": "", "2011-09-30": "", "2010-09-30": "", "2009-09-30": "", "2008-09-30": "", "2007-09-30": "", "2006-09-30": "", "2005-09-30": ""}, "Net Change In Investments - Total": {"2020-09-30": "4.30000", "2019-09-30": "4.40000", "2018-09-30": "17.50000", "2017-09-30": "", "2016-09-30": "", "2015-09-30": "", "2014-09-30": "", "2013-09-30": "297.90000", "2012-09-30": "-8.00000", "2011-09-30": "-7.60000", "2010-09-30": "-300.30000", "2009-09-30": "", "2008-09-30": "", "2007-09-30": "", "2006-09-30": "", "2005-09-30": ""}, "Investing Activities - Other": {"2020-09-30": "-3.70000", "2019-09-30": "-2.30000", "2018-09-30": "6.10000", "2017-09-30": "-2.60000", "2016-09-30": "55.70000", "2015-09-30": "-24.40000", "2014-09-30": "62.20000", "2013-09-30": "-49.60000", "2012-09-30": "-4.90000", "2011-09-30": "0.60000", "2010-09-30": "1.50000", "2009-09-30": "-53.20000", "2008-09-30": "3.40000", "2007-09-30": "", "2006-09-30": "", "2005-09-30": ""}, "Cash Flow From Investing Activities": {"2020-09-30": "-166.10000", "2019-09-30": "-394.00000", "2018-09-30": "19.00000", "2017-09-30": "-164.00000", "2016-09-30": "-112.60000", "2015-09-30": "-95.40000", "2014-09-30": "-282.10000", "2013-09-30": "180.90000", "2012-09-30": "-143.00000", "2011-09-30": "-23.30000", "2010-09-30": "-318.00000", "2009-09-30": "-59.40000", "2008-09-30": "-3.20000", "2007-09-30": "-39.80000", "2006-09-30": "-83.30000", "2005-09-30": "-68.20000"}, "Net Long-Term Debt": {"2020-09-30": "663.20010", "2019-09-30": "-157.90010", "2018-09-30": "-18.20000", "2017-09-30": "-357.30000", "2016-09-30": "-544.80000", "2015-09-30": "134.50000", "2014-09-30": "630.70000", "2013-09-30": "962.80000", "2012-09-30": "748.40000", "2011-09-30": "-489.30000", "2010-09-30": "-1002.10000", "2009-09-30": "-468.70000", "2008-09-30": "-623.10000", "2007-09-30": "-1716.20000", "2006-09-30": "1112.80000", "2005-09-30": "1392.40000"}, "Net Current Debt": {"2020-09-30": "", "2019-09-30": "", "2018-09-30": "", "2017-09-30": "", "2016-09-30": "", "2015-09-30": "", "2014-09-30": "", "2013-09-30": "", "2012-09-30": "", "2011-09-30": "", "2010-09-30": "", "2009-09-30": "", "2008-09-30": "", "2007-09-30": "", "2006-09-30": "", "2005-09-30": ""}, "Debt Issuance/Retirement Net - Total": {"2020-09-30": "663.20010", "2019-09-30": "-157.90010", "2018-09-30": "-18.20000", "2017-09-30": "-357.30000", "2016-09-30": "-544.80000", "2015-09-30": "134.50000", "2014-09-30": "630.70000", "2013-09-30": "962.80000", "2012-09-30": "748.40000", "2011-09-30": "-489.30000", "2010-09-30": "-1002.10000", "2009-09-30": "-468.70000", "2008-09-30": "-623.10000", "2007-09-30": "-1716.20000", "2006-09-30": "1112.80000", "2005-09-30": "1392.40000"}, "Net Common Equity Issued/Repurchased": {"2020-09-30": "-360.40000", "2019-09-30": "-379.10000", "2018-09-30": "-127.50000", "2017-09-30": "-60.60000", "2016-09-30": "", "2015-09-30": "", "2014-09-30": "", "2013-09-30": "", "2012-09-30": "", "2011-09-30": "-38.60000", "2010-09-30": "", "2009-09-30": "", "2008-09-30": "", "2007-09-30": "", "2006-09-30": "-36.80000", "2005-09-30": ""}, "Net Total Equity Issued/Repurchased": {"2020-09-30": "-360.40000", "2019-09-30": "-379.10000", "2018-09-30": "-127.50000", "2017-09-30": "-60.60000", "2016-09-30": "", "2015-09-30": "", "2014-09-30": "", "2013-09-30": "", "2012-09-30": "", "2011-09-30": "-38.60000", "2010-09-30": "", "2009-09-30": "", "2008-09-30": "", "2007-09-30": "", "2006-09-30": "-36.80000", "2005-09-30": ""}, "Total Common And Preferred Stock Dividends Paid": {"2020-09-30": "-256.70000", "2019-09-30": "-227.30000", "2018-09-30": "-191.60000", "2017-09-30": "-149.60000", "2016-09-30": "-118.70000", "2015-09-30": "-91.60000", "2014-09-30": "-48.60000", "2013-09-30": "-60.20000", "2012-09-30": "-47.80000", "2011-09-30": "-47.80000", "2010-09-30": "-47.70000", "2009-09-30": "-47.50000", "2008-09-30": "-142.00000", "2007-09-30": "-188.40000", "2006-09-30": "-137.60000", "2005-09-30": "-96.50000"}, "Financial Activities - Other": {"2020-09-30": "224.50000", "2019-09-30": "274.20000", "2018-09-30": "254.80000", "2017-09-30": "2.90000", "2016-09-30": "71.60000", "2015-09-30": "74.10000", "2014-09-30": "45.80000", "2013-09-30": "36.40000", "2012-09-30": "50.90000", "2011-09-30": "3.40000", "2010-09-30": "10.40000", "2009-09-30": "4.40000", "2008-09-30": "9.50000", "2007-09-30": "270.90000", "2006-09-30": "-226.50000", "2005-09-30": "24.80000"}, "Cash Flow From Financial Activities": {"2020-09-30": "270.60000", "2019-09-30": "-490.10000", "2018-09-30": "-82.50000", "2017-09-30": "-564.60000", "2016-09-30": "-591.90000", "2015-09-30": "117.00000", "2014-09-30": "627.90000", "2013-09-30": "939.00000", "2012-09-30": "751.50000", "2011-09-30": "-572.30000", "2010-09-30": "-1039.40000", "2009-09-30": "-511.80000", "2008-09-30": "-755.60000", "2007-09-30": "-1633.70000", "2006-09-30": "711.90000", "2005-09-30": "1320.70000"}, "Net Cash Flow": {"2020-09-30": "1526.10000", "2019-09-30": "8.00000", "2018-09-30": "481.70000", "2017-09-30": "-288.40000", "2016-09-30": "-80.60000", "2015-09-30": "722.00000", "2014-09-30": "-315.60000", "2013-09-30": "-109.40000", "2012-09-30": "316.30000", "2011-09-30": "-576.70000", "2010-09-30": "-648.00000", "2009-09-30": "570.00000", "2008-09-30": "1117.70000", "2007-09-30": "-318.00000", "2006-09-30": "-562.20000", "2005-09-30": "631.80000"}, "Stock-Based Compensation": {"2020-09-30": "77.80000", "2019-09-30": "73.20000", "2018-09-30": "55.80000", "2017-09-30": "59.20000", "2016-09-30": "49.00000", "2015-09-30": "42.20000", "2014-09-30": "26.20000", "2013-09-30": "19.00000", "2012-09-30": "18.10000", "2011-09-30": "14.20000", "2010-09-30": "13.30000", "2009-09-30": "13.70000", "2008-09-30": "13.50000", "2007-09-30": "12.40000", "2006-09-30": "11.80000", "2005-09-30": ""}, "Common Stock Dividends Paid": {"2020-09-30": "-256.70000", "2019-09-30": "-227.30000", "2018-09-30": "-191.60000", "2017-09-30": "-149.60000", "2016-09-30": "-118.70000", "2015-09-30": "-91.60000", "2014-09-30": "-48.60000", "2013-09-30": "-60.20000", "2012-09-30": "-47.80000", "2011-09-30": "-47.80000", "2010-09-30": "-47.70000", "2009-09-30": "-47.50000", "2008-09-30": "-142.00000", "2007-09-30": "-188.40000", "2006-09-30": "-137.60000", "2005-09-30": "-96.50000"}}, "cash flow statement, quarterly": {"Net Income/Loss": {"2020-12-31": "795.20000", "2020-09-30": 831.2, "2020-06-30": 632.9, "2020-03-31": 483.9, "2019-12-31": "432.50000", "2019-09-30": 503.9, "2019-06-30": 473.6, "2019-03-31": 354.4, "2018-12-31": "286.70000", "2018-09-30": 468.9, "2018-06-30": 453.7, "2018-03-31": 350.9, "2017-12-31": "188.80000", "2017-09-30": 313.3, "2017-06-30": 289, "2017-03-31": 229.2, "2016-12-31": "206.90000", "2016-09-30": 283.7, "2016-06-30": 249.8, "2016-03-31": 195.1, "2015-12-31": "157.70000", "2015-09-30": 238.9, "2015-06-30": 221.4, "2015-03-31": 147.9, "2014-12-31": "142.50000", "2014-09-30": 166.2, "2014-06-30": 113.2, "2014-03-31": 130.9, "2013-12-31": "123.20000", "2013-09-30": 139.5, "2013-06-30": 145.9, "2013-03-31": 111, "2012-12-31": "66.30000", "2012-09-30": 100.1, "2012-06-30": 787.9, "2012-03-31": 40.6, "2011-12-31": "27.70000", "2011-09-30": 35.8, "2011-06-30": 28.6, "2011-03-31": 27.8, "2010-12-31": "-20.40000", "2010-09-30": -8.8, "2010-06-30": 50.5, "2010-03-31": 11.4, "2009-12-31": "192.00000", "2009-09-30": -234.9, "2009-06-30": -143.8, "2009-03-31": -108.5, "2008-12-31": "-62.60000", "2008-09-30": -799.8, "2008-06-30": -399.3, "2008-03-31": -1305.7, "2007-12-31": "-128.80000", "2007-09-30": -50.2, "2007-06-30": -823.7, "2007-03-31": 51.7, "2006-12-31": "109.70000", "2006-09-30": 277.7, "2006-06-30": 292.7, "2006-03-31": 352.8, "2005-12-31": "310.10000", "2005-09-30": 563.8, "2005-06-30": 371.7, "2005-03-31": 535}, "Total Depreciation And Amortization - Cash Flow": {"2020-12-31": "22.90000", "2020-09-30": 25.4, "2020-06-30": 20.6, "2020-03-31": 22.5, "2019-12-31": "22.10000", "2019-09-30": 22.4, "2019-06-30": 21.3, "2019-03-31": 19.7, "2018-12-31": "19.50000", "2018-09-30": 19.4, "2018-06-30": 17.4, "2018-03-31": 18.1, "2017-12-31": "17.40000", "2017-09-30": 15.4, "2017-06-30": 14.4, "2017-03-31": 14.2, "2016-12-31": "15.70000", "2016-09-30": 28.1, "2016-06-30": 15.1, "2016-03-31": 15.4, "2015-12-31": "15.00000", "2015-09-30": 25.7, "2015-06-30": 15.7, "2015-03-31": 14.5, "2014-12-31": "13.60000", "2014-09-30": 13.8, "2014-06-30": 14.5, "2014-03-31": 19.4, "2013-12-31": "18.10000", "2013-09-30": 16.7, "2013-06-30": 15.7, "2013-03-31": 14.8, "2012-12-31": "15.20000", "2012-09-30": 14.9, "2012-06-30": 14.8, "2012-03-31": 14.7, "2011-12-31": "14.80000", "2011-09-30": 14.6, "2011-06-30": 14.5, "2011-03-31": 14.1, "2010-12-31": "13.90000", "2010-09-30": 13.4, "2010-06-30": 12.4, "2010-03-31": 11.6, "2009-12-31": "11.80000", "2009-09-30": 9.4, "2009-06-30": 8.9, "2009-03-31": 8.1, "2008-12-31": "10.20000", "2008-09-30": 92.4, "2008-06-30": 14.8, "2008-03-31": 16.1, "2007-12-31": "16.50000", "2007-09-30": 66.3, "2007-06-30": 443.4, "2007-03-31": 18.1, "2006-12-31": "17.30000", "2006-09-30": 17.4, "2006-06-30": 15.6, "2006-03-31": 14.9, "2005-12-31": "13.80000", "2005-09-30": 14.8, "2005-06-30": 13.4, "2005-03-31": 28.9}, "Other Non-Cash Items": {"2020-12-31": "18.00000", "2020-09-30": 37.6, "2020-06-30": 17.6, "2020-03-31": 4.3, "2019-12-31": "-4.00000", "2019-09-30": 40.7, "2019-06-30": 13.7, "2019-03-31": 11.1, "2018-12-31": "27.90000", "2018-09-30": 25.5, "2018-06-30": 39.2, "2018-03-31": 64.7, "2017-12-31": "128.10000", "2017-09-30": 68.4, "2017-06-30": 85.8, "2017-03-31": 38.9, "2016-12-31": "17.10000", "2016-09-30": 62.5, "2016-06-30": 35.3, "2016-03-31": 29.8, "2015-12-31": "23.60000", "2015-09-30": 14.2, "2015-06-30": 27.4, "2015-03-31": 23.2, "2014-12-31": "28.50000", "2014-09-30": 44.5, "2014-06-30": 51, "2014-03-31": 17.5, "2013-12-31": "15.20000", "2013-09-30": 77.7, "2013-06-30": 47.1, "2013-03-31": 9.5, "2012-12-31": "39.80000", "2012-09-30": 12.5, "2012-06-30": -710, "2012-03-31": 5.7, "2011-12-31": "6.30000", "2011-09-30": 17.2, "2011-06-30": 19.7, "2011-03-31": 20.2, "2010-12-31": "13.20000", "2010-09-30": 32.7, "2010-06-30": 41.8, "2010-03-31": 5.7, "2009-12-31": "-0.10000", "2009-09-30": 362.4, "2009-06-30": 166.4, "2009-03-31": 49.2, "2008-12-31": "53.00000", "2008-09-30": 1386.3, "2008-06-30": 363.1, "2008-03-31": 1229.7, "2007-12-31": "171.80000", "2007-09-30": 202.9, "2007-06-30": 507.8, "2007-03-31": 79, "2006-12-31": "75.30000", "2006-09-30": 133.4, "2006-06-30": 32.5, "2006-03-31": 17.9, "2005-12-31": "3.40000", "2005-09-30": -67.6, "2005-06-30": 0, "2005-03-31": 0}, "Total Non-Cash Items": {"2020-12-31": "40.90000", "2020-09-30": 63, "2020-06-30": 38.2, "2020-03-31": 26.8, "2019-12-31": "18.10000", "2019-09-30": 63.1, "2019-06-30": 35, "2019-03-31": 30.8, "2018-12-31": "47.40000", "2018-09-30": 44.9, "2018-06-30": 56.6, "2018-03-31": 82.8, "2017-12-31": "145.50000", "2017-09-30": 83.8, "2017-06-30": 100.2, "2017-03-31": 53.1, "2016-12-31": "32.80000", "2016-09-30": 90.6, "2016-06-30": 50.4, "2016-03-31": 45.2, "2015-12-31": "38.60000", "2015-09-30": 39.9, "2015-06-30": 43.1, "2015-03-31": 37.7, "2014-12-31": "42.10000", "2014-09-30": 58.3, "2014-06-30": 65.5, "2014-03-31": 36.9, "2013-12-31": "33.30000", "2013-09-30": 94.4, "2013-06-30": 62.8, "2013-03-31": 24.3, "2012-12-31": "55.00000", "2012-09-30": 27.4, "2012-06-30": -695.2, "2012-03-31": 20.4, "2011-12-31": "21.10000", "2011-09-30": 31.8, "2011-06-30": 34.2, "2011-03-31": 34.3, "2010-12-31": "27.10000", "2010-09-30": 46.1, "2010-06-30": 54.2, "2010-03-31": 17.3, "2009-12-31": "11.70000", "2009-09-30": 371.8, "2009-06-30": 175.3, "2009-03-31": 57.3, "2008-12-31": "63.20000", "2008-09-30": 1478.7, "2008-06-30": 377.9, "2008-03-31": 1245.8, "2007-12-31": "188.30000", "2007-09-30": 269.2, "2007-06-30": 951.2, "2007-03-31": 97.1, "2006-12-31": "92.60000", "2006-09-30": 150.8, "2006-06-30": 48.1, "2006-03-31": 32.8, "2005-12-31": "17.20000", "2005-09-30": -52.8, "2005-06-30": 13.4, "2005-03-31": 28.9}, "Change In Accounts Receivable": {"2020-12-31": "", "2020-09-30": 0, "2020-06-30": 0, "2020-03-31": 0, "2019-12-31": "", "2019-09-30": 0, "2019-06-30": 0, "2019-03-31": 0, "2018-12-31": "", "2018-09-30": 0, "2018-06-30": 0, "2018-03-31": 0, "2017-12-31": "", "2017-09-30": 0, "2017-06-30": 0, "2017-03-31": 0, "2016-12-31": "", "2016-09-30": 0, "2016-06-30": 0, "2016-03-31": 0, "2015-12-31": "", "2015-09-30": 0, "2015-06-30": 0, "2015-03-31": 0, "2014-12-31": "", "2014-09-30": 0, "2014-06-30": 0, "2014-03-31": 0, "2013-12-31": "", "2013-09-30": 0, "2013-06-30": 0, "2013-03-31": 0, "2012-12-31": "", "2012-09-30": 0, "2012-06-30": 0, "2012-03-31": 0, "2011-12-31": "", "2011-09-30": 0, "2011-06-30": 0, "2011-03-31": 0, "2010-12-31": "", "2010-09-30": 0, "2010-06-30": 0, "2010-03-31": 0, "2009-12-31": "", "2009-09-30": 0, "2009-06-30": 0, "2009-03-31": 0, "2008-12-31": "", "2008-09-30": 0, "2008-06-30": 0, "2008-03-31": 0, "2007-12-31": "", "2007-09-30": 0, "2007-06-30": 0, "2007-03-31": 0, "2006-12-31": "", "2006-09-30": 0, "2006-06-30": 0, "2006-03-31": 0, "2005-12-31": "", "2005-09-30": 0, "2005-06-30": 0, "2005-03-31": 0}, "Change In Inventories": {"2020-12-31": "", "2020-09-30": 0, "2020-06-30": 0, "2020-03-31": 0, "2019-12-31": "", "2019-09-30": 0, "2019-06-30": 0, "2019-03-31": 0, "2018-12-31": "", "2018-09-30": 0, "2018-06-30": 0, "2018-03-31": 0, "2017-12-31": "", "2017-09-30": 0, "2017-06-30": 0, "2017-03-31": -2.3, "2016-12-31": "2.30000", "2016-09-30": 0, "2016-06-30": 0, "2016-03-31": 0, "2015-12-31": "", "2015-09-30": 0, "2015-06-30": 0, "2015-03-31": 0, "2014-12-31": "", "2014-09-30": 0, "2014-06-30": 0, "2014-03-31": 0, "2013-12-31": "", "2013-09-30": 0, "2013-06-30": 0, "2013-03-31": 0, "2012-12-31": "", "2012-09-30": 0, "2012-06-30": 0, "2012-03-31": 0, "2011-12-31": "", "2011-09-30": 0, "2011-06-30": 0, "2011-03-31": 0, "2010-12-31": "", "2010-09-30": 0, "2010-06-30": 0, "2010-03-31": 0, "2009-12-31": "", "2009-09-30": 0, "2009-06-30": 0, "2009-03-31": 0, "2008-12-31": "", "2008-09-30": 0, "2008-06-30": 0, "2008-03-31": 0, "2007-12-31": "", "2007-09-30": 0, "2007-06-30": 0, "2007-03-31": 0, "2006-12-31": "", "2006-09-30": 0, "2006-06-30": 0, "2006-03-31": 0, "2005-12-31": "", "2005-09-30": 0, "2005-06-30": 0, "2005-03-31": 0}, "Change In Accounts Payable": {"2020-12-31": "", "2020-09-30": 0, "2020-06-30": 0, "2020-03-31": 0, "2019-12-31": "", "2019-09-30": 0, "2019-06-30": 0, "2019-03-31": 0, "2018-12-31": "", "2018-09-30": 0, "2018-06-30": 0, "2018-03-31": 0, "2017-12-31": "", "2017-09-30": 0, "2017-06-30": 3.5, "2017-03-31": -3.5, "2016-12-31": "", "2016-09-30": 0, "2016-06-30": 0, "2016-03-31": 0, "2015-12-31": "", "2015-09-30": 0, "2015-06-30": 40.4, "2015-03-31": -40.4, "2014-12-31": "", "2014-09-30": 0, "2014-06-30": 119.7, "2014-03-31": -105.6, "2013-12-31": "-14.10000", "2013-09-30": 139.5, "2013-06-30": 0, "2013-03-31": 0, "2012-12-31": "", "2012-09-30": 0, "2012-06-30": 2, "2012-03-31": -2, "2011-12-31": "", "2011-09-30": 102.3, "2011-06-30": -102.3, "2011-03-31": 0, "2010-12-31": "", "2010-09-30": -7, "2010-06-30": -28.6, "2010-03-31": 51.7, "2009-12-31": "-16.10000", "2009-09-30": 162.6, "2009-06-30": 12, "2009-03-31": -23.1, "2008-12-31": "-151.50000", "2008-09-30": 256.8, "2008-06-30": 4.3, "2008-03-31": -131.5, "2007-12-31": "-296.30000", "2007-09-30": -258.7, "2007-06-30": -24.6, "2007-03-31": -122.5, "2006-12-31": "-286.70000", "2006-09-30": 84.1, "2006-06-30": 143.9, "2006-03-31": -48.3, "2005-12-31": "-141.90000", "2005-09-30": 296.6, "2005-06-30": 196.3, "2005-03-31": 96.3}, "Change In Assets/Liabilities": {"2020-12-31": "-1342.80000", "2020-09-30": -214.1, "2020-06-30": 52, "2020-03-31": -850.1001, "2019-12-31": "-658.99990", "2019-09-30": 266.8, "2019-06-30": -55.1, "2019-03-31": -444.7, "2018-12-31": "-796.00000", "2018-09-30": -298.6, "2018-06-30": -225.1, "2018-03-31": -418.2, "2017-12-31": "-434.10000", "2017-09-30": 283.6, "2017-06-30": -572.2, "2017-03-31": -356.1, "2016-12-31": "-298.10000", "2016-09-30": 200.7, "2016-06-30": -370.5, "2016-03-31": -220.3, "2015-12-31": "-145.10000", "2015-09-30": 194.1, "2015-06-30": 31.1, "2015-03-31": -228.5, "2014-12-31": "-270.10000", "2014-09-30": -429.7, "2014-06-30": -604.7, "2014-03-31": -320.3, "2013-12-31": "-150.10000", "2013-09-30": -323.8, "2013-06-30": -584.8, "2013-03-31": -394.4, "2012-12-31": "-779.40000", "2012-09-30": -314.9, "2012-06-30": -232.2, "2012-03-31": -180.6, "2011-12-31": "-6.10000", "2011-09-30": 24.5, "2011-06-30": -148, "2011-03-31": -54.1, "2010-12-31": "95.50000", "2010-09-30": 131.8, "2010-06-30": 86.4, "2010-03-31": -224.9, "2009-12-31": "121.00000", "2009-09-30": 10, "2009-06-30": 151, "2009-03-31": 235.2, "2008-12-31": "346.20000", "2008-09-30": 219.5, "2008-06-30": 404.6, "2008-03-31": 643.7, "2007-12-31": "794.50000", "2007-09-30": 857.9, "2007-06-30": -29.5, "2007-03-31": 152, "2006-12-31": "379.90000", "2006-09-30": 370.1, "2006-06-30": -1233.1, "2006-03-31": -640.4, "2005-12-31": "-1198.00000", "2005-09-30": -327.4, "2005-06-30": -968.2, "2005-03-31": -1374.3}, "Total Change In Assets/Liabilities": {"2020-12-31": "-1088.20000", "2020-09-30": -61.5, "2020-06-30": 312.9, "2020-03-31": -792, "2019-12-31": "-564.40000", "2019-09-30": 244.4, "2019-06-30": 33.8, "2019-03-31": -473.8, "2018-12-31": "-707.20000", "2018-09-30": -275.1, "2018-06-30": -105, "2018-03-31": -457.5, "2017-12-31": "-409.30000", "2017-09-30": 228.8, "2017-06-30": -439.2, "2017-03-31": -389.8, "2016-12-31": "-267.90000", "2016-09-30": 161, "2016-06-30": -238.5, "2016-03-31": -211.9, "2015-12-31": "-197.80000", "2015-09-30": 233, "2015-06-30": 92.9001, "2015-03-31": -225.4001, "2014-12-31": "-313.60000", "2014-09-30": -312.2, "2014-06-30": -486.6, "2014-03-31": -425.9, "2013-12-31": "-164.20000", "2013-09-30": -326.9, "2013-06-30": -504.7, "2013-03-31": -319.1, "2012-12-31": "-777.80000", "2012-09-30": -245.7, "2012-06-30": -187.3, "2012-03-31": -138.7, "2011-12-31": "-50.50000", "2011-09-30": 26.6, "2011-06-30": -117, "2011-03-31": -132.7, "2010-12-31": "42.80000", "2010-09-30": 85, "2010-06-30": 54.6, "2010-03-31": 179.1, "2009-12-31": "16.30000", "2009-09-30": -97.7, "2009-06-30": 92.6, "2009-03-31": 212.1, "2008-12-31": "816.40000", "2008-09-30": -199.9, "2008-06-30": 408.9, "2008-03-31": 512.2, "2007-12-31": "498.20000", "2007-09-30": 589.2999, "2007-06-30": -54.1, "2007-03-31": 29.5, "2006-12-31": "93.20000", "2006-09-30": 444.8, "2006-06-30": -1089.2, "2006-03-31": -688.7, "2005-12-31": "-1339.90000", "2005-09-30": -30.8, "2005-06-30": -771.9, "2005-03-31": -1278}, "Cash Flow From Operating Activities": {"2020-12-31": "-252.10000", "2020-09-30": 832.7, "2020-06-30": 984, "2020-03-31": -281.3, "2019-12-31": "-113.80000", "2019-09-30": 811.4, "2019-06-30": 542.4, "2019-03-31": -88.6, "2018-12-31": "-373.10000", "2018-09-30": 238.7, "2018-06-30": 405.3, "2018-03-31": -23.8, "2017-12-31": "-75.00000", "2017-09-30": 625.9, "2017-06-30": -50, "2017-03-31": -107.5, "2016-12-31": "-28.20000", "2016-09-30": 535.3, "2016-06-30": 61.7, "2016-03-31": 28.4, "2015-12-31": "-1.50000", "2015-09-30": 511.8, "2015-06-30": 357.4, "2015-03-31": -39.8, "2014-12-31": "-129.00000", "2014-09-30": -87.7, "2014-06-30": -307.9, "2014-03-31": -258.1, "2013-12-31": "-7.70000", "2013-09-30": -93, "2013-06-30": -296, "2013-03-31": -183.8, "2012-12-31": "-656.50000", "2012-09-30": -118.2, "2012-06-30": -94.6, "2012-03-31": -77.7, "2011-12-31": "-1.70000", "2011-09-30": 94.2, "2011-06-30": -54.2, "2011-03-31": -70.6, "2010-12-31": "49.50000", "2010-09-30": 122.3, "2010-06-30": 159.3, "2010-03-31": 207.8, "2009-12-31": "220.00000", "2009-09-30": 39.2, "2009-06-30": 124.1, "2009-03-31": 160.9, "2008-12-31": "817.00000", "2008-09-30": 479, "2008-06-30": 387.5, "2008-03-31": 452.3, "2007-12-31": "557.70000", "2007-09-30": 808.3, "2007-06-30": 73.4, "2007-03-31": 178.3, "2006-12-31": "295.50000", "2006-09-30": 873.3, "2006-06-30": -748.4, "2006-03-31": -303.1, "2005-12-31": "-1012.60000", "2005-09-30": 480.2, "2005-06-30": -386.8, "2005-03-31": -714.1}, "Net Change In Property, Plant, And Equipment": {"2020-12-31": "-70.70000", "2020-09-30": -66.4, "2020-06-30": -59.8, "2020-03-31": -12.4, "2019-12-31": "-18.40000", "2019-09-30": -62.5, "2019-06-30": -3.5, "2019-03-31": 6.9, "2018-12-31": "-21.20000", "2018-09-30": 3.6, "2018-06-30": -23.4, "2018-03-31": 194, "2017-12-31": "-19.60000", "2017-09-30": -53.8, "2017-06-30": -46, "2017-03-31": -35.3, "2016-12-31": "-22.20000", "2016-09-30": -20.9, "2016-06-30": -24.8, "2016-03-31": -20.3, "2015-12-31": "-20.10000", "2015-09-30": 43.2, "2015-06-30": -19.3, "2015-03-31": -12.7, "2014-12-31": "-11.30000", "2014-09-30": -50.3, "2014-06-30": -17.1, "2014-03-31": -14.5, "2013-12-31": "-18.30000", "2013-09-30": -17.4, "2013-06-30": -15.3, "2013-03-31": -11.3, "2012-12-31": "-14.00000", "2012-09-30": -9.8, "2012-06-30": -18.3, "2012-03-31": -3.1, "2011-12-31": "-2.40000", "2011-09-30": -3.5, "2011-06-30": -4.6, "2011-03-31": -4.5, "2010-12-31": "-3.70000", "2010-09-30": -3.6, "2010-06-30": -7.9, "2010-03-31": -5.2, "2009-12-31": "-2.50000", "2009-09-30": 0, "2009-06-30": -1.7, "2009-03-31": -2, "2008-12-31": "-2.50000", "2008-09-30": 2.5, "2008-06-30": -2.3, "2008-03-31": -2.7, "2007-12-31": "-4.10000", "2007-09-30": -7.1, "2007-06-30": -8.4, "2007-03-31": -13.1, "2006-12-31": "-11.20000", "2006-09-30": -17.1, "2006-06-30": -31.1, "2006-03-31": -16.7, "2005-12-31": "-18.40000", "2005-09-30": -23.5, "2005-06-30": -15.9, "2005-03-31": -28.8}, "Net Change In Intangible Assets": {"2020-12-31": "", "2020-09-30": 0, "2020-06-30": 0, "2020-03-31": 0, "2019-12-31": "", "2019-09-30": 0, "2019-06-30": 0, "2019-03-31": 0, "2018-12-31": "", "2018-09-30": 0, "2018-06-30": 0, "2018-03-31": 0, "2017-12-31": "", "2017-09-30": 0, "2017-06-30": 0, "2017-03-31": 0, "2016-12-31": "", "2016-09-30": 0, "2016-06-30": 0, "2016-03-31": 0, "2015-12-31": "", "2015-09-30": 0, "2015-06-30": 0, "2015-03-31": 0, "2014-12-31": "", "2014-09-30": 0, "2014-06-30": 0, "2014-03-31": 0, "2013-12-31": "", "2013-09-30": 0, "2013-06-30": 0, "2013-03-31": 0, "2012-12-31": "", "2012-09-30": 0, "2012-06-30": 0, "2012-03-31": 0, "2011-12-31": "", "2011-09-30": 0, "2011-06-30": 0, "2011-03-31": 0, "2010-12-31": "", "2010-09-30": 0, "2010-06-30": 0, "2010-03-31": 0, "2009-12-31": "", "2009-09-30": 0, "2009-06-30": 0, "2009-03-31": 0, "2008-12-31": "", "2008-09-30": 0, "2008-06-30": 0, "2008-03-31": 0, "2007-12-31": "", "2007-09-30": 0, "2007-06-30": 0, "2007-03-31": 0, "2006-12-31": "", "2006-09-30": 0, "2006-06-30": 0, "2006-03-31": 0, "2005-12-31": "", "2005-09-30": 0, "2005-06-30": 0, "2005-03-31": 0}, "Net Acquisitions/Divestitures": {"2020-12-31": "-23.00000", "2020-09-30": -1.2, "2020-06-30": -2.9, "2020-03-31": -4.9, "2019-12-31": "-0.70000", "2019-09-30": -4.9, "2019-06-30": -1.3, "2019-03-31": -16.6, "2018-12-31": "-293.00000", "2018-09-30": -1.1, "2018-06-30": 0, "2018-03-31": -1.7, "2017-12-31": "-156.40000", "2017-09-30": 0, "2017-06-30": 0, "2017-03-31": 0, "2016-12-31": "-4.10000", "2016-09-30": -82.2, "2016-06-30": 0, "2016-03-31": 0, "2015-12-31": "", "2015-09-30": -2.2, "2015-06-30": -68.7, "2015-03-31": 0, "2014-12-31": "", "2014-09-30": -21.4, "2014-06-30": -188.2, "2014-03-31": 0, "2013-12-31": "-34.50000", "2013-09-30": 0, "2013-06-30": 0, "2013-03-31": 0, "2012-12-31": "-9.40000", "2012-09-30": -96.5, "2012-06-30": 0, "2012-03-31": 0, "2011-12-31": "", "2011-09-30": 0, "2011-06-30": 0, "2011-03-31": 0, "2010-12-31": "", "2010-09-30": 0, "2010-06-30": 0, "2010-03-31": 0, "2009-12-31": "", "2009-09-30": 0, "2009-06-30": 0, "2009-03-31": 0, "2008-12-31": "", "2008-09-30": 0, "2008-06-30": 0, "2008-03-31": 0, "2007-12-31": "", "2007-09-30": 0, "2007-06-30": 0, "2007-03-31": 0, "2006-12-31": "", "2006-09-30": 0, "2006-06-30": 0, "2006-03-31": 0, "2005-12-31": "", "2005-09-30": 0, "2005-06-30": 0, "2005-03-31": 0}, "Net Change In Short-term Investments": {"2020-12-31": "", "2020-09-30": 0, "2020-06-30": 0, "2020-03-31": 0, "2019-12-31": "", "2019-09-30": 0, "2019-06-30": 0, "2019-03-31": 0, "2018-12-31": "", "2018-09-30": 0, "2018-06-30": 0, "2018-03-31": 0, "2017-12-31": "", "2017-09-30": 0, "2017-06-30": 0, "2017-03-31": 0, "2016-12-31": "", "2016-09-30": 0, "2016-06-30": 0, "2016-03-31": 0, "2015-12-31": "", "2015-09-30": 0, "2015-06-30": 0, "2015-03-31": 0, "2014-12-31": "", "2014-09-30": 0, "2014-06-30": 0, "2014-03-31": 0, "2013-12-31": "", "2013-09-30": 0, "2013-06-30": 0, "2013-03-31": 96.6, "2012-12-31": "199.90000", "2012-09-30": -16.1, "2012-06-30": 13.4, "2012-03-31": -2.4, "2011-12-31": "-2.90000", "2011-09-30": -2.6, "2011-06-30": -6.8, "2011-03-31": 2.8, "2010-12-31": "-1.00000", "2010-09-30": -0.9, "2010-06-30": -100.3, "2010-03-31": -199.1, "2009-12-31": "0.00000", "2009-09-30": 0, "2009-06-30": 0, "2009-03-31": 0, "2008-12-31": "", "2008-09-30": 0, "2008-06-30": 0, "2008-03-31": 0, "2007-12-31": "", "2007-09-30": 0, "2007-06-30": 0, "2007-03-31": 0, "2006-12-31": "", "2006-09-30": 0, "2006-06-30": 0, "2006-03-31": 0, "2005-12-31": "", "2005-09-30": 0, "2005-06-30": 0, "2005-03-31": 0}, "Net Change In Long-Term Investments": {"2020-12-31": "2.10000", "2020-09-30": 1.9, "2020-06-30": 0, "2020-03-31": 0.5, "2019-12-31": "1.90000", "2019-09-30": 0, "2019-06-30": 0, "2019-03-31": 0, "2018-12-31": "4.40000", "2018-09-30": 2.1, "2018-06-30": 0.3, "2018-03-31": 0.2, "2017-12-31": "14.90000", "2017-09-30": 0, "2017-06-30": 0, "2017-03-31": 0, "2016-12-31": "", "2016-09-30": -35.8, "2016-06-30": 35.8, "2016-03-31": 0, "2015-12-31": "", "2015-09-30": 14.8, "2015-06-30": -14.8, "2015-03-31": 0, "2014-12-31": "", "2014-09-30": 0, "2014-06-30": 0, "2014-03-31": 0, "2013-12-31": "", "2013-09-30": 0, "2013-06-30": 1.4, "2013-03-31": 0, "2012-12-31": "", "2012-09-30": 0, "2012-06-30": 0, "2012-03-31": 0, "2011-12-31": "", "2011-09-30": 0, "2011-06-30": 0, "2011-03-31": 0, "2010-12-31": "", "2010-09-30": 0, "2010-06-30": 0, "2010-03-31": 0, "2009-12-31": "", "2009-09-30": 0, "2009-06-30": 0, "2009-03-31": 0, "2008-12-31": "", "2008-09-30": 0, "2008-06-30": 0, "2008-03-31": 0, "2007-12-31": "", "2007-09-30": 0, "2007-06-30": 0, "2007-03-31": 0, "2006-12-31": "", "2006-09-30": 0, "2006-06-30": 0, "2006-03-31": 0, "2005-12-31": "", "2005-09-30": 0, "2005-06-30": 0, "2005-03-31": 0}, "Net Change In Investments - Total": {"2020-12-31": "2.10000", "2020-09-30": 1.9, "2020-06-30": 0, "2020-03-31": 0.5, "2019-12-31": "1.90000", "2019-09-30": 0, "2019-06-30": 0, "2019-03-31": 0, "2018-12-31": "4.40000", "2018-09-30": 2.1, "2018-06-30": 0.3, "2018-03-31": 0.2, "2017-12-31": "14.90000", "2017-09-30": 0, "2017-06-30": 0, "2017-03-31": 0, "2016-12-31": "", "2016-09-30": -35.8, "2016-06-30": 35.8, "2016-03-31": 0, "2015-12-31": "", "2015-09-30": 14.8, "2015-06-30": -14.8, "2015-03-31": 0, "2014-12-31": "", "2014-09-30": 0, "2014-06-30": 0, "2014-03-31": 0, "2013-12-31": "", "2013-09-30": 0, "2013-06-30": 1.4, "2013-03-31": 96.6, "2012-12-31": "199.90000", "2012-09-30": -16.1, "2012-06-30": 13.4, "2012-03-31": -2.4, "2011-12-31": "-2.90000", "2011-09-30": -2.6, "2011-06-30": -6.8, "2011-03-31": 2.8, "2010-12-31": "-1.00000", "2010-09-30": -0.9, "2010-06-30": -100.3, "2010-03-31": -199.1, "2009-12-31": "", "2009-09-30": 0, "2009-06-30": 0, "2009-03-31": 0, "2008-12-31": "", "2008-09-30": 0, "2008-06-30": 0, "2008-03-31": 0, "2007-12-31": "", "2007-09-30": 0, "2007-06-30": 0, "2007-03-31": 0, "2006-12-31": "", "2006-09-30": 0, "2006-06-30": 0, "2006-03-31": 0, "2005-12-31": "", "2005-09-30": 0, "2005-06-30": 0, "2005-03-31": 0}, "Investing Activities - Other": {"2020-12-31": "0.20000", "2020-09-30": 0, "2020-06-30": -3.1, "2020-03-31": 0, "2019-12-31": "-0.60000", "2019-09-30": -0.3, "2019-06-30": -0.4, "2019-03-31": -1, "2018-12-31": "-0.60000", "2018-09-30": 6.9, "2018-06-30": -0.8, "2018-03-31": -0.1, "2017-12-31": "0.10000", "2017-09-30": 10.8, "2017-06-30": -1.6, "2017-03-31": -6.8, "2016-12-31": "-5.00000", "2016-09-30": 53.5, "2016-06-30": -31.5, "2016-03-31": 35.8, "2015-12-31": "-2.10000", "2015-09-30": -16.4, "2015-06-30": -2.7, "2015-03-31": -2.7, "2014-12-31": "-2.60000", "2014-09-30": 7.3, "2014-06-30": 58.6, "2014-03-31": 0.8, "2013-12-31": "-4.50000", "2013-09-30": -10.7, "2013-06-30": -15.1, "2013-03-31": 0.5, "2012-12-31": "-24.30000", "2012-09-30": -9.3, "2012-06-30": -0.8, "2012-03-31": 2.3, "2011-12-31": "2.90000", "2011-09-30": -2.7, "2011-06-30": -5.4, "2011-03-31": 1.2, "2010-12-31": "7.50000", "2010-09-30": 5.1, "2010-06-30": -8.5, "2010-03-31": 2.8, "2009-12-31": "2.10000", "2009-09-30": 6.8, "2009-06-30": -60.7, "2009-03-31": 0.1, "2008-12-31": "0.60000", "2008-09-30": 0.5, "2008-06-30": 2.9, "2008-03-31": 0, "2007-12-31": "", "2007-09-30": 0, "2007-06-30": 0, "2007-03-31": 0, "2006-12-31": "", "2006-09-30": 0, "2006-06-30": 0, "2006-03-31": 0, "2005-12-31": "", "2005-09-30": 0, "2005-06-30": 0, "2005-03-31": 0}, "Cash Flow From Investing Activities": {"2020-12-31": "-91.40000", "2020-09-30": -65.7, "2020-06-30": -65.8, "2020-03-31": -16.8, "2019-12-31": "-17.80000", "2019-09-30": -67.7, "2019-06-30": -5.2, "2019-03-31": -10.7, "2018-12-31": "-310.40000", "2018-09-30": 11.5, "2018-06-30": -23.9, "2018-03-31": 192.4, "2017-12-31": "-161.00000", "2017-09-30": -43, "2017-06-30": -47.6, "2017-03-31": -42.1, "2016-12-31": "-31.30000", "2016-09-30": -85.4, "2016-06-30": -20.5, "2016-03-31": 15.5, "2015-12-31": "-22.20000", "2015-09-30": 39.4, "2015-06-30": -105.5, "2015-03-31": -15.4, "2014-12-31": "-13.90000", "2014-09-30": -64.4, "2014-06-30": -146.7, "2014-03-31": -13.7, "2013-12-31": "-57.30000", "2013-09-30": -28.1, "2013-06-30": -29, "2013-03-31": 85.8, "2012-12-31": "152.20000", "2012-09-30": -131.7, "2012-06-30": -5.7, "2012-03-31": -3.2, "2011-12-31": "-2.40000", "2011-09-30": -8.8, "2011-06-30": -16.8, "2011-03-31": -0.5, "2010-12-31": "2.80000", "2010-09-30": 0.6, "2010-06-30": -116.7, "2010-03-31": -201.5, "2009-12-31": "-0.40000", "2009-09-30": 6.8, "2009-06-30": -62.4, "2009-03-31": -1.9, "2008-12-31": "-1.90000", "2008-09-30": 3, "2008-06-30": 0.6, "2008-03-31": -2.7, "2007-12-31": "-4.10000", "2007-09-30": -7.1, "2007-06-30": -8.4, "2007-03-31": -13.1, "2006-12-31": "-11.20000", "2006-09-30": -17.1, "2006-06-30": -31.1, "2006-03-31": -16.7, "2005-12-31": "-18.40000", "2005-09-30": -23.5, "2005-06-30": -15.9, "2005-03-31": -28.8}, "Net Long-Term Debt": {"2020-12-31": "94.00000", "2020-09-30": -3.5999, "2020-06-30": -5.6, "2020-03-31": 176.7, "2019-12-31": "495.70000", "2019-09-30": -150, "2019-06-30": -291.9001, "2019-03-31": -18.2, "2018-12-31": "302.20000", "2018-09-30": -3, "2018-06-30": -176.3, "2018-03-31": -127, "2017-12-31": "288.10000", "2017-09-30": -5.9, "2017-06-30": -350.9, "2017-03-31": -0.2, "2016-12-31": "-0.30000", "2016-09-30": -27.2, "2016-06-30": -364.6, "2016-03-31": -72, "2015-12-31": "-81.00000", "2015-09-30": 7.2, "2015-06-30": -124.7, "2015-03-31": 212.9, "2014-12-31": "39.10000", "2014-09-30": 218.3, "2014-06-30": 79, "2014-03-31": 389.2, "2013-12-31": "-55.80000", "2013-09-30": 412.9, "2013-06-30": -197.7, "2013-03-31": 666, "2012-12-31": "81.60000", "2012-09-30": 385.3, "2012-06-30": 328.7, "2012-03-31": 17.5, "2011-12-31": "16.90000", "2011-09-30": -182.6, "2011-06-30": -120.1, "2011-03-31": -57.6, "2010-12-31": "-129.00000", "2010-09-30": -197.1, "2010-06-30": -278.3, "2010-03-31": -293, "2009-12-31": "-233.70000", "2009-09-30": -81.2, "2009-06-30": 436.4, "2009-03-31": -546.4, "2008-12-31": "-277.50000", "2008-09-30": 80.3, "2008-06-30": -77.6, "2008-03-31": 21.6, "2007-12-31": "-647.40000", "2007-09-30": -530.9, "2007-06-30": -200.3, "2007-03-31": -45.9, "2006-12-31": "-939.10000", "2006-09-30": -138.5, "2006-06-30": 687.4001, "2006-03-31": 400.1999, "2005-12-31": "163.70000", "2005-09-30": 546.2, "2005-06-30": 21, "2005-03-31": 825.2}, "Net Current Debt": {"2020-12-31": "", "2020-09-30": 0, "2020-06-30": 0, "2020-03-31": 0, "2019-12-31": "", "2019-09-30": 0, "2019-06-30": 0, "2019-03-31": 0, "2018-12-31": "", "2018-09-30": 0, "2018-06-30": 0, "2018-03-31": 0, "2017-12-31": "", "2017-09-30": 0, "2017-06-30": 0, "2017-03-31": 0, "2016-12-31": "", "2016-09-30": 0, "2016-06-30": 0, "2016-03-31": 0, "2015-12-31": "", "2015-09-30": 0, "2015-06-30": 0, "2015-03-31": 0, "2014-12-31": "", "2014-09-30": 0, "2014-06-30": 0, "2014-03-31": 0, "2013-12-31": "", "2013-09-30": 0, "2013-06-30": 0, "2013-03-31": 0, "2012-12-31": "", "2012-09-30": 0, "2012-06-30": 0, "2012-03-31": 0, "2011-12-31": "", "2011-09-30": 0, "2011-06-30": 0, "2011-03-31": 0, "2010-12-31": "", "2010-09-30": 0, "2010-06-30": 0, "2010-03-31": 0, "2009-12-31": "", "2009-09-30": 0, "2009-06-30": 0, "2009-03-31": 0, "2008-12-31": "", "2008-09-30": 0, "2008-06-30": 0, "2008-03-31": 0, "2007-12-31": "", "2007-09-30": -18.8999, "2007-06-30": 18.8999, "2007-03-31": 0, "2006-12-31": "", "2006-09-30": 0, "2006-06-30": 0, "2006-03-31": 0, "2005-12-31": "", "2005-09-30": 0, "2005-06-30": 0, "2005-03-31": 0}, "Debt Issuance/Retirement Net - Total": {"2020-12-31": "94.00000", "2020-09-30": -3.5999, "2020-06-30": -5.6, "2020-03-31": 176.7, "2019-12-31": "495.70000", "2019-09-30": -150, "2019-06-30": -291.9001, "2019-03-31": -18.2, "2018-12-31": "302.20000", "2018-09-30": -3, "2018-06-30": -176.3, "2018-03-31": -127, "2017-12-31": "288.10000", "2017-09-30": -5.9, "2017-06-30": -350.9, "2017-03-31": -0.2, "2016-12-31": "-0.30000", "2016-09-30": -27.2, "2016-06-30": -364.6, "2016-03-31": -72, "2015-12-31": "-81.00000", "2015-09-30": 7.2, "2015-06-30": -124.7, "2015-03-31": 212.9, "2014-12-31": "39.10000", "2014-09-30": 218.3, "2014-06-30": 79, "2014-03-31": 389.2, "2013-12-31": "-55.80000", "2013-09-30": 412.9, "2013-06-30": -197.7, "2013-03-31": 666, "2012-12-31": "81.60000", "2012-09-30": 385.3, "2012-06-30": 328.7, "2012-03-31": 17.5, "2011-12-31": "16.90000", "2011-09-30": -182.6, "2011-06-30": -120.1, "2011-03-31": -57.6, "2010-12-31": "-129.00000", "2010-09-30": -197.1, "2010-06-30": -278.3, "2010-03-31": -293, "2009-12-31": "-233.70000", "2009-09-30": -81.2, "2009-06-30": 436.4, "2009-03-31": -546.4, "2008-12-31": "-277.50000", "2008-09-30": 80.3, "2008-06-30": -77.6, "2008-03-31": 21.6, "2007-12-31": "-647.40000", "2007-09-30": -549.8, "2007-06-30": -181.4, "2007-03-31": -45.9, "2006-12-31": "-939.10000", "2006-09-30": -138.5, "2006-06-30": 687.4001, "2006-03-31": 400.1999, "2005-12-31": "163.70000", "2005-09-30": 546.2, "2005-06-30": 21, "2005-03-31": 825.2}, "Net Common Equity Issued/Repurchased": {"2020-12-31": "-53.80000", "2020-09-30": 0, "2020-06-30": 0, "2020-03-31": -197.3, "2019-12-31": "-163.10000", "2019-09-30": -17.6, "2019-06-30": -145.3, "2019-03-31": -75.6, "2018-12-31": "-140.60000", "2018-09-30": -52.6, "2018-06-30": -27, "2018-03-31": -22.5, "2017-12-31": "-25.40000", "2017-09-30": 0, "2017-06-30": -69.3, "2017-03-31": 8.7, "2016-12-31": "", "2016-09-30": 0, "2016-06-30": 0, "2016-03-31": 0, "2015-12-31": "", "2015-09-30": 0, "2015-06-30": 0, "2015-03-31": 0, "2014-12-31": "", "2014-09-30": 0, "2014-06-30": 0, "2014-03-31": 0, "2013-12-31": "", "2013-09-30": 0, "2013-06-30": 0, "2013-03-31": 0, "2012-12-31": "", "2012-09-30": 0, "2012-06-30": 0, "2012-03-31": 0, "2011-12-31": "", "2011-09-30": 0, "2011-06-30": -38.6, "2011-03-31": 0, "2010-12-31": "", "2010-09-30": 0, "2010-06-30": 0, "2010-03-31": 0, "2009-12-31": "", "2009-09-30": 0, "2009-06-30": 0, "2009-03-31": 0, "2008-12-31": "", "2008-09-30": 0, "2008-06-30": 0, "2008-03-31": 0, "2007-12-31": "", "2007-09-30": 0, "2007-06-30": 0, "2007-03-31": 0, "2006-12-31": "", "2006-09-30": 0, "2006-06-30": 0, "2006-03-31": 0, "2005-12-31": "-36.80000", "2005-09-30": 0, "2005-06-30": 0, "2005-03-31": 0}, "Net Total Equity Issued/Repurchased": {"2020-12-31": "-53.80000", "2020-09-30": 0, "2020-06-30": 0, "2020-03-31": -197.3, "2019-12-31": "-163.10000", "2019-09-30": -17.6, "2019-06-30": -145.3, "2019-03-31": -75.6, "2018-12-31": "-140.60000", "2018-09-30": -52.6, "2018-06-30": -27, "2018-03-31": -22.5, "2017-12-31": "-25.40000", "2017-09-30": 0, "2017-06-30": -69.3, "2017-03-31": 8.7, "2016-12-31": "", "2016-09-30": 0, "2016-06-30": 0, "2016-03-31": 0, "2015-12-31": "", "2015-09-30": 0, "2015-06-30": 0, "2015-03-31": 0, "2014-12-31": "", "2014-09-30": 0, "2014-06-30": 0, "2014-03-31": 0, "2013-12-31": "", "2013-09-30": 0, "2013-06-30": 0, "2013-03-31": 0, "2012-12-31": "", "2012-09-30": 0, "2012-06-30": 0, "2012-03-31": 0, "2011-12-31": "", "2011-09-30": 0, "2011-06-30": -38.6, "2011-03-31": 0, "2010-12-31": "", "2010-09-30": 0, "2010-06-30": 0, "2010-03-31": 0, "2009-12-31": "", "2009-09-30": 0, "2009-06-30": 0, "2009-03-31": 0, "2008-12-31": "", "2008-09-30": 0, "2008-06-30": 0, "2008-03-31": 0, "2007-12-31": "", "2007-09-30": 0, "2007-06-30": 0, "2007-03-31": 0, "2006-12-31": "", "2006-09-30": 0, "2006-06-30": 0, "2006-03-31": 0, "2005-12-31": "-36.80000", "2005-09-30": 0, "2005-06-30": 0, "2005-03-31": 0}, "Total Common And Preferred Stock Dividends Paid": {"2020-12-31": "-73.00000", "2020-09-30": -63.7, "2020-06-30": -63.9, "2020-03-31": -64.1, "2019-12-31": "-65.00000", "2019-09-30": -55.5, "2019-06-30": -56.2, "2019-03-31": -59.1, "2018-12-31": "-56.50000", "2018-09-30": -48.1, "2018-06-30": -47.4, "2018-03-31": -47.4, "2017-12-31": "-48.70000", "2017-09-30": -37.4, "2017-06-30": -37.5, "2017-03-31": -37.4, "2016-12-31": "-37.30000", "2016-09-30": -29.8, "2016-06-30": -29.7, "2016-03-31": -29.6, "2015-12-31": "-29.60000", "2015-09-30": -23, "2015-06-30": -22.9, "2015-03-31": -22.9, "2014-12-31": "-22.80000", "2014-09-30": -22.8, "2014-06-30": -13.7, "2014-03-31": -12.1, "2013-12-31": "", "2013-09-30": 0, "2013-06-30": 0, "2013-03-31": 0, "2012-12-31": "-60.20000", "2012-09-30": -12, "2012-06-30": -12, "2012-03-31": -11.9, "2011-12-31": "-11.90000", "2011-09-30": -11.9, "2011-06-30": -11.9, "2011-03-31": -12, "2010-12-31": "-12.00000", "2010-09-30": -11.9, "2010-06-30": -12, "2010-03-31": -11.9, "2009-12-31": "-11.90000", "2009-09-30": -11.9, "2009-06-30": -11.8, "2009-03-31": -11.9, "2008-12-31": "-11.90000", "2008-09-30": -23.8, "2008-06-30": -23.7, "2008-03-31": -47.2, "2007-12-31": "-47.30000", "2007-09-30": -47.2, "2007-06-30": -47.1, "2007-03-31": -47.1, "2006-12-31": "-47.00000", "2006-09-30": -47, "2006-06-30": -31.2, "2006-03-31": -31.2, "2005-12-31": "-28.20000", "2005-09-30": -28.2, "2005-06-30": -28.1, "2005-03-31": -40.2}, "Financial Activities - Other": {"2020-12-31": "-188.90000", "2020-09-30": -32.3, "2020-06-30": -13.3, "2020-03-31": 324.2, "2019-12-31": "-54.10000", "2019-09-30": 108.1, "2019-06-30": 110.3, "2019-03-31": 215.1, "2018-12-31": "-159.30000", "2018-09-30": 122.6, "2018-06-30": 40, "2018-03-31": 120.5, "2017-12-31": "-28.30000", "2017-09-30": -37.2, "2017-06-30": 74.5, "2017-03-31": 21.4, "2016-12-31": "-55.80000", "2016-09-30": 3.5, "2016-06-30": 35.8, "2016-03-31": 13.1, "2015-12-31": "19.20000", "2015-09-30": 42.8, "2015-06-30": 3.6, "2015-03-31": 21.9, "2014-12-31": "5.80000", "2014-09-30": 1.1, "2014-06-30": 13.2, "2014-03-31": 27.3, "2013-12-31": "4.20000", "2013-09-30": 8.5, "2013-06-30": 10.2, "2013-03-31": 15.6, "2012-12-31": "2.10000", "2012-09-30": 20.6, "2012-06-30": 8.7, "2012-03-31": 17, "2011-12-31": "4.60000", "2011-09-30": 0.7, "2011-06-30": 1.5, "2011-03-31": 0.7, "2010-12-31": "0.50000", "2010-09-30": 2.9, "2010-06-30": 0.6, "2010-03-31": 2, "2009-12-31": "4.90000", "2009-09-30": 2.1, "2009-06-30": 0.8, "2009-03-31": 1.4, "2008-12-31": "0.10000", "2008-09-30": -2.4, "2008-06-30": 3.5, "2008-03-31": 7.8, "2007-12-31": "0.60000", "2007-09-30": 4.6, "2007-06-30": 5.7, "2007-03-31": 6.6, "2006-12-31": "254.00000", "2006-09-30": -243.2, "2006-06-30": 5.2, "2006-03-31": 3.8, "2005-12-31": "7.70000", "2005-09-30": 3.3, "2005-06-30": 8.8, "2005-03-31": 12.7}, "Cash Flow From Financial Activities": {"2020-12-31": "-221.70000", "2020-09-30": -99.6, "2020-06-30": -82.8, "2020-03-31": 239.5, "2019-12-31": "213.50000", "2019-09-30": -115, "2019-06-30": -383.1, "2019-03-31": 62.2, "2018-12-31": "-54.20000", "2018-09-30": 18.9, "2018-06-30": -210.7, "2018-03-31": -76.4, "2017-12-31": "185.70000", "2017-09-30": -80.5, "2017-06-30": -383.2, "2017-03-31": -7.5, "2016-12-31": "-93.40000", "2016-09-30": -53.5, "2016-06-30": -358.5, "2016-03-31": -88.5, "2015-12-31": "-91.40000", "2015-09-30": 27, "2015-06-30": -144, "2015-03-31": 211.9, "2014-12-31": "22.10000", "2014-09-30": 196.6, "2014-06-30": 78.5, "2014-03-31": 404.4, "2013-12-31": "-51.60000", "2013-09-30": 421.4, "2013-06-30": -187.5, "2013-03-31": 681.6, "2012-12-31": "23.50000", "2012-09-30": 393.9, "2012-06-30": 325.4, "2012-03-31": 22.6, "2011-12-31": "9.60000", "2011-09-30": -193.8, "2011-06-30": -169.1, "2011-03-31": -68.9, "2010-12-31": "-140.50000", "2010-09-30": -206.1, "2010-06-30": -289.7, "2010-03-31": -302.9, "2009-12-31": "-240.70000", "2009-09-30": -91, "2009-06-30": 425.4, "2009-03-31": -556.9, "2008-12-31": "-289.30000", "2008-09-30": 54.1, "2008-06-30": -97.8, "2008-03-31": -17.8, "2007-12-31": "-694.10000", "2007-09-30": -592.4, "2007-06-30": -222.8, "2007-03-31": -86.4, "2006-12-31": "-732.10000", "2006-09-30": -428.7, "2006-06-30": 661.4, "2006-03-31": 372.8, "2005-12-31": "106.40000", "2005-09-30": 521.3, "2005-06-30": 1.7, "2005-03-31": 797.7}, "Net Cash Flow": {"2020-12-31": "-565.20000", "2020-09-30": 667.4, "2020-06-30": 835.4, "2020-03-31": -58.6, "2019-12-31": "81.90000", "2019-09-30": 628.7, "2019-06-30": 154.1, "2019-03-31": -37.1, "2018-12-31": "-737.70000", "2018-09-30": 269.1, "2018-06-30": 170.7, "2018-03-31": 92.2, "2017-12-31": "-50.30000", "2017-09-30": 502.4, "2017-06-30": -480.8, "2017-03-31": -157.1, "2016-12-31": "-152.90000", "2016-09-30": 396.4, "2016-06-30": -317.3, "2016-03-31": -44.6, "2015-12-31": "-115.10000", "2015-09-30": 578.2, "2015-06-30": 107.9, "2015-03-31": 156.7, "2014-12-31": "-120.80000", "2014-09-30": 44.5, "2014-06-30": -376.1, "2014-03-31": 132.6, "2013-12-31": "-116.60000", "2013-09-30": 300.3, "2013-06-30": -512.5, "2013-03-31": 583.6, "2012-12-31": "-480.80000", "2012-09-30": 144, "2012-06-30": 225.1, "2012-03-31": -58.3, "2011-12-31": "5.50000", "2011-09-30": -108.4, "2011-06-30": -240.1, "2011-03-31": -140, "2010-12-31": "-88.20000", "2010-09-30": -83.2, "2010-06-30": -247.1, "2010-03-31": -296.6, "2009-12-31": "-21.10000", "2009-09-30": -45, "2009-06-30": 487.1, "2009-03-31": -397.9, "2008-12-31": "525.80000", "2008-09-30": 536.1, "2008-06-30": 290.3, "2008-03-31": 431.8, "2007-12-31": "-140.50000", "2007-09-30": 208.8, "2007-06-30": -157.8, "2007-03-31": 78.8, "2006-12-31": "-447.80000", "2006-09-30": 427.5, "2006-06-30": -118.1, "2006-03-31": 53, "2005-12-31": "-924.60000", "2005-09-30": 978, "2005-06-30": -401, "2005-03-31": 54.8}, "Stock-Based Compensation": {"2020-12-31": "21.70000", "2020-09-30": 18.6, "2020-06-30": 21.3, "2020-03-31": 21.3, "2019-12-31": "16.60000", "2019-09-30": 19.3, "2019-06-30": 18, "2019-03-31": 17.8, "2018-12-31": "18.10000", "2018-09-30": 9.5, "2018-06-30": 15.3, "2018-03-31": 17.4, "2017-12-31": "13.60000", "2017-09-30": 18.8, "2017-06-30": 14.3, "2017-03-31": 16.8, "2016-12-31": "9.30000", "2016-09-30": 12.2, "2016-06-30": 12.5, "2016-03-31": 13.9, "2015-12-31": "10.40000", "2015-09-30": 10.5, "2015-06-30": 9.3, "2015-03-31": 11, "2014-12-31": "11.40000", "2014-09-30": 8.6, "2014-06-30": 6.8, "2014-03-31": 5.4, "2013-12-31": "5.40000", "2013-09-30": 5.9, "2013-06-30": 5.5, "2013-03-31": 4.1, "2012-12-31": "3.50000", "2012-09-30": 3.8, "2012-06-30": 4.2, "2012-03-31": 5.1, "2011-12-31": "5.00000", "2011-09-30": 4.3, "2011-06-30": 3.3, "2011-03-31": 3.2, "2010-12-31": "3.40000", "2010-09-30": 3.6, "2010-06-30": 3.2, "2010-03-31": 3.3, "2009-12-31": "3.20000", "2009-09-30": 3.7, "2009-06-30": 3.6, "2009-03-31": 3.4, "2008-12-31": "3.00000", "2008-09-30": 3.9, "2008-06-30": 3.9, "2008-03-31": 3, "2007-12-31": "2.70000", "2007-09-30": 3.3, "2007-06-30": 3, "2007-03-31": 3.1, "2006-12-31": "3.00000", "2006-09-30": 3.7, "2006-06-30": 3.2, "2006-03-31": 2.4, "2005-12-31": "2.50000", "2005-09-30": 0, "2005-06-30": 0, "2005-03-31": 0}, "Common Stock Dividends Paid": {"2020-12-31": "-73.00000", "2020-09-30": -63.7, "2020-06-30": -63.9, "2020-03-31": -64.1, "2019-12-31": "-65.00000", "2019-09-30": -55.5, "2019-06-30": -56.2, "2019-03-31": -59.1, "2018-12-31": "-56.50000", "2018-09-30": -48.1, "2018-06-30": -47.4, "2018-03-31": -47.4, "2017-12-31": "-48.70000", "2017-09-30": -37.4, "2017-06-30": -37.5, "2017-03-31": -37.4, "2016-12-31": "-37.30000", "2016-09-30": -29.8, "2016-06-30": -29.7, "2016-03-31": -29.6, "2015-12-31": "-29.60000", "2015-09-30": -23, "2015-06-30": -22.9, "2015-03-31": -22.9, "2014-12-31": "-22.80000", "2014-09-30": -22.8, "2014-06-30": -13.7, "2014-03-31": -12.1, "2013-12-31": "", "2013-09-30": 0, "2013-06-30": 0, "2013-03-31": 0, "2012-12-31": "-60.20000", "2012-09-30": -12, "2012-06-30": -12, "2012-03-31": -11.9, "2011-12-31": "-11.90000", "2011-09-30": -11.9, "2011-06-30": -11.9, "2011-03-31": -12, "2010-12-31": "-12.00000", "2010-09-30": -11.9, "2010-06-30": -12, "2010-03-31": -11.9, "2009-12-31": "-11.90000", "2009-09-30": -11.9, "2009-06-30": -11.8, "2009-03-31": -11.9, "2008-12-31": "-11.90000", "2008-09-30": -23.8, "2008-06-30": -23.7, "2008-03-31": -47.2, "2007-12-31": "-47.30000", "2007-09-30": -47.2, "2007-06-30": -47.1, "2007-03-31": -47.1, "2006-12-31": "-47.00000", "2006-09-30": -47, "2006-06-30": -31.2, "2006-03-31": -31.2, "2005-12-31": "-28.20000", "2005-09-30": -28.2, "2005-06-30": -28.1, "2005-03-31": -40.2}}, "financial ratios": {"Current Ratio": {"2020-09-30": "6.70250", "2019-09-30": "7.25280", "2018-09-30": "7.24650", "2017-09-30": "6.93030", "2016-09-30": "6.89660", "2015-09-30": "6.80800", "2014-09-30": "6.32090", "2013-09-30": "5.94690", "2012-09-30": "5.10160", "2011-09-30": "4.69330", "2010-09-30": "4.70280", "2009-09-30": "5.11450", "2008-09-30": "5.30940", "2007-09-30": "5.30160", "2006-09-30": "3.91070", "2005-09-30": "3.34090"}, "Long-term Debt / Capital": {"2020-09-30": "0.26110", "2019-09-30": "0.24820", "2018-09-30": "0.25910", "2017-09-30": "0.27040", "2016-09-30": "0.32500", "2015-09-30": "0.39270", "2014-09-30": "0.41720", "2013-09-30": "0.46350", "2012-09-30": "0.40950", "2011-09-30": "0.39380", "2010-09-30": "0.45300", "2009-09-30": "0.56710", "2008-09-30": "0.56940", "2007-09-30": "0.41660", "2006-09-30": "0.43100", "2005-09-30": "0.40580"}, "Debt/Equity Ratio": {"2020-09-30": "0.35340", "2019-09-30": "0.33020", "2018-09-30": "0.34980", "2017-09-30": "0.37060", "2016-09-30": "0.48160", "2015-09-30": "0.64650", "2014-09-30": "0.71600", "2013-09-30": "0.86400", "2012-09-30": "0.69350", "2011-09-30": "0.64970", "2010-09-30": "0.82800", "2009-09-30": "1.31020", "2008-09-30": "1.32250", "2007-09-30": "0.78340", "2006-09-30": "0.94200", "2005-09-30": "0.91590"}, "Gross Margin": {"2020-09-30": "24.31130", "2019-09-30": "22.00890", "2018-09-30": "22.83980", "2017-09-30": "21.63230", "2016-09-30": "21.83690", "2015-09-30": "21.14100", "2014-09-30": "21.88560", "2013-09-30": "22.45940", "2012-09-30": "19.78870", "2011-09-30": "16.86920", "2010-09-30": "17.55830", "2009-09-30": "3.25080", "2008-09-30": "-24.66710", "2007-09-30": "6.97380", "2006-09-30": "23.89100", "2005-09-30": "26.73600"}, "Operating Margin": {"2020-09-30": "14.23260", "2019-09-30": "11.59560", "2018-09-30": "12.42160", "2017-09-30": "11.18870", "2016-09-30": "10.91760", "2015-09-30": "10.09330", "2014-09-30": "9.85560", "2013-09-30": "10.21680", "2012-09-30": "5.68210", "2011-09-30": "1.57280", "2010-09-30": "3.91350", "2009-09-30": "-13.18350", "2008-09-30": "-39.28170", "2007-09-30": "-8.68940", "2006-09-30": "12.87000", "2005-09-30": "16.82380"}, "EBIT Margin": {"2020-09-30": "14.23260", "2019-09-30": "11.59560", "2018-09-30": "12.42160", "2017-09-30": "11.18870", "2016-09-30": "10.91760", "2015-09-30": "10.09330", "2014-09-30": "9.85560", "2013-09-30": "10.21680", "2012-09-30": "5.68210", "2011-09-30": "1.57280", "2010-09-30": "3.91350", "2009-09-30": "-13.18350", "2008-09-30": "-39.28170", "2007-09-30": "-8.68940", "2006-09-30": "12.87000", "2005-09-30": "16.82380"}, "EBITDA Margin": {"2020-09-30": "14.67870", "2019-09-30": "12.06680", "2018-09-30": "12.87160", "2017-09-30": "11.61240", "2016-09-30": "11.52300", "2015-09-30": "10.73540", "2014-09-30": "10.67550", "2013-09-30": "11.21370", "2012-09-30": "7.04180", "2011-09-30": "3.14290", "2010-09-30": "5.03160", "2009-09-30": "-12.18280", "2008-09-30": "-37.17820", "2007-09-30": "-3.86400", "2006-09-30": "13.27990", "2005-09-30": "17.23570"}, "Pre-Tax Profit Margin": {"2020-09-30": "14.68660", "2019-09-30": "12.08040", "2018-09-30": "12.82050", "2017-09-30": "11.36970", "2016-09-30": "11.13310", "2015-09-30": "10.37880", "2014-09-30": "10.14590", "2013-09-30": "10.50920", "2012-09-30": "5.57880", "2011-09-30": "0.33270", "2010-09-30": "2.26130", "2009-09-30": "-15.22310", "2008-09-30": "-39.59920", "2007-09-30": "-8.42030", "2006-09-30": "13.20220", "2005-09-30": "17.15700"}, "Net Profit Margin": {"2020-09-30": "11.68670", "2019-09-30": "9.19970", "2018-09-30": "9.08830", "2017-09-30": "7.36920", "2016-09-30": "7.29020", "2015-09-30": "6.93550", "2014-09-30": "6.64810", "2013-09-30": "7.39220", "2012-09-30": "21.96370", "2011-09-30": "1.97430", "2010-09-30": "5.57020", "2009-09-30": "-15.03170", "2008-09-30": "-39.62630", "2007-09-30": "-6.30730", "2006-09-30": "8.19400", "2005-09-30": "10.60680"}, "Asset Turnover": {"2020-09-30": "1.07400", "2019-09-30": "1.12730", "2018-09-30": "1.13840", "2017-09-30": "1.15650", "2016-09-30": "1.05180", "2015-09-30": "0.97070", "2014-09-30": "0.78790", "2013-09-30": "0.70680", "2012-09-30": "0.60070", "2011-09-30": "0.67870", "2010-09-30": "0.74090", "2009-09-30": "0.54130", "2008-09-30": "0.83590", "2007-09-30": "0.97750", "2006-09-30": "1.01560", "2005-09-30": "1.10780"}, "Inventory Turnover Ratio": {"2020-09-30": "1.25620", "2019-09-30": "1.21620", "2018-09-30": "1.19270", "2017-09-30": "1.19550", "2016-09-30": "1.13930", "2015-09-30": "1.09330", "2014-09-30": "0.81410", "2013-09-30": "0.78320", "2012-09-30": "0.83850", "2011-09-30": "0.87640", "2010-09-30": "1.05180", "2009-09-30": "0.96510", "2008-09-30": "1.76920", "2007-09-30": "1.12470", "2006-09-30": "1.00990", "2005-09-30": "1.19680"}, "Receiveable Turnover": {"2020-09-30": "", "2019-09-30": "", "2018-09-30": "", "2017-09-30": "", "2016-09-30": "", "2015-09-30": "", "2014-09-30": "", "2013-09-30": "", "2012-09-30": "302.36110", "2011-09-30": "293.29030", "2010-09-30": "275.01250", "2009-09-30": "12.47900", "2008-09-30": "9.82860", "2007-09-30": "", "2006-09-30": "", "2005-09-30": ""}, "Days Sales In Receivables": {"2020-09-30": "", "2019-09-30": "", "2018-09-30": "", "2017-09-30": "", "2016-09-30": "", "2015-09-30": "", "2014-09-30": "", "2013-09-30": "", "2012-09-30": "1.20720", "2011-09-30": "1.24450", "2010-09-30": "1.32720", "2009-09-30": "29.24910", "2008-09-30": "37.13650", "2007-09-30": "", "2006-09-30": "", "2005-09-30": ""}, "ROE - Return On Equity": {"2020-09-30": "19.63870", "2019-09-30": "15.72200", "2018-09-30": "15.96590", "2017-09-30": "13.40290", "2016-09-30": "13.04730", "2015-09-30": "12.73370", "2014-09-30": "10.42050", "2013-09-30": "11.39260", "2012-09-30": "26.60310", "2011-09-30": "2.73680", "2010-09-30": "9.34460", "2009-09-30": "-22.90260", "2008-09-30": "-92.91890", "2007-09-30": "-12.75310", "2006-09-30": "19.11230", "2005-09-30": "27.43270"}, "Return On Tangible Equity": {"2020-09-30": "19.90720", "2019-09-30": "15.97580", "2018-09-30": "16.15860", "2017-09-30": "13.54270", "2016-09-30": "13.20270", "2015-09-30": "12.92480", "2014-09-30": "10.61710", "2013-09-30": "11.50280", "2012-09-30": "26.89410", "2011-09-30": "2.75350", "2010-09-30": "9.40160", "2009-09-30": "-23.05530", "2008-09-30": "-93.44310", "2007-09-30": "-12.97440", "2006-09-30": "20.99590", "2005-09-30": "30.75400"}, "ROA - Return On Assets": {"2020-09-30": "12.58710", "2019-09-30": "10.37130", "2018-09-30": "10.36020", "2017-09-30": "8.52220", "2016-09-30": "7.66770", "2015-09-30": "6.73210", "2014-09-30": "5.23790", "2013-09-30": "5.22450", "2012-09-30": "13.19360", "2011-09-30": "1.34000", "2010-09-30": "4.12720", "2009-09-30": "-8.13700", "2008-09-30": "-33.12460", "2007-09-30": "-6.16550", "2006-09-30": "8.32150", "2005-09-30": "11.75010"}, "ROI - Return On Investment": {"2020-09-30": "14.51100", "2019-09-30": "11.81930", "2018-09-30": "11.82860", "2017-09-30": "9.77850", "2016-09-30": "8.80640", "2015-09-30": "7.73370", "2014-09-30": "6.07260", "2013-09-30": "6.11200", "2012-09-30": "15.70850", "2011-09-30": "1.65890", "2010-09-30": "5.11190", "2009-09-30": "-9.91360", "2008-09-30": "-40.00790", "2007-09-30": "-7.44060", "2006-09-30": "10.87590", "2005-09-30": "16.30180"}, "Book Value Per Share": {"2020-09-30": "33.30080", "2019-09-30": "27.94310", "2018-09-30": "24.34180", "2017-09-30": "20.66100", "2016-09-30": "18.21560", "2015-09-30": "15.99200", "2014-09-30": "14.04250", "2013-09-30": "12.57620", "2012-09-30": "11.20220", "2011-09-30": "8.30110", "2010-09-30": "8.22680", "2009-09-30": "7.56140", "2008-09-30": "8.95060", "2007-09-30": "17.74100", "2006-09-30": "20.60000", "2005-09-30": "17.12920"}, "Operating Cash Flow Per Share": {"2020-09-30": 1.4763, "2019-09-30": 0.9418, "2018-09-30": 0.2602, "2017-09-30": -0.5015, "2016-09-30": -0.2307, "2015-09-30": 3.6981, "2014-09-30": 1.5648, "2013-09-30": -2.555, "2012-09-30": -0.8732, "2011-09-30": -2.1673, "2010-09-30": -1.3745, "2009-09-30": -2.3428, "2008-09-30": 1.6284, "2007-09-30": 8.0815, "2006-09-30": -1.8147, "2005-09-30": -1.9513}, "Free Cash Flow Per Share": {"2020-09-30": 1.265, "2019-09-30": 0.3258, "2018-09-30": 1.0786, "2017-09-30": -0.6872, "2016-09-30": -0.4599, "2015-09-30": 3.9712, "2014-09-30": 1.4503, "2013-09-30": -2.6203, "2012-09-30": -0.9157, "2011-09-30": -2.1582, "2010-09-30": -1.4152, "2009-09-30": -2.3414, "2008-09-30": 1.7342, "2007-09-30": 8.2182, "2006-09-30": -1.8637, "2005-09-30": -2.1657}}, "financial ratios, quarterly": {"Current Ratio": {"2020-12-31": "6.28130", "2020-09-30": "6.70250", "2020-06-30": "6.81590", "2020-03-31": "7.24940", "2019-12-31": "7.12930", "2019-09-30": "7.25280", "2019-06-30": "6.91400", "2019-03-31": "7.26680", "2018-12-31": "6.85170", "2018-09-30": "7.24650", "2018-06-30": "7.06410", "2018-03-31": "7.36140", "2017-12-31": "7.02790", "2017-09-30": "6.93030", "2017-06-30": "6.63280", "2017-03-31": "7.18260", "2016-12-31": "6.90800", "2016-09-30": "6.89660", "2016-06-30": "6.62060", "2016-03-31": "7.25110", "2015-12-31": "7.14310", "2015-09-30": "6.80800", "2015-06-30": "6.72870", "2015-03-31": "6.95280", "2014-12-31": "6.67140", "2014-09-30": "6.32090", "2014-06-30": "6.44680", "2014-03-31": "7.02550", "2013-12-31": "6.08270", "2013-09-30": "5.94690", "2013-06-30": "5.38340", "2013-03-31": "5.69450", "2012-12-31": "5.29720", "2012-09-30": "5.10160", "2012-06-30": "5.04600", "2012-03-31": "4.84440", "2011-12-31": "4.93350", "2011-09-30": "4.69330", "2011-06-30": "4.84040", "2011-03-31": "5.07920", "2010-12-31": "4.77110", "2010-09-30": "4.70280", "2010-06-30": "4.69040", "2010-03-31": "4.78890", "2009-12-31": "5.15760", "2009-09-30": "5.11450", "2009-06-30": "6.95800", "2009-03-31": "6.55740", "2008-12-31": "7.16070", "2008-09-30": "5.30940", "2008-06-30": "6.28400", "2008-03-31": "6.26010", "2007-12-31": "6.73470", "2007-09-30": "5.30160", "2007-06-30": "5.21150", "2007-03-31": "5.27240", "2006-12-31": "5.08040", "2006-09-30": "3.91070", "2006-06-30": "4.80080", "2006-03-31": "4.66390", "2005-12-31": "4.11330", "2005-09-30": "3.34090", "2005-06-30": "4.04820", "2005-03-31": "4.49700"}, "Long-term Debt / Capital": {"2020-12-31": "0.24860", "2020-09-30": "0.26110", "2020-06-30": "0.27500", "2020-03-31": "0.28630", "2019-12-31": "0.26480", "2019-09-30": "0.24820", "2019-06-30": "0.26010", "2019-03-31": "0.27530", "2018-12-31": "0.26440", "2018-09-30": "0.25910", "2018-06-30": "0.26080", "2018-03-31": "0.27860", "2017-12-31": "0.28800", "2017-09-30": "0.27040", "2017-06-30": "0.28240", "2017-03-31": "0.30860", "2016-12-31": "0.31550", "2016-09-30": "0.32500", "2016-06-30": "0.33640", "2016-03-31": "0.36950", "2015-12-31": "0.38130", "2015-09-30": "0.39270", "2015-06-30": "0.40430", "2015-03-31": "0.42120", "2014-12-31": "0.41450", "2014-09-30": "0.41720", "2014-06-30": "0.40940", "2014-03-31": "0.47030", "2013-12-31": "0.45180", "2013-09-30": "0.46350", "2013-06-30": "0.44110", "2013-03-31": "0.46650", "2012-12-31": "0.41790", "2012-09-30": "0.40950", "2012-06-30": "0.37500", "2012-03-31": "0.39390", "2011-12-31": "0.39450", "2011-09-30": "0.39380", "2011-06-30": "0.42030", "2011-03-31": "0.43430", "2010-12-31": "0.44180", "2010-09-30": "0.45300", "2010-06-30": "0.45650", "2010-03-31": "0.49590", "2009-12-31": "0.52920", "2009-09-30": "0.56710", "2009-06-30": "0.56770", "2009-03-31": "0.52000", "2008-12-31": "0.55210", "2008-09-30": "0.56940", "2008-06-30": "0.49470", "2008-03-31": "0.46790", "2007-12-31": "0.40060", "2007-09-30": "0.41660", "2007-06-30": "0.44750", "2007-03-31": "0.41250", "2006-12-31": "0.41580", "2006-09-30": "0.43100", "2006-06-30": "0.46910", "2006-03-31": "0.44930", "2005-12-31": "0.43380", "2005-09-30": "0.40580", "2005-06-30": "0.43120", "2005-03-31": "0.46110"}, "Debt/Equity Ratio": {"2020-12-31": "0.33090", "2020-09-30": "0.35340", "2020-06-30": "0.37940", "2020-03-31": "0.40120", "2019-12-31": "0.36020", "2019-09-30": "0.33020", "2019-06-30": "0.35160", "2019-03-31": "0.37990", "2018-12-31": "0.35950", "2018-09-30": "0.34980", "2018-06-30": "0.35280", "2018-03-31": "0.38630", "2017-12-31": "0.40450", "2017-09-30": "0.37060", "2017-06-30": "0.39350", "2017-03-31": "0.44630", "2016-12-31": "0.46090", "2016-09-30": "0.48160", "2016-06-30": "0.50690", "2016-03-31": "0.58610", "2015-12-31": "0.61620", "2015-09-30": "0.64650", "2015-06-30": "0.67860", "2015-03-31": "0.72780", "2014-12-31": "0.70800", "2014-09-30": "0.71600", "2014-06-30": "0.69320", "2014-03-31": "0.88790", "2013-12-31": "0.82430", "2013-09-30": "0.86400", "2013-06-30": "0.78910", "2013-03-31": "0.87430", "2012-12-31": "0.71790", "2012-09-30": "0.69350", "2012-06-30": "0.60010", "2012-03-31": "0.64990", "2011-12-31": "0.65160", "2011-09-30": "0.64970", "2011-06-30": "0.72500", "2011-03-31": "0.76780", "2010-12-31": "0.79160", "2010-09-30": "0.82800", "2010-06-30": "0.83990", "2010-03-31": "0.98380", "2009-12-31": "1.12390", "2009-09-30": "1.31020", "2009-06-30": "1.31330", "2009-03-31": "1.08320", "2008-12-31": "1.23250", "2008-09-30": "1.32250", "2008-06-30": "1.00280", "2008-03-31": "0.91950", "2007-12-31": "0.68790", "2007-09-30": "0.78340", "2007-06-30": "0.86600", "2007-03-31": "0.78000", "2006-12-31": "0.78910", "2006-09-30": "0.94200", "2006-06-30": "1.00000", "2006-03-31": "0.92930", "2005-12-31": "0.91120", "2005-09-30": "0.91590", "2005-06-30": "0.90520", "2005-03-31": "0.97120"}, "Gross Margin": {"2020-12-31": "26.98120", "2020-09-30": "25.73120", "2020-06-30": "24.21710", "2020-03-31": "23.31560", "2019-12-31": "23.29200", "2019-09-30": "22.96930", "2019-06-30": "21.90450", "2019-03-31": "21.12050", "2018-12-31": "21.82150", "2018-09-30": "23.21930", "2018-06-30": "23.40540", "2018-03-31": "21.95430", "2017-12-31": "22.58230", "2017-09-30": "21.52390", "2017-06-30": "21.58930", "2017-03-31": "21.57290", "2016-12-31": "21.90970", "2016-09-30": "22.00100", "2016-06-30": "21.93450", "2016-03-31": "21.62650", "2015-12-31": "21.69340", "2015-09-30": "20.91980", "2015-06-30": "21.36370", "2015-03-31": "21.10090", "2014-12-31": "21.20210", "2014-09-30": "21.13820", "2014-06-30": "19.63200", "2014-03-31": "23.93080", "2013-12-31": "23.76390", "2013-09-30": "22.21740", "2013-06-30": "23.47590", "2013-03-31": "22.52030", "2012-12-31": "21.39440", "2012-09-30": "20.19910", "2012-06-30": "20.18260", "2012-03-31": "19.76700", "2011-12-31": "18.70730", "2011-09-30": "16.77140", "2011-06-30": "17.52400", "2011-03-31": "16.34940", "2010-12-31": "16.67090", "2010-09-30": "15.86890", "2010-06-30": "16.68440", "2010-03-31": "19.25560", "2009-12-31": "18.68930", "2009-09-30": "-4.80220", "2009-06-30": "1.09340", "2009-03-31": "7.37790", "2008-12-31": "10.96950", "2008-09-30": "-49.10790", "2008-06-30": "-10.42890", "2008-03-31": "-39.03070", "2007-12-31": "2.02570", "2007-09-30": "8.28420", "2007-06-30": "-14.71840", "2007-03-31": "15.29660", "2006-12-31": "17.46170", "2006-09-30": "18.40750", "2006-06-30": "23.54820", "2006-03-31": "27.09860", "2005-12-31": "29.57180", "2005-09-30": "26.17190", "2005-06-30": "27.75500", "2005-03-31": "26.65210"}, "Operating Margin": {"2020-12-31": "17.10660", "2020-09-30": "16.40370", "2020-06-30": "14.43040", "2020-03-31": "12.94220", "2019-12-31": "11.95560", "2019-09-30": "12.94730", "2019-06-30": "12.12110", "2019-03-31": "10.36160", "2018-12-31": "10.37510", "2018-09-30": "13.14230", "2018-06-30": "13.60000", "2018-03-31": "11.38960", "2017-12-31": "11.05410", "2017-09-30": "11.52170", "2017-06-30": "11.67250", "2017-03-31": "10.64810", "2016-12-31": "10.68800", "2016-09-30": "11.52040", "2016-06-30": "11.51340", "2016-03-31": "10.45560", "2015-12-31": "9.71690", "2015-09-30": "10.42050", "2015-06-30": "11.06820", "2015-03-31": "9.29520", "2014-12-31": "9.22440", "2014-09-30": "9.87740", "2014-06-30": "7.72240", "2014-03-31": "11.36020", "2013-12-31": "11.00200", "2013-09-30": "10.50120", "2013-06-30": "11.73200", "2013-03-31": "9.73040", "2012-12-31": "8.33660", "2012-09-30": "7.37910", "2012-06-30": "6.45220", "2012-03-31": "4.46320", "2011-12-31": "3.49660", "2011-09-30": "3.66020", "2011-06-30": "4.21340", "2011-03-31": "-2.47640", "2010-12-31": "-0.82470", "2010-09-30": "0.87520", "2010-06-30": "4.97120", "2010-03-31": "3.22930", "2009-12-31": "5.69690", "2009-09-30": "-19.81140", "2009-06-30": "-15.24280", "2009-03-31": "-11.14400", "2008-12-31": "-5.39220", "2008-09-30": "-64.74980", "2008-06-30": "-25.30390", "2008-03-31": "-52.97850", "2007-12-31": "-11.95340", "2007-09-30": "-16.65670", "2007-06-30": "-26.40010", "2007-03-31": "2.71620", "2006-12-31": "5.59620", "2006-09-30": "8.89860", "2006-06-30": "12.44620", "2006-03-31": "15.58260", "2005-12-31": "16.72350", "2005-09-30": "17.49170", "2005-06-30": "17.65180", "2005-03-31": "16.19220"}, "EBIT Margin": {"2020-12-31": "17.10660", "2020-09-30": "16.40370", "2020-06-30": "14.43040", "2020-03-31": "12.94220", "2019-12-31": "11.95560", "2019-09-30": "12.94730", "2019-06-30": "12.12110", "2019-03-31": "10.36160", "2018-12-31": "10.37510", "2018-09-30": "13.14230", "2018-06-30": "13.60000", "2018-03-31": "11.38960", "2017-12-31": "11.05410", "2017-09-30": "11.52170", "2017-06-30": "11.67250", "2017-03-31": "10.64810", "2016-12-31": "10.68800", "2016-09-30": "11.52040", "2016-06-30": "11.51340", "2016-03-31": "10.45560", "2015-12-31": "9.71690", "2015-09-30": "10.42050", "2015-06-30": "11.06820", "2015-03-31": "9.29520", "2014-12-31": "9.22440", "2014-09-30": "9.87740", "2014-06-30": "7.72240", "2014-03-31": "11.36020", "2013-12-31": "11.00200", "2013-09-30": "10.50110", "2013-06-30": "11.73200", "2013-03-31": "9.73040", "2012-12-31": "8.33660", "2012-09-30": "7.37910", "2012-06-30": "6.45220", "2012-03-31": "4.46320", "2011-12-31": "3.49660", "2011-09-30": "3.66020", "2011-06-30": "4.21340", "2011-03-31": "-2.47640", "2010-12-31": "-0.82470", "2010-09-30": "0.87520", "2010-06-30": "4.97120", "2010-03-31": "3.22930", "2009-12-31": "5.69690", "2009-09-30": "-19.81140", "2009-06-30": "-15.24280", "2009-03-31": "-11.14400", "2008-12-31": "-5.39220", "2008-09-30": "-64.74980", "2008-06-30": "-25.30390", "2008-03-31": "-52.97850", "2007-12-31": "-11.95340", "2007-09-30": "-16.65670", "2007-06-30": "-26.40010", "2007-03-31": "2.71620", "2006-12-31": "5.59620", "2006-09-30": "8.89860", "2006-06-30": "12.44620", "2006-03-31": "15.58260", "2005-12-31": "16.72350", "2005-09-30": "17.49170", "2005-06-30": "17.65180", "2005-03-31": "16.19220"}, "EBITDA Margin": {"2020-12-31": "", "2020-09-30": "", "2020-06-30": "", "2020-03-31": "", "2019-12-31": "", "2019-09-30": "", "2019-06-30": "", "2019-03-31": "", "2018-12-31": "", "2018-09-30": "", "2018-06-30": "", "2018-03-31": "", "2017-12-31": "", "2017-09-30": "", "2017-06-30": "", "2017-03-31": "", "2016-12-31": "", "2016-09-30": "", "2016-06-30": "", "2016-03-31": "", "2015-12-31": "", "2015-09-30": "", "2015-06-30": "", "2015-03-31": "", "2014-12-31": "", "2014-09-30": "", "2014-06-30": "", "2014-03-31": "", "2013-12-31": "", "2013-09-30": "", "2013-06-30": "", "2013-03-31": "", "2012-12-31": "", "2012-09-30": "", "2012-06-30": "", "2012-03-31": "", "2011-12-31": "", "2011-09-30": "", "2011-06-30": "", "2011-03-31": "", "2010-12-31": "", "2010-09-30": "", "2010-06-30": "", "2010-03-31": "", "2009-12-31": "", "2009-09-30": "", "2009-06-30": "", "2009-03-31": "", "2008-12-31": "", "2008-09-30": "", "2008-06-30": "", "2008-03-31": "", "2007-12-31": "", "2007-09-30": "", "2007-06-30": "", "2007-03-31": "", "2006-12-31": "", "2006-09-30": "", "2006-06-30": "", "2006-03-31": "", "2005-12-31": "", "2005-09-30": "", "2005-06-30": "", "2005-03-31": ""}, "Pre-Tax Profit Margin": {"2020-12-31": "17.43180", "2020-09-30": "16.49900", "2020-06-30": "14.51580", "2020-03-31": "13.80670", "2019-12-31": "13.01520", "2019-09-30": "13.10010", "2019-06-30": "12.77340", "2019-03-31": "11.20930", "2018-12-31": "10.67630", "2018-09-30": "13.49080", "2018-06-30": "13.89310", "2018-03-31": "11.72160", "2017-12-31": "11.73820", "2017-09-30": "11.67560", "2017-06-30": "11.77050", "2017-03-31": "10.88490", "2016-12-31": "10.95310", "2016-09-30": "11.57650", "2016-06-30": "11.71450", "2016-03-31": "10.85660", "2015-12-31": "9.98590", "2015-09-30": "10.67890", "2015-06-30": "11.31220", "2015-03-31": "9.59550", "2014-12-31": "9.58480", "2014-09-30": "10.14440", "2014-06-30": "8.00190", "2014-03-31": "11.63690", "2013-12-31": "11.35520", "2013-09-30": "10.89900", "2013-06-30": "12.11600", "2013-03-31": "9.92600", "2012-12-31": "8.46210", "2012-09-30": "7.42400", "2012-06-30": "6.27830", "2012-03-31": "4.40070", "2011-12-31": "3.22080", "2011-09-30": "3.08660", "2011-06-30": "2.89230", "2011-03-31": "-4.10070", "2010-12-31": "-2.52470", "2010-09-30": "-0.17920", "2010-06-30": "3.29280", "2010-03-31": "1.32460", "2009-12-31": "3.78030", "2009-09-30": "-22.27080", "2009-06-30": "-17.51530", "2009-03-31": "-13.23910", "2008-12-31": "-6.67760", "2008-09-30": "-65.37250", "2008-06-30": "-25.89130", "2008-03-31": "-53.38890", "2007-12-31": "-11.64350", "2007-09-30": "-3.15540", "2007-06-30": "-42.77740", "2007-03-31": "3.13760", "2006-12-31": "6.16810", "2006-09-30": "9.13000", "2006-06-30": "12.87420", "2006-03-31": "15.81610", "2005-12-31": "17.22640", "2005-09-30": "17.74480", "2005-06-30": "17.93370", "2005-03-31": "16.61630"}, "Net Profit Margin": {"2020-12-31": "13.34480", "2020-09-30": "12.95230", "2020-06-30": "11.70130", "2020-03-31": "10.72670", "2019-12-31": "10.72700", "2019-09-30": "10.02600", "2019-06-30": "9.67740", "2019-03-31": "8.50870", "2018-12-31": "8.16140", "2018-09-30": "10.34780", "2018-06-30": "10.23160", "2018-03-31": "9.24970", "2017-12-31": "5.68010", "2017-09-30": "7.53290", "2017-06-30": "7.65280", "2017-03-31": "7.04950", "2016-12-31": "7.12420", "2016-09-30": "7.58310", "2016-06-30": "7.72920", "2016-03-31": "7.04870", "2015-12-31": "6.52620", "2015-09-30": "7.53010", "2015-06-30": "7.50310", "2015-03-31": "6.16760", "2014-12-31": "6.18870", "2014-09-30": "6.72250", "2014-06-30": "5.26780", "2014-03-31": "7.55040", "2013-12-31": "7.37460", "2013-09-30": "7.49540", "2013-06-30": "8.62480", "2013-03-31": "7.75360", "2012-12-31": "5.19960", "2012-09-30": "7.49890", "2012-06-30": "68.50440", "2012-03-31": "4.22390", "2011-12-31": "3.05540", "2011-09-30": "3.25050", "2011-06-30": "2.87230", "2011-03-31": "3.70120", "2010-12-31": "-2.58820", "2010-09-30": "-0.92790", "2010-06-30": "3.59150", "2010-03-31": "1.24790", "2009-12-31": "16.95810", "2009-09-30": "-22.82490", "2009-06-30": "-15.41430", "2009-03-31": "-13.95890", "2008-12-31": "-6.81920", "2008-09-30": "-44.87770", "2008-06-30": "-27.27090", "2008-03-31": "-78.79780", "2007-12-31": "-7.39130", "2007-09-30": "-1.57930", "2007-06-30": "-31.70780", "2007-03-31": "1.94500", "2006-12-31": "3.82500", "2006-09-30": "5.68530", "2006-06-30": "7.98300", "2006-03-31": "9.80650", "2005-12-31": "10.68170", "2005-09-30": "11.06210", "2005-06-30": "11.02900", "2005-03-31": "10.22000"}, "Asset Turnover": {"2020-12-31": "0.30000", "2020-09-30": "0.33840", "2020-06-30": "0.29990", "2020-03-31": "0.26270", "2019-12-31": "0.24630", "2019-09-30": "0.32290", "2019-06-30": "0.32230", "2019-03-31": "0.27510", "2018-12-31": "0.24210", "2018-09-30": "0.31920", "2018-06-30": "0.32630", "2018-03-31": "0.28710", "2017-12-31": "0.25720", "2017-09-30": "0.34130", "2017-06-30": "0.31530", "2017-03-31": "0.27270", "2016-12-31": "0.24800", "2016-09-30": "0.32370", "2016-06-30": "0.28520", "2016-03-31": "0.24490", "2015-12-31": "0.21610", "2015-09-30": "0.28450", "2015-06-30": "0.27160", "2015-03-31": "0.22380", "2014-12-31": "0.22270", "2014-09-30": "0.24270", "2014-06-30": "0.22100", "2014-03-31": "0.18510", "2013-12-31": "0.18710", "2013-09-30": "0.21000", "2013-06-30": "0.20430", "2013-03-31": "0.17390", "2012-12-31": "0.17350", "2012-09-30": "0.18430", "2012-06-30": "0.17280", "2012-03-31": "0.17520", "2011-12-31": "0.16900", "2011-09-30": "0.20500", "2011-06-30": "0.18150", "2011-03-31": "0.13360", "2010-12-31": "0.13760", "2010-09-30": "0.15970", "2010-06-30": "0.22640", "2010-03-31": "0.14140", "2009-12-31": "0.16920", "2009-09-30": "0.15220", "2009-06-30": "0.13760", "2009-03-31": "0.12010", "2008-12-31": "0.12790", "2008-09-30": "0.22420", "2008-06-30": "0.17300", "2008-03-31": "0.18500", "2007-12-31": "0.16750", "2007-09-30": "0.27450", "2007-06-30": "0.20790", "2007-03-31": "0.19670", "2006-12-31": "0.20980", "2006-09-30": "0.32950", "2006-06-30": "0.25190", "2006-03-31": "0.26630", "2005-12-31": "0.22660", "2005-09-30": "0.40730", "2005-06-30": "0.30510", "2005-03-31": "0.27290"}, "Inventory Turnover Ratio": {"2020-12-31": "0.31910", "2020-09-30": "0.38840", "2020-06-30": "0.33650", "2020-03-31": "0.28230", "2019-12-31": "0.25920", "2019-09-30": "0.34400", "2019-06-30": "0.32740", "2019-03-31": "0.27320", "2018-12-31": "0.23730", "2018-09-30": "0.33280", "2018-06-30": "0.32970", "2018-03-31": "0.29190", "2017-12-31": "0.25700", "2017-09-30": "0.35330", "2017-06-30": "0.30990", "2017-03-31": "0.28210", "2016-12-31": "0.25940", "2016-09-30": "0.34990", "2016-06-30": "0.29670", "2016-03-31": "0.26400", "2015-12-31": "0.23390", "2015-09-30": "0.32140", "2015-06-30": "0.28610", "2015-03-31": "0.23250", "2014-12-31": "0.22710", "2014-09-30": "0.25320", "2014-06-30": "0.23390", "2014-03-31": "0.19460", "2013-12-31": "0.19610", "2013-09-30": "0.23340", "2013-06-30": "0.21910", "2013-03-31": "0.20830", "2012-12-31": "0.19990", "2012-09-30": "0.25600", "2012-06-30": "0.23770", "2012-03-31": "0.21210", "2011-12-31": "0.21180", "2011-09-30": "0.26500", "2011-06-30": "0.23540", "2011-03-31": "0.18090", "2010-12-31": "0.19250", "2010-09-30": "0.23130", "2010-06-30": "0.32860", "2010-03-31": "0.19600", "2009-12-31": "0.25680", "2009-09-30": "0.29400", "2009-06-30": "0.23820", "2009-03-31": "0.17290", "2008-12-31": "0.18470", "2008-09-30": "0.56750", "2008-06-30": "0.25280", "2008-03-31": "0.32600", "2007-12-31": "0.19880", "2007-09-30": "0.31140", "2007-06-30": "0.28150", "2007-03-31": "0.20090", "2006-12-31": "0.20870", "2006-09-30": "0.35120", "2006-06-30": "0.23360", "2006-03-31": "0.24170", "2005-12-31": "0.20300", "2005-09-30": "0.44340", "2005-06-30": "0.28240", "2005-03-31": "0.26620"}, "Receiveable Turnover": {"2020-12-31": "", "2020-09-30": "", "2020-06-30": "", "2020-03-31": "", "2019-12-31": "", "2019-09-30": "", "2019-06-30": "", "2019-03-31": "", "2018-12-31": "", "2018-09-30": "", "2018-06-30": "", "2018-03-31": "", "2017-12-31": "", "2017-09-30": "", "2017-06-30": "", "2017-03-31": "", "2016-12-31": "", "2016-09-30": "", "2016-06-30": "", "2016-03-31": "", "2015-12-31": "", "2015-09-30": "", "2015-06-30": "", "2015-03-31": "", "2014-12-31": "", "2014-09-30": "", "2014-06-30": "", "2014-03-31": "", "2013-12-31": "", "2013-09-30": "", "2013-06-30": "", "2013-03-31": "", "2012-12-31": "", "2012-09-30": "92.79170", "2012-06-30": "89.14730", "2012-03-31": "74.51160", "2011-12-31": "73.11290", "2011-09-30": "88.57260", "2011-06-30": "71.37140", "2011-03-31": "53.65000", "2010-12-31": "55.11890", "2010-09-30": "59.27500", "2010-06-30": "43.13190", "2010-03-31": "31.07140", "2009-12-31": "2.96620", "2009-09-30": "3.50970", "2009-06-30": "7.46920", "2009-03-31": "14.27520", "2008-12-31": "16.84400", "2008-09-30": "2.63590", "2008-06-30": "", "2008-03-31": "", "2007-12-31": "", "2007-09-30": "", "2007-06-30": "", "2007-03-31": "", "2006-12-31": "", "2006-09-30": "", "2006-06-30": "", "2006-03-31": "", "2005-12-31": "", "2005-09-30": "", "2005-06-30": "", "2005-03-31": ""}, "Days Sales In Receivables": {"2020-12-31": "", "2020-09-30": "", "2020-06-30": "", "2020-03-31": "", "2019-12-31": "", "2019-09-30": "", "2019-06-30": "", "2019-03-31": "", "2018-12-31": "", "2018-09-30": "", "2018-06-30": "", "2018-03-31": "", "2017-12-31": "", "2017-09-30": "", "2017-06-30": "", "2017-03-31": "", "2016-12-31": "", "2016-09-30": "", "2016-06-30": "", "2016-03-31": "", "2015-12-31": "", "2015-09-30": "", "2015-06-30": "", "2015-03-31": "", "2014-12-31": "", "2014-09-30": "", "2014-06-30": "", "2014-03-31": "", "2013-12-31": "", "2013-09-30": "", "2013-06-30": "", "2013-03-31": "", "2012-12-31": "", "2012-09-30": "0.96990", "2012-06-30": "1.00960", "2012-03-31": "1.20790", "2011-12-31": "1.23100", "2011-09-30": "1.01610", "2011-06-30": "1.26100", "2011-03-31": "1.67750", "2010-12-31": "1.63280", "2010-09-30": "1.51830", "2010-06-30": "2.08660", "2010-03-31": "2.89660", "2009-12-31": "30.34180", "2009-09-30": "25.64300", "2009-06-30": "12.04950", "2009-03-31": "6.30460", "2008-12-31": "5.34310", "2008-09-30": "34.14380", "2008-06-30": "", "2008-03-31": "", "2007-12-31": "", "2007-09-30": "", "2007-06-30": "", "2007-03-31": "", "2006-12-31": "", "2006-09-30": "", "2006-06-30": "", "2006-03-31": "", "2005-12-31": "", "2005-09-30": "", "2005-06-30": "", "2005-03-31": ""}, "ROE - Return On Equity": {"2020-12-31": "6.22700", "2020-09-30": "6.85640", "2020-06-30": "5.58750", "2020-03-31": "4.50870", "2019-12-31": "4.11790", "2019-09-30": "4.89460", "2019-06-30": "4.82540", "2019-03-31": "3.71720", "2018-12-31": "3.08340", "2018-09-30": "5.12070", "2018-06-30": "5.17340", "2018-03-31": "4.19020", "2017-12-31": "2.34380", "2017-09-30": "4.04380", "2017-06-30": "3.88610", "2017-03-31": "3.17450", "2016-12-31": "2.96340", "2016-09-30": "4.17640", "2016-06-30": "3.83550", "2016-03-31": "3.12210", "2015-12-31": "2.60210", "2015-09-30": "4.05230", "2015-06-30": "3.93180", "2015-03-31": "2.72830", "2014-12-31": "2.70720", "2014-09-30": "3.24630", "2014-06-30": "2.27570", "2014-03-31": "3.01180", "2013-12-31": "2.93340", "2013-09-30": "3.43230", "2013-06-30": "3.73640", "2013-03-31": "2.96500", "2012-12-31": "1.83500", "2012-09-30": "2.78740", "2012-06-30": "22.56270", "2012-03-31": "1.50200", "2011-12-31": "1.04440", "2011-09-30": "1.36080", "2011-06-30": "1.10660", "2011-03-31": "1.06500", "2010-12-31": "-0.78750", "2010-09-30": "-0.33550", "2010-06-30": "1.91520", "2010-03-31": "0.43950", "2009-12-31": "7.41540", "2009-09-30": "-9.78090", "2009-06-30": "-5.75730", "2009-03-31": "-4.10230", "2008-12-31": "-2.26570", "2008-09-30": "-28.22210", "2008-06-30": "-10.91640", "2008-03-31": "-32.05660", "2007-12-31": "-2.37900", "2007-09-30": "-0.89670", "2007-06-30": "-14.50940", "2007-03-31": "0.79060", "2006-12-31": "1.68130", "2006-09-30": "4.30190", "2006-06-30": "4.71190", "2006-03-31": "5.93540", "2005-12-31": "5.52480", "2005-09-30": "10.51790", "2005-06-30": "7.71110", "2005-03-31": "6.57810"}, "Return On Tangible Equity": {"2020-12-31": "6.30770", "2020-09-30": "6.95020", "2020-06-30": "5.66930", "2020-03-31": "4.57840", "2019-12-31": "4.18300", "2019-09-30": "4.97350", "2019-06-30": "4.90720", "2019-03-31": "3.78210", "2018-12-31": "3.13680", "2018-09-30": "5.18250", "2018-06-30": "5.23860", "2018-03-31": "4.24560", "2017-12-31": "2.37320", "2017-09-30": "4.08600", "2017-06-30": "3.92840", "2017-03-31": "3.21000", "2016-12-31": "2.99780", "2016-09-30": "4.22610", "2016-06-30": "3.88760", "2016-03-31": "3.16630", "2015-12-31": "2.64010", "2015-09-30": "4.11320", "2015-06-30": "4.00070", "2015-03-31": "2.77680", "2014-12-31": "2.75680", "2014-09-30": "3.30750", "2014-06-30": "2.32000", "2014-03-31": "3.04060", "2013-12-31": "2.96250", "2013-09-30": "3.46550", "2013-06-30": "3.77400", "2013-03-31": "2.99610", "2012-12-31": "1.85500", "2012-09-30": "2.81790", "2012-06-30": "22.66590", "2012-03-31": "1.51090", "2011-12-31": "1.05070", "2011-09-30": "1.36910", "2011-06-30": "1.11340", "2011-03-31": "1.07150", "2010-12-31": "-0.79230", "2010-09-30": "-0.33760", "2010-06-30": "1.92680", "2010-03-31": "0.44220", "2009-12-31": "7.46120", "2009-09-30": "-9.84610", "2009-06-30": "-5.79420", "2009-03-31": "-4.12710", "2008-12-31": "-2.27890", "2008-09-30": "-28.38140", "2008-06-30": "-11.20840", "2008-03-31": "-32.82460", "2007-12-31": "-2.42160", "2007-09-30": "-0.91230", "2007-06-30": "-14.91200", "2007-03-31": "0.86740", "2006-12-31": "1.84500", "2006-09-30": "4.72590", "2006-06-30": "5.19590", "2006-03-31": "6.57580", "2005-12-31": "6.16010", "2005-09-30": "11.79130", "2005-06-30": "8.76360", "2005-03-31": "7.55690"}, "ROA - Return On Assets": {"2020-12-31": "4.02010", "2020-09-30": "4.39450", "2020-06-30": "3.52120", "2020-03-31": "2.82550", "2019-12-31": "2.64970", "2019-09-30": "3.22880", "2019-06-30": "3.11090", "2019-03-31": "2.36160", "2018-12-31": "1.97240", "2018-09-30": "3.32280", "2018-06-30": "3.33760", "2018-03-31": "2.65390", "2017-12-31": "1.45710", "2017-09-30": "2.57130", "2017-06-30": "2.41290", "2017-03-31": "1.92260", "2016-12-31": "1.76650", "2016-09-30": "2.45440", "2016-06-30": "2.20410", "2016-03-31": "1.72650", "2015-12-31": "1.41060", "2015-09-30": "2.14240", "2015-06-30": "2.03800", "2015-03-31": "1.38060", "2014-12-31": "1.37830", "2014-09-30": "1.63170", "2014-06-30": "1.16400", "2014-03-31": "1.39770", "2013-12-31": "1.38010", "2013-09-30": "1.57400", "2013-06-30": "1.76180", "2013-03-31": "1.34830", "2012-12-31": "0.90240", "2012-09-30": "1.38240", "2012-06-30": "11.83420", "2012-03-31": "0.74020", "2011-12-31": "0.51650", "2011-09-30": "0.66620", "2011-06-30": "0.52140", "2011-03-31": "0.49450", "2010-12-31": "-0.35620", "2010-09-30": "-0.14820", "2010-06-30": "0.81300", "2010-03-31": "0.17650", "2009-12-31": "2.86910", "2009-09-30": "-3.47500", "2009-06-30": "-2.12110", "2009-03-31": "-1.67650", "2008-12-31": "-0.87250", "2008-09-30": "-10.06090", "2008-06-30": "-4.71730", "2008-03-31": "-14.57920", "2007-12-31": "-1.23830", "2007-09-30": "-0.43350", "2007-06-30": "-6.59360", "2007-03-31": "0.38270", "2006-12-31": "0.80260", "2006-09-30": "1.87310", "2006-06-30": "2.01100", "2006-03-31": "2.61120", "2005-12-31": "2.42010", "2005-09-30": "4.50510", "2005-06-30": "3.36550", "2005-03-31": "2.78920"}, "ROI - Return On Investment": {"2020-12-31": "4.67880", "2020-09-30": "5.06620", "2020-06-30": "4.05070", "2020-03-31": "3.21780", "2019-12-31": "3.02740", "2019-09-30": "3.67960", "2019-06-30": "3.57020", "2019-03-31": "2.69370", "2018-12-31": "2.26810", "2018-09-30": "3.79380", "2018-06-30": "3.82430", "2018-03-31": "3.02260", "2017-12-31": "1.66880", "2017-09-30": "2.95030", "2017-06-30": "2.78870", "2017-03-31": "2.19490", "2016-12-31": "2.02860", "2016-09-30": "2.81890", "2016-06-30": "2.54530", "2016-03-31": "1.96840", "2015-12-31": "1.61000", "2015-09-30": "2.46110", "2015-06-30": "2.34230", "2015-03-31": "1.57900", "2014-12-31": "1.58500", "2014-09-30": "1.89180", "2014-06-30": "1.34400", "2014-03-31": "1.59530", "2013-12-31": "1.60800", "2013-09-30": "1.84140", "2013-06-30": "2.08840", "2013-03-31": "1.58190", "2012-12-31": "1.06820", "2012-09-30": "1.64590", "2012-06-30": "14.10080", "2012-03-31": "0.91040", "2011-12-31": "0.63230", "2011-09-30": "0.82480", "2011-06-30": "0.64150", "2011-03-31": "0.60240", "2010-12-31": "-0.43950", "2010-09-30": "-0.18350", "2010-06-30": "1.04090", "2010-03-31": "0.22150", "2009-12-31": "3.49140", "2009-09-30": "-4.23380", "2009-06-30": "-2.48880", "2009-03-31": "-1.96920", "2008-12-31": "-1.01490", "2008-09-30": "-12.15160", "2008-06-30": "-5.51570", "2008-03-31": "-17.05860", "2007-12-31": "-1.42600", "2007-09-30": "-0.52320", "2007-06-30": "-8.01700", "2007-03-31": "0.46440", "2006-12-31": "0.98210", "2006-09-30": "2.44800", "2006-06-30": "2.50180", "2006-03-31": "3.26890", "2005-12-31": "3.12820", "2005-09-30": "6.25020", "2005-06-30": "4.38580", "2005-03-31": "3.54520"}, "Book Value Per Share": {"2020-12-31": "35.11720", "2020-09-30": "33.30080", "2020-06-30": "31.14980", "2020-03-31": "29.52870", "2019-12-31": "28.67510", "2019-09-30": "27.94310", "2019-06-30": "26.54430", "2019-03-31": "25.55120", "2018-12-31": "24.91200", "2018-09-30": "24.34180", "2018-06-30": "23.26280", "2018-03-31": "22.18250", "2017-12-31": "21.44140", "2017-09-30": "20.66100", "2017-06-30": "19.87230", "2017-03-31": "19.22640", "2016-12-31": "18.70100", "2016-09-30": "18.21560", "2016-06-30": "17.49940", "2016-03-31": "16.85590", "2015-12-31": "16.39180", "2015-09-30": "15.99200", "2015-06-30": "15.35440", "2015-03-31": "14.78960", "2014-12-31": "14.40790", "2014-09-30": "14.04250", "2014-06-30": "13.63810", "2014-03-31": "13.38090", "2013-12-31": "12.98300", "2013-09-30": "12.57620", "2013-06-30": "12.10500", "2013-03-31": "11.61720", "2012-12-31": "11.24650", "2012-09-30": "11.20220", "2012-06-30": "10.93990", "2012-03-31": "8.49010", "2011-12-31": "8.37380", "2011-09-30": "8.30110", "2011-06-30": "8.20850", "2011-03-31": "8.17380", "2010-12-31": "8.11380", "2010-09-30": "8.22680", "2010-06-30": "8.28530", "2010-03-31": "8.15210", "2009-12-31": "8.14540", "2009-09-30": "7.56140", "2009-06-30": "7.87940", "2009-03-31": "8.35430", "2008-12-31": "8.72500", "2008-09-30": "8.95060", "2008-06-30": "11.56400", "2008-03-31": "12.89490", "2007-12-31": "17.18880", "2007-09-30": "17.74100", "2007-06-30": "18.04540", "2007-03-31": "20.82030", "2006-12-31": "20.80210", "2006-09-30": "20.60000", "2006-06-30": "19.85850", "2006-03-31": "19.01780", "2005-12-31": "17.97850", "2005-09-30": "17.12920", "2005-06-30": "15.41630", "2005-03-31": "14.31870"}, "Operating Cash Flow Per Share": {"2020-12-31": "-0.68140", "2020-09-30": 2.2385, "2020-06-30": 2.6691, "2020-03-31": -0.7627, "2019-12-31": "-0.30480", "2019-09-30": 2.1497, "2019-06-30": 1.4365, "2019-03-31": -0.2408, "2018-12-31": "-0.98160", "2018-09-30": 0.6226, "2018-06-30": 1.0568, "2018-03-31": -0.062, "2017-12-31": "-0.19540", "2017-09-30": 1.6513, "2017-06-30": -0.1314, "2017-03-31": -0.2834, "2016-12-31": "-0.07470", "2016-09-30": 1.4276, "2016-06-30": 0.1637, "2016-03-31": 0.076, "2015-12-31": "-0.00400", "2015-09-30": 1.3847, "2015-06-30": 0.9663, "2015-03-31": -0.1066, "2014-12-31": "-0.35040", "2014-09-30": -0.2443, "2014-06-30": -0.8342, "2014-03-31": -0.7045, "2013-12-31": "-0.02110", "2013-09-30": -0.2609, "2013-06-30": -0.8083, "2013-03-31": -0.4966, "2012-12-31": "-1.80310", "2012-09-30": -0.3306, "2012-06-30": -0.2353, "2012-03-31": -0.2426, "2011-12-31": "-0.00540", "2011-09-30": 0.2954, "2011-06-30": -0.1701, "2011-03-31": -0.2211, "2010-12-31": "0.15510", "2010-09-30": 0.3867, "2010-06-30": 0.4988, "2010-03-31": 0.7233, "2009-12-31": "0.61780", "2009-09-30": 0.1237, "2009-06-30": 0.3906, "2009-03-31": 0.5071, "2008-12-31": "2.57970", "2008-09-30": 1.5214, "2008-06-30": 1.2202, "2008-03-31": 1.4318, "2007-12-31": "1.77050", "2007-09-30": 2.5745, "2007-06-30": 0.2421, "2007-03-31": 0.5626, "2006-12-31": "0.93630", "2006-09-30": 2.7701, "2006-06-30": -2.3817, "2006-03-31": -0.9661, "2005-12-31": "-3.18830", "2005-09-30": 1.5074, "2005-06-30": -1.2131, "2005-03-31": -2.2456}, "Free Cash Flow Per Share": {"2020-12-31": "-0.87240", "2020-09-30": 2.0608, "2020-06-30": 2.506, "2020-03-31": -0.7968, "2019-12-31": "-0.35400", "2019-09-30": 1.9841, "2019-06-30": 1.4272, "2019-03-31": -0.2229, "2018-12-31": "-1.03740", "2018-09-30": 0.6319, "2018-06-30": 0.9964, "2018-03-31": 0.4434, "2017-12-31": "-0.24650", "2017-09-30": 1.5089, "2017-06-30": -0.2524, "2017-03-31": -0.3764, "2016-12-31": "-0.13350", "2016-09-30": 1.3715, "2016-06-30": 0.0984, "2016-03-31": 0.0217, "2015-12-31": "-0.05780", "2015-09-30": 1.5013, "2015-06-30": 0.9143, "2015-03-31": -0.1408, "2014-12-31": "-0.38110", "2014-09-30": -0.382, "2014-06-30": -0.8803, "2014-03-31": -0.7438, "2013-12-31": "-0.07140", "2013-09-30": -0.3087, "2013-06-30": -0.8502, "2013-03-31": -0.5274, "2012-12-31": "-1.84150", "2012-09-30": -0.3581, "2012-06-30": -0.2842, "2012-03-31": -0.2522, "2011-12-31": "-0.01300", "2011-09-30": 0.2844, "2011-06-30": -0.1846, "2011-03-31": -0.2351, "2010-12-31": "0.14350", "2010-09-30": 0.3754, "2010-06-30": 0.4741, "2010-03-31": 0.7061, "2009-12-31": "0.61080", "2009-09-30": 0.1237, "2009-06-30": 0.3853, "2009-03-31": 0.5008, "2008-12-31": "2.57180", "2008-09-30": 1.5293, "2008-06-30": 1.213, "2008-03-31": 1.4232, "2007-12-31": "1.75750", "2007-09-30": 2.5518, "2007-06-30": 0.215, "2007-03-31": 0.5212, "2006-12-31": "0.90080", "2006-09-30": 2.7163, "2006-06-30": -2.4805, "2006-03-31": -1.019, "2005-12-31": "-3.24620", "2005-09-30": 1.4334, "2005-06-30": -1.2629, "2005-03-31": -2.3362}}, "revenue": {"D.R Horton Annual Revenue (Millions of US $)": {"2020": "$20,311", "2019": "$17,593", "2018": "$16,068", "2017": "$14,091", "2016": "$12,157", "2015": "$10,824", "2014": "$8,025", "2013": "$6,259", "2012": "$4,354", "2011": "$3,637", "2010": "$4,400", "2009": "$3,658", "2008": "$6,646", "2007": "$11,297", "2006": "$15,051", "2005": "$13,864"}, "D.R Horton Quarterly Revenue (Millions of US $)": {"2020-12-31": "$5,933", "2020-09-30": "$6,400", "2020-06-30": "$5,390", "2020-03-31": "$4,500", "2019-12-31": "$4,021", "2019-09-30": "$5,039", "2019-06-30": "$4,906", "2019-03-31": "$4,129", "2018-12-31": "$3,519", "2018-09-30": "$4,505", "2018-06-30": "$4,435", "2018-03-31": "$3,795", "2017-12-31": "$3,333", "2017-09-30": "$4,159", "2017-06-30": "$3,776", "2017-03-31": "$3,251", "2016-12-31": "$2,904", "2016-09-30": "$3,741", "2016-06-30": "$3,232", "2016-03-31": "$2,768", "2015-12-31": "$2,416", "2015-09-30": "$3,173", "2015-06-30": "$2,951", "2015-03-31": "$2,398", "2014-12-31": "$2,303", "2014-09-30": "$2,472", "2014-06-30": "$2,147", "2014-03-31": "$1,735", "2013-12-31": "$1,671", "2013-09-30": "$1,860", "2013-06-30": "$1,693", "2013-03-31": "$1,432", "2012-12-31": "$1,275", "2012-09-30": "$1,336", "2012-06-30": "$1,150", "2012-03-31": "$961", "2011-12-31": "$907", "2011-09-30": "$1,098", "2011-06-30": "$999", "2011-03-31": "$751", "2010-12-31": "$788", "2010-09-30": "$948", "2010-06-30": "$1,406", "2010-03-31": "$914", "2009-12-31": "$1,132", "2009-09-30": "$1,029", "2009-06-30": "$933", "2009-03-31": "$778", "2008-12-31": "$918", "2008-09-30": "$1,782", "2008-06-30": "$1,464", "2008-03-31": "$1,657", "2007-12-31": "$1,743", "2007-09-30": "$3,172", "2007-06-30": "$2,598", "2007-03-31": "$2,658", "2006-12-31": "$2,868", "2006-09-30": "$4,883", "2006-06-30": "$3,668", "2006-03-31": "$3,598", "2005-12-31": "$2,903", "2005-09-30": "$5,097", "2005-06-30": "$3,370", "2005-03-31": "$2,877"}}, "gross-profit": {"D.R Horton Annual Gross Profit (Millions of US $)": {"2020": "$4,938", "2019": "$3,872", "2018": "$3,670", "2017": "$3,048", "2016": "$2,655", "2015": "$2,288", "2014": "$1,756", "2013": "$1,406", "2012": "$862", "2011": "$614", "2010": "$773", "2009": "$119", "2008": "$-1,639", "2007": "$788", "2006": "$3,596", "2005": "$3,707"}, "D.R Horton Quarterly Gross Profit (Millions of US $)": {"2020-12-31": "$1,601", "2020-09-30": "$1,647", "2020-06-30": "$1,305", "2020-03-31": "$1,049", "2019-12-31": "$937", "2019-09-30": "$1,157", "2019-06-30": "$1,075", "2019-03-31": "$872", "2018-12-31": "$768", "2018-09-30": "$1,046", "2018-06-30": "$1,038", "2018-03-31": "$833", "2017-12-31": "$753", "2017-09-30": "$895", "2017-06-30": "$815", "2017-03-31": "$701", "2016-12-31": "$636", "2016-09-30": "$823", "2016-06-30": "$709", "2016-03-31": "$599", "2015-12-31": "$524", "2015-09-30": "$664", "2015-06-30": "$630", "2015-03-31": "$506", "2014-12-31": "$488", "2014-09-30": "$523", "2014-06-30": "$422", "2014-03-31": "$415", "2013-12-31": "$397", "2013-09-30": "$413", "2013-06-30": "$397", "2013-03-31": "$322", "2012-12-31": "$273", "2012-09-30": "$270", "2012-06-30": "$232", "2012-03-31": "$190", "2011-12-31": "$170", "2011-09-30": "$184", "2011-06-30": "$175", "2011-03-31": "$123", "2010-12-31": "$131", "2010-09-30": "$151", "2010-06-30": "$235", "2010-03-31": "$176", "2009-12-31": "$212", "2009-09-30": "$-49", "2009-06-30": "$10", "2009-03-31": "$57", "2008-12-31": "$101", "2008-09-30": "$-875", "2008-06-30": "$-153", "2008-03-31": "$-647", "2007-12-31": "$35", "2007-09-30": "$263", "2007-06-30": "$-382", "2007-03-31": "$407", "2006-12-31": "$501", "2006-09-30": "$899", "2006-06-30": "$864", "2006-03-31": "$975", "2005-12-31": "$859", "2005-09-30": "$1,334", "2005-06-30": "$935", "2005-03-31": "$767"}}, "operating-income": {"D.R Horton Annual Operating Income (Millions of US $)": {"2020": "$2,891", "2019": "$2,040", "2018": "$1,996", "2017": "$1,577", "2016": "$1,327", "2015": "$1,093", "2014": "$791", "2013": "$640", "2012": "$247", "2011": "$57", "2010": "$172", "2009": "$-482", "2008": "$-2,611", "2007": "$-982", "2006": "$1,937", "2005": "$2,332"}, "D.R Horton Quarterly Operating Income (Millions of US $)": {"2020-12-31": "$1,015", "2020-09-30": "$1,050", "2020-06-30": "$778", "2020-03-31": "$582", "2019-12-31": "$481", "2019-09-30": "$652", "2019-06-30": "$595", "2019-03-31": "$428", "2018-12-31": "$365", "2018-09-30": "$592", "2018-06-30": "$603", "2018-03-31": "$432", "2017-12-31": "$368", "2017-09-30": "$479", "2017-06-30": "$441", "2017-03-31": "$346", "2016-12-31": "$310", "2016-09-30": "$431", "2016-06-30": "$372", "2016-03-31": "$289", "2015-12-31": "$235", "2015-09-30": "$331", "2015-06-30": "$327", "2015-03-31": "$223", "2014-12-31": "$212", "2014-09-30": "$244", "2014-06-30": "$166", "2014-03-31": "$197", "2013-12-31": "$184", "2013-09-30": "$195", "2013-06-30": "$199", "2013-03-31": "$139", "2012-12-31": "$106", "2012-09-30": "$99", "2012-06-30": "$74", "2012-03-31": "$43", "2011-12-31": "$32", "2011-09-30": "$40", "2011-06-30": "$42", "2011-03-31": "$-19", "2010-12-31": "$-7", "2010-09-30": "$8", "2010-06-30": "$70", "2010-03-31": "$30", "2009-12-31": "$65", "2009-09-30": "$-204", "2009-06-30": "$-142", "2009-03-31": "$-87", "2008-12-31": "$-50", "2008-09-30": "$-1,154", "2008-06-30": "$-371", "2008-03-31": "$-878", "2007-12-31": "$-208", "2007-09-30": "$-528", "2007-06-30": "$-686", "2007-03-31": "$72", "2006-12-31": "$161", "2006-09-30": "$435", "2006-06-30": "$457", "2006-03-31": "$561", "2005-12-31": "$486", "2005-09-30": "$892", "2005-06-30": "$595", "2005-03-31": "$466"}}, "ebitda": {"D.R Horton Annual EBITDA (Millions of US $)": {"2020": "$2,981", "2019": "$2,123", "2018": "$2,068", "2017": "$1,636", "2016": "$1,401", "2015": "$1,162", "2014": "$857", "2013": "$702", "2012": "$307", "2011": "$114", "2010": "$221", "2009": "$-446", "2008": "$-2,471", "2007": "$-437", "2006": "$1,999", "2005": "$2,390"}, "D.R Horton Quarterly EBITDA (Millions of US $)": {"2020-12-31": "$1,038", "2020-09-30": "$1,075", "2020-06-30": "$798", "2020-03-31": "$605", "2019-12-31": "$503", "2019-09-30": "$675", "2019-06-30": "$616", "2019-03-31": "$448", "2018-12-31": "$385", "2018-09-30": "$612", "2018-06-30": "$621", "2018-03-31": "$450", "2017-12-31": "$386", "2017-09-30": "$495", "2017-06-30": "$455", "2017-03-31": "$360", "2016-12-31": "$326", "2016-09-30": "$459", "2016-06-30": "$387", "2016-03-31": "$305", "2015-12-31": "$250", "2015-09-30": "$356", "2015-06-30": "$342", "2015-03-31": "$237", "2014-12-31": "$226", "2014-09-30": "$258", "2014-06-30": "$180", "2014-03-31": "$217", "2013-12-31": "$202", "2013-09-30": "$212", "2013-06-30": "$214", "2013-03-31": "$154", "2012-12-31": "$122", "2012-09-30": "$114", "2012-06-30": "$89", "2012-03-31": "$58", "2011-12-31": "$47", "2011-09-30": "$55", "2011-06-30": "$57", "2011-03-31": "$-5", "2010-12-31": "$7", "2010-09-30": "$22", "2010-06-30": "$82", "2010-03-31": "$41", "2009-12-31": "$76", "2009-09-30": "$-194", "2009-06-30": "$-133", "2009-03-31": "$-79", "2008-12-31": "$-39", "2008-09-30": "$-1,062", "2008-06-30": "$-356", "2008-03-31": "$-862", "2007-12-31": "$-192", "2007-09-30": "$-462", "2007-06-30": "$-243", "2007-03-31": "$90", "2006-12-31": "$178", "2006-09-30": "$452", "2006-06-30": "$472", "2006-03-31": "$576", "2005-12-31": "$499", "2005-09-30": "$906", "2005-06-30": "$608", "2005-03-31": "$480"}}, "net-income": {"D.R Horton Annual Net Income (Millions of US $)": {"2020": "$2,374", "2019": "$1,619", "2018": "$1,460", "2017": "$1,038", "2016": "$886", "2015": "$751", "2014": "$534", "2013": "$463", "2012": "$956", "2011": "$72", "2010": "$245", "2009": "$-550", "2008": "$-2,634", "2007": "$-713", "2006": "$1,233", "2005": "$1,471"}, "D.R Horton Quarterly Net Income (Millions of US $)": {"2020-12-31": "$792", "2020-09-30": "$829", "2020-06-30": "$631", "2020-03-31": "$483", "2019-12-31": "$431", "2019-09-30": "$505", "2019-06-30": "$475", "2019-03-31": "$351", "2018-12-31": "$287", "2018-09-30": "$466", "2018-06-30": "$454", "2018-03-31": "$351", "2017-12-31": "$189", "2017-09-30": "$313", "2017-06-30": "$289", "2017-03-31": "$229", "2016-12-31": "$207", "2016-09-30": "$284", "2016-06-30": "$250", "2016-03-31": "$195", "2015-12-31": "$158", "2015-09-30": "$239", "2015-06-30": "$221", "2015-03-31": "$148", "2014-12-31": "$143", "2014-09-30": "$166", "2014-06-30": "$113", "2014-03-31": "$131", "2013-12-31": "$123", "2013-09-30": "$139", "2013-06-30": "$146", "2013-03-31": "$111", "2012-12-31": "$66", "2012-09-30": "$100", "2012-06-30": "$788", "2012-03-31": "$41", "2011-12-31": "$28", "2011-09-30": "$36", "2011-06-30": "$29", "2011-03-31": "$28", "2010-12-31": "$-20", "2010-09-30": "$-9", "2010-06-30": "$51", "2010-03-31": "$11", "2009-12-31": "$192", "2009-09-30": "$-235", "2009-06-30": "$-144", "2009-03-31": "$-109", "2008-12-31": "$-63", "2008-09-30": "$-800", "2008-06-30": "$-399", "2008-03-31": "$-1,306", "2007-12-31": "$-129", "2007-09-30": "$-50", "2007-06-30": "$-824", "2007-03-31": "$52", "2006-12-31": "$110", "2006-09-30": "$278", "2006-06-30": "$293", "2006-03-31": "$353", "2005-12-31": "$310", "2005-09-30": "$564", "2005-06-30": "$372", "2005-03-31": "$294"}}, "eps-earnings-per-share-diluted": {"D.R Horton Annual EPS": {"2020": "$6.41", "2019": "$4.29", "2018": "$3.81", "2017": "$2.74", "2016": "$2.36", "2015": "$2.03", "2014": "$1.50", "2013": "$1.33", "2012": "$2.77", "2011": "$0.23", "2010": "$0.77", "2009": "$-1.73", "2008": "$-8.34", "2007": "$-2.27", "2006": "$3.90", "2005": "$4.62"}, "D.R Horton Quarterly EPS": {"2020-12-31": "$2.14", "2020-09-30": "$2.23", "2020-06-30": "$1.72", "2020-03-31": "$1.30", "2019-12-31": "$1.16", "2019-09-30": "$1.34", "2019-06-30": "$1.26", "2019-03-31": "$0.93", "2018-12-31": "$0.76", "2018-09-30": "$1.23", "2018-06-30": "$1.18", "2018-03-31": "$0.91", "2017-12-31": "$0.49", "2017-09-30": "$0.83", "2017-06-30": "$0.76", "2017-03-31": "$0.60", "2016-12-31": "$0.55", "2016-09-30": "$0.76", "2016-06-30": "$0.66", "2016-03-31": "$0.52", "2015-12-31": "$0.42", "2015-09-30": "$0.64", "2015-06-30": "$0.60", "2015-03-31": "$0.40", "2014-12-31": "$0.39", "2014-09-30": "$0.44", "2014-06-30": "$0.32", "2014-03-31": "$0.38", "2013-12-31": "$0.36", "2013-09-30": "$0.39", "2013-06-30": "$0.42", "2013-03-31": "$0.32", "2012-12-31": "$0.20", "2012-09-30": "$0.33", "2012-06-30": "$2.22", "2012-03-31": "$0.13", "2011-12-31": "$0.09", "2011-09-30": "$0.11", "2011-06-30": "$0.09", "2011-03-31": "$0.09", "2010-12-31": "$-0.06", "2010-09-30": "$0.01", "2010-06-30": "$0.16", "2010-03-31": "$0.04", "2009-12-31": "$0.56", "2009-09-30": "$-0.74", "2009-06-30": "$-0.45", "2009-03-31": "$-0.34", "2008-12-31": "$-0.20", "2008-09-30": "$-2.53", "2008-06-30": "$-1.26", "2008-03-31": "$-4.14", "2007-12-31": "$-0.41", "2007-09-30": "$-0.16", "2007-06-30": "$-2.62", "2007-03-31": "$0.16", "2006-12-31": "$0.35", "2006-09-30": "$0.88", "2006-06-30": "$0.93", "2006-03-31": "$1.11", "2005-12-31": "$0.98", "2005-09-30": "$1.77", "2005-06-30": "$1.17", "2005-03-31": "$0.92"}}, "shares-outstanding": {"D.R Horton Annual Shares Outstanding (Millions of Shares)": {"2020": "370", "2019": "377", "2018": "383", "2017": "379", "2016": "375", "2015": "370", "2014": "367", "2013": "365", "2012": "359", "2011": "319", "2010": "319", "2009": "317", "2008": "316", "2007": "314", "2006": "316", "2005": "318"}, "D.R Horton Quarterly Shares Outstanding (Millions of Shares)": {"2020-12-31": "370", "2020-09-30": "370", "2020-06-30": "368", "2020-03-31": "370", "2019-12-31": "373", "2019-09-30": "377", "2019-06-30": "377", "2019-03-31": "378", "2018-12-31": "380", "2018-09-30": "383", "2018-06-30": "383", "2018-03-31": "384", "2017-12-31": "384", "2017-09-30": "379", "2017-06-30": "379", "2017-03-31": "379", "2016-12-31": "377", "2016-09-30": "375", "2016-06-30": "376", "2016-03-31": "374", "2015-12-31": "374", "2015-09-30": "370", "2015-06-30": "370", "2015-03-31": "369", "2014-12-31": "368", "2014-09-30": "367", "2014-06-30": "368", "2014-03-31": "366", "2013-12-31": "364", "2013-09-30": "365", "2013-06-30": "366", "2013-03-31": "365", "2012-12-31": "364", "2012-09-30": "359", "2012-06-30": "360", "2012-03-31": "320", "2011-12-31": "317", "2011-09-30": "319", "2011-06-30": "319", "2011-03-31": "320", "2010-12-31": "319", "2010-09-30": "319", "2010-06-30": "319", "2010-03-31": "319", "2009-12-31": "356", "2009-09-30": "317", "2009-06-30": "317", "2009-03-31": "317", "2008-12-31": "317", "2008-09-30": "316", "2008-06-30": "316", "2008-03-31": "315", "2007-12-31": "315", "2007-09-30": "314", "2007-06-30": "314", "2007-03-31": "316", "2006-12-31": "316", "2006-09-30": "316", "2006-06-30": "316", "2006-03-31": "317", "2005-12-31": "318", "2005-09-30": "318", "2005-06-30": "318", "2005-03-31": "318"}}, "total-assets": {"D.R Horton Annual Total Assets (Millions of US $)": {"2020": "$18,912", "2019": "$15,607", "2018": "$14,115", "2017": "$12,185", "2016": "$11,559", "2015": "$11,151", "2014": "$10,185", "2013": "$8,856", "2012": "$7,248", "2011": "$5,358", "2010": "$5,939", "2009": "$6,757", "2008": "$7,951", "2007": "$11,556", "2006": "$14,821", "2005": "$12,515"}, "D.R Horton Quarterly Total Assets (Millions of US $)": {"2020-12-31": "$19,780", "2020-09-30": "$18,912", "2020-06-30": "$17,974", "2020-03-31": "$17,130", "2019-12-31": "$16,323", "2019-09-30": "$15,607", "2019-06-30": "$15,224", "2019-03-31": "$15,007", "2018-12-31": "$14,536", "2018-09-30": "$14,115", "2018-06-30": "$13,593", "2018-03-31": "$13,218", "2017-12-31": "$12,957", "2017-09-30": "$12,185", "2017-06-30": "$11,977", "2017-03-31": "$11,921", "2016-12-31": "$11,712", "2016-09-30": "$11,559", "2016-06-30": "$11,333", "2016-03-31": "$11,300", "2015-12-31": "$11,180", "2015-09-30": "$11,151", "2015-06-30": "$10,864", "2015-03-31": "$10,713", "2014-12-31": "$10,339", "2014-09-30": "$10,185", "2014-06-30": "$9,717", "2014-03-31": "$9,373", "2013-12-31": "$8,927", "2013-09-30": "$8,856", "2013-06-30": "$8,287", "2013-03-31": "$8,233", "2012-12-31": "$7,347", "2012-09-30": "$7,248", "2012-06-30": "$6,657", "2012-03-31": "$5,485", "2011-12-31": "$5,363", "2011-09-30": "$5,358", "2011-06-30": "$5,505", "2011-03-31": "$5,621", "2010-12-31": "$5,727", "2010-09-30": "$5,939", "2010-06-30": "$6,211", "2010-03-31": "$6,459", "2009-12-31": "$6,692", "2009-09-30": "$6,757", "2009-06-30": "$6,780", "2009-03-31": "$6,478", "2008-12-31": "$7,175", "2008-09-30": "$7,951", "2008-06-30": "$8,465", "2008-03-31": "$8,955", "2007-12-31": "$10,401", "2007-09-30": "$11,556", "2007-06-30": "$12,494", "2007-03-31": "$13,511", "2006-12-31": "$13,669", "2006-09-30": "$14,821", "2006-06-30": "$14,560", "2006-03-31": "$13,511", "2005-12-31": "$12,813", "2005-09-30": "$12,515", "2005-06-30": "$11,045", "2005-03-31": "$10,541"}}, "cash-on-hand": {"D.R Horton Annual Cash on Hand (Millions of US $)": {"2020": "$4,569", "2019": "$2,586", "2018": "$2,302", "2017": "$1,612", "2016": "$1,967", "2015": "$2,025", "2014": "$1,149", "2013": "$1,450", "2012": "$1,740", "2011": "$1,373", "2010": "$1,915", "2009": "$2,233", "2008": "$1,741", "2007": "$793", "2006": "$1,859", "2005": "$2,509"}, "D.R Horton Quarterly Cash on Hand (Millions of US $)": {"2020-12-31": "$3,914", "2020-09-30": "$4,569", "2020-06-30": "$3,875", "2020-03-31": "$2,917", "2019-12-31": "$2,621", "2019-09-30": "$2,586", "2019-06-30": "$1,840", "2019-03-31": "$1,528", "2018-12-31": "$1,391", "2018-09-30": "$2,302", "2018-06-30": "$1,917", "2018-03-31": "$1,724", "2017-12-31": "$1,512", "2017-09-30": "$1,612", "2017-06-30": "$1,151", "2017-03-31": "$1,582", "2016-12-31": "$1,707", "2016-09-30": "$1,967", "2016-06-30": "$1,553", "2016-03-31": "$1,852", "2015-12-31": "$1,803", "2015-09-30": "$2,025", "2015-06-30": "$1,386", "2015-03-31": "$1,226", "2014-12-31": "$1,004", "2014-09-30": "$1,149", "2014-06-30": "$1,014", "2014-03-31": "$1,374", "2013-12-31": "$1,201", "2013-09-30": "$1,450", "2013-06-30": "$1,065", "2013-03-31": "$1,599", "2012-12-31": "$1,026", "2012-09-30": "$1,740", "2012-06-30": "$1,525", "2012-03-31": "$1,317", "2011-12-31": "$1,357", "2011-09-30": "$1,373", "2011-06-30": "$1,475", "2011-03-31": "$1,625", "2010-12-31": "$1,752", "2010-09-30": "$1,915", "2010-06-30": "$2,066", "2010-03-31": "$2,126", "2009-12-31": "$2,154", "2009-09-30": "$2,233", "2009-06-30": "$2,287", "2009-03-31": "$1,703", "2008-12-31": "$2,117", "2008-09-30": "$1,741", "2008-06-30": "$1,098", "2008-03-31": "$868", "2007-12-31": "$374", "2007-09-30": "$793", "2007-06-30": "$530", "2007-03-31": "$787", "2006-12-31": "$792", "2006-09-30": "$1,859", "2006-06-30": "$1,006", "2006-03-31": "$995", "2005-12-31": "$1,132", "2005-09-30": "$2,509", "2005-06-30": "$1,001", "2005-03-31": "$1,221"}}, "long-term-debt": {"D.R Horton Annual Long Term Debt (Millions of US $)": {"2020": "$4,283", "2019": "$3,399", "2018": "$3,204", "2017": "$2,872", "2016": "$3,271", "2015": "$3,812", "2014": "$3,666", "2013": "$3,509", "2012": "$2,493", "2011": "$1,705", "2010": "$2,172", "2009": "$3,145", "2008": "$3,748", "2007": "$3,989", "2006": "$4,887", "2005": "$3,660"}, "D.R Horton Quarterly Long Term Debt (Millions of US $)": {"2020-12-31": "$4,226", "2020-09-30": "$4,283", "2020-06-30": "$4,297", "2020-03-31": "$4,307", "2019-12-31": "$3,783", "2019-09-30": "$3,399", "2019-06-30": "$3,451", "2019-03-31": "$3,622", "2018-12-31": "$3,342", "2018-09-30": "$3,204", "2018-06-30": "$3,094", "2018-03-31": "$3,234", "2017-12-31": "$3,258", "2017-09-30": "$2,872", "2017-06-30": "$2,927", "2017-03-31": "$3,222", "2016-12-31": "$3,218", "2016-09-30": "$3,271", "2016-06-30": "$3,301", "2016-03-31": "$3,663", "2015-12-31": "$3,734", "2015-09-30": "$3,812", "2015-06-30": "$3,821", "2015-03-31": "$3,946", "2014-12-31": "$3,727", "2014-09-30": "$3,666", "2014-06-30": "$3,445", "2014-03-31": "$3,862", "2013-12-31": "$3,462", "2013-09-30": "$3,509", "2013-06-30": "$3,084", "2013-03-31": "$3,273", "2012-12-31": "$2,594", "2012-09-30": "$2,493", "2012-06-30": "$2,095", "2012-03-31": "$1,757", "2011-12-31": "$1,728", "2011-09-30": "$1,705", "2011-06-30": "$1,880", "2011-03-31": "$2,004", "2010-12-31": "$2,051", "2010-09-30": "$2,172", "2010-06-30": "$2,215", "2010-03-31": "$2,552", "2009-12-31": "$2,910", "2009-09-30": "$3,145", "2009-06-30": "$3,280", "2009-03-31": "$2,868", "2008-12-31": "$3,405", "2008-09-30": "$3,748", "2008-06-30": "$3,582", "2008-03-31": "$3,581", "2007-12-31": "$3,618", "2007-09-30": "$3,989", "2007-06-30": "$4,598", "2007-03-31": "$4,592", "2006-12-31": "$4,645", "2006-09-30": "$4,887", "2006-06-30": "$5,490", "2006-03-31": "$4,849", "2005-12-31": "$4,300", "2005-09-30": "$3,660", "2005-06-30": "$3,655", "2005-03-31": "$3,824"}}, "total-liabilities": {"D.R Horton Annual Total Liabilities (Millions of US $)": {"2020": "$6,791", "2019": "$5,312", "2018": "$4,956", "2017": "$4,437", "2016": "$4,766", "2015": "$5,256", "2014": "$5,066", "2013": "$4,795", "2012": "$3,654", "2011": "$2,735", "2010": "$3,316", "2009": "$4,356", "2008": "$5,116", "2007": "$5,969", "2006": "$8,368", "2005": "$7,154"}, "D.R Horton Quarterly Total Liabilities (Millions of US $)": {"2020-12-31": "$7,010", "2020-09-30": "$6,791", "2020-06-30": "$6,647", "2020-03-31": "$6,395", "2019-12-31": "$5,820", "2019-09-30": "$5,312", "2019-06-30": "$5,409", "2019-03-31": "$5,473", "2018-12-31": "$5,238", "2018-09-30": "$4,956", "2018-06-30": "$4,824", "2018-03-31": "$4,846", "2017-12-31": "$4,902", "2017-09-30": "$4,437", "2017-06-30": "$4,540", "2017-03-31": "$4,701", "2016-12-31": "$4,730", "2016-09-30": "$4,766", "2016-06-30": "$4,820", "2016-03-31": "$5,051", "2015-12-31": "$5,119", "2015-09-30": "$5,256", "2015-06-30": "$5,233", "2015-03-31": "$5,292", "2014-12-31": "$5,075", "2014-09-30": "$5,066", "2014-06-30": "$4,747", "2014-03-31": "$5,023", "2013-12-31": "$4,727", "2013-09-30": "$4,795", "2013-06-30": "$4,380", "2013-03-31": "$4,489", "2012-12-31": "$3,734", "2012-09-30": "$3,654", "2012-06-30": "$3,165", "2012-03-31": "$2,782", "2011-12-31": "$2,711", "2011-09-30": "$2,735", "2011-06-30": "$2,911", "2011-03-31": "$3,011", "2010-12-31": "$3,136", "2010-09-30": "$3,316", "2010-06-30": "$3,575", "2010-03-31": "$3,865", "2009-12-31": "$4,103", "2009-09-30": "$4,356", "2009-06-30": "$4,282", "2009-03-31": "$3,830", "2008-12-31": "$4,412", "2008-09-30": "$5,116", "2008-06-30": "$4,807", "2008-03-31": "$4,882", "2007-12-31": "$4,987", "2007-09-30": "$5,969", "2007-06-30": "$6,816", "2007-03-31": "$6,971", "2006-12-31": "$7,144", "2006-09-30": "$8,368", "2006-06-30": "$8,346", "2006-03-31": "$7,567", "2005-12-31": "$7,200", "2005-09-30": "$7,154", "2005-06-30": "$6,224", "2005-03-31": "$6,071"}}, "total-share-holder-equity": {"D.R Horton Annual Share Holder Equity (Millions of US $)": {"2020": "$12,122", "2019": "$10,295", "2018": "$9,159", "2017": "$7,748", "2016": "$6,793", "2015": "$5,895", "2014": "$5,120", "2013": "$4,061", "2012": "$3,595", "2011": "$2,624", "2010": "$2,623", "2009": "$2,401", "2008": "$2,834", "2007": "$5,587", "2006": "$6,453", "2005": "$5,360"}, "D.R Horton Quarterly Share Holder Equity (Millions of US $)": {"2020-12-31": "$12,770", "2020-09-30": "$12,122", "2020-06-30": "$11,327", "2020-03-31": "$10,735", "2019-12-31": "$10,503", "2019-09-30": "$10,295", "2019-06-30": "$9,815", "2019-03-31": "$9,534", "2018-12-31": "$9,298", "2018-09-30": "$9,159", "2018-06-30": "$8,770", "2018-03-31": "$8,372", "2017-12-31": "$8,055", "2017-09-30": "$7,748", "2017-06-30": "$7,437", "2017-03-31": "$7,220", "2016-12-31": "$6,982", "2016-09-30": "$6,793", "2016-06-30": "$6,513", "2016-03-31": "$6,249", "2015-12-31": "$6,061", "2015-09-30": "$5,895", "2015-06-30": "$5,631", "2015-03-31": "$5,421", "2014-12-31": "$5,264", "2014-09-30": "$5,120", "2014-06-30": "$4,970", "2014-03-31": "$4,350", "2013-12-31": "$4,200", "2013-09-30": "$4,061", "2013-06-30": "$3,908", "2013-03-31": "$3,744", "2012-12-31": "$3,613", "2012-09-30": "$3,595", "2012-06-30": "$3,492", "2012-03-31": "$2,703", "2011-12-31": "$2,652", "2011-09-30": "$2,624", "2011-06-30": "$2,594", "2011-03-31": "$2,610", "2010-12-31": "$2,591", "2010-09-30": "$2,623", "2010-06-30": "$2,637", "2010-03-31": "$2,594", "2009-12-31": "$2,589", "2009-09-30": "$2,401", "2009-06-30": "$2,498", "2009-03-31": "$2,647", "2008-12-31": "$2,763", "2008-09-30": "$2,834", "2008-06-30": "$3,658", "2008-03-31": "$4,073", "2007-12-31": "$5,414", "2007-09-30": "$5,587", "2007-06-30": "$5,678", "2007-03-31": "$6,540", "2006-12-31": "$6,525", "2006-09-30": "$6,453", "2006-06-30": "$6,214", "2006-03-31": "$5,944", "2005-12-31": "$5,613", "2005-09-30": "$5,360", "2005-06-30": "$4,820", "2005-03-31": "$4,469"}}, "profit-margins": {"current": "12.3%"}, "gross margin": {"2020-12-31": "25.21%", "2020-09-30": "24.31%", "2020-06-30": "23.47%", "2020-03-31": "22.84%", "2019-12-31": "22.33%", "2019-09-30": "22.01%", "2019-06-30": "22.05%", "2019-03-31": "22.45%", "2018-12-31": "22.67%", "2018-09-30": "22.84%", "2018-06-30": "22.38%", "2018-03-31": "21.88%", "2017-12-31": "21.79%", "2017-09-30": "21.63%", "2017-06-30": "21.76%", "2017-03-31": "21.85%", "2016-12-31": "21.88%", "2016-09-30": "21.84%", "2016-06-30": "21.54%", "2016-03-31": "21.37%", "2015-12-31": "21.25%", "2015-09-30": "21.14%", "2015-06-30": "21.21%", "2015-03-31": "20.80%", "2014-12-31": "21.35%", "2014-09-30": "21.89%", "2014-06-30": "22.22%", "2014-03-31": "23.31%", "2013-12-31": "22.97%", "2013-09-30": "22.44%", "2013-06-30": "22.00%", "2013-03-31": "21.12%", "2012-12-31": "20.44%", "2012-09-30": "19.80%", "2012-06-30": "18.85%", "2012-03-31": "18.13%", "2011-12-31": "17.36%", "2011-09-30": "16.86%", "2011-06-30": "16.64%", "2011-03-31": "16.44%", "2010-12-31": "17.09%", "2010-09-30": "17.59%", "2010-06-30": "12.81%", "2010-03-31": "8.71%", "2009-12-31": "5.94%", "2009-09-30": "3.25%", "2009-06-30": "-16.03%", "2009-03-31": "-17.60%", "2008-12-31": "-27.04%", "2008-09-30": "-24.68%", "2008-06-30": "-6.25%", "2008-03-31": "-7.97%", "2007-12-31": "3.18%", "2007-09-30": "6.98%", "2007-06-30": "10.96%", "2007-03-31": "18.97%", "2006-12-31": "21.57%", "2006-09-30": "23.90%", "2006-06-30": "26.41%", "2006-03-31": "27.41%", "2005-12-31": "27.34%"}, "operating margin": {"2020-12-31": "15.41%", "2020-09-30": "14.23%", "2020-06-30": "13.16%", "2020-03-31": "12.51%", "2019-12-31": "11.91%", "2019-09-30": "11.60%", "2019-06-30": "11.61%", "2019-03-31": "11.98%", "2018-12-31": "12.26%", "2018-09-30": "12.42%", "2018-06-30": "11.97%", "2018-03-31": "11.42%", "2017-12-31": "11.25%", "2017-09-30": "11.19%", "2017-06-30": "11.18%", "2017-03-31": "11.11%", "2016-12-31": "11.09%", "2016-09-30": "10.92%", "2016-06-30": "10.59%", "2016-03-31": "10.45%", "2015-12-31": "10.20%", "2015-09-30": "10.10%", "2015-06-30": "9.94%", "2015-03-31": "9.07%", "2014-12-31": "9.46%", "2014-09-30": "9.86%", "2014-06-30": "10.01%", "2014-03-31": "11.14%", "2013-12-31": "10.77%", "2013-09-30": "10.21%", "2013-06-30": "9.47%", "2013-03-31": "8.05%", "2012-12-31": "6.82%", "2012-09-30": "5.70%", "2012-06-30": "4.59%", "2012-03-31": "3.96%", "2011-12-31": "2.53%", "2011-09-30": "1.54%", "2011-06-30": "0.69%", "2011-03-31": "1.34%", "2010-12-31": "2.49%", "2010-09-30": "3.93%", "2010-06-30": "-0.87%", "2010-03-31": "-6.26%", "2009-12-31": "-9.50%", "2009-09-30": "-13.20%", "2009-06-30": "-32.49%", "2009-03-31": "-33.63%", "2008-12-31": "-42.14%", "2008-09-30": "-39.29%", "2008-06-30": "-24.70%", "2008-03-31": "-25.08%", "2007-12-31": "-13.27%", "2007-09-30": "-8.68%", "2007-06-30": "-0.15%", "2007-03-31": "7.98%", "2006-12-31": "10.74%", "2006-09-30": "12.88%", "2006-06-30": "15.69%", "2006-03-31": "16.92%", "2005-12-31": "17.11%"}, "ebitda margin": {"2020-12-31": "15.82%", "2020-09-30": "14.68%", "2020-06-30": "13.62%", "2020-03-31": "12.99%", "2019-12-31": "12.39%", "2019-09-30": "12.07%", "2019-06-30": "12.08%", "2019-03-31": "12.45%", "2018-12-31": "12.72%", "2018-09-30": "12.87%", "2018-06-30": "12.42%", "2018-03-31": "11.86%", "2017-12-31": "11.68%", "2017-09-30": "11.61%", "2017-06-30": "11.70%", "2017-03-31": "11.67%", "2016-12-31": "11.68%", "2016-09-30": "11.52%", "2016-06-30": "11.20%", "2016-03-31": "11.08%", "2015-12-31": "10.83%", "2015-09-30": "10.73%", "2015-06-30": "10.50%", "2015-03-31": "9.67%", "2014-12-31": "10.18%", "2014-09-30": "10.68%", "2014-06-30": "10.94%", "2014-03-31": "12.14%", "2013-12-31": "11.75%", "2013-09-30": "11.20%", "2013-06-30": "10.50%", "2013-03-31": "9.19%", "2012-12-31": "8.07%", "2012-09-30": "7.05%", "2012-06-30": "6.05%", "2012-03-31": "5.47%", "2011-12-31": "4.10%", "2011-09-30": "3.14%", "2011-06-30": "2.32%", "2011-03-31": "2.72%", "2010-12-31": "3.75%", "2010-09-30": "5.02%", "2010-06-30": "0.11%", "2010-03-31": "-5.24%", "2009-12-31": "-8.52%", "2009-09-30": "-12.17%", "2009-06-30": "-29.77%", "2009-03-31": "-31.08%", "2008-12-31": "-39.84%", "2008-09-30": "-37.20%", "2008-06-30": "-23.30%", "2008-03-31": "-19.17%", "2007-12-31": "-7.92%", "2007-09-30": "-3.86%", "2007-06-30": "3.67%", "2007-03-31": "8.47%", "2006-12-31": "11.17%", "2006-09-30": "13.28%", "2006-06-30": "16.07%", "2006-03-31": "17.30%", "2005-12-31": "17.50%"}, "pre tax profit margin": {"2020-12-31": "15.72%", "2020-09-30": "14.68%", "2020-06-30": "13.65%", "2020-03-31": "13.16%", "2019-12-31": "12.56%", "2019-09-30": "12.08%", "2019-06-30": "12.16%", "2019-03-31": "12.44%", "2018-12-31": "12.58%", "2018-09-30": "12.82%", "2018-06-30": "12.33%", "2018-03-31": "11.73%", "2017-12-31": "11.54%", "2017-09-30": "11.38%", "2017-06-30": "11.34%", "2017-03-31": "11.30%", "2016-12-31": "11.32%", "2016-09-30": "11.14%", "2016-06-30": "10.87%", "2016-03-31": "10.74%", "2015-12-31": "10.46%", "2015-09-30": "10.38%", "2015-06-30": "10.23%", "2015-03-31": "9.38%", "2014-12-31": "9.77%", "2014-09-30": "10.16%", "2014-06-30": "10.35%", "2014-03-31": "11.50%", "2013-12-31": "11.12%", "2013-09-30": "10.51%", "2013-06-30": "9.66%", "2013-03-31": "8.11%", "2012-12-31": "6.80%", "2012-09-30": "5.56%", "2012-06-30": "4.30%", "2012-03-31": "3.38%", "2011-12-31": "1.62%", "2011-09-30": "0.33%", "2011-06-30": "-0.69%", "2011-03-31": "-0.18%", "2010-12-31": "0.89%", "2010-09-30": "2.25%", "2010-06-30": "-2.86%", "2010-03-31": "-8.41%", "2009-12-31": "-11.67%", "2009-09-30": "-15.20%", "2009-06-30": "-33.82%", "2009-03-31": "-34.56%", "2008-12-31": "-42.78%", "2008-09-30": "-39.60%", "2008-06-30": "-19.50%", "2008-03-31": "-25.07%", "2007-12-31": "-13.09%", "2007-09-30": "-8.42%", "2007-06-30": "-3.11%", "2007-03-31": "8.37%", "2006-12-31": "11.08%", "2006-09-30": "13.20%", "2006-06-30": "16.02%", "2006-03-31": "17.22%", "2005-12-31": "17.45%"}, "net profit margin": {"2020-12-31": "12.31%", "2020-09-30": "11.69%", "2020-06-30": "10.82%", "2020-03-31": "10.26%", "2019-12-31": "9.74%", "2019-09-30": "9.20%", "2019-06-30": "9.26%", "2019-03-31": "9.39%", "2018-12-31": "9.59%", "2018-09-30": "9.09%", "2018-06-30": "8.31%", "2018-03-31": "7.58%", "2017-12-31": "7.03%", "2017-09-30": "7.37%", "2017-06-30": "7.38%", "2017-03-31": "7.39%", "2016-12-31": "7.40%", "2016-09-30": "7.30%", "2016-06-30": "7.27%", "2016-03-31": "7.19%", "2015-12-31": "7.00%", "2015-09-30": "6.94%", "2015-06-30": "6.70%", "2015-03-31": "6.12%", "2014-12-31": "6.39%", "2014-09-30": "6.64%", "2014-06-30": "6.83%", "2014-03-31": "7.75%", "2013-12-31": "7.80%", "2013-09-30": "7.38%", "2013-06-30": "7.37%", "2013-03-31": "20.51%", "2012-12-31": "21.07%", "2012-09-30": "21.98%", "2012-06-30": "21.70%", "2012-03-31": "3.38%", "2011-12-31": "3.22%", "2011-09-30": "2.01%", "2011-06-30": "0.80%", "2011-03-31": "1.28%", "2010-12-31": "0.81%", "2010-09-30": "5.57%", "2010-06-30": "0.42%", "2010-03-31": "-4.39%", "2009-12-31": "-7.64%", "2009-09-30": "-15.06%", "2009-06-30": "-25.30%", "2009-03-31": "-27.74%", "2008-12-31": "-44.12%", "2008-09-30": "-39.63%", "2008-06-30": "-23.44%", "2008-03-31": "-25.18%", "2007-12-31": "-9.35%", "2007-09-30": "-6.30%", "2007-06-30": "-2.95%", "2007-03-31": "5.21%", "2006-12-31": "6.89%", "2006-09-30": "8.20%", "2006-06-30": "9.96%", "2006-03-31": "10.68%", "2005-12-31": "10.81%"}, "pe ratio": {"current": "10.81", "2021-02-05": "15.21", "2020-12-31": "13.10", "2020-09-30": "11.75", "2020-06-30": "9.97", "2020-03-31": "6.65", "2019-12-31": "11.09", "2019-09-30": "12.08", "2019-06-30": "10.16", "2019-03-31": "9.90", "2018-12-31": "8.30", "2018-09-30": "10.78", "2018-06-30": "11.67", "2018-03-31": "14.20", "2017-12-31": "18.41", "2017-09-30": "14.05", "2017-06-30": "12.45", "2017-03-31": "12.42", "2016-12-31": "10.49", "2016-09-30": "12.19", "2016-06-30": "13.29", "2016-03-31": "13.08", "2015-12-31": "14.62", "2015-09-30": "13.57", "2015-06-30": "13.92", "2015-03-31": "17.05", "2014-12-31": "15.30", "2014-09-30": "12.63", "2014-06-30": "15.59", "2014-03-31": "12.83", "2013-12-31": "13.74", "2013-09-30": "13.39", "2013-06-30": "15.84", "2013-03-31": "7.38", "2012-12-31": "6.41", "2012-09-30": "6.88", "2012-06-30": "6.58", "2012-03-31": "32.88", "2011-12-31": "30.13", "2011-09-30": "35.57", "2011-06-30": "115.38", "2011-03-31": "65.43", "2010-12-31": "97.16", "2010-09-30": "13.98", "2010-06-30": "874.28", "2010-03-31": "0.00", "2009-12-31": "0.00", "2009-09-30": "0.00", "2009-06-30": "0.00", "2009-03-31": "0.00", "2008-12-31": "0.00", "2008-09-30": "0.00", "2008-06-30": "0.00", "2008-03-31": "0.00", "2007-12-31": "0.00", "2007-09-30": "0.00", "2007-06-30": "0.00", "2007-03-31": "7.82", "2006-12-31": "6.64"}, "price sales": {"2021-02-05": "1.33", "2020-12-31": "1.15", "2020-09-30": "1.37", "2020-06-30": "1.08", "2020-03-31": "0.68", "2019-12-31": "1.08", "2019-09-30": "1.12", "2019-06-30": "0.94", "2019-03-31": "0.93", "2018-12-31": "0.80", "2018-09-30": "0.98", "2018-06-30": "0.97", "2018-03-31": "1.07", "2017-12-31": "1.29", "2017-09-30": "1.03", "2017-06-30": "0.91", "2017-03-31": "0.91", "2016-12-31": "0.77", "2016-09-30": "0.88", "2016-06-30": "0.96", "2016-03-31": "0.94", "2015-12-31": "1.02", "2015-09-30": "0.94", "2015-06-30": "0.93", "2015-03-31": "1.05", "2014-12-31": "1.00", "2014-09-30": "0.87", "2014-06-30": "1.12", "2014-03-31": "1.05", "2013-12-31": "1.13", "2013-09-30": "1.05", "2013-06-30": "1.25", "2013-03-31": "1.56", "2012-12-31": "1.36", "2012-09-30": "1.47", "2012-06-30": "1.34", "2012-03-31": "1.11", "2011-12-31": "0.97", "2011-09-30": "0.72", "2011-06-30": "0.95", "2011-03-31": "0.86", "2010-12-31": "0.84", "2010-09-30": "0.74", "2010-06-30": "0.64", "2010-03-31": "0.91", "2009-12-31": "0.81", "2009-09-30": "0.87", "2009-06-30": "0.59", "2009-03-31": "0.54", "2008-12-31": "0.33", "2008-09-30": "0.54", "2008-06-30": "0.37", "2008-03-31": "0.46", "2007-12-31": "0.35", "2007-09-30": "0.30", "2007-06-30": "0.40", "2007-03-31": "0.41", "2006-12-31": "0.46"}, "price book": {"current": "2.28", "2021-02-05": "2.28", "2020-12-31": "1.96", "2020-09-30": "2.26", "2020-06-30": "1.77", "2020-03-31": "1.14", "2019-12-31": "1.82", "2019-09-30": "1.86", "2019-06-30": "1.60", "2019-03-31": "1.59", "2018-12-31": "1.36", "2018-09-30": "1.68", "2018-06-30": "1.71", "2018-03-31": "1.91", "2017-12-31": "2.29", "2017-09-30": "1.86", "2017-06-30": "1.67", "2017-03-31": "1.65", "2016-12-31": "1.39", "2016-09-30": "1.57", "2016-06-30": "1.70", "2016-03-31": "1.69", "2015-12-31": "1.84", "2015-09-30": "1.72", "2015-06-30": "1.67", "2015-03-31": "1.80", "2014-12-31": "1.63", "2014-09-30": "1.36", "2014-06-30": "1.67", "2014-03-31": "1.50", "2013-12-31": "1.59", "2013-09-30": "1.43", "2013-06-30": "1.62", "2013-03-31": "1.93", "2012-12-31": "1.62", "2012-09-30": "1.68", "2012-06-30": "1.53", "2012-03-31": "1.63", "2011-12-31": "1.37", "2011-09-30": "0.99", "2011-06-30": "1.27", "2011-03-31": "1.28", "2010-12-31": "1.32", "2010-09-30": "1.21", "2010-06-30": "1.06", "2010-03-31": "1.37", "2009-12-31": "1.18", "2009-09-30": "1.33", "2009-06-30": "1.04", "2009-03-31": "1.02", "2008-12-31": "0.71", "2008-09-30": "1.26", "2008-06-30": "0.81", "2008-03-31": "1.05", "2007-12-31": "0.65", "2007-09-30": "0.60", "2007-06-30": "0.92", "2007-03-31": "0.87", "2006-12-31": "1.04", "2006-09-30": "0.95", "2006-06-30": "0.97", "2006-03-31": "1.41"}, "price fcf": {"2021-02-05": "", "2020-12-31": "$2.90", "2020-09-30": "$3.42", "2020-06-30": "$3.34", "2020-03-31": "$2.26", "2019-12-31": "$2.83", "2019-09-30": "$2.15", "2019-06-30": "$0.80", "2019-03-31": "$0.37", "2018-12-31": "$1.03", "2018-09-30": "$1.83", "2018-06-30": "$2.70", "2018-03-31": "$1.45", "2017-12-31": "$0.63", "2017-09-30": "$0.75", "2017-06-30": "$0.61", "2017-03-31": "$0.96", "2016-12-31": "$1.36", "2016-09-30": "$1.43", "2016-06-30": "$1.56", "2016-03-31": "$2.38", "2015-12-31": "$2.22", "2015-09-30": "$1.89", "2015-06-30": "$0.01", "2015-03-31": "$-1.78", "2014-12-31": "$-2.39", "2014-09-30": "$-2.08", "2014-06-30": "$-2.00", "2014-03-31": "$-1.97", "2013-12-31": "$-1.76", "2013-09-30": "$-3.53", "2013-06-30": "$-3.58", "2013-03-31": "$-3.01", "2012-12-31": "$-2.74", "2012-09-30": "$-0.91", "2012-06-30": "$-0.27", "2012-03-31": "$-0.17", "2011-12-31": "$-0.15", "2011-09-30": "$0.01", "2011-06-30": "$0.10", "2011-03-31": "$0.76", "2010-12-31": "$1.70", "2010-09-30": "$2.17", "2010-06-30": "$1.91", "2010-03-31": "$1.83", "2009-12-31": "$1.62", "2009-09-30": "$3.58", "2009-06-30": "$4.99", "2009-03-31": "$5.81", "2008-12-31": "$6.74", "2008-09-30": "$5.92", "2008-06-30": "$6.95", "2008-03-31": "$5.95", "2007-12-31": "$5.05", "2007-09-30": "$4.19", "2007-06-30": "$4.35", "2007-03-31": "$1.66", "2006-12-31": "$-3.13"}, "net worth": {"value": "$29.1B"}, "current ratio": {"current": "6.28", "2020-12-31": "6.28", "2020-09-30": "6.70", "2020-06-30": "6.82", "2020-03-31": "7.25", "2019-12-31": "7.13", "2019-09-30": "7.25", "2019-06-30": "6.91", "2019-03-31": "7.27", "2018-12-31": "6.85", "2018-09-30": "7.25", "2018-06-30": "7.06", "2018-03-31": "7.36", "2017-12-31": "7.03", "2017-09-30": "6.93", "2017-06-30": "6.63", "2017-03-31": "7.18", "2016-12-31": "6.91", "2016-09-30": "6.90", "2016-06-30": "6.62", "2016-03-31": "7.25", "2015-12-31": "7.14", "2015-09-30": "6.81", "2015-06-30": "6.73", "2015-03-31": "6.95", "2014-12-31": "6.67", "2014-09-30": "6.32", "2014-06-30": "6.45", "2014-03-31": "7.03", "2013-12-31": "6.08", "2013-09-30": "5.95", "2013-06-30": "5.38", "2013-03-31": "5.70", "2012-12-31": "5.30", "2012-09-30": "5.10", "2012-06-30": "5.05", "2012-03-31": "4.84", "2011-12-31": "4.93", "2011-09-30": "4.69", "2011-06-30": "4.84", "2011-03-31": "5.08", "2010-12-31": "4.77", "2010-09-30": "4.70", "2010-06-30": "4.69", "2010-03-31": "4.79", "2009-12-31": "5.16", "2009-09-30": "5.11", "2009-06-30": "6.96", "2009-03-31": "6.56", "2008-12-31": "7.16", "2008-09-30": "5.31", "2008-06-30": "6.28", "2008-03-31": "6.26", "2007-12-31": "6.74", "2007-09-30": "5.30", "2007-06-30": "5.21", "2007-03-31": "5.27", "2006-12-31": "5.08", "2006-09-30": "3.91", "2006-06-30": "4.80", "2006-03-31": "4.66", "2005-12-31": "4.11", "2005-09-30": "3.34", "2005-06-30": "4.05", "2005-03-31": "4.50"}, "quick ratio": {"2020-12-31": "1.41", "2020-09-30": "1.82", "2020-06-30": "1.65", "2020-03-31": "1.40", "2019-12-31": "1.29", "2019-09-30": "1.35", "2019-06-30": "0.94", "2019-03-31": "0.83", "2018-12-31": "0.73", "2018-09-30": "1.31", "2018-06-30": "1.11", "2018-03-31": "1.07", "2017-12-31": "0.92", "2017-09-30": "1.03", "2017-06-30": "0.71", "2017-03-31": "1.07", "2016-12-31": "1.13", "2016-09-30": "1.32", "2016-06-30": "1.02", "2016-03-31": "1.33", "2015-12-31": "1.30", "2015-09-30": "1.40", "2015-06-30": "0.98", "2015-03-31": "0.91", "2014-12-31": "0.75", "2014-09-30": "0.82", "2014-06-30": "0.78", "2014-03-31": "1.18", "2013-12-31": "0.95", "2013-09-30": "1.13", "2013-06-30": "0.82", "2013-03-31": "1.32", "2012-12-31": "0.90", "2012-09-30": "1.51", "2012-06-30": "1.44", "2012-03-31": "1.30", "2011-12-31": "1.39", "2011-09-30": "1.35", "2011-06-30": "1.44", "2011-03-31": "1.63", "2010-12-31": "1.63", "2010-09-30": "1.69", "2010-06-30": "1.74", "2010-03-31": "1.74", "2009-12-31": "2.14", "2009-09-30": "2.09", "2009-06-30": "2.67", "2009-03-31": "1.95", "2008-12-31": "2.36", "2008-09-30": "1.81", "2008-06-30": "0.92", "2008-03-31": "0.69", "2007-12-31": "0.28", "2007-09-30": "0.42", "2007-06-30": "0.25", "2007-03-31": "0.35", "2006-12-31": "0.33", "2006-09-30": "0.55", "2006-06-30": "0.37", "2006-03-31": "0.39", "2005-12-31": "0.42", "2005-09-30": "0.76", "2005-06-30": "0.42", "2005-03-31": "0.60"}, "debt equity ratio": {"current": "0.33", "2020-12-31": "0.55", "2020-09-30": "0.56", "2020-06-30": "0.59", "2020-03-31": "0.60", "2019-12-31": "0.55", "2019-09-30": "0.52", "2019-06-30": "0.55", "2019-03-31": "0.57", "2018-12-31": "0.56", "2018-09-30": "0.54", "2018-06-30": "0.55", "2018-03-31": "0.58", "2017-12-31": "0.61", "2017-09-30": "0.57", "2017-06-30": "0.61", "2017-03-31": "0.65", "2016-12-31": "0.68", "2016-09-30": "0.70", "2016-06-30": "0.74", "2016-03-31": "0.81", "2015-12-31": "0.85", "2015-09-30": "0.89", "2015-06-30": "0.93", "2015-03-31": "0.98", "2014-12-31": "0.96", "2014-09-30": "0.99", "2014-06-30": "0.96", "2014-03-31": "1.16", "2013-12-31": "1.13", "2013-09-30": "1.18", "2013-06-30": "1.12", "2013-03-31": "1.20", "2012-12-31": "1.03", "2012-09-30": "1.02", "2012-06-30": "0.91", "2012-03-31": "1.03", "2011-12-31": "1.02", "2011-09-30": "1.04", "2011-06-30": "1.12", "2011-03-31": "1.15", "2010-12-31": "1.21", "2010-09-30": "1.26", "2010-06-30": "1.36", "2010-03-31": "1.49", "2009-12-31": "1.59", "2009-09-30": "1.82", "2009-06-30": "1.71", "2009-03-31": "1.45", "2008-12-31": "1.60", "2008-09-30": "1.81", "2008-06-30": "1.31", "2008-03-31": "1.20", "2007-12-31": "0.92", "2007-09-30": "1.07", "2007-06-30": "1.20", "2007-03-31": "1.07", "2006-12-31": "1.10", "2006-09-30": "1.30", "2006-06-30": "1.34", "2006-03-31": "1.27", "2005-12-31": "1.28", "2005-09-30": "1.34", "2005-06-30": "1.29", "2005-03-31": "1.36"}, "return on equity": {"2020-12-31": "23.30%", "2020-09-30": "21.25%", "2020-06-30": "19.13%", "2020-03-31": "18.32%", "2019-12-31": "17.56%", "2019-09-30": "16.62%", "2019-06-30": "16.71%", "2019-03-31": "16.95%", "2018-12-31": "17.51%", "2018-09-30": "17.00%", "2018-06-30": "15.87%", "2018-03-31": "14.45%", "2017-12-31": "13.39%", "2017-09-30": "14.13%", "2017-06-30": "14.20%", "2017-03-31": "14.10%", "2016-12-31": "14.11%", "2016-09-30": "13.85%", "2016-06-30": "13.63%", "2016-03-31": "13.64%", "2015-12-31": "13.32%", "2015-09-30": "13.52%", "2015-06-30": "12.65%", "2015-03-31": "10.97%", "2014-12-31": "11.23%", "2014-09-30": "11.44%", "2014-06-30": "11.51%", "2014-03-31": "13.05%", "2013-12-31": "13.05%", "2013-09-30": "12.06%", "2013-06-30": "11.39%", "2013-03-31": "29.49%", "2012-12-31": "29.69%", "2012-09-30": "30.77%", "2012-06-30": "31.14%", "2012-03-31": "5.07%", "2011-12-31": "4.62%", "2011-09-30": "2.80%", "2011-06-30": "1.08%", "2011-03-31": "1.91%", "2010-12-31": "1.26%", "2010-09-30": "9.38%", "2010-06-30": "0.74%", "2010-03-31": "-6.98%", "2009-12-31": "-11.68%", "2009-09-30": "-21.38%", "2009-06-30": "-41.56%", "2009-03-31": "-46.08%", "2008-12-31": "-77.07%", "2008-09-30": "-65.94%", "2008-06-30": "-40.23%", "2008-03-31": "-44.51%", "2007-12-31": "-16.38%", "2007-09-30": "-11.71%", "2007-06-30": "-6.10%", "2007-03-31": "11.39%", "2006-12-31": "16.45%", "2006-09-30": "20.38%", "2006-06-30": "26.29%", "2006-03-31": "29.42%", "2005-12-31": "30.40%"}, "return on assets": {"2020-12-31": "14.82%", "2020-09-30": "13.50%", "2020-06-30": "12.23%", "2020-03-31": "11.79%", "2019-12-31": "11.34%", "2019-09-30": "10.72%", "2019-06-30": "10.73%", "2019-03-31": "10.89%", "2018-12-31": "11.24%", "2018-09-30": "10.84%", "2018-06-30": "10.06%", "2018-03-31": "9.07%", "2017-12-31": "8.32%", "2017-09-30": "8.69%", "2017-06-30": "8.56%", "2017-03-31": "8.34%", "2016-12-31": "8.16%", "2016-09-30": "7.82%", "2016-06-30": "7.49%", "2016-03-31": "7.31%", "2015-12-31": "6.98%", "2015-09-30": "6.98%", "2015-06-30": "6.44%", "2015-03-31": "5.57%", "2014-12-31": "5.58%", "2014-09-30": "5.58%", "2014-06-30": "5.49%", "2014-03-31": "6.08%", "2013-12-31": "6.05%", "2013-09-30": "5.65%", "2013-06-30": "5.44%", "2013-03-31": "14.45%", "2012-12-31": "14.89%", "2012-09-30": "15.46%", "2012-06-30": "15.62%", "2012-03-31": "2.47%", "2011-12-31": "2.22%", "2011-09-30": "1.31%", "2011-06-30": "0.49%", "2011-03-31": "0.85%", "2010-12-31": "0.54%", "2010-09-30": "3.87%", "2010-06-30": "0.29%", "2010-03-31": "-2.64%", "2009-12-31": "-4.43%", "2009-09-30": "-8.11%", "2009-06-30": "-15.73%", "2009-03-31": "-18.24%", "2008-12-31": "-31.56%", "2008-09-30": "-29.45%", "2008-06-30": "-19.14%", "2008-03-31": "-21.28%", "2007-12-31": "-7.93%", "2007-09-30": "-5.56%", "2007-06-30": "-2.82%", "2007-03-31": "5.18%", "2006-12-31": "7.31%", "2006-09-30": "8.86%", "2006-06-30": "11.39%", "2006-03-31": "12.82%", "2005-12-31": "13.13%"}, "return on investments": {"2020-12-31": "21.38%", "2020-09-30": "18.85%", "2020-06-30": "17.00%", "2020-03-31": "16.42%", "2019-12-31": "15.85%", "2019-09-30": "15.47%", "2019-06-30": "15.40%", "2019-03-31": "15.90%", "2018-12-31": "16.44%", "2018-09-30": "16.93%", "2018-06-30": "16.58%", "2018-03-31": "15.67%", "2017-12-31": "15.29%", "2017-09-30": "15.15%", "2017-06-30": "14.88%", "2017-03-31": "14.40%", "2016-12-31": "14.02%", "2016-09-30": "13.41%", "2016-06-30": "12.51%", "2016-03-31": "12.16%", "2015-12-31": "11.65%", "2015-09-30": "11.65%", "2015-06-30": "11.00%", "2015-03-31": "9.51%", "2014-12-31": "9.52%", "2014-09-30": "9.57%", "2014-06-30": "9.32%", "2014-03-31": "10.19%", "2013-12-31": "9.81%", "2013-09-30": "9.20%", "2013-06-30": "8.26%", "2013-03-31": "6.72%", "2012-12-31": "5.76%", "2012-09-30": "4.84%", "2012-06-30": "4.03%", "2012-03-31": "3.56%", "2011-12-31": "2.14%", "2011-09-30": "1.24%", "2011-06-30": "0.52%", "2011-03-31": "1.10%", "2010-12-31": "2.08%", "2010-09-30": "3.41%", "2010-06-30": "-0.74%", "2010-03-31": "-4.57%", "2009-12-31": "-6.59%", "2009-09-30": "-8.40%", "2009-06-30": "-23.84%", "2009-03-31": "-26.07%", "2008-12-31": "-35.49%", "2008-09-30": "-34.23%", "2008-06-30": "-23.70%", "2008-03-31": "-25.18%", "2007-12-31": "-13.49%", "2007-09-30": "-9.31%", "2007-06-30": "-0.17%", "2007-03-31": "9.91%", "2006-12-31": "14.34%", "2006-09-30": "17.72%", "2006-06-30": "23.12%", "2006-03-31": "26.52%", "2005-12-31": "27.31%"}, "return on tangible equity": {"2020-12-31": "23.63%", "2020-09-30": "21.57%", "2020-06-30": "19.43%", "2020-03-31": "18.62%", "2019-12-31": "17.85%", "2019-09-30": "16.90%", "2019-06-30": "16.97%", "2019-03-31": "17.21%", "2018-12-31": "17.75%", "2018-09-30": "17.21%", "2018-06-30": "16.06%", "2018-03-31": "14.62%", "2017-12-31": "13.55%", "2017-09-30": "14.28%", "2017-06-30": "14.36%", "2017-03-31": "14.27%", "2016-12-31": "14.29%", "2016-09-30": "14.04%", "2016-06-30": "13.82%", "2016-03-31": "13.85%", "2015-12-31": "13.53%", "2015-09-30": "13.76%", "2015-06-30": "12.88%", "2015-03-31": "11.18%", "2014-12-31": "11.42%", "2014-09-30": "11.61%", "2014-06-30": "11.66%", "2014-03-31": "13.18%", "2013-12-31": "13.18%", "2013-09-30": "12.18%", "2013-06-30": "11.51%", "2013-03-31": "29.77%", "2012-12-31": "29.94%", "2012-09-30": "30.98%", "2012-06-30": "31.31%", "2012-03-31": "5.10%", "2011-12-31": "4.65%", "2011-09-30": "2.82%", "2011-06-30": "1.08%", "2011-03-31": "1.92%", "2010-12-31": "1.27%", "2010-09-30": "9.44%", "2010-06-30": "0.75%", "2010-03-31": "-7.03%", "2009-12-31": "-11.76%", "2009-09-30": "-21.51%", "2009-06-30": "-41.81%", "2009-03-31": "-46.64%", "2008-12-31": "-78.38%", "2008-09-30": "-67.20%", "2008-06-30": "-41.06%", "2008-03-31": "-45.47%", "2007-12-31": "-17.06%", "2007-09-30": "-12.42%", "2007-06-30": "-6.59%", "2007-03-31": "12.52%", "2006-12-31": "18.12%", "2006-09-30": "22.53%", "2006-06-30": "29.21%", "2006-03-31": "32.93%", "2005-12-31": "34.32%"}, "dividend yield history": {"last payout": "$0.80", "last yield": "1.00%"}}