{"ticker": "D", "price": {"title": "Dominion Energy Historical Annual Stock Price Data", "value": 73.06, "historical": {"2021": {"Average Stock Price": "72.7557", "Year Open": "73.8900", "Year High": "74.5600", "Year Low": "70.9600", "Year Close": "73.0600", "Annual % Change": "-2.85%"}, "2020": {"Average Stock Price": "79.9507", "Year Open": "81.9600", "Year High": "89.8000", "Year Low": "59.3900", "Year Close": "75.2000", "Annual % Change": "-9.20%"}, "2019": {"Average Stock Price": "77.1221", "Year Open": "71.1800", "Year High": "83.4600", "Year Low": "67.9700", "Year Close": "82.8200", "Annual % Change": "15.90%"}, "2018": {"Average Stock Price": "70.6626", "Year Open": "80.2800", "Year High": "80.2800", "Year Low": "61.7500", "Year Close": "71.4600", "Annual % Change": "-11.84%"}, "2017": {"Average Stock Price": "78.2689", "Year Open": "76.2500", "Year High": "84.9100", "Year Low": "71.6800", "Year Close": "81.0600", "Annual % Change": "5.84%"}, "2016": {"Average Stock Price": "73.3304", "Year Open": "67.4700", "Year High": "78.9200", "Year Low": "67.4700", "Year Close": "76.5900", "Annual % Change": "13.23%"}, "2015": {"Average Stock Price": "70.9336", "Year Open": "77.4900", "Year High": "79.2700", "Year Low": "64.8900", "Year Close": "67.6400", "Annual % Change": "-12.04%"}, "2014": {"Average Stock Price": "69.9954", "Year Open": "63.5800", "Year High": "80.2300", "Year Low": "63.5100", "Year Close": "76.9000", "Annual % Change": "18.87%"}, "2013": {"Average Stock Price": "59.3555", "Year Open": "52.9200", "Year High": "67.8000", "Year Low": "52.2000", "Year Close": "64.6900", "Annual % Change": "24.88%"}, "2012": {"Average Stock Price": "52.0060", "Year Open": "52.5000", "Year High": "54.9700", "Year Low": "49.1900", "Year Close": "51.8000", "Annual % Change": "-2.41%"}, "2011": {"Average Stock Price": "47.6815", "Year Open": "42.7500", "Year High": "53.5300", "Year Low": "42.2600", "Year Close": "53.0800", "Annual % Change": "24.25%"}, "2010": {"Average Stock Price": "41.4495", "Year Open": "38.9600", "Year High": "44.9200", "Year Low": "36.2700", "Year Close": "42.7200", "Annual % Change": "9.76%"}, "2009": {"Average Stock Price": "33.6026", "Year Open": "36.5400", "Year High": "39.6100", "Year Low": "27.2900", "Year Close": "38.9200", "Annual % Change": "8.59%"}, "2008": {"Average Stock Price": "41.8315", "Year Open": "46.5200", "Year High": "48.1100", "Year Low": "33.5800", "Year Close": "35.8400", "Annual % Change": "-24.47%"}, "2007": {"Average Stock Price": "43.8886", "Year Open": "41.8250", "Year High": "48.9900", "Year Low": "40.0000", "Year Close": "47.4500", "Annual % Change": "13.19%"}, "2006": {"Average Stock Price": "38.2912", "Year Open": "39.5800", "Year High": "42.0100", "Year Low": "34.5150", "Year Close": "41.9200", "Annual % Change": "8.60%"}, "2005": {"Average Stock Price": "37.4025", "Year Open": "33.7400", "Year High": "43.2500", "Year Low": "33.3500", "Year Close": "38.6000", "Annual % Change": "13.97%"}, "2004": {"Average Stock Price": "32.0751", "Year Open": "32.0050", "Year High": "34.2250", "Year Low": "30.6250", "Year Close": "33.8700", "Annual % Change": "6.13%"}, "2003": {"Average Stock Price": "29.8231", "Year Open": "27.8850", "Year High": "32.8300", "Year Low": "25.9200", "Year Close": "31.9150", "Annual % Change": "16.27%"}, "2002": {"Average Stock Price": "29.0688", "Year Open": "30.3750", "Year High": "33.4250", "Year Low": "18.2450", "Year Close": "27.4500", "Annual % Change": "-8.65%"}, "2001": {"Average Stock Price": "31.1463", "Year Open": "32.7800", "Year High": "34.7800", "Year Low": "28.0000", "Year Close": "30.0500", "Annual % Change": "-10.30%"}, "2000": {"Average Stock Price": "24.2676", "Year Open": "19.0650", "Year High": "33.6250", "Year Low": "17.5650", "Year Close": "33.5000", "Annual % Change": "70.70%"}, "1999": {"Average Stock Price": "21.7291", "Year Open": "23.1900", "Year High": "24.3150", "Year Low": "18.4700", "Year Close": "19.6250", "Annual % Change": "-16.04%"}, "1998": {"Average Stock Price": "21.1446", "Year Open": "21.1250", "Year High": "24.0950", "Year Low": "19.2500", "Year Close": "23.3750", "Annual % Change": "9.84%"}, "1997": {"Average Stock Price": "18.7278", "Year Open": "18.8750", "Year High": "21.3450", "Year Low": "16.6900", "Year Close": "21.2800", "Annual % Change": "10.55%"}, "1996": {"Average Stock Price": "19.5831", "Year Open": "20.9400", "Year High": "21.9375", "Year Low": "18.5600", "Year Close": "19.2500", "Annual % Change": "-6.67%"}, "1995": {"Average Stock Price": "18.7844", "Year Open": "18.2500", "Year High": "20.7500", "Year Low": "17.5650", "Year Close": "20.6250", "Annual % Change": "14.58%"}, "1994": {"Average Stock Price": "19.4134", "Year Open": "22.5000", "Year High": "22.5650", "Year Low": "17.4400", "Year Close": "18.0000", "Annual % Change": "-20.67%"}, "1993": {"Average Stock Price": "22.3319", "Year Open": "19.6900", "Year High": "24.6900", "Year Low": "19.2500", "Year Close": "22.6900", "Annual % Change": "14.89%"}, "1992": {"Average Stock Price": "18.9902", "Year Open": "19.0000", "Year High": "20.5000", "Year Low": "17.1900", "Year Close": "19.7500", "Annual % Change": "3.95%"}, "1991": {"Average Stock Price": "16.5570", "Year Open": "15.5833", "Year High": "19.0000", "Year Low": "14.9167", "Year Close": "19.0000", "Annual % Change": "21.59%"}, "1990": {"Average Stock Price": "14.9771", "Year Open": "16.2067", "Year High": "16.2067", "Year Low": "13.8333", "Year Close": "15.6267", "Annual % Change": "-1.30%"}, "1989": {"Average Stock Price": "14.5353", "Year Open": "14.0000", "Year High": "15.8733", "Year Low": "13.5000", "Year Close": "15.8333", "Annual % Change": "12.75%"}, "1988": {"Average Stock Price": "14.3596", "Year Open": "14.0000", "Year High": "15.7067", "Year Low": "13.7933", "Year Close": "14.0433", "Annual % Change": "1.81%"}, "1987": {"Average Stock Price": "14.5190", "Year Open": "14.9567", "Year High": "16.4167", "Year Low": "12.4567", "Year Close": "13.7933", "Annual % Change": "-6.49%"}, "1986": {"Average Stock Price": "14.2422", "Year Open": "11.6267", "Year High": "17.3733", "Year Low": "11.3733", "Year Close": "14.7500", "Annual % Change": "24.65%"}, "1985": {"Average Stock Price": "10.2256", "Year Open": "9.5000", "Year High": "11.9167", "Year Low": "9.0000", "Year Close": "11.8333", "Annual % Change": "22.92%"}}}, "market cap": {"value": "$59.64B"}, "income statement": {"Revenue": {"2019-12-31": "16572.00000", "2018-12-31": "13366.00000", "2017-12-31": "12586.00000", "2016-12-31": "11737.00000", "2015-12-31": "11683.00000", "2014-12-31": "12436.00000", "2013-12-31": "13120.00000", "2012-12-31": "12835.00000", "2011-12-31": "13765.00000", "2010-12-31": "14927.00000", "2009-12-31": "14798.00000", "2008-12-31": "15895.00000", "2007-12-31": "14816.00000", "2006-12-31": "17276.00000", "2005-12-31": "17809.00000"}, "Cost Of Goods Sold": {"2019-12-31": "4562.00000", "2018-12-31": "3581.00000", "2017-12-31": "3008.00000", "2016-12-31": "2891.00000", "2015-12-31": "3606.00000", "2014-12-31": "5116.00000", "2013-12-31": "5574.00000", "2012-12-31": "5209.00000", "2011-12-31": "6160.00000", "2010-12-31": "6536.00000", "2009-12-31": "6896.00000", "2008-12-31": "7600.00000", "2007-12-31": "6837.00000", "2006-12-31": "7145.00000", "2005-12-31": "9115.00000"}, "Gross Profit": {"2019-12-31": "12010.00000", "2018-12-31": "9785.00000", "2017-12-31": "9578.00000", "2016-12-31": "8846.00000", "2015-12-31": "8077.00000", "2014-12-31": "7320.00000", "2013-12-31": "7546.00000", "2012-12-31": "7626.00000", "2011-12-31": "7605.00000", "2010-12-31": "8391.00000", "2009-12-31": "7902.00000", "2008-12-31": "8295.00000", "2007-12-31": "7979.00000", "2006-12-31": "10131.00000", "2005-12-31": "8694.00000"}, "Research And Development Expenses": {"2019-12-31": "", "2018-12-31": "", "2017-12-31": "", "2016-12-31": "", "2015-12-31": "", "2014-12-31": "", "2013-12-31": "", "2012-12-31": "", "2011-12-31": "", "2010-12-31": "", "2009-12-31": "", "2008-12-31": "", "2007-12-31": "", "2006-12-31": "", "2005-12-31": ""}, "SG&A Expenses": {"2019-12-31": "4428.00000", "2018-12-31": "3458.00000", "2017-12-31": "3200.00000", "2016-12-31": "3279.00000", "2015-12-31": "2595.00000", "2014-12-31": "2765.00000", "2013-12-31": "2459.00000", "2012-12-31": "3091.00000", "2011-12-31": "3178.00000", "2010-12-31": "3448.00000", "2009-12-31": "3712.00000", "2008-12-31": "3284.00000", "2007-12-31": "4125.00000", "2006-12-31": "3606.00000", "2005-12-31": "2980.00000"}, "Other Operating Income Or Expenses": {"2019-12-31": "-2413.00000", "2018-12-31": "-726.00000", "2017-12-31": "-536.00000", "2016-12-31": "-560.00000", "2015-12-31": "-551.00000", "2014-12-31": "-542.00000", "2013-12-31": "-563.00000", "2012-12-31": "-550.00000", "2011-12-31": "-529.00000", "2010-12-31": "1943.00000", "2009-12-31": "-483.00000", "2008-12-31": "-493.00000", "2007-12-31": "3083.00000", "2006-12-31": "-1590.00000", "2005-12-31": "-1968.00000"}, "Operating Expenses": {"2019-12-31": "14058.00000", "2018-12-31": "9765.00000", "2017-12-31": "8649.00000", "2016-12-31": "8289.00000", "2015-12-31": "8147.00000", "2014-12-31": "9715.00000", "2013-12-31": "9804.00000", "2012-12-31": "9977.00000", "2011-12-31": "10885.00000", "2010-12-31": "9076.00000", "2009-12-31": "12229.00000", "2008-12-31": "12411.00000", "2007-12-31": "9247.00000", "2006-12-31": "13898.00000", "2005-12-31": "15422.00000"}, "Operating Income": {"2019-12-31": "2514.00000", "2018-12-31": "3601.00000", "2017-12-31": "3937.00000", "2016-12-31": "3448.00000", "2015-12-31": "3536.00000", "2014-12-31": "2721.00000", "2013-12-31": "3316.00000", "2012-12-31": "2858.00000", "2011-12-31": "2880.00000", "2010-12-31": "5851.00000", "2009-12-31": "2569.00000", "2008-12-31": "3484.00000", "2007-12-31": "5569.00000", "2006-12-31": "3378.00000", "2005-12-31": "2387.00000"}, "Total Non-Operating Income/Expense": {"2019-12-31": "-787.00000", "2018-12-31": "-472.00000", "2017-12-31": "-847.00000", "2016-12-31": "-581.00000", "2015-12-31": "-708.00000", "2014-12-31": "-943.00000", "2013-12-31": "-612.00000", "2012-12-31": "-593.00000", "2011-12-31": "-618.00000", "2010-12-31": "-656.00000", "2009-12-31": "-695.00000", "2008-12-31": "-871.00000", "2007-12-31": "-1059.00000", "2006-12-31": "-915.00000", "2005-12-31": "-781.00000"}, "Pre-Tax Income": {"2019-12-31": "1727.00000", "2018-12-31": "3129.00000", "2017-12-31": "3090.00000", "2016-12-31": "2867.00000", "2015-12-31": "2828.00000", "2014-12-31": "1778.00000", "2013-12-31": "2704.00000", "2012-12-31": "2265.00000", "2011-12-31": "2262.00000", "2010-12-31": "5195.00000", "2009-12-31": "1874.00000", "2008-12-31": "2613.00000", "2007-12-31": "4510.00000", "2006-12-31": "2463.00000", "2005-12-31": "1606.00000"}, "Income Taxes": {"2019-12-31": "351.00000", "2018-12-31": "580.00000", "2017-12-31": "-30.00000", "2016-12-31": "655.00000", "2015-12-31": "905.00000", "2014-12-31": "452.00000", "2013-12-31": "892.00000", "2012-12-31": "811.00000", "2011-12-31": "778.00000", "2010-12-31": "2112.00000", "2009-12-31": "596.00000", "2008-12-31": "953.00000", "2007-12-31": "1783.00000", "2006-12-31": "927.00000", "2005-12-31": "573.00000"}, "Income After Taxes": {"2019-12-31": "1376.00000", "2018-12-31": "2549.00000", "2017-12-31": "3120.00000", "2016-12-31": "2212.00000", "2015-12-31": "1923.00000", "2014-12-31": "1326.00000", "2013-12-31": "1812.00000", "2012-12-31": "1454.00000", "2011-12-31": "1484.00000", "2010-12-31": "3083.00000", "2009-12-31": "1278.00000", "2008-12-31": "1660.00000", "2007-12-31": "2727.00000", "2006-12-31": "1536.00000", "2005-12-31": "1033.00000"}, "Other Income": {"2019-12-31": "", "2018-12-31": "", "2017-12-31": "", "2016-12-31": "", "2015-12-31": "", "2014-12-31": "", "2013-12-31": "", "2012-12-31": "", "2011-12-31": "", "2010-12-31": "", "2009-12-31": "", "2008-12-31": "", "2007-12-31": "", "2006-12-31": "", "2005-12-31": ""}, "Income From Continuous Operations": {"2019-12-31": "1376.00000", "2018-12-31": "2549.00000", "2017-12-31": "3120.00000", "2016-12-31": "2212.00000", "2015-12-31": "1923.00000", "2014-12-31": "1326.00000", "2013-12-31": "1812.00000", "2012-12-31": "1454.00000", "2011-12-31": "1484.00000", "2010-12-31": "3083.00000", "2009-12-31": "1278.00000", "2008-12-31": "1660.00000", "2007-12-31": "2727.00000", "2006-12-31": "1530.00000", "2005-12-31": "1033.00000"}, "Income From Discontinued Operations": {"2019-12-31": "", "2018-12-31": "", "2017-12-31": "", "2016-12-31": "", "2015-12-31": "", "2014-12-31": "", "2013-12-31": "-92.00000", "2012-12-31": "-1125.00000", "2011-12-31": "-58.00000", "2010-12-31": "-258.00000", "2009-12-31": "26.00000", "2008-12-31": "190.00000", "2007-12-31": "-8.00000", "2006-12-31": "-150.00000", "2005-12-31": "6.00000"}, "Net Income": {"2019-12-31": "1358.00000", "2018-12-31": "2447.00000", "2017-12-31": "2999.00000", "2016-12-31": "2123.00000", "2015-12-31": "1899.00000", "2014-12-31": "1310.00000", "2013-12-31": "1697.00000", "2012-12-31": "302.00000", "2011-12-31": "1408.00000", "2010-12-31": "2808.00000", "2009-12-31": "1287.00000", "2008-12-31": "1834.00000", "2007-12-31": "2539.00000", "2006-12-31": "1380.00000", "2005-12-31": "1033.00000"}, "EBITDA": {"2019-12-31": "5491.00000", "2018-12-31": "5881.00000", "2017-12-31": "6139.00000", "2016-12-31": "5297.00000", "2015-12-31": "5205.00000", "2014-12-31": "4281.00000", "2013-12-31": "4706.00000", "2012-12-31": "4301.00000", "2011-12-31": "4168.00000", "2010-12-31": "7109.00000", "2009-12-31": "3888.00000", "2008-12-31": "4675.00000", "2007-12-31": "7102.00000", "2006-12-31": "5117.00000", "2005-12-31": "3925.00000"}, "EBIT": {"2019-12-31": "2514.00000", "2018-12-31": "3601.00000", "2017-12-31": "3937.00000", "2016-12-31": "3448.00000", "2015-12-31": "3536.00000", "2014-12-31": "2721.00000", "2013-12-31": "3316.00000", "2012-12-31": "2858.00000", "2011-12-31": "2880.00000", "2010-12-31": "5851.00000", "2009-12-31": "2569.00000", "2008-12-31": "3484.00000", "2007-12-31": "5569.00000", "2006-12-31": "3378.00000", "2005-12-31": "2387.00000"}, "Basic Shares Outstanding": {"2019-12-31": "808.80000", "2018-12-31": "654.20000", "2017-12-31": "636.00000", "2016-12-31": "616.40000", "2015-12-31": "592.40000", "2014-12-31": "582.70000", "2013-12-31": "578.70000", "2012-12-31": "572.90000", "2011-12-31": "573.10000", "2010-12-31": "588.90000", "2009-12-31": "593.30000", "2008-12-31": "577.80000", "2007-12-31": "650.80000", "2006-12-31": "699.50000", "2005-12-31": "684.60000"}, "Shares Outstanding": {"2019-12-31": "808.90000", "2018-12-31": "654.90000", "2017-12-31": "636.00000", "2016-12-31": "617.10000", "2015-12-31": "593.70000", "2014-12-31": "584.50000", "2013-12-31": "579.50000", "2012-12-31": "573.90000", "2011-12-31": "574.60000", "2010-12-31": "590.10000", "2009-12-31": "593.70000", "2008-12-31": "580.80000", "2007-12-31": "655.20000", "2006-12-31": "703.20000", "2005-12-31": "688.90000"}, "Basic EPS": {"2019-12-31": "1.66000", "2018-12-31": "3.74000", "2017-12-31": "4.72000", "2016-12-31": "3.44000", "2015-12-31": "3.21000", "2014-12-31": "2.25000", "2013-12-31": "2.93000", "2012-12-31": "0.53000", "2011-12-31": "2.46000", "2010-12-31": "4.77000", "2009-12-31": "2.17000", "2008-12-31": "3.17000", "2007-12-31": "3.90000", "2006-12-31": "1.97000", "2005-12-31": "1.51000"}, "EPS - Earnings Per Share": {"2019-12-31": "1.62000", "2018-12-31": "3.74000", "2017-12-31": "4.72000", "2016-12-31": "3.44000", "2015-12-31": "3.20000", "2014-12-31": "2.24000", "2013-12-31": "2.93000", "2012-12-31": "0.53000", "2011-12-31": "2.45000", "2010-12-31": "4.76000", "2009-12-31": "2.17000", "2008-12-31": "3.16000", "2007-12-31": "3.88000", "2006-12-31": "1.96000", "2005-12-31": "1.50000"}}, "income statement, quarterly": {"Revenue": {"2020-09-30": "3607.00000", "2020-06-30": "3585.00000", "2020-03-31": "4496.00000", "2019-12-31": "4962.00000", "2019-09-30": "3782.00000", "2019-06-30": "3970.00000", "2019-03-31": "3858.00000", "2018-12-31": "3361.00000", "2018-09-30": "3451.00000", "2018-06-30": "3088.00000", "2018-03-31": "3466.00000", "2017-12-31": "3210.00000", "2017-09-30": "3179.00000", "2017-06-30": "2813.00000", "2017-03-31": "3384.00000", "2016-12-31": "3086.00000", "2016-09-30": "3132.00000", "2016-06-30": "2598.00000", "2016-03-31": "2921.00000", "2015-12-31": "2556.00000", "2015-09-30": "2971.00000", "2015-06-30": "2747.00000", "2015-03-31": "3409.00000", "2014-12-31": "2943.00000", "2014-09-30": "3050.00000", "2014-06-30": "2813.00000", "2014-03-31": "3630.00000", "2013-12-31": "3185.00000", "2013-09-30": "3432.00000", "2013-06-30": "2980.00000", "2013-03-31": "3523.00000", "2012-12-31": "3101.00000", "2012-09-30": "3332.00000", "2012-06-30": "3005.00000", "2012-03-31": "3397.00000", "2011-12-31": "2675.00000", "2011-09-30": "3745.00000", "2011-06-30": "3288.00000", "2011-03-31": "4057.00000", "2010-12-31": "3476.00000", "2010-09-30": "3950.00000", "2010-06-30": "3333.00000", "2010-03-31": "4168.00000", "2009-12-31": "3176.00000", "2009-09-30": "3630.00000", "2009-06-30": "3406.00000", "2009-03-31": "4586.00000", "2008-12-31": "3778.00000", "2008-09-30": "4365.00000", "2008-06-30": "3399.00000", "2008-03-31": "4353.00000", "2007-12-31": "2836.00000", "2007-09-30": "3589.00000", "2007-06-30": "3730.00000", "2007-03-31": "4661.00000", "2006-12-31": "4856.00000", "2006-09-30": "3973.00000", "2006-06-30": "3496.00000", "2006-03-31": "4951.00000", "2005-12-31": "4863.00000", "2005-09-30": "4564.00000", "2005-06-30": "3646.00000", "2005-03-31": "4736.00000"}, "Cost Of Goods Sold": {"2020-09-30": "654.00000", "2020-06-30": "590.00000", "2020-03-31": "1097.00000", "2019-12-31": "1095.00000", "2019-09-30": "938.00000", "2019-06-30": "969.00000", "2019-03-31": "1560.00000", "2018-12-31": "957.00000", "2018-09-30": "816.00000", "2018-06-30": "710.00000", "2018-03-31": "1098.00000", "2017-12-31": "864.00000", "2017-09-30": "683.00000", "2017-06-30": "598.00000", "2017-03-31": "863.00000", "2016-12-31": "741.00000", "2016-09-30": "677.00000", "2016-06-30": "652.00000", "2016-03-31": "821.00000", "2015-12-31": "721.00000", "2015-09-30": "796.00000", "2015-06-30": "792.00000", "2015-03-31": "1297.00000", "2014-12-31": "1072.00000", "2014-09-30": "1038.00000", "2014-06-30": "1044.00000", "2014-03-31": "1962.00000", "2013-12-31": "1378.00000", "2013-09-30": "1430.00000", "2013-06-30": "1260.00000", "2013-03-31": "1506.00000", "2012-12-31": "1278.00000", "2012-09-30": "1286.00000", "2012-06-30": "1208.00000", "2012-03-31": "1437.00000", "2011-12-31": "1251.00000", "2011-09-30": "1661.00000", "2011-06-30": "1438.00000", "2011-03-31": "1810.00000", "2010-12-31": "1489.00000", "2010-09-30": "1663.00000", "2010-06-30": "1456.00000", "2010-03-31": "1928.00000", "2009-12-31": "1737.00000", "2009-09-30": "1449.00000", "2009-06-30": "1454.00000", "2009-03-31": "2256.00000", "2008-12-31": "1862.00000", "2008-09-30": "2177.00000", "2008-06-30": "1518.00000", "2008-03-31": "2043.00000", "2007-12-31": "1732.00000", "2007-09-30": "1371.00000", "2007-06-30": "1549.00000", "2007-03-31": "2185.00000", "2006-12-31": "2051.00000", "2006-09-30": "1522.00000", "2006-06-30": "1306.00000", "2006-03-31": "2266.00000", "2005-12-31": "2798.00000", "2005-09-30": "2502.00000", "2005-06-30": "1618.00000", "2005-03-31": "2197.00000"}, "Gross Profit": {"2020-09-30": "2953.00000", "2020-06-30": "2995.00000", "2020-03-31": "3399.00000", "2019-12-31": "3867.00000", "2019-09-30": "2844.00000", "2019-06-30": "3001.00000", "2019-03-31": "2298.00000", "2018-12-31": "2404.00000", "2018-09-30": "2635.00000", "2018-06-30": "2378.00000", "2018-03-31": "2368.00000", "2017-12-31": "2346.00000", "2017-09-30": "2496.00000", "2017-06-30": "2215.00000", "2017-03-31": "2521.00000", "2016-12-31": "2345.00000", "2016-09-30": "2455.00000", "2016-06-30": "1946.00000", "2016-03-31": "2100.00000", "2015-12-31": "1835.00000", "2015-09-30": "2175.00000", "2015-06-30": "1955.00000", "2015-03-31": "2112.00000", "2014-12-31": "1871.00000", "2014-09-30": "2012.00000", "2014-06-30": "1769.00000", "2014-03-31": "1668.00000", "2013-12-31": "1807.00000", "2013-09-30": "2002.00000", "2013-06-30": "1720.00000", "2013-03-31": "2017.00000", "2012-12-31": "1823.00000", "2012-09-30": "2046.00000", "2012-06-30": "1797.00000", "2012-03-31": "1960.00000", "2011-12-31": "1424.00000", "2011-09-30": "2084.00000", "2011-06-30": "1850.00000", "2011-03-31": "2247.00000", "2010-12-31": "1987.00000", "2010-09-30": "2287.00000", "2010-06-30": "1877.00000", "2010-03-31": "2240.00000", "2009-12-31": "1439.00000", "2009-09-30": "2181.00000", "2009-06-30": "1952.00000", "2009-03-31": "2330.00000", "2008-12-31": "1916.00000", "2008-09-30": "2188.00000", "2008-06-30": "1881.00000", "2008-03-31": "2310.00000", "2007-12-31": "1104.00000", "2007-09-30": "2218.00000", "2007-06-30": "2181.00000", "2007-03-31": "2476.00000", "2006-12-31": "2805.00000", "2006-09-30": "2451.00000", "2006-06-30": "2190.00000", "2006-03-31": "2685.00000", "2005-12-31": "2065.00000", "2005-09-30": "2062.00000", "2005-06-30": "2028.00000", "2005-03-31": "2539.00000"}, "Research And Development Expenses": {"2020-09-30": "", "2020-06-30": "", "2020-03-31": "", "2019-12-31": "", "2019-09-30": "", "2019-06-30": "", "2019-03-31": "", "2018-12-31": "", "2018-09-30": "", "2018-06-30": "", "2018-03-31": "", "2017-12-31": "", "2017-09-30": "", "2017-06-30": "", "2017-03-31": "", "2016-12-31": "", "2016-09-30": "", "2016-06-30": "", "2016-03-31": "", "2015-12-31": "", "2015-09-30": "", "2015-06-30": "", "2015-03-31": "", "2014-12-31": "", "2014-09-30": "", "2014-06-30": "", "2014-03-31": "", "2013-12-31": "", "2013-09-30": "", "2013-06-30": "", "2013-03-31": "", "2012-12-31": "", "2012-09-30": "", "2012-06-30": "", "2012-03-31": "", "2011-12-31": "", "2011-09-30": "", "2011-06-30": "", "2011-03-31": "", "2010-12-31": "", "2010-09-30": "", "2010-06-30": "", "2010-03-31": "", "2009-12-31": "", "2009-09-30": "", "2009-06-30": "", "2009-03-31": "", "2008-12-31": "", "2008-09-30": "", "2008-06-30": "", "2008-03-31": "", "2007-12-31": "", "2007-09-30": "", "2007-06-30": "", "2007-03-31": "", "2006-12-31": "", "2006-09-30": "", "2006-06-30": "", "2006-03-31": "", "2005-12-31": "", "2005-09-30": "", "2005-06-30": "", "2005-03-31": ""}, "SG&A Expenses": {"2020-09-30": "977.00000", "2020-06-30": "995.00000", "2020-03-31": "1043.00000", "2019-12-31": "1276.00000", "2019-09-30": "867.00000", "2019-06-30": "1283.00000", "2019-03-31": "1002.00000", "2018-12-31": "1020.00000", "2018-09-30": "770.00000", "2018-06-30": "873.00000", "2018-03-31": "795.00000", "2017-12-31": "892.00000", "2017-09-30": "697.00000", "2017-06-30": "827.00000", "2017-03-31": "784.00000", "2016-12-31": "1146.00000", "2016-09-30": "765.00000", "2016-06-30": "665.00000", "2016-03-31": "703.00000", "2015-12-31": "720.00000", "2015-09-30": "564.00000", "2015-06-30": "709.00000", "2015-03-31": "602.00000", "2014-12-31": "793.00000", "2014-09-30": "614.00000", "2014-06-30": "933.00000", "2014-03-31": "425.00000", "2013-12-31": "583.00000", "2013-09-30": "525.00000", "2013-06-30": "728.00000", "2013-03-31": "623.00000", "2012-12-31": "645.00000", "2012-09-30": "1086.00000", "2012-06-30": "753.00000", "2012-03-31": "607.00000", "2011-12-31": "719.00000", "2011-09-30": "859.00000", "2011-06-30": "739.00000", "2011-03-31": "861.00000", "2010-12-31": "739.00000", "2010-09-30": "788.00000", "2010-06-30": "853.00000", "2010-03-31": "1068.00000", "2009-12-31": "1080.00000", "2009-09-30": "713.00000", "2009-06-30": "685.00000", "2009-03-31": "1234.00000", "2008-12-31": "875.00000", "2008-09-30": "762.00000", "2008-06-30": "804.00000", "2008-03-31": "843.00000", "2007-12-31": "204.00000", "2007-09-30": "1159.00000", "2007-06-30": "1934.00000", "2007-03-31": "828.00000", "2006-12-31": "1462.00000", "2006-09-30": "502.00000", "2006-06-30": "875.00000", "2006-03-31": "767.00000", "2005-12-31": "612.00000", "2005-09-30": "1015.00000", "2005-06-30": "522.00000", "2005-03-31": "831.00000"}, "Other Operating Income Or Expenses": {"2020-09-30": "-1354.00000", "2020-06-30": "-787.00000", "2020-03-31": "-1052.00000", "2019-12-31": "-403.00000", "2019-09-30": "-287.00000", "2019-06-30": "-596.00000", "2019-03-31": "-1127.00000", "2018-12-31": "-37.00000", "2018-09-30": "-189.00000", "2018-06-30": "-300.00000", "2018-03-31": "-200.00000", "2017-12-31": "-17.00000", "2017-09-30": "-162.00000", "2017-06-30": "-168.00000", "2017-03-31": "-189.00000", "2016-12-31": "-112.00000", "2016-09-30": "-145.00000", "2016-06-30": "-139.00000", "2016-03-31": "-164.00000", "2015-12-31": "-119.00000", "2015-09-30": "-133.00000", "2015-06-30": "-134.00000", "2015-03-31": "-165.00000", "2014-12-31": "-118.00000", "2014-09-30": "-123.00000", "2014-06-30": "-134.00000", "2014-03-31": "-167.00000", "2013-12-31": "-121.00000", "2013-09-30": "-134.00000", "2013-06-30": "-141.00000", "2013-03-31": "-167.00000", "2012-12-31": "-128.00000", "2012-09-30": "-119.00000", "2012-06-30": "-141.00000", "2012-03-31": "-162.00000", "2011-12-31": "-116.00000", "2011-09-30": "-129.00000", "2011-06-30": "-123.00000", "2011-03-31": "-161.00000", "2010-12-31": "-119.00000", "2010-09-30": "-117.00000", "2010-06-30": "2348.00000", "2010-03-31": "-169.00000", "2009-12-31": "-117.00000", "2009-09-30": "-106.00000", "2009-06-30": "-107.00000", "2009-03-31": "-153.00000", "2008-12-31": "-118.00000", "2008-09-30": "-112.00000", "2008-06-30": "-109.00000", "2008-03-31": "-154.00000", "2007-12-31": "86.00000", "2007-09-30": "3440.00000", "2007-06-30": "-204.00000", "2007-03-31": "-239.00000", "2006-12-31": "-296.00000", "2006-09-30": "-266.00000", "2006-06-30": "-448.00000", "2006-03-31": "-580.00000", "2005-12-31": "-520.00000", "2005-09-30": "-507.00000", "2005-06-30": "-452.00000", "2005-03-31": "-489.00000"}, "Operating Expenses": {"2020-09-30": "3580.00000", "2020-06-30": "3045.00000", "2020-03-31": "3865.00000", "2019-12-31": "3531.00000", "2019-09-30": "2678.00000", "2019-06-30": "3509.00000", "2019-03-31": "4340.00000", "2018-12-31": "2527.00000", "2018-09-30": "2301.00000", "2018-06-30": "2346.00000", "2018-03-31": "2591.00000", "2017-12-31": "2257.00000", "2017-09-30": "2027.00000", "2017-06-30": "2060.00000", "2017-03-31": "2305.00000", "2016-12-31": "2446.00000", "2016-09-30": "1987.00000", "2016-06-30": "1817.00000", "2016-03-31": "2039.00000", "2015-12-31": "1918.00000", "2015-09-30": "1848.00000", "2015-06-30": "1974.00000", "2015-03-31": "2407.00000", "2014-12-31": "2305.00000", "2014-09-30": "2129.00000", "2014-06-30": "2419.00000", "2014-03-31": "2862.00000", "2013-12-31": "2381.00000", "2013-09-30": "2398.00000", "2013-06-30": "2432.00000", "2013-03-31": "2593.00000", "2012-12-31": "2340.00000", "2012-09-30": "2781.00000", "2012-06-30": "2377.00000", "2012-03-31": "2479.00000", "2011-12-31": "2319.00000", "2011-09-30": "2917.00000", "2011-06-30": "2555.00000", "2011-03-31": "3094.00000", "2010-12-31": "2588.00000", "2010-09-30": "2831.00000", "2010-06-30": "223.00000", "2010-03-31": "3434.00000", "2009-12-31": "3248.00000", "2009-09-30": "2542.00000", "2009-06-30": "2517.00000", "2009-03-31": "3922.00000", "2008-12-31": "3119.00000", "2008-09-30": "3310.00000", "2008-06-30": "2688.00000", "2008-03-31": "3294.00000", "2007-12-31": "2102.00000", "2007-09-30": "-626.00000", "2007-06-30": "4110.00000", "2007-03-31": "3661.00000", "2006-12-31": "4207.00000", "2006-09-30": "2679.00000", "2006-06-30": "3022.00000", "2006-03-31": "3990.00000", "2005-12-31": "4239.00000", "2005-09-30": "4379.00000", "2005-06-30": "2941.00000", "2005-03-31": "3863.00000"}, "Operating Income": {"2020-09-30": "27.00000", "2020-06-30": "540.00000", "2020-03-31": "631.00000", "2019-12-31": "1431.00000", "2019-09-30": "1104.00000", "2019-06-30": "461.00000", "2019-03-31": "-482.00000", "2018-12-31": "834.00000", "2018-09-30": "1150.00000", "2018-06-30": "742.00000", "2018-03-31": "875.00000", "2017-12-31": "953.00000", "2017-09-30": "1152.00000", "2017-06-30": "753.00000", "2017-03-31": "1079.00000", "2016-12-31": "640.00000", "2016-09-30": "1145.00000", "2016-06-30": "781.00000", "2016-03-31": "882.00000", "2015-12-31": "638.00000", "2015-09-30": "1123.00000", "2015-06-30": "773.00000", "2015-03-31": "1002.00000", "2014-12-31": "638.00000", "2014-09-30": "921.00000", "2014-06-30": "394.00000", "2014-03-31": "768.00000", "2013-12-31": "804.00000", "2013-09-30": "1034.00000", "2013-06-30": "548.00000", "2013-03-31": "930.00000", "2012-12-31": "761.00000", "2012-09-30": "551.00000", "2012-06-30": "628.00000", "2012-03-31": "918.00000", "2011-12-31": "356.00000", "2011-09-30": "828.00000", "2011-06-30": "733.00000", "2011-03-31": "963.00000", "2010-12-31": "888.00000", "2010-09-30": "1119.00000", "2010-06-30": "3110.00000", "2010-03-31": "734.00000", "2009-12-31": "-72.00000", "2009-09-30": "1088.00000", "2009-06-30": "889.00000", "2009-03-31": "664.00000", "2008-12-31": "659.00000", "2008-09-30": "1055.00000", "2008-06-30": "711.00000", "2008-03-31": "1059.00000", "2007-12-31": "734.00000", "2007-09-30": "4215.00000", "2007-06-30": "-380.00000", "2007-03-31": "1000.00000", "2006-12-31": "649.00000", "2006-09-30": "1294.00000", "2006-06-30": "474.00000", "2006-03-31": "961.00000", "2005-12-31": "624.00000", "2005-09-30": "185.00000", "2005-06-30": "705.00000", "2005-03-31": "873.00000"}, "Total Non-Operating Income/Expense": {"2020-09-30": "-25.00000", "2020-06-30": "-2228.00000", "2020-03-31": "-889.00000", "2019-12-31": "-105.00000", "2019-09-30": "-241.00000", "2019-06-30": "-360.00000", "2019-03-31": "-81.00000", "2018-12-31": "-77.00000", "2018-09-30": "-5.00000", "2018-06-30": "-176.00000", "2018-03-31": "-214.00000", "2017-12-31": "-333.00000", "2017-09-30": "-184.00000", "2017-06-30": "-200.00000", "2017-03-31": "-130.00000", "2016-12-31": "-55.00000", "2016-09-30": "-187.00000", "2016-06-30": "-167.00000", "2016-03-31": "-172.00000", "2015-12-31": "-161.00000", "2015-09-30": "-219.00000", "2015-06-30": "-165.00000", "2015-03-31": "-163.00000", "2014-12-31": "-414.00000", "2014-09-30": "-162.00000", "2014-06-30": "-170.00000", "2014-03-31": "-197.00000", "2013-12-31": "-186.00000", "2013-09-30": "-131.00000", "2013-06-30": "-154.00000", "2013-03-31": "-141.00000", "2012-12-31": "-149.00000", "2012-09-30": "-141.00000", "2012-06-30": "-165.00000", "2012-03-31": "-138.00000", "2011-12-31": "-38.00000", "2011-09-30": "-233.00000", "2011-06-30": "-177.00000", "2011-03-31": "-170.00000", "2010-12-31": "-165.00000", "2010-09-30": "-166.00000", "2010-06-30": "-213.00000", "2010-03-31": "-112.00000", "2009-12-31": "-175.00000", "2009-09-30": "-89.00000", "2009-06-30": "-151.00000", "2009-03-31": "-280.00000", "2008-12-31": "-243.00000", "2008-09-30": "-199.00000", "2008-06-30": "-207.00000", "2008-03-31": "-222.00000", "2007-12-31": "-210.00000", "2007-09-30": "-404.00000", "2007-06-30": "-235.00000", "2007-03-31": "-210.00000", "2006-12-31": "-285.00000", "2006-09-30": "-213.00000", "2006-06-30": "-202.00000", "2006-03-31": "-215.00000", "2005-12-31": "-211.00000", "2005-09-30": "-177.00000", "2005-06-30": "-197.00000", "2005-03-31": "-196.00000"}, "Pre-Tax Income": {"2020-09-30": "2.00000", "2020-06-30": "-1688.00000", "2020-03-31": "-258.00000", "2019-12-31": "1326.00000", "2019-09-30": "863.00000", "2019-06-30": "101.00000", "2019-03-31": "-563.00000", "2018-12-31": "757.00000", "2018-09-30": "1145.00000", "2018-06-30": "566.00000", "2018-03-31": "661.00000", "2017-12-31": "620.00000", "2017-09-30": "968.00000", "2017-06-30": "553.00000", "2017-03-31": "949.00000", "2016-12-31": "585.00000", "2016-09-30": "958.00000", "2016-06-30": "614.00000", "2016-03-31": "710.00000", "2015-12-31": "477.00000", "2015-09-30": "904.00000", "2015-06-30": "608.00000", "2015-03-31": "839.00000", "2014-12-31": "224.00000", "2014-09-30": "759.00000", "2014-06-30": "224.00000", "2014-03-31": "571.00000", "2013-12-31": "618.00000", "2013-09-30": "903.00000", "2013-06-30": "394.00000", "2013-03-31": "789.00000", "2012-12-31": "612.00000", "2012-09-30": "410.00000", "2012-06-30": "463.00000", "2012-03-31": "780.00000", "2011-12-31": "318.00000", "2011-09-30": "595.00000", "2011-06-30": "556.00000", "2011-03-31": "793.00000", "2010-12-31": "723.00000", "2010-09-30": "953.00000", "2010-06-30": "2897.00000", "2010-03-31": "622.00000", "2009-12-31": "-247.00000", "2009-09-30": "999.00000", "2009-06-30": "738.00000", "2009-03-31": "384.00000", "2008-12-31": "416.00000", "2008-09-30": "856.00000", "2008-06-30": "504.00000", "2008-03-31": "837.00000", "2007-12-31": "524.00000", "2007-09-30": "3811.00000", "2007-06-30": "-615.00000", "2007-03-31": "790.00000", "2006-12-31": "364.00000", "2006-09-30": "1081.00000", "2006-06-30": "272.00000", "2006-03-31": "746.00000", "2005-12-31": "413.00000", "2005-09-30": "8.00000", "2005-06-30": "508.00000", "2005-03-31": "677.00000"}, "Income Taxes": {"2020-09-30": "-110.00000", "2020-06-30": "-556.00000", "2020-03-31": "-19.00000", "2019-12-31": "278.00000", "2019-09-30": "-84.00000", "2019-06-30": "43.00000", "2019-03-31": "114.00000", "2018-12-31": "95.00000", "2018-09-30": "262.00000", "2018-06-30": "88.00000", "2018-03-31": "135.00000", "2017-12-31": "-713.00000", "2017-09-30": "272.00000", "2017-06-30": "136.00000", "2017-03-31": "275.00000", "2016-12-31": "94.00000", "2016-09-30": "230.00000", "2016-06-30": "152.00000", "2016-03-31": "179.00000", "2015-12-31": "111.00000", "2015-09-30": "305.00000", "2015-06-30": "190.00000", "2015-03-31": "299.00000", "2014-12-31": "-25.00000", "2014-09-30": "228.00000", "2014-06-30": "63.00000", "2014-03-31": "186.00000", "2013-12-31": "183.00000", "2013-09-30": "305.00000", "2013-06-30": "116.00000", "2013-03-31": "288.00000", "2012-12-31": "233.00000", "2012-09-30": "143.00000", "2012-06-30": "166.00000", "2012-03-31": "269.00000", "2011-12-31": "54.00000", "2011-09-30": "203.00000", "2011-06-30": "211.00000", "2011-03-31": "310.00000", "2010-12-31": "309.00000", "2010-09-30": "374.00000", "2010-06-30": "1134.00000", "2010-03-31": "295.00000", "2009-12-31": "-170.00000", "2009-09-30": "360.00000", "2009-06-30": "265.00000", "2009-03-31": "141.00000", "2008-12-31": "252.00000", "2008-09-30": "344.00000", "2008-06-30": "200.00000", "2008-03-31": "157.00000", "2007-12-31": "207.00000", "2007-09-30": "1498.00000", "2007-06-30": "-232.00000", "2007-03-31": "310.00000", "2006-12-31": "173.00000", "2006-09-30": "421.00000", "2006-06-30": "126.00000", "2006-03-31": "207.00000", "2005-12-31": "151.00000", "2005-09-30": "-2.00000", "2005-06-30": "176.00000", "2005-03-31": "248.00000"}, "Income After Taxes": {"2020-09-30": "112.00000", "2020-06-30": "-1132.00000", "2020-03-31": "-239.00000", "2019-12-31": "1048.00000", "2019-09-30": "947.00000", "2019-06-30": "58.00000", "2019-03-31": "-677.00000", "2018-12-31": "662.00000", "2018-09-30": "883.00000", "2018-06-30": "478.00000", "2018-03-31": "526.00000", "2017-12-31": "1333.00000", "2017-09-30": "696.00000", "2017-06-30": "417.00000", "2017-03-31": "674.00000", "2016-12-31": "491.00000", "2016-09-30": "728.00000", "2016-06-30": "462.00000", "2016-03-31": "531.00000", "2015-12-31": "366.00000", "2015-09-30": "599.00000", "2015-06-30": "418.00000", "2015-03-31": "540.00000", "2014-12-31": "249.00000", "2014-09-30": "531.00000", "2014-06-30": "161.00000", "2014-03-31": "385.00000", "2013-12-31": "435.00000", "2013-09-30": "598.00000", "2013-06-30": "278.00000", "2013-03-31": "501.00000", "2012-12-31": "379.00000", "2012-09-30": "267.00000", "2012-06-30": "297.00000", "2012-03-31": "511.00000", "2011-12-31": "264.00000", "2011-09-30": "392.00000", "2011-06-30": "345.00000", "2011-03-31": "483.00000", "2010-12-31": "414.00000", "2010-09-30": "579.00000", "2010-06-30": "1763.00000", "2010-03-31": "327.00000", "2009-12-31": "-77.00000", "2009-09-30": "639.00000", "2009-06-30": "473.00000", "2009-03-31": "243.00000", "2008-12-31": "164.00000", "2008-09-30": "512.00000", "2008-06-30": "304.00000", "2008-03-31": "680.00000", "2007-12-31": "317.00000", "2007-09-30": "2313.00000", "2007-06-30": "-383.00000", "2007-03-31": "480.00000", "2006-12-31": "191.00000", "2006-09-30": "660.00000", "2006-06-30": "146.00000", "2006-03-31": "539.00000", "2005-12-31": "262.00000", "2005-09-30": "10.00000", "2005-06-30": "332.00000", "2005-03-31": "429.00000"}, "Other Income": {"2020-09-30": "", "2020-06-30": "", "2020-03-31": "", "2019-12-31": "", "2019-09-30": "", "2019-06-30": "", "2019-03-31": "", "2018-12-31": "", "2018-09-30": "", "2018-06-30": "", "2018-03-31": "", "2017-12-31": "", "2017-09-30": "", "2017-06-30": "", "2017-03-31": "", "2016-12-31": "", "2016-09-30": "", "2016-06-30": "", "2016-03-31": "", "2015-12-31": "", "2015-09-30": "", "2015-06-30": "", "2015-03-31": "", "2014-12-31": "", "2014-09-30": "", "2014-06-30": "", "2014-03-31": "", "2013-12-31": "", "2013-09-30": "", "2013-06-30": "", "2013-03-31": "", "2012-12-31": "", "2012-09-30": "", "2012-06-30": "", "2012-03-31": "", "2011-12-31": "", "2011-09-30": "", "2011-06-30": "", "2011-03-31": "", "2010-12-31": "", "2010-09-30": "", "2010-06-30": "", "2010-03-31": "", "2009-12-31": "", "2009-09-30": "", "2009-06-30": "", "2009-03-31": "", "2008-12-31": "", "2008-09-30": "", "2008-06-30": "", "2008-03-31": "", "2007-12-31": "", "2007-09-30": "", "2007-06-30": "", "2007-03-31": "", "2006-12-31": "", "2006-09-30": "", "2006-06-30": "", "2006-03-31": "", "2005-12-31": "", "2005-09-30": "", "2005-06-30": "", "2005-03-31": ""}, "Income From Continuous Operations": {"2020-09-30": "112.00000", "2020-06-30": "-1132.00000", "2020-03-31": "-239.00000", "2019-12-31": "1048.00000", "2019-09-30": "947.00000", "2019-06-30": "58.00000", "2019-03-31": "-677.00000", "2018-12-31": "662.00000", "2018-09-30": "883.00000", "2018-06-30": "478.00000", "2018-03-31": "526.00000", "2017-12-31": "1333.00000", "2017-09-30": "696.00000", "2017-06-30": "417.00000", "2017-03-31": "674.00000", "2016-12-31": "491.00000", "2016-09-30": "728.00000", "2016-06-30": "462.00000", "2016-03-31": "531.00000", "2015-12-31": "366.00000", "2015-09-30": "599.00000", "2015-06-30": "418.00000", "2015-03-31": "540.00000", "2014-12-31": "249.00000", "2014-09-30": "531.00000", "2014-06-30": "161.00000", "2014-03-31": "385.00000", "2013-12-31": "435.00000", "2013-09-30": "598.00000", "2013-06-30": "278.00000", "2013-03-31": "501.00000", "2012-12-31": "379.00000", "2012-09-30": "267.00000", "2012-06-30": "297.00000", "2012-03-31": "511.00000", "2011-12-31": "264.00000", "2011-09-30": "392.00000", "2011-06-30": "345.00000", "2011-03-31": "483.00000", "2010-12-31": "414.00000", "2010-09-30": "579.00000", "2010-06-30": "1763.00000", "2010-03-31": "327.00000", "2009-12-31": "-77.00000", "2009-09-30": "639.00000", "2009-06-30": "473.00000", "2009-03-31": "243.00000", "2008-12-31": "164.00000", "2008-09-30": "512.00000", "2008-06-30": "304.00000", "2008-03-31": "680.00000", "2007-12-31": "324.00000", "2007-09-30": "2320.00000", "2007-06-30": "-392.00000", "2007-03-31": "475.00000", "2006-12-31": "190.00000", "2006-09-30": "655.00000", "2006-06-30": "146.00000", "2006-03-31": "539.00000", "2005-12-31": "262.00000", "2005-09-30": "10.00000", "2005-06-30": "332.00000", "2005-03-31": "429.00000"}, "Income From Discontinued Operations": {"2020-09-30": "19.00000", "2020-06-30": "", "2020-03-31": "", "2019-12-31": "", "2019-09-30": "38.00000", "2019-06-30": "", "2019-03-31": "", "2018-12-31": "", "2018-09-30": "", "2018-06-30": "", "2018-03-31": "", "2017-12-31": "", "2017-09-30": "", "2017-06-30": "", "2017-03-31": "", "2016-12-31": "", "2016-09-30": "", "2016-06-30": "", "2016-03-31": "", "2015-12-31": "", "2015-09-30": "", "2015-06-30": "", "2015-03-31": "", "2014-12-31": "", "2014-09-30": "", "2014-06-30": "", "2014-03-31": "", "2013-12-31": "", "2013-09-30": "-23.00000", "2013-06-30": "-70.00000", "2013-03-31": "1.00000", "2012-12-31": "-1031.00000", "2012-09-30": "-52.00000", "2012-06-30": "-32.00000", "2012-03-31": "-10.00000", "2011-12-31": "-57.00000", "2011-09-30": "4.00000", "2011-06-30": "-5.00000", "2011-03-31": "", "2010-12-31": "-111.00000", "2010-09-30": "", "2010-06-30": "2.00000", "2010-03-31": "-149.00000", "2009-12-31": "73.00000", "2009-09-30": "-41.00000", "2009-06-30": "-15.00000", "2009-03-31": "9.00000", "2008-12-31": "192.00000", "2008-09-30": "", "2008-06-30": "-2.00000", "2008-03-31": "", "2007-12-31": "-3.00000", "2007-09-30": "-3.00000", "2007-06-30": "20.00000", "2007-03-31": "-22.00000", "2006-12-31": "-159.00000", "2006-09-30": "-1.00000", "2006-06-30": "15.00000", "2006-03-31": "-5.00000", "2005-12-31": "1.00000", "2005-09-30": "5.00000", "2005-06-30": "", "2005-03-31": ""}, "Net Income": {"2020-09-30": "356.00000", "2020-06-30": "-1185.00000", "2020-03-31": "-286.00000", "2019-12-31": "1009.00000", "2019-09-30": "975.00000", "2019-06-30": "54.00000", "2019-03-31": "-680.00000", "2018-12-31": "641.00000", "2018-09-30": "854.00000", "2018-06-30": "449.00000", "2018-03-31": "503.00000", "2017-12-31": "1312.00000", "2017-09-30": "665.00000", "2017-06-30": "390.00000", "2017-03-31": "632.00000", "2016-12-31": "457.00000", "2016-09-30": "690.00000", "2016-06-30": "452.00000", "2016-03-31": "524.00000", "2015-12-31": "357.00000", "2015-09-30": "593.00000", "2015-06-30": "413.00000", "2015-03-31": "536.00000", "2014-12-31": "243.00000", "2014-09-30": "529.00000", "2014-06-30": "159.00000", "2014-03-31": "379.00000", "2013-12-31": "431.00000", "2013-09-30": "569.00000", "2013-06-30": "202.00000", "2013-03-31": "495.00000", "2012-12-31": "-659.00000", "2012-09-30": "209.00000", "2012-06-30": "258.00000", "2012-03-31": "494.00000", "2011-12-31": "201.00000", "2011-09-30": "392.00000", "2011-06-30": "336.00000", "2011-03-31": "479.00000", "2010-12-31": "298.00000", "2010-09-30": "575.00000", "2010-06-30": "1761.00000", "2010-03-31": "174.00000", "2009-12-31": "-9.00000", "2009-09-30": "594.00000", "2009-06-30": "454.00000", "2009-03-31": "248.00000", "2008-12-31": "348.00000", "2008-09-30": "508.00000", "2008-06-30": "298.00000", "2008-03-31": "680.00000", "2007-12-31": "299.00000", "2007-09-30": "2317.00000", "2007-06-30": "-530.00000", "2007-03-31": "453.00000", "2006-12-31": "31.00000", "2006-09-30": "654.00000", "2006-06-30": "161.00000", "2006-03-31": "534.00000", "2005-12-31": "257.00000", "2005-09-30": "15.00000", "2005-06-30": "332.00000", "2005-03-31": "429.00000"}, "EBITDA": {"2020-09-30": "708.00000", "2020-06-30": "1278.00000", "2020-03-31": "1390.00000", "2019-12-31": "2173.00000", "2019-09-30": "1867.00000", "2019-06-30": "1199.00000", "2019-03-31": "252.00000", "2018-12-31": "1408.00000", "2018-09-30": "1750.00000", "2018-06-30": "1276.00000", "2018-03-31": "1447.00000", "2017-12-31": "1506.00000", "2017-09-30": "1713.00000", "2017-06-30": "1293.00000", "2017-03-31": "1627.00000", "2016-12-31": "1164.00000", "2016-09-30": "1617.00000", "2016-06-30": "1210.00000", "2016-03-31": "1306.00000", "2015-12-31": "1057.00000", "2015-09-30": "1551.00000", "2015-06-30": "1181.00000", "2015-03-31": "1416.00000", "2014-12-31": "1027.00000", "2014-09-30": "1344.00000", "2014-06-30": "764.00000", "2014-03-31": "1146.00000", "2013-12-31": "1090.00000", "2013-09-30": "1409.00000", "2013-06-30": "911.00000", "2013-03-31": "1296.00000", "2012-12-31": "1124.00000", "2012-09-30": "927.00000", "2012-06-30": "979.00000", "2012-03-31": "1271.00000", "2011-12-31": "693.00000", "2011-09-30": "1152.00000", "2011-06-30": "1042.00000", "2011-03-31": "1281.00000", "2010-12-31": "1200.00000", "2010-09-30": "1436.00000", "2010-06-30": "3419.00000", "2010-03-31": "1054.00000", "2009-12-31": "287.00000", "2009-09-30": "1408.00000", "2009-06-30": "1204.00000", "2009-03-31": "989.00000", "2008-12-31": "962.00000", "2008-09-30": "1367.00000", "2008-06-30": "993.00000", "2008-03-31": "1353.00000", "2007-12-31": "1023.00000", "2007-09-30": "4537.00000", "2007-06-30": "84.00000", "2007-03-31": "1458.00000", "2006-12-31": "1092.00000", "2006-09-30": "1728.00000", "2006-06-30": "922.00000", "2006-03-31": "1375.00000", "2005-12-31": "1019.00000", "2005-09-30": "577.00000", "2005-06-30": "1076.00000", "2005-03-31": "1253.00000"}, "EBIT": {"2020-09-30": "27.00000", "2020-06-30": "540.00000", "2020-03-31": "631.00000", "2019-12-31": "1431.00000", "2019-09-30": "1104.00000", "2019-06-30": "461.00000", "2019-03-31": "-482.00000", "2018-12-31": "834.00000", "2018-09-30": "1150.00000", "2018-06-30": "742.00000", "2018-03-31": "875.00000", "2017-12-31": "953.00000", "2017-09-30": "1152.00000", "2017-06-30": "753.00000", "2017-03-31": "1079.00000", "2016-12-31": "640.00000", "2016-09-30": "1145.00000", "2016-06-30": "781.00000", "2016-03-31": "882.00000", "2015-12-31": "638.00000", "2015-09-30": "1123.00000", "2015-06-30": "773.00000", "2015-03-31": "1002.00000", "2014-12-31": "638.00000", "2014-09-30": "921.00000", "2014-06-30": "394.00000", "2014-03-31": "768.00000", "2013-12-31": "804.00000", "2013-09-30": "1034.00000", "2013-06-30": "548.00000", "2013-03-31": "930.00000", "2012-12-31": "761.00000", "2012-09-30": "551.00000", "2012-06-30": "628.00000", "2012-03-31": "918.00000", "2011-12-31": "356.00000", "2011-09-30": "828.00000", "2011-06-30": "733.00000", "2011-03-31": "963.00000", "2010-12-31": "888.00000", "2010-09-30": "1119.00000", "2010-06-30": "3110.00000", "2010-03-31": "734.00000", "2009-12-31": "-72.00000", "2009-09-30": "1088.00000", "2009-06-30": "889.00000", "2009-03-31": "664.00000", "2008-12-31": "659.00000", "2008-09-30": "1055.00000", "2008-06-30": "711.00000", "2008-03-31": "1059.00000", "2007-12-31": "734.00000", "2007-09-30": "4215.00000", "2007-06-30": "-380.00000", "2007-03-31": "1000.00000", "2006-12-31": "649.00000", "2006-09-30": "1294.00000", "2006-06-30": "474.00000", "2006-03-31": "961.00000", "2005-12-31": "624.00000", "2005-09-30": "185.00000", "2005-06-30": "705.00000", "2005-03-31": "873.00000"}, "Basic Shares Outstanding": {"2020-09-30": "833.80000", "2020-06-30": "839.40000", "2020-03-31": "838.20000", "2019-12-31": "808.80000", "2019-09-30": "813.00000", "2019-06-30": "802.50000", "2019-03-31": "793.10000", "2018-12-31": "654.20000", "2018-09-30": "653.90000", "2018-06-30": "652.80000", "2018-03-31": "650.50000", "2017-12-31": "636.00000", "2017-09-30": "642.50000", "2017-06-30": "629.20000", "2017-03-31": "628.10000", "2016-12-31": "616.40000", "2016-09-30": "625.90000", "2016-06-30": "615.60000", "2016-03-31": "596.60000", "2015-12-31": "592.40000", "2015-09-30": "594.60000", "2015-06-30": "591.50000", "2015-03-31": "587.90000", "2014-12-31": "582.70000", "2014-09-30": "583.10000", "2014-06-30": "581.90000", "2014-03-31": "581.60000", "2013-12-31": "578.70000", "2013-09-30": "579.40000", "2013-06-30": "578.10000", "2013-03-31": "576.60000", "2012-12-31": "572.90000", "2012-09-30": "573.80000", "2012-06-30": "572.00000", "2012-03-31": "570.50000", "2011-12-31": "573.10000", "2011-09-30": "569.40000", "2011-06-30": "573.40000", "2011-03-31": "579.80000", "2010-12-31": "588.90000", "2010-09-30": "585.00000", "2010-06-30": "590.40000", "2010-03-31": "599.90000", "2009-12-31": "593.30000", "2009-09-30": "595.90000", "2009-06-30": "593.70000", "2009-03-31": "585.30000", "2008-12-31": "577.80000", "2008-09-30": "578.60000", "2008-06-30": "577.10000", "2008-03-31": "575.30000", "2007-12-31": "650.80000", "2007-09-30": "635.60000", "2007-06-30": "698.20000", "2007-03-31": "696.90000", "2006-12-31": "699.50000", "2006-09-30": "699.40000", "2006-06-30": "698.00000", "2006-03-31": "693.00000", "2005-12-31": "684.60000", "2005-09-30": "685.80000", "2005-06-30": "679.40000", "2005-03-31": "680.60000"}, "Shares Outstanding": {"2020-09-30": "833.80000", "2020-06-30": "839.40000", "2020-03-31": "838.20000", "2019-12-31": "808.90000", "2019-09-30": "813.00000", "2019-06-30": "802.60000", "2019-03-31": "793.10000", "2018-12-31": "654.90000", "2018-09-30": "654.90000", "2018-06-30": "653.10000", "2018-03-31": "650.50000", "2017-12-31": "636.00000", "2017-09-30": "642.50000", "2017-06-30": "629.20000", "2017-03-31": "628.10000", "2016-12-31": "617.10000", "2016-09-30": "626.00000", "2016-06-30": "617.00000", "2016-03-31": "598.20000", "2015-12-31": "593.70000", "2015-09-30": "595.50000", "2015-06-30": "592.50000", "2015-03-31": "589.90000", "2014-12-31": "584.50000", "2014-09-30": "584.60000", "2014-06-30": "583.90000", "2014-03-31": "582.90000", "2013-12-31": "579.50000", "2013-09-30": "580.10000", "2013-06-30": "578.90000", "2013-03-31": "577.50000", "2012-12-31": "573.90000", "2012-09-30": "574.70000", "2012-06-30": "573.10000", "2012-03-31": "571.90000", "2011-12-31": "574.60000", "2011-09-30": "571.20000", "2011-06-30": "575.20000", "2011-03-31": "580.50000", "2010-12-31": "590.10000", "2010-09-30": "586.40000", "2010-06-30": "591.40000", "2010-03-31": "600.90000", "2009-12-31": "593.70000", "2009-09-30": "596.30000", "2009-06-30": "594.00000", "2009-03-31": "585.70000", "2008-12-31": "580.80000", "2008-09-30": "582.00000", "2008-06-30": "580.70000", "2008-03-31": "578.40000", "2007-12-31": "655.20000", "2007-09-30": "639.60000", "2007-06-30": "698.20000", "2007-03-31": "701.70000", "2006-12-31": "703.20000", "2006-09-30": "703.20000", "2006-06-30": "701.00000", "2006-03-31": "693.00000", "2005-12-31": "688.90000", "2005-09-30": "690.00000", "2005-06-30": "684.00000", "2005-03-31": "684.60000"}, "Basic EPS": {"2020-09-30": "0.41000", "2020-06-30": "-1.41000", "2020-03-31": "-0.34000", "2019-12-31": "1.26000", "2019-09-30": "1.19000", "2019-06-30": "0.07000", "2019-03-31": "-0.86000", "2018-12-31": "0.97000", "2018-09-30": "1.31000", "2018-06-30": "0.69000", "2018-03-31": "0.77000", "2017-12-31": "2.06000", "2017-09-30": "1.03000", "2017-06-30": "0.62000", "2017-03-31": "1.01000", "2016-12-31": "0.73000", "2016-09-30": "1.10000", "2016-06-30": "0.73000", "2016-03-31": "0.88000", "2015-12-31": "0.60000", "2015-09-30": "1.00000", "2015-06-30": "0.70000", "2015-03-31": "0.91000", "2014-12-31": "0.42000", "2014-09-30": "0.91000", "2014-06-30": "0.27000", "2014-03-31": "0.65000", "2013-12-31": "0.74000", "2013-09-30": "0.98000", "2013-06-30": "0.35000", "2013-03-31": "0.86000", "2012-12-31": "-1.14000", "2012-09-30": "0.36000", "2012-06-30": "0.45000", "2012-03-31": "0.86000", "2011-12-31": "0.35000", "2011-09-30": "0.69000", "2011-06-30": "0.59000", "2011-03-31": "0.83000", "2010-12-31": "0.52000", "2010-09-30": "0.98000", "2010-06-30": "2.98000", "2010-03-31": "0.29000", "2009-12-31": "-0.01000", "2009-09-30": "1.00000", "2009-06-30": "0.76000", "2009-03-31": "0.42000", "2008-12-31": "0.59000", "2008-09-30": "0.88000", "2008-06-30": "0.52000", "2008-03-31": "1.18000", "2007-12-31": "0.37000", "2007-09-30": "3.64000", "2007-06-30": "-0.76000", "2007-03-31": "0.65000", "2006-12-31": "0.04000", "2006-09-30": "0.93000", "2006-06-30": "0.23000", "2006-03-31": "0.77000", "2005-12-31": "0.37000", "2005-09-30": "0.02000", "2005-06-30": "0.49000", "2005-03-31": "0.63000"}, "EPS - Earnings Per Share": {"2020-09-30": "0.41000", "2020-06-30": "-1.41000", "2020-03-31": "-0.34000", "2019-12-31": "1.26000", "2019-09-30": "1.17000", "2019-06-30": "0.05000", "2019-03-31": "-0.86000", "2018-12-31": "0.98000", "2018-09-30": "1.30000", "2018-06-30": "0.69000", "2018-03-31": "0.77000", "2017-12-31": "2.06000", "2017-09-30": "1.03000", "2017-06-30": "0.62000", "2017-03-31": "1.01000", "2016-12-31": "0.73000", "2016-09-30": "1.10000", "2016-06-30": "0.73000", "2016-03-31": "0.88000", "2015-12-31": "0.59000", "2015-09-30": "1.00000", "2015-06-30": "0.70000", "2015-03-31": "0.91000", "2014-12-31": "0.42000", "2014-09-30": "0.90000", "2014-06-30": "0.27000", "2014-03-31": "0.65000", "2013-12-31": "0.74000", "2013-09-30": "0.98000", "2013-06-30": "0.35000", "2013-03-31": "0.86000", "2012-12-31": "-1.14000", "2012-09-30": "0.36000", "2012-06-30": "0.45000", "2012-03-31": "0.86000", "2011-12-31": "0.36000", "2011-09-30": "0.69000", "2011-06-30": "0.58000", "2011-03-31": "0.82000", "2010-12-31": "0.51000", "2010-09-30": "0.98000", "2010-06-30": "2.98000", "2010-03-31": "0.29000", "2009-12-31": "-0.01000", "2009-09-30": "1.00000", "2009-06-30": "0.76000", "2009-03-31": "0.42000", "2008-12-31": "0.60000", "2008-09-30": "0.87000", "2008-06-30": "0.51000", "2008-03-31": "1.18000", "2007-12-31": "0.37000", "2007-09-30": "3.62000", "2007-06-30": "-0.76000", "2007-03-31": "0.65000", "2006-12-31": "0.04000", "2006-09-30": "0.92500", "2006-06-30": "0.23000", "2006-03-31": "0.76500", "2005-12-31": "0.37000", "2005-09-30": "0.02000", "2005-06-30": "0.48500", "2005-03-31": "0.62500"}}, "balance sheet": {"Cash On Hand": {"2019-12-31": "166.00000", "2018-12-31": "268.00000", "2017-12-31": "120.00000", "2016-12-31": "261.00000", "2015-12-31": "607.00000", "2014-12-31": "318.00000", "2013-12-31": "316.00000", "2012-12-31": "248.00000", "2011-12-31": "102.00000", "2010-12-31": "62.00000", "2009-12-31": "48.00000", "2008-12-31": "66.00000", "2007-12-31": "283.00000", "2006-12-31": "138.00000", "2005-12-31": "146.00000"}, "Receivables": {"2019-12-31": "2645.00000", "2018-12-31": "2080.00000", "2017-12-31": "1786.00000", "2016-12-31": "1706.00000", "2015-12-31": "1369.00000", "2014-12-31": "1633.00000", "2013-12-31": "1836.00000", "2012-12-31": "1717.00000", "2011-12-31": "2035.00000", "2010-12-31": "2246.00000", "2009-12-31": "2180.00000", "2008-12-31": "2559.00000", "2007-12-31": "2356.00000", "2006-12-31": "2753.00000", "2005-12-31": "3561.00000"}, "Inventory": {"2019-12-31": "1742.00000", "2018-12-31": "1418.00000", "2017-12-31": "1477.00000", "2016-12-31": "1524.00000", "2015-12-31": "1348.00000", "2014-12-31": "1410.00000", "2013-12-31": "1176.00000", "2012-12-31": "1259.00000", "2011-12-31": "1348.00000", "2010-12-31": "1163.00000", "2009-12-31": "1185.00000", "2008-12-31": "1166.00000", "2007-12-31": "1045.00000", "2006-12-31": "1101.00000", "2005-12-31": "1167.00000"}, "Pre-Paid Expenses": {"2019-12-31": "328.00000", "2018-12-31": "265.00000", "2017-12-31": "260.00000", "2016-12-31": "194.00000", "2015-12-31": "198.00000", "2014-12-31": "167.00000", "2013-12-31": "192.00000", "2012-12-31": "326.00000", "2011-12-31": "262.00000", "2010-12-31": "277.00000", "2009-12-31": "405.00000", "2008-12-31": "163.00000", "2007-12-31": "387.00000", "2006-12-31": "254.00000", "2005-12-31": "161.00000"}, "Other Current Assets": {"2019-12-31": "1207.00000", "2018-12-31": "1130.00000", "2017-12-31": "691.00000", "2016-12-31": "563.00000", "2015-12-31": "667.00000", "2014-12-31": "1287.00000", "2013-12-31": "1642.00000", "2012-12-31": "1017.00000", "2011-12-31": "1674.00000", "2010-12-31": "1652.00000", "2009-12-31": "2999.00000", "2008-12-31": "3707.00000", "2007-12-31": "2599.00000", "2006-12-31": "3852.00000", "2005-12-31": "4166.00000"}, "Total Current Assets": {"2019-12-31": "6088.00000", "2018-12-31": "5161.00000", "2017-12-31": "4334.00000", "2016-12-31": "4248.00000", "2015-12-31": "4189.00000", "2014-12-31": "5615.00000", "2013-12-31": "5940.00000", "2012-12-31": "5140.00000", "2011-12-31": "5430.00000", "2010-12-31": "5400.00000", "2009-12-31": "6817.00000", "2008-12-31": "7661.00000", "2007-12-31": "6670.00000", "2006-12-31": "8098.00000", "2005-12-31": "10129.00000"}, "Property, Plant, And Equipment": {"2019-12-31": "69082.00000", "2018-12-31": "54560.00000", "2017-12-31": "53758.00000", "2016-12-31": "49964.00000", "2015-12-31": "41554.00000", "2014-12-31": "36270.00000", "2013-12-31": "32628.00000", "2012-12-31": "30773.00000", "2011-12-31": "29670.00000", "2010-12-31": "26713.00000", "2009-12-31": "25592.00000", "2008-12-31": "23274.00000", "2007-12-31": "21352.00000", "2006-12-31": "29382.00000", "2005-12-31": "28940.00000"}, "Long-Term Investments": {"2019-12-31": "2025.00000", "2018-12-31": "1622.00000", "2017-12-31": "1871.00000", "2016-12-31": "1859.00000", "2015-12-31": "1591.00000", "2014-12-31": "1365.00000", "2013-12-31": "1199.00000", "2012-12-31": "861.00000", "2011-12-31": "845.00000", "2010-12-31": "854.00000", "2009-12-31": "867.00000", "2008-12-31": "1011.00000", "2007-12-31": "669.00000", "2006-12-31": "1034.00000", "2005-12-31": "936.00000"}, "Goodwill And Intangible Assets": {"2019-12-31": "9737.00000", "2018-12-31": "7080.00000", "2017-12-31": "7090.00000", "2016-12-31": "7017.00000", "2015-12-31": "3864.00000", "2014-12-31": "3614.00000", "2013-12-31": "3646.00000", "2012-12-31": "3666.00000", "2011-12-31": "3778.00000", "2010-12-31": "3783.00000", "2009-12-31": "4047.00000", "2008-12-31": "4215.00000", "2007-12-31": "4094.00000", "2006-12-31": "4926.00000", "2005-12-31": "4917.00000"}, "Other Long-Term Assets": {"2019-12-31": "1304.00000", "2018-12-31": "598.00000", "2017-12-31": "581.00000", "2016-12-31": "487.00000", "2015-12-31": "459.00000", "2014-12-31": "669.00000", "2013-12-31": "610.00000", "2012-12-31": "649.00000", "2011-12-31": "829.00000", "2010-12-31": "1012.00000", "2009-12-31": "514.00000", "2008-12-31": "906.00000", "2007-12-31": "944.00000", "2006-12-31": "1253.00000", "2005-12-31": "2500.00000"}, "Total Long-Term Assets": {"2019-12-31": "97735.00000", "2018-12-31": "72753.00000", "2017-12-31": "72251.00000", "2016-12-31": "67362.00000", "2015-12-31": "54459.00000", "2014-12-31": "48712.00000", "2013-12-31": "44156.00000", "2012-12-31": "41698.00000", "2011-12-31": "40184.00000", "2010-12-31": "37417.00000", "2009-12-31": "35737.00000", "2008-12-31": "34392.00000", "2007-12-31": "32469.00000", "2006-12-31": "41171.00000", "2005-12-31": "42531.00000"}, "Total Assets": {"2019-12-31": "103823.00000", "2018-12-31": "77914.00000", "2017-12-31": "76585.00000", "2016-12-31": "71610.00000", "2015-12-31": "58648.00000", "2014-12-31": "54327.00000", "2013-12-31": "50096.00000", "2012-12-31": "46838.00000", "2011-12-31": "45614.00000", "2010-12-31": "42817.00000", "2009-12-31": "42554.00000", "2008-12-31": "42053.00000", "2007-12-31": "39139.00000", "2006-12-31": "49269.00000", "2005-12-31": "52660.00000"}, "Total Current Liabilities": {"2019-12-31": "9939.00000", "2018-12-31": "7647.00000", "2017-12-31": "9636.00000", "2016-12-31": "8115.00000", "2015-12-31": "8119.00000", "2014-12-31": "7198.00000", "2013-12-31": "6994.00000", "2012-12-31": "7763.00000", "2011-12-31": "6962.00000", "2010-12-31": "5773.00000", "2009-12-31": "6833.00000", "2008-12-31": "7794.00000", "2007-12-31": "7760.00000", "2006-12-31": "11229.00000", "2005-12-31": "14480.00000"}, "Long Term Debt": {"2019-12-31": "33824.00000", "2018-12-31": "31144.00000", "2017-12-31": "30948.00000", "2016-12-31": "30231.00000", "2015-12-31": "23468.00000", "2014-12-31": "21805.00000", "2013-12-31": "19330.00000", "2012-12-31": "16851.00000", "2011-12-31": "17394.00000", "2010-12-31": "15758.00000", "2009-12-31": "15481.00000", "2008-12-31": "14956.00000", "2007-12-31": "13235.00000", "2006-12-31": "14791.00000", "2005-12-31": "14653.00000"}, "Other Non-Current Liabilities": {"2019-12-31": "17384.00000", "2018-12-31": "9631.00000", "2017-12-31": "9948.00000", "2016-12-31": "5710.00000", "2015-12-31": "4846.00000", "2014-12-31": "4627.00000", "2013-12-31": "4278.00000", "2012-12-31": "3711.00000", "2011-12-31": "3320.00000", "2010-12-31": "3559.00000", "2009-12-31": "3294.00000", "2008-12-31": "3307.00000", "2007-12-31": "3567.00000", "2006-12-31": "4198.00000", "2005-12-31": "7889.00000"}, "Total Long Term Liabilities": {"2019-12-31": "59851.00000", "2018-12-31": "48219.00000", "2017-12-31": "47579.00000", "2016-12-31": "46655.00000", "2015-12-31": "36927.00000", "2014-12-31": "35172.00000", "2013-12-31": "31460.00000", "2012-12-31": "28450.00000", "2011-12-31": "27149.00000", "2010-12-31": "25047.00000", "2009-12-31": "24536.00000", "2008-12-31": "24182.00000", "2007-12-31": "21973.00000", "2006-12-31": "25127.00000", "2005-12-31": "27783.00000"}, "Total Liabilities": {"2019-12-31": "69790.00000", "2018-12-31": "55866.00000", "2017-12-31": "57215.00000", "2016-12-31": "54770.00000", "2015-12-31": "45046.00000", "2014-12-31": "42370.00000", "2013-12-31": "38454.00000", "2012-12-31": "36213.00000", "2011-12-31": "34111.00000", "2010-12-31": "30820.00000", "2009-12-31": "31369.00000", "2008-12-31": "31976.00000", "2007-12-31": "29733.00000", "2006-12-31": "36356.00000", "2005-12-31": "42263.00000"}, "Common Stock Net": {"2019-12-31": "23824.00000", "2018-12-31": "12588.00000", "2017-12-31": "9865.00000", "2016-12-31": "8550.00000", "2015-12-31": "6680.00000", "2014-12-31": "5876.00000", "2013-12-31": "5783.00000", "2012-12-31": "5493.00000", "2011-12-31": "5180.00000", "2010-12-31": "5715.00000", "2009-12-31": "6525.00000", "2008-12-31": "5994.00000", "2007-12-31": "5733.00000", "2006-12-31": "11250.00000", "2005-12-31": "11286.00000"}, "Retained Earnings (Accumulated Deficit)": {"2019-12-31": "7576.00000", "2018-12-31": "9219.00000", "2017-12-31": "7936.00000", "2016-12-31": "6854.00000", "2015-12-31": "6458.00000", "2014-12-31": "6095.00000", "2013-12-31": "6183.00000", "2012-12-31": "5790.00000", "2011-12-31": "6697.00000", "2010-12-31": "6418.00000", "2009-12-31": "4686.00000", "2008-12-31": "4170.00000", "2007-12-31": "3510.00000", "2006-12-31": "1960.00000", "2005-12-31": "1550.00000"}, "Comprehensive Income": {"2019-12-31": "-1793.00000", "2018-12-31": "-1700.00000", "2017-12-31": "-659.00000", "2016-12-31": "-799.00000", "2015-12-31": "-474.00000", "2014-12-31": "-416.00000", "2013-12-31": "-324.00000", "2012-12-31": "-877.00000", "2011-12-31": "-610.00000", "2010-12-31": "-330.00000", "2009-12-31": "-211.00000", "2008-12-31": "-269.00000", "2007-12-31": "-12.00000", "2006-12-31": "-425.00000", "2005-12-31": "-2564.00000"}, "Other Share Holders Equity": {"2019-12-31": "", "2018-12-31": "", "2017-12-31": "", "2016-12-31": "", "2015-12-31": "", "2014-12-31": "", "2013-12-31": "", "2012-12-31": "", "2011-12-31": "", "2010-12-31": "", "2009-12-31": "", "2008-12-31": "", "2007-12-31": "", "2006-12-31": "", "2005-12-31": ""}, "Share Holder Equity": {"2019-12-31": "34033.00000", "2018-12-31": "22048.00000", "2017-12-31": "19370.00000", "2016-12-31": "16840.00000", "2015-12-31": "13602.00000", "2014-12-31": "11957.00000", "2013-12-31": "11642.00000", "2012-12-31": "10625.00000", "2011-12-31": "11503.00000", "2010-12-31": "11997.00000", "2009-12-31": "11185.00000", "2008-12-31": "10077.00000", "2007-12-31": "9406.00000", "2006-12-31": "12913.00000", "2005-12-31": "10397.00000"}, "Total Liabilities And Share Holders Equity": {"2019-12-31": "103823.00000", "2018-12-31": "77914.00000", "2017-12-31": "76585.00000", "2016-12-31": "71610.00000", "2015-12-31": "58648.00000", "2014-12-31": "54327.00000", "2013-12-31": "50096.00000", "2012-12-31": "46838.00000", "2011-12-31": "45614.00000", "2010-12-31": "42817.00000", "2009-12-31": "42554.00000", "2008-12-31": "42053.00000", "2007-12-31": "39139.00000", "2006-12-31": "49269.00000", "2005-12-31": "52660.00000"}}, "balance sheet, quarterly": {"Cash On Hand": {"2020-09-30": "413.00000", "2020-06-30": "675.00000", "2020-03-31": "1192.00000", "2019-12-31": "135.00000", "2019-09-30": "378.00000", "2019-06-30": "382.00000", "2019-03-31": "422.00000", "2018-12-31": "268.00000", "2018-09-30": "310.00000", "2018-06-30": "190.00000", "2018-03-31": "189.00000", "2017-12-31": "120.00000", "2017-09-30": "227.00000", "2017-06-30": "260.00000", "2017-03-31": "486.00000", "2016-12-31": "261.00000", "2016-09-30": "251.00000", "2016-06-30": "893.00000", "2016-03-31": "218.00000", "2015-12-31": "607.00000", "2015-09-30": "238.00000", "2015-06-30": "271.00000", "2015-03-31": "275.00000", "2014-12-31": "318.00000", "2014-09-30": "218.00000", "2014-06-30": "419.00000", "2014-03-31": "228.00000", "2013-12-31": "316.00000", "2013-09-30": "287.00000", "2013-06-30": "190.00000", "2013-03-31": "35.00000", "2012-12-31": "248.00000", "2012-09-30": "81.00000", "2012-06-30": "162.00000", "2012-03-31": "133.00000", "2011-12-31": "102.00000", "2011-09-30": "212.00000", "2011-06-30": "80.00000", "2011-03-31": "188.00000", "2010-12-31": "62.00000", "2010-09-30": "446.00000", "2010-06-30": "411.00000", "2010-03-31": "85.00000", "2009-12-31": "48.00000", "2009-09-30": "50.00000", "2009-06-30": "64.00000", "2009-03-31": "141.00000", "2008-12-31": "66.00000", "2008-09-30": "88.00000", "2008-06-30": "88.00000", "2008-03-31": "79.00000", "2007-12-31": "283.00000", "2007-09-30": "469.00000", "2007-06-30": "40.00000", "2007-03-31": "103.00000", "2006-12-31": "138.00000", "2006-09-30": "126.00000", "2006-06-30": "81.00000", "2006-03-31": "69.00000", "2005-12-31": "146.00000", "2005-09-30": "1237.00000", "2005-06-30": "44.00000", "2005-03-31": "271.00000"}, "Receivables": {"2020-09-30": "2176.00000", "2020-06-30": "2273.00000", "2020-03-31": "2425.00000", "2019-12-31": "2425.00000", "2019-09-30": "2335.00000", "2019-06-30": "2096.00000", "2019-03-31": "2439.00000", "2018-12-31": "2080.00000", "2018-09-30": "1671.00000", "2018-06-30": "1643.00000", "2018-03-31": "1751.00000", "2017-12-31": "1786.00000", "2017-09-30": "1504.00000", "2017-06-30": "1395.00000", "2017-03-31": "1570.00000", "2016-12-31": "1706.00000", "2016-09-30": "1392.00000", "2016-06-30": "1279.00000", "2016-03-31": "1328.00000", "2015-12-31": "1369.00000", "2015-09-30": "1433.00000", "2015-06-30": "1440.00000", "2015-03-31": "1702.00000", "2014-12-31": "1633.00000", "2014-09-30": "1464.00000", "2014-06-30": "1637.00000", "2014-03-31": "1972.00000", "2013-12-31": "1836.00000", "2013-09-30": "1602.00000", "2013-06-30": "1647.00000", "2013-03-31": "1831.00000", "2012-12-31": "1717.00000", "2012-09-30": "1679.00000", "2012-06-30": "1678.00000", "2012-03-31": "1712.00000", "2011-12-31": "2035.00000", "2011-09-30": "1874.00000", "2011-06-30": "1998.00000", "2011-03-31": "1953.00000", "2010-12-31": "2246.00000", "2010-09-30": "1825.00000", "2010-06-30": "1874.00000", "2010-03-31": "2060.00000", "2009-12-31": "2180.00000", "2009-09-30": "1865.00000", "2009-06-30": "2014.00000", "2009-03-31": "2450.00000", "2008-12-31": "2559.00000", "2008-09-30": "2234.00000", "2008-06-30": "2190.00000", "2008-03-31": "2456.00000", "2007-12-31": "2356.00000", "2007-09-30": "1943.00000", "2007-06-30": "2592.00000", "2007-03-31": "2865.00000", "2006-12-31": "2753.00000", "2006-09-30": "2405.00000", "2006-06-30": "2461.00000", "2006-03-31": "2909.00000", "2005-12-31": "3561.00000", "2005-09-30": "2763.00000", "2005-06-30": "2596.00000", "2005-03-31": "2877.00000"}, "Inventory": {"2020-09-30": "1565.00000", "2020-06-30": "1735.00000", "2020-03-31": "1677.00000", "2019-12-31": "1616.00000", "2019-09-30": "1800.00000", "2019-06-30": "1724.00000", "2019-03-31": "1657.00000", "2018-12-31": "1418.00000", "2018-09-30": "1455.00000", "2018-06-30": "1429.00000", "2018-03-31": "1367.00000", "2017-12-31": "1477.00000", "2017-09-30": "1527.00000", "2017-06-30": "1469.00000", "2017-03-31": "1453.00000", "2016-12-31": "1524.00000", "2016-09-30": "1516.00000", "2016-06-30": "1351.00000", "2016-03-31": "1304.00000", "2015-12-31": "1348.00000", "2015-09-30": "1310.00000", "2015-06-30": "1260.00000", "2015-03-31": "1227.00000", "2014-12-31": "1410.00000", "2014-09-30": "1385.00000", "2014-06-30": "1261.00000", "2014-03-31": "1013.00000", "2013-12-31": "1176.00000", "2013-09-30": "1210.00000", "2013-06-30": "1154.00000", "2013-03-31": "1039.00000", "2012-12-31": "1259.00000", "2012-09-30": "1257.00000", "2012-06-30": "1251.00000", "2012-03-31": "1249.00000", "2011-12-31": "1348.00000", "2011-09-30": "1326.00000", "2011-06-30": "1194.00000", "2011-03-31": "1044.00000", "2010-12-31": "1163.00000", "2010-09-30": "1222.00000", "2010-06-30": "1107.00000", "2010-03-31": "984.00000", "2009-12-31": "1185.00000", "2009-09-30": "1178.00000", "2009-06-30": "1077.00000", "2009-03-31": "888.00000", "2008-12-31": "1166.00000", "2008-09-30": "1231.00000", "2008-06-30": "1038.00000", "2008-03-31": "838.00000", "2007-12-31": "1045.00000", "2007-09-30": "1072.00000", "2007-06-30": "926.00000", "2007-03-31": "749.00000", "2006-12-31": "1101.00000", "2006-09-30": "1225.00000", "2006-06-30": "1034.00000", "2006-03-31": "888.00000", "2005-12-31": "1167.00000", "2005-09-30": "1162.00000", "2005-06-30": "871.00000", "2005-03-31": "652.00000"}, "Pre-Paid Expenses": {"2020-09-30": "632.00000", "2020-06-30": "589.00000", "2020-03-31": "", "2019-12-31": "296.00000", "2019-09-30": "338.00000", "2019-06-30": "", "2019-03-31": "", "2018-12-31": "265.00000", "2018-09-30": "", "2018-06-30": "", "2018-03-31": "", "2017-12-31": "260.00000", "2017-09-30": "", "2017-06-30": "", "2017-03-31": "", "2016-12-31": "194.00000", "2016-09-30": "147.00000", "2016-06-30": "143.00000", "2016-03-31": "157.00000", "2015-12-31": "198.00000", "2015-09-30": "142.00000", "2015-06-30": "120.00000", "2015-03-31": "163.00000", "2014-12-31": "167.00000", "2014-09-30": "176.00000", "2014-06-30": "224.00000", "2014-03-31": "216.00000", "2013-12-31": "192.00000", "2013-09-30": "", "2013-06-30": "", "2013-03-31": "", "2012-12-31": "326.00000", "2012-09-30": "", "2012-06-30": "", "2012-03-31": "", "2011-12-31": "262.00000", "2011-09-30": "", "2011-06-30": "", "2011-03-31": "", "2010-12-31": "277.00000", "2010-09-30": "132.00000", "2010-06-30": "107.00000", "2010-03-31": "147.00000", "2009-12-31": "405.00000", "2009-09-30": "115.00000", "2009-06-30": "117.00000", "2009-03-31": "", "2008-12-31": "163.00000", "2008-09-30": "", "2008-06-30": "588.00000", "2008-03-31": "204.00000", "2007-12-31": "387.00000", "2007-09-30": "115.00000", "2007-06-30": "", "2007-03-31": "", "2006-12-31": "254.00000", "2006-09-30": "", "2006-06-30": "103.00000", "2006-03-31": "", "2005-12-31": "161.00000", "2005-09-30": "", "2005-06-30": "", "2005-03-31": ""}, "Other Current Assets": {"2020-09-30": "15043.00000", "2020-06-30": "852.00000", "2020-03-31": "1242.00000", "2019-12-31": "1624.00000", "2019-09-30": "1418.00000", "2019-06-30": "1525.00000", "2019-03-31": "1457.00000", "2018-12-31": "1130.00000", "2018-09-30": "2266.00000", "2018-06-30": "1348.00000", "2018-03-31": "974.00000", "2017-12-31": "691.00000", "2017-09-30": "736.00000", "2017-06-30": "787.00000", "2017-03-31": "776.00000", "2016-12-31": "563.00000", "2016-09-30": "493.00000", "2016-06-30": "477.00000", "2016-03-31": "704.00000", "2015-12-31": "667.00000", "2015-09-30": "712.00000", "2015-06-30": "844.00000", "2015-03-31": "1013.00000", "2014-12-31": "1287.00000", "2014-09-30": "2203.00000", "2014-06-30": "2020.00000", "2014-03-31": "2049.00000", "2013-12-31": "1642.00000", "2013-09-30": "2111.00000", "2013-06-30": "2872.00000", "2013-03-31": "2243.00000", "2012-12-31": "1017.00000", "2012-09-30": "1636.00000", "2012-06-30": "1621.00000", "2012-03-31": "1925.00000", "2011-12-31": "1674.00000", "2011-09-30": "1855.00000", "2011-06-30": "1690.00000", "2011-03-31": "1747.00000", "2010-12-31": "1652.00000", "2010-09-30": "2370.00000", "2010-06-30": "2876.00000", "2010-03-31": "2757.00000", "2009-12-31": "2999.00000", "2009-09-30": "3643.00000", "2009-06-30": "3839.00000", "2009-03-31": "3813.00000", "2008-12-31": "3707.00000", "2008-09-30": "3780.00000", "2008-06-30": "4235.00000", "2008-03-31": "2902.00000", "2007-12-31": "2599.00000", "2007-09-30": "3204.00000", "2007-06-30": "3674.00000", "2007-03-31": "3547.00000", "2006-12-31": "3852.00000", "2006-09-30": "4078.00000", "2006-06-30": "4203.00000", "2006-03-31": "4502.00000", "2005-12-31": "4166.00000", "2005-09-30": "6858.00000", "2005-06-30": "3069.00000", "2005-03-31": "3416.00000"}, "Total Current Assets": {"2020-09-30": "19829.00000", "2020-06-30": "6124.00000", "2020-03-31": "6536.00000", "2019-12-31": "6096.00000", "2019-09-30": "6269.00000", "2019-06-30": "5727.00000", "2019-03-31": "5975.00000", "2018-12-31": "5161.00000", "2018-09-30": "5702.00000", "2018-06-30": "4610.00000", "2018-03-31": "4281.00000", "2017-12-31": "4334.00000", "2017-09-30": "3994.00000", "2017-06-30": "3911.00000", "2017-03-31": "4285.00000", "2016-12-31": "4248.00000", "2016-09-30": "3799.00000", "2016-06-30": "4143.00000", "2016-03-31": "3711.00000", "2015-12-31": "4189.00000", "2015-09-30": "4123.00000", "2015-06-30": "4452.00000", "2015-03-31": "5053.00000", "2014-12-31": "5615.00000", "2014-09-30": "5446.00000", "2014-06-30": "5561.00000", "2014-03-31": "5478.00000", "2013-12-31": "5940.00000", "2013-09-30": "5210.00000", "2013-06-30": "5863.00000", "2013-03-31": "5148.00000", "2012-12-31": "5140.00000", "2012-09-30": "4653.00000", "2012-06-30": "4712.00000", "2012-03-31": "5019.00000", "2011-12-31": "5430.00000", "2011-09-30": "5267.00000", "2011-06-30": "4962.00000", "2011-03-31": "4932.00000", "2010-12-31": "5400.00000", "2010-09-30": "5995.00000", "2010-06-30": "6375.00000", "2010-03-31": "6033.00000", "2009-12-31": "6817.00000", "2009-09-30": "6851.00000", "2009-06-30": "7111.00000", "2009-03-31": "7292.00000", "2008-12-31": "7661.00000", "2008-09-30": "7333.00000", "2008-06-30": "8495.00000", "2008-03-31": "6479.00000", "2007-12-31": "6670.00000", "2007-09-30": "6803.00000", "2007-06-30": "7232.00000", "2007-03-31": "7264.00000", "2006-12-31": "8098.00000", "2006-09-30": "8025.00000", "2006-06-30": "8524.00000", "2006-03-31": "9007.00000", "2005-12-31": "10129.00000", "2005-09-30": "13146.00000", "2005-06-30": "7349.00000", "2005-03-31": "8105.00000"}, "Property, Plant, And Equipment": {"2020-09-30": "56788.00000", "2020-06-30": "67980.00000", "2020-03-31": "67396.00000", "2019-12-31": "57200.00000", "2019-09-30": "67978.00000", "2019-06-30": "67141.00000", "2019-03-31": "66567.00000", "2018-12-31": "54560.00000", "2018-09-30": "54185.00000", "2018-06-30": "54604.00000", "2018-03-31": "54129.00000", "2017-12-31": "53758.00000", "2017-09-30": "52811.00000", "2017-06-30": "51748.00000", "2017-03-31": "50716.00000", "2016-12-31": "49964.00000", "2016-09-30": "48888.00000", "2016-06-30": "43682.00000", "2016-03-31": "42623.00000", "2015-12-31": "41554.00000", "2015-09-30": "39781.00000", "2015-06-30": "38668.00000", "2015-03-31": "37226.00000", "2014-12-31": "36270.00000", "2014-09-30": "34884.00000", "2014-06-30": "33887.00000", "2014-03-31": "33127.00000", "2013-12-31": "32628.00000", "2013-09-30": "31861.00000", "2013-06-30": "31554.00000", "2013-03-31": "30909.00000", "2012-12-31": "30773.00000", "2012-09-30": "31523.00000", "2012-06-30": "30921.00000", "2012-03-31": "30288.00000", "2011-12-31": "29670.00000", "2011-09-30": "28411.00000", "2011-06-30": "27651.00000", "2011-03-31": "27082.00000", "2010-12-31": "26713.00000", "2010-09-30": "26056.00000", "2010-06-30": "25458.00000", "2010-03-31": "26038.00000", "2009-12-31": "25592.00000", "2009-09-30": "24683.00000", "2009-06-30": "23874.00000", "2009-03-31": "23353.00000", "2008-12-31": "23274.00000", "2008-09-30": "22596.00000", "2008-06-30": "22317.00000", "2008-03-31": "21656.00000", "2007-12-31": "21352.00000", "2007-09-30": "20861.00000", "2007-06-30": "29504.00000", "2007-03-31": "29834.00000", "2006-12-31": "29382.00000", "2006-09-30": "29636.00000", "2006-06-30": "29519.00000", "2006-03-31": "28825.00000", "2005-12-31": "28940.00000", "2005-09-30": "28547.00000", "2005-06-30": "27998.00000", "2005-03-31": "27304.00000"}, "Long-Term Investments": {"2020-09-30": "533.00000", "2020-06-30": "966.00000", "2020-03-31": "2262.00000", "2019-12-31": "1713.00000", "2019-09-30": "1897.00000", "2019-06-30": "1829.00000", "2019-03-31": "1790.00000", "2018-12-31": "1622.00000", "2018-09-30": "2203.00000", "2018-06-30": "2049.00000", "2018-03-31": "1972.00000", "2017-12-31": "1871.00000", "2017-09-30": "2215.00000", "2017-06-30": "2123.00000", "2017-03-31": "2019.00000", "2016-12-31": "1859.00000", "2016-09-30": "1797.00000", "2016-06-30": "1649.00000", "2016-03-31": "1614.00000", "2015-12-31": "1591.00000", "2015-09-30": "1591.00000", "2015-06-30": "1377.00000", "2015-03-31": "1373.00000", "2014-12-31": "1365.00000", "2014-09-30": "1352.00000", "2014-06-30": "1355.00000", "2014-03-31": "1348.00000", "2013-12-31": "1199.00000", "2013-09-30": "1203.00000", "2013-06-30": "836.00000", "2013-03-31": "853.00000", "2012-12-31": "861.00000", "2012-09-30": "807.00000", "2012-06-30": "842.00000", "2012-03-31": "848.00000", "2011-12-31": "845.00000", "2011-09-30": "849.00000", "2011-06-30": "853.00000", "2011-03-31": "855.00000", "2010-12-31": "854.00000", "2010-09-30": "866.00000", "2010-06-30": "856.00000", "2010-03-31": "877.00000", "2009-12-31": "867.00000", "2009-09-30": "871.00000", "2009-06-30": "974.00000", "2009-03-31": "1016.00000", "2008-12-31": "1011.00000", "2008-09-30": "943.00000", "2008-06-30": "837.00000", "2008-03-31": "753.00000", "2007-12-31": "669.00000", "2007-09-30": "1051.00000", "2007-06-30": "1097.00000", "2007-03-31": "1036.00000", "2006-12-31": "1034.00000", "2006-09-30": "690.00000", "2006-06-30": "691.00000", "2006-03-31": "964.00000", "2005-12-31": "936.00000", "2005-09-30": "1088.00000", "2005-06-30": "1105.00000", "2005-03-31": "1115.00000"}, "Goodwill And Intangible Assets": {"2020-09-30": "7395.00000", "2020-06-30": "8946.00000", "2020-03-31": "8946.00000", "2019-12-31": "7395.00000", "2019-09-30": "9759.00000", "2019-06-30": "9863.00000", "2019-03-31": "9847.00000", "2018-12-31": "7080.00000", "2018-09-30": "6410.00000", "2018-06-30": "6405.00000", "2018-03-31": "6405.00000", "2017-12-31": "7090.00000", "2017-09-30": "6405.00000", "2017-06-30": "6399.00000", "2017-03-31": "6399.00000", "2016-12-31": "7017.00000", "2016-09-30": "6405.00000", "2016-06-30": "3294.00000", "2016-03-31": "3294.00000", "2015-12-31": "3864.00000", "2015-09-30": "3294.00000", "2015-06-30": "3294.00000", "2015-03-31": "3294.00000", "2014-12-31": "3614.00000", "2014-09-30": "3044.00000", "2014-06-30": "3044.00000", "2014-03-31": "3046.00000", "2013-12-31": "3646.00000", "2013-09-30": "3087.00000", "2013-06-30": "3125.00000", "2013-03-31": "3128.00000", "2012-12-31": "3666.00000", "2012-09-30": "3141.00000", "2012-06-30": "3141.00000", "2012-03-31": "3141.00000", "2011-12-31": "3778.00000", "2011-09-30": "3141.00000", "2011-06-30": "3141.00000", "2011-03-31": "3141.00000", "2010-12-31": "3783.00000", "2010-09-30": "3141.00000", "2010-06-30": "3141.00000", "2010-03-31": "3275.00000", "2009-12-31": "4047.00000", "2009-09-30": "3503.00000", "2009-06-30": "3503.00000", "2009-03-31": "3503.00000", "2008-12-31": "4215.00000", "2008-09-30": "3503.00000", "2008-06-30": "3496.00000", "2008-03-31": "3496.00000", "2007-12-31": "4094.00000", "2007-09-30": "3496.00000", "2007-06-30": "4234.00000", "2007-03-31": "4274.00000", "2006-12-31": "4926.00000", "2006-09-30": "4924.00000", "2006-06-30": "4298.00000", "2006-03-31": "4298.00000", "2005-12-31": "4917.00000", "2005-09-30": "4298.00000", "2005-06-30": "4298.00000", "2005-03-31": "4298.00000"}, "Other Long-Term Assets": {"2020-09-30": "4184.00000", "2020-06-30": "4256.00000", "2020-03-31": "4109.00000", "2019-12-31": "17575.00000", "2019-09-30": "862.00000", "2019-06-30": "903.00000", "2019-03-31": "2234.00000", "2018-12-31": "598.00000", "2018-09-30": "2842.00000", "2018-06-30": "2853.00000", "2018-03-31": "2809.00000", "2017-12-31": "581.00000", "2017-09-30": "2582.00000", "2017-06-30": "2499.00000", "2017-03-31": "2339.00000", "2016-12-31": "487.00000", "2016-09-30": "1045.00000", "2016-06-30": "1103.00000", "2016-03-31": "1069.00000", "2015-12-31": "459.00000", "2015-09-30": "1159.00000", "2015-06-30": "1316.00000", "2015-03-31": "1322.00000", "2014-12-31": "669.00000", "2014-09-30": "2191.00000", "2014-06-30": "2174.00000", "2014-03-31": "2127.00000", "2013-12-31": "610.00000", "2013-09-30": "1976.00000", "2013-06-30": "2024.00000", "2013-03-31": "1835.00000", "2012-12-31": "649.00000", "2012-09-30": "2134.00000", "2012-06-30": "2286.00000", "2012-03-31": "2247.00000", "2011-12-31": "829.00000", "2011-09-30": "2153.00000", "2011-06-30": "2291.00000", "2011-03-31": "2307.00000", "2010-12-31": "1012.00000", "2010-09-30": "2105.00000", "2010-06-30": "2129.00000", "2010-03-31": "1965.00000", "2009-12-31": "514.00000", "2009-09-30": "2042.00000", "2009-06-30": "2154.00000", "2009-03-31": "2221.00000", "2008-12-31": "906.00000", "2008-09-30": "1373.00000", "2008-06-30": "1375.00000", "2008-03-31": "2357.00000", "2007-12-31": "944.00000", "2007-09-30": "2061.00000", "2007-06-30": "2118.00000", "2007-03-31": "2084.00000", "2006-12-31": "1253.00000", "2006-09-30": "1500.00000", "2006-06-30": "2365.00000", "2006-03-31": "2500.00000", "2005-12-31": "2500.00000", "2005-09-30": "3296.00000", "2005-06-30": "2033.00000", "2005-03-31": "1608.00000"}, "Total Long-Term Assets": {"2020-09-30": "84706.00000", "2020-06-30": "97604.00000", "2020-03-31": "97590.00000", "2019-12-31": "97727.00000", "2019-09-30": "95635.00000", "2019-06-30": "94627.00000", "2019-03-31": "93593.00000", "2018-12-31": "72753.00000", "2018-09-30": "73380.00000", "2018-06-30": "73465.00000", "2018-03-31": "73073.00000", "2017-12-31": "72251.00000", "2017-09-30": "71397.00000", "2017-06-30": "69991.00000", "2017-03-31": "68567.00000", "2016-12-31": "67362.00000", "2016-09-30": "65800.00000", "2016-06-30": "57226.00000", "2016-03-31": "55794.00000", "2015-12-31": "54459.00000", "2015-09-30": "52476.00000", "2015-06-30": "51490.00000", "2015-03-31": "50103.00000", "2014-12-31": "48712.00000", "2014-09-30": "46833.00000", "2014-06-30": "45938.00000", "2014-03-31": "45108.00000", "2013-12-31": "44156.00000", "2013-09-30": "43278.00000", "2013-06-30": "42563.00000", "2013-03-31": "41968.00000", "2012-12-31": "41698.00000", "2012-09-30": "42233.00000", "2012-06-30": "41704.00000", "2012-03-31": "41074.00000", "2011-12-31": "40184.00000", "2011-09-30": "38763.00000", "2011-06-30": "38449.00000", "2011-03-31": "37845.00000", "2010-12-31": "37417.00000", "2010-09-30": "36234.00000", "2010-06-30": "35413.00000", "2010-03-31": "36130.00000", "2009-12-31": "35737.00000", "2009-09-30": "35236.00000", "2009-06-30": "34386.00000", "2009-03-31": "34395.00000", "2008-12-31": "34392.00000", "2008-09-30": "34046.00000", "2008-06-30": "33546.00000", "2008-03-31": "32573.00000", "2007-12-31": "32469.00000", "2007-09-30": "31723.00000", "2007-06-30": "41147.00000", "2007-03-31": "41311.00000", "2006-12-31": "41171.00000", "2006-09-30": "42135.00000", "2006-06-30": "42144.00000", "2006-03-31": "41537.00000", "2005-12-31": "42531.00000", "2005-09-30": "42443.00000", "2005-06-30": "40146.00000", "2005-03-31": "39014.00000"}, "Total Assets": {"2020-09-30": "104535.00000", "2020-06-30": "103728.00000", "2020-03-31": "104126.00000", "2019-12-31": "103823.00000", "2019-09-30": "102359.00000", "2019-06-30": "100822.00000", "2019-03-31": "100054.00000", "2018-12-31": "77914.00000", "2018-09-30": "79082.00000", "2018-06-30": "78075.00000", "2018-03-31": "77354.00000", "2017-12-31": "76585.00000", "2017-09-30": "75391.00000", "2017-06-30": "73902.00000", "2017-03-31": "72852.00000", "2016-12-31": "71610.00000", "2016-09-30": "69599.00000", "2016-06-30": "61369.00000", "2016-03-31": "59505.00000", "2015-12-31": "58648.00000", "2015-09-30": "56599.00000", "2015-06-30": "55942.00000", "2015-03-31": "55156.00000", "2014-12-31": "54327.00000", "2014-09-30": "52279.00000", "2014-06-30": "51499.00000", "2014-03-31": "50586.00000", "2013-12-31": "50096.00000", "2013-09-30": "48488.00000", "2013-06-30": "48426.00000", "2013-03-31": "47116.00000", "2012-12-31": "46838.00000", "2012-09-30": "46886.00000", "2012-06-30": "46416.00000", "2012-03-31": "46093.00000", "2011-12-31": "45614.00000", "2011-09-30": "44030.00000", "2011-06-30": "43411.00000", "2011-03-31": "42777.00000", "2010-12-31": "42817.00000", "2010-09-30": "42229.00000", "2010-06-30": "41788.00000", "2010-03-31": "42163.00000", "2009-12-31": "42554.00000", "2009-09-30": "42087.00000", "2009-06-30": "41497.00000", "2009-03-31": "41687.00000", "2008-12-31": "42053.00000", "2008-09-30": "41379.00000", "2008-06-30": "42041.00000", "2008-03-31": "39052.00000", "2007-12-31": "39139.00000", "2007-09-30": "38526.00000", "2007-06-30": "48379.00000", "2007-03-31": "48575.00000", "2006-12-31": "49269.00000", "2006-09-30": "50160.00000", "2006-06-30": "50668.00000", "2006-03-31": "50544.00000", "2005-12-31": "52660.00000", "2005-09-30": "55589.00000", "2005-06-30": "47495.00000", "2005-03-31": "47119.00000"}, "Total Current Liabilities": {"2020-09-30": "17560.00000", "2020-06-30": "9537.00000", "2020-03-31": "10448.00000", "2019-12-31": "9940.00000", "2019-09-30": "12191.00000", "2019-06-30": "9503.00000", "2019-03-31": "9776.00000", "2018-12-31": "7647.00000", "2018-09-30": "9212.00000", "2018-06-30": "8918.00000", "2018-03-31": "9339.00000", "2017-12-31": "9636.00000", "2017-09-30": "8559.00000", "2017-06-30": "9502.00000", "2017-03-31": "7842.00000", "2016-12-31": "8115.00000", "2016-09-30": "9027.00000", "2016-06-30": "7266.00000", "2016-03-31": "7518.00000", "2015-12-31": "8119.00000", "2015-09-30": "6746.00000", "2015-06-30": "6736.00000", "2015-03-31": "8021.00000", "2014-12-31": "7198.00000", "2014-09-30": "7579.00000", "2014-06-30": "7243.00000", "2014-03-31": "6351.00000", "2013-12-31": "6994.00000", "2013-09-30": "6453.00000", "2013-06-30": "7377.00000", "2013-03-31": "6972.00000", "2012-12-31": "7763.00000", "2012-09-30": "6562.00000", "2012-06-30": "6806.00000", "2012-03-31": "6654.00000", "2011-12-31": "6962.00000", "2011-09-30": "5496.00000", "2011-06-30": "5514.00000", "2011-03-31": "4501.00000", "2010-12-31": "5773.00000", "2010-09-30": "4927.00000", "2010-06-30": "5671.00000", "2010-03-31": "6492.00000", "2009-12-31": "6833.00000", "2009-09-30": "5448.00000", "2009-06-30": "5974.00000", "2009-03-31": "7006.00000", "2008-12-31": "7794.00000", "2008-09-30": "7971.00000", "2008-06-30": "9356.00000", "2008-03-31": "7922.00000", "2007-12-31": "7760.00000", "2007-09-30": "8360.00000", "2007-06-30": "10671.00000", "2007-03-31": "10960.00000", "2006-12-31": "11229.00000", "2006-09-30": "11624.00000", "2006-06-30": "11076.00000", "2006-03-31": "12043.00000", "2005-12-31": "14480.00000", "2005-09-30": "15343.00000", "2005-06-30": "9843.00000", "2005-03-31": "10601.00000"}, "Long Term Debt": {"2020-09-30": "33145.00000", "2020-06-30": "37146.00000", "2020-03-31": "34615.00000", "2019-12-31": "28998.00000", "2019-09-30": "33635.00000", "2019-06-30": "36648.00000", "2019-03-31": "36861.00000", "2018-12-31": "31144.00000", "2018-09-30": "32188.00000", "2018-06-30": "32115.00000", "2018-03-31": "31120.00000", "2017-12-31": "30948.00000", "2017-09-30": "30886.00000", "2017-06-30": "30155.00000", "2017-03-31": "31096.00000", "2016-12-31": "30231.00000", "2016-09-30": "28707.00000", "2016-06-30": "24787.00000", "2016-03-31": "24186.00000", "2015-12-31": "23468.00000", "2015-09-30": "23245.00000", "2015-06-30": "23054.00000", "2015-03-31": "21353.00000", "2014-12-31": "21805.00000", "2014-09-30": "20666.00000", "2014-06-30": "20473.00000", "2014-03-31": "20458.00000", "2013-12-31": "19330.00000", "2013-09-30": "18548.00000", "2013-06-30": "18043.00000", "2013-03-31": "17277.00000", "2012-12-31": "16851.00000", "2012-09-30": "17144.00000", "2012-06-30": "17003.00000", "2012-03-31": "17079.00000", "2011-12-31": "17394.00000", "2011-09-30": "17153.00000", "2011-06-30": "16500.00000", "2011-03-31": "16798.00000", "2010-12-31": "15758.00000", "2010-09-30": "16023.00000", "2010-06-30": "15349.00000", "2010-03-31": "15364.00000", "2009-12-31": "15481.00000", "2009-09-30": "16223.00000", "2009-06-30": "15707.00000", "2009-03-31": "14899.00000", "2008-12-31": "14956.00000", "2008-09-30": "14117.00000", "2008-06-30": "14204.00000", "2008-03-31": "12811.00000", "2007-12-31": "13235.00000", "2007-09-30": "12478.00000", "2007-06-30": "14336.00000", "2007-03-31": "14321.00000", "2006-12-31": "14791.00000", "2006-09-30": "14372.00000", "2006-06-30": "15703.00000", "2006-03-31": "15015.00000", "2005-12-31": "14653.00000", "2005-09-30": "16697.00000", "2005-06-30": "15139.00000", "2005-03-31": "14600.00000"}, "Other Non-Current Liabilities": {"2020-09-30": "19952.00000", "2020-06-30": "20240.00000", "2020-03-31": "20153.00000", "2019-12-31": "24575.00000", "2019-09-30": "17413.00000", "2019-06-30": "17089.00000", "2019-03-31": "19292.00000", "2018-12-31": "9631.00000", "2018-09-30": "12177.00000", "2018-06-30": "12162.00000", "2018-03-31": "12134.00000", "2017-12-31": "9948.00000", "2017-09-30": "8065.00000", "2017-06-30": "7941.00000", "2017-03-31": "7836.00000", "2016-12-31": "5710.00000", "2016-09-30": "6998.00000", "2016-06-30": "6198.00000", "2016-03-31": "6250.00000", "2015-12-31": "4846.00000", "2015-09-30": "5781.00000", "2015-06-30": "5724.00000", "2015-03-31": "5789.00000", "2014-12-31": "4627.00000", "2014-09-30": "5101.00000", "2014-06-30": "4845.00000", "2014-03-31": "4651.00000", "2013-12-31": "4278.00000", "2013-09-30": "3959.00000", "2013-06-30": "3865.00000", "2013-03-31": "3778.00000", "2012-12-31": "3711.00000", "2012-09-30": "4708.00000", "2012-06-30": "4371.00000", "2012-03-31": "4415.00000", "2011-12-31": "3320.00000", "2011-09-30": "4362.00000", "2011-06-30": "4379.00000", "2011-03-31": "4368.00000", "2010-12-31": "3559.00000", "2010-09-30": "3402.00000", "2010-06-30": "3220.00000", "2010-03-31": "3363.00000", "2009-12-31": "3294.00000", "2009-09-30": "3152.00000", "2009-06-30": "3171.00000", "2009-03-31": "3324.00000", "2008-12-31": "3307.00000", "2008-09-30": "4079.00000", "2008-06-30": "5121.00000", "2008-03-31": "4323.00000", "2007-12-31": "3567.00000", "2007-09-30": "4057.00000", "2007-06-30": "4600.00000", "2007-03-31": "4103.00000", "2006-12-31": "4198.00000", "2006-09-30": "4660.00000", "2006-06-30": "6122.00000", "2006-03-31": "6659.00000", "2005-12-31": "7889.00000", "2005-09-30": "8769.00000", "2005-06-30": "6245.00000", "2005-03-31": "5680.00000"}, "Total Long Term Liabilities": {"2020-09-30": "58909.00000", "2020-06-30": "63307.00000", "2020-03-31": "60926.00000", "2019-12-31": "59850.00000", "2019-09-30": "60211.00000", "2019-06-30": "62938.00000", "2019-03-31": "62679.00000", "2018-12-31": "48219.00000", "2018-09-30": "49444.00000", "2018-06-30": "49121.00000", "2018-03-31": "47973.00000", "2017-12-31": "47579.00000", "2017-09-30": "48330.00000", "2017-06-30": "47195.00000", "2017-03-31": "47829.00000", "2016-12-31": "46655.00000", "2016-09-30": "44380.00000", "2016-06-30": "38651.00000", "2016-03-31": "37972.00000", "2015-12-31": "36927.00000", "2015-09-30": "36577.00000", "2015-06-30": "36351.00000", "2015-03-31": "34719.00000", "2014-12-31": "35172.00000", "2014-09-30": "33127.00000", "2014-06-30": "32689.00000", "2014-03-31": "32536.00000", "2013-12-31": "31460.00000", "2013-09-30": "30793.00000", "2013-06-30": "29989.00000", "2013-03-31": "29216.00000", "2012-12-31": "28450.00000", "2012-09-30": "28446.00000", "2012-06-30": "27657.00000", "2012-03-31": "27470.00000", "2011-12-31": "27149.00000", "2011-09-30": "26902.00000", "2011-06-30": "26217.00000", "2011-03-31": "26333.00000", "2010-12-31": "25047.00000", "2010-09-30": "25207.00000", "2010-06-30": "23971.00000", "2010-03-31": "24620.00000", "2009-12-31": "24536.00000", "2009-09-30": "25312.00000", "2009-06-30": "24513.00000", "2009-03-31": "23972.00000", "2008-12-31": "24182.00000", "2008-09-30": "22943.00000", "2008-06-30": "23810.00000", "2008-03-31": "21605.00000", "2007-12-31": "21973.00000", "2007-09-30": "20918.00000", "2007-06-30": "25131.00000", "2007-03-31": "24652.00000", "2006-12-31": "25127.00000", "2006-09-30": "24988.00000", "2006-06-30": "27483.00000", "2006-03-31": "27060.00000", "2005-12-31": "27783.00000", "2005-09-30": "30470.00000", "2005-06-30": "26874.00000", "2005-03-31": "25845.00000"}, "Total Liabilities": {"2020-09-30": "76469.00000", "2020-06-30": "72844.00000", "2020-03-31": "71374.00000", "2019-12-31": "69790.00000", "2019-09-30": "72402.00000", "2019-06-30": "72441.00000", "2019-03-31": "72455.00000", "2018-12-31": "55866.00000", "2018-09-30": "58656.00000", "2018-06-30": "58039.00000", "2018-03-31": "57312.00000", "2017-12-31": "57215.00000", "2017-09-30": "56889.00000", "2017-06-30": "56697.00000", "2017-03-31": "55671.00000", "2016-12-31": "54770.00000", "2016-09-30": "53407.00000", "2016-06-30": "45917.00000", "2016-03-31": "45490.00000", "2015-12-31": "45046.00000", "2015-09-30": "43323.00000", "2015-06-30": "43087.00000", "2015-03-31": "42740.00000", "2014-12-31": "42370.00000", "2014-09-30": "40706.00000", "2014-06-30": "39932.00000", "2014-03-31": "38887.00000", "2013-12-31": "38454.00000", "2013-09-30": "37246.00000", "2013-06-30": "37366.00000", "2013-03-31": "36188.00000", "2012-12-31": "36213.00000", "2012-09-30": "35008.00000", "2012-06-30": "34463.00000", "2012-03-31": "34124.00000", "2011-12-31": "34111.00000", "2011-09-30": "32398.00000", "2011-06-30": "31731.00000", "2011-03-31": "30834.00000", "2010-12-31": "30820.00000", "2010-09-30": "30134.00000", "2010-06-30": "29642.00000", "2010-03-31": "31112.00000", "2009-12-31": "31369.00000", "2009-09-30": "30760.00000", "2009-06-30": "30487.00000", "2009-03-31": "30978.00000", "2008-12-31": "31976.00000", "2008-09-30": "30914.00000", "2008-06-30": "33166.00000", "2008-03-31": "29527.00000", "2007-12-31": "29733.00000", "2007-09-30": "29278.00000", "2007-06-30": "35802.00000", "2007-03-31": "35612.00000", "2006-12-31": "36356.00000", "2006-09-30": "36612.00000", "2006-06-30": "38559.00000", "2006-03-31": "39103.00000", "2005-12-31": "42263.00000", "2005-09-30": "45813.00000", "2005-06-30": "36717.00000", "2005-03-31": "36446.00000"}, "Common Stock Net": {"2020-09-30": "21930.00000", "2020-06-30": "23984.00000", "2020-03-31": "23902.00000", "2019-12-31": "23824.00000", "2019-09-30": "22131.00000", "2019-06-30": "20660.00000", "2019-03-31": "20834.00000", "2018-12-31": "12588.00000", "2018-09-30": "10862.00000", "2018-06-30": "10782.00000", "2018-03-31": "10316.00000", "2017-12-31": "9865.00000", "2017-09-30": "9789.00000", "2017-06-30": "8717.00000", "2017-03-31": "8629.00000", "2016-12-31": "8550.00000", "2016-09-30": "8592.00000", "2016-06-30": "8160.00000", "2016-03-31": "6778.00000", "2015-12-31": "6680.00000", "2015-09-30": "6606.00000", "2015-06-30": "6530.00000", "2015-03-31": "6170.00000", "2014-12-31": "5876.00000", "2014-09-30": "5788.00000", "2014-06-30": "5861.00000", "2014-03-31": "5785.00000", "2013-12-31": "5783.00000", "2013-09-30": "5699.00000", "2013-06-30": "5650.00000", "2013-03-31": "5571.00000", "2012-12-31": "5493.00000", "2012-09-30": "5420.00000", "2012-06-30": "5351.00000", "2012-03-31": "5256.00000", "2011-12-31": "5180.00000", "2011-09-30": "5171.00000", "2011-06-30": "5150.00000", "2011-03-31": "5464.00000", "2010-12-31": "5715.00000", "2010-09-30": "5702.00000", "2010-06-30": "6079.00000", "2010-03-31": "6369.00000", "2009-12-31": "6525.00000", "2009-09-30": "6443.00000", "2009-06-30": "6370.00000", "2009-03-31": "6204.00000", "2008-12-31": "5994.00000", "2008-09-30": "5922.00000", "2008-06-30": "5857.00000", "2008-03-31": "5789.00000", "2007-12-31": "5733.00000", "2007-09-30": "5694.00000", "2007-06-30": "11268.00000", "2007-03-31": "11344.00000", "2006-12-31": "11250.00000", "2006-09-30": "11741.00000", "2006-06-30": "11672.00000", "2006-03-31": "11295.00000", "2005-12-31": "11286.00000", "2005-09-30": "11268.00000", "2005-06-30": "10853.00000", "2005-03-31": "10846.00000"}, "Retained Earnings (Accumulated Deficit)": {"2020-09-30": "4035.00000", "2020-06-30": "4480.00000", "2020-03-31": "6455.00000", "2019-12-31": "7576.00000", "2019-09-30": "7336.00000", "2019-06-30": "7124.00000", "2019-03-31": "7806.00000", "2018-12-31": "9219.00000", "2018-09-30": "9128.00000", "2018-06-30": "8820.00000", "2018-03-31": "8924.00000", "2017-12-31": "7936.00000", "2017-09-30": "7119.00000", "2017-06-30": "6938.00000", "2017-03-31": "7023.00000", "2016-12-31": "6854.00000", "2016-09-30": "6837.00000", "2016-06-30": "6585.00000", "2016-03-31": "6565.00000", "2015-12-31": "6458.00000", "2015-09-30": "6487.00000", "2015-06-30": "6278.00000", "2015-03-31": "6250.00000", "2014-12-31": "6095.00000", "2014-09-30": "6202.00000", "2014-06-30": "6023.00000", "2014-03-31": "6213.00000", "2013-12-31": "6183.00000", "2013-09-30": "6079.00000", "2013-06-30": "5836.00000", "2013-03-31": "5961.00000", "2012-12-31": "5790.00000", "2012-09-30": "6753.00000", "2012-06-30": "6847.00000", "2012-03-31": "6891.00000", "2011-12-31": "6697.00000", "2011-09-30": "6778.00000", "2011-06-30": "6665.00000", "2011-03-31": "6612.00000", "2010-12-31": "6418.00000", "2010-09-30": "6386.00000", "2010-06-30": "6077.00000", "2010-03-31": "4585.00000", "2009-12-31": "4686.00000", "2009-09-30": "4956.00000", "2009-06-30": "4623.00000", "2009-03-31": "4417.00000", "2008-12-31": "4170.00000", "2008-09-30": "4307.00000", "2008-06-30": "4029.00000", "2008-03-31": "3960.00000", "2007-12-31": "3510.00000", "2007-09-30": "3438.00000", "2007-06-30": "1329.00000", "2007-03-31": "2107.00000", "2006-12-31": "1960.00000", "2006-09-30": "2172.00000", "2006-06-30": "1762.00000", "2006-03-31": "1844.00000", "2005-12-31": "1550.00000", "2005-09-30": "1528.00000", "2005-06-30": "1745.00000", "2005-03-31": "1642.00000"}, "Comprehensive Income": {"2020-09-30": "-2016.00000", "2020-06-30": "-1980.00000", "2020-03-31": "-2018.00000", "2019-12-31": "-1793.00000", "2019-09-30": "-1777.00000", "2019-06-30": "-1683.00000", "2019-03-31": "-1731.00000", "2018-12-31": "-1700.00000", "2018-09-30": "-1520.00000", "2018-06-30": "-1538.00000", "2018-03-31": "-1551.00000", "2017-12-31": "-659.00000", "2017-09-30": "-628.00000", "2017-06-30": "-682.00000", "2017-03-31": "-735.00000", "2016-12-31": "-799.00000", "2016-09-30": "-471.00000", "2016-06-30": "-493.00000", "2016-03-31": "-463.00000", "2015-12-31": "-474.00000", "2015-09-30": "-501.00000", "2015-06-30": "-386.00000", "2015-03-31": "-409.00000", "2014-12-31": "-416.00000", "2014-09-30": "-417.00000", "2014-06-30": "-317.00000", "2014-03-31": "-299.00000", "2013-12-31": "-324.00000", "2013-09-30": "-536.00000", "2013-06-30": "-483.00000", "2013-03-31": "-820.00000", "2012-12-31": "-877.00000", "2012-09-30": "-507.00000", "2012-06-30": "-455.00000", "2012-03-31": "-411.00000", "2011-12-31": "-610.00000", "2011-09-30": "-499.00000", "2011-06-30": "-329.00000", "2011-03-31": "-327.00000", "2010-12-31": "-330.00000", "2010-09-30": "-186.00000", "2010-06-30": "-200.00000", "2010-03-31": "-41.00000", "2009-12-31": "-211.00000", "2009-09-30": "-254.00000", "2009-06-30": "-165.00000", "2009-03-31": "-94.00000", "2008-12-31": "-269.00000", "2008-09-30": "49.00000", "2008-06-30": "-1195.00000", "2008-03-31": "-404.00000", "2007-12-31": "-12.00000", "2007-09-30": "-49.00000", "2007-06-30": "-171.00000", "2007-03-31": "-629.00000", "2006-12-31": "-425.00000", "2006-09-30": "-494.00000", "2006-06-30": "-1452.00000", "2006-03-31": "-1825.00000", "2005-12-31": "-2564.00000", "2005-09-30": "-3140.00000", "2005-06-30": "-1930.00000", "2005-03-31": "-1921.00000"}, "Other Share Holders Equity": {"2020-09-30": "", "2020-06-30": "", "2020-03-31": "", "2019-12-31": "", "2019-09-30": "", "2019-06-30": "", "2019-03-31": "", "2018-12-31": "", "2018-09-30": "", "2018-06-30": "", "2018-03-31": "", "2017-12-31": "", "2017-09-30": "", "2017-06-30": "", "2017-03-31": "", "2016-12-31": "", "2016-09-30": "", "2016-06-30": "", "2016-03-31": "", "2015-12-31": "", "2015-09-30": "", "2015-06-30": "", "2015-03-31": "", "2014-12-31": "", "2014-09-30": "", "2014-06-30": "", "2014-03-31": "", "2013-12-31": "", "2013-09-30": "", "2013-06-30": "", "2013-03-31": "", "2012-12-31": "", "2012-09-30": "", "2012-06-30": "", "2012-03-31": "", "2011-12-31": "", "2011-09-30": "", "2011-06-30": "", "2011-03-31": "", "2010-12-31": "", "2010-09-30": "", "2010-06-30": "", "2010-03-31": "", "2009-12-31": "", "2009-09-30": "", "2009-06-30": "", "2009-03-31": "", "2008-12-31": "", "2008-09-30": "", "2008-06-30": "", "2008-03-31": "", "2007-12-31": "", "2007-09-30": "", "2007-06-30": "", "2007-03-31": "", "2006-12-31": "", "2006-09-30": "", "2006-06-30": "", "2006-03-31": "", "2005-12-31": "", "2005-09-30": "", "2005-06-30": "", "2005-03-31": ""}, "Share Holder Equity": {"2020-09-30": "28066.00000", "2020-06-30": "30884.00000", "2020-03-31": "32752.00000", "2019-12-31": "34033.00000", "2019-09-30": "29957.00000", "2019-06-30": "28381.00000", "2019-03-31": "27599.00000", "2018-12-31": "22048.00000", "2018-09-30": "20426.00000", "2018-06-30": "20036.00000", "2018-03-31": "20042.00000", "2017-12-31": "19370.00000", "2017-09-30": "18502.00000", "2017-06-30": "17205.00000", "2017-03-31": "17181.00000", "2016-12-31": "16840.00000", "2016-09-30": "16192.00000", "2016-06-30": "15452.00000", "2016-03-31": "14015.00000", "2015-12-31": "13602.00000", "2015-09-30": "13276.00000", "2015-06-30": "12855.00000", "2015-03-31": "12416.00000", "2014-12-31": "11957.00000", "2014-09-30": "11573.00000", "2014-06-30": "11567.00000", "2014-03-31": "11699.00000", "2013-12-31": "11642.00000", "2013-09-30": "11242.00000", "2013-06-30": "11060.00000", "2013-03-31": "10928.00000", "2012-12-31": "10625.00000", "2012-09-30": "11878.00000", "2012-06-30": "11953.00000", "2012-03-31": "11969.00000", "2011-12-31": "11503.00000", "2011-09-30": "11632.00000", "2011-06-30": "11680.00000", "2011-03-31": "11943.00000", "2010-12-31": "11997.00000", "2010-09-30": "12095.00000", "2010-06-30": "12146.00000", "2010-03-31": "11051.00000", "2009-12-31": "11185.00000", "2009-09-30": "11327.00000", "2009-06-30": "11010.00000", "2009-03-31": "10709.00000", "2008-12-31": "10077.00000", "2008-09-30": "10465.00000", "2008-06-30": "8875.00000", "2008-03-31": "9525.00000", "2007-12-31": "9406.00000", "2007-09-30": "9248.00000", "2007-06-30": "12577.00000", "2007-03-31": "12963.00000", "2006-12-31": "12913.00000", "2006-09-30": "13548.00000", "2006-06-30": "12109.00000", "2006-03-31": "11441.00000", "2005-12-31": "10397.00000", "2005-09-30": "9776.00000", "2005-06-30": "10778.00000", "2005-03-31": "10673.00000"}, "Total Liabilities And Share Holders Equity": {"2020-09-30": "104535.00000", "2020-06-30": "103728.00000", "2020-03-31": "104126.00000", "2019-12-31": "103823.00000", "2019-09-30": "102359.00000", "2019-06-30": "100822.00000", "2019-03-31": "100054.00000", "2018-12-31": "77914.00000", "2018-09-30": "79082.00000", "2018-06-30": "78075.00000", "2018-03-31": "77354.00000", "2017-12-31": "76585.00000", "2017-09-30": "75391.00000", "2017-06-30": "73902.00000", "2017-03-31": "72852.00000", "2016-12-31": "71610.00000", "2016-09-30": "69599.00000", "2016-06-30": "61369.00000", "2016-03-31": "59505.00000", "2015-12-31": "58648.00000", "2015-09-30": "56599.00000", "2015-06-30": "55942.00000", "2015-03-31": "55156.00000", "2014-12-31": "54327.00000", "2014-09-30": "52279.00000", "2014-06-30": "51499.00000", "2014-03-31": "50586.00000", "2013-12-31": "50096.00000", "2013-09-30": "48488.00000", "2013-06-30": "48426.00000", "2013-03-31": "47116.00000", "2012-12-31": "46838.00000", "2012-09-30": "46886.00000", "2012-06-30": "46416.00000", "2012-03-31": "46093.00000", "2011-12-31": "45614.00000", "2011-09-30": "44030.00000", "2011-06-30": "43411.00000", "2011-03-31": "42777.00000", "2010-12-31": "42817.00000", "2010-09-30": "42229.00000", "2010-06-30": "41788.00000", "2010-03-31": "42163.00000", "2009-12-31": "42554.00000", "2009-09-30": "42087.00000", "2009-06-30": "41497.00000", "2009-03-31": "41687.00000", "2008-12-31": "42053.00000", "2008-09-30": "41379.00000", "2008-06-30": "42041.00000", "2008-03-31": "39052.00000", "2007-12-31": "39139.00000", "2007-09-30": "38526.00000", "2007-06-30": "48379.00000", "2007-03-31": "48575.00000", "2006-12-31": "49269.00000", "2006-09-30": "50160.00000", "2006-06-30": "50668.00000", "2006-03-31": "50544.00000", "2005-12-31": "52660.00000", "2005-09-30": "55589.00000", "2005-06-30": "47495.00000", "2005-03-31": "47119.00000"}}, "cash flow statement": {"Net Income/Loss": {"2019-12-31": "1376.00000", "2018-12-31": "2549.00000", "2017-12-31": "3120.00000", "2016-12-31": "2212.00000", "2015-12-31": "1923.00000", "2014-12-31": "1326.00000", "2013-12-31": "1720.00000", "2012-12-31": "329.00000", "2011-12-31": "1426.00000", "2010-12-31": "2825.00000", "2009-12-31": "1304.00000", "2008-12-31": "1850.00000", "2007-12-31": "2561.00000", "2006-12-31": "1380.00000", "2005-12-31": "1033.00000"}, "Total Depreciation And Amortization - Cash Flow": {"2019-12-31": "2977.00000", "2018-12-31": "2280.00000", "2017-12-31": "2202.00000", "2016-12-31": "1849.00000", "2015-12-31": "1669.00000", "2014-12-31": "1560.00000", "2013-12-31": "1390.00000", "2012-12-31": "1443.00000", "2011-12-31": "1288.00000", "2010-12-31": "1258.00000", "2009-12-31": "1319.00000", "2008-12-31": "1191.00000", "2007-12-31": "1533.00000", "2006-12-31": "1739.00000", "2005-12-31": "1538.00000"}, "Other Non-Cash Items": {"2019-12-31": "1737.00000", "2018-12-31": "185.00000", "2017-12-31": "-46.00000", "2016-12-31": "576.00000", "2015-12-31": "788.00000", "2014-12-31": "895.00000", "2013-12-31": "529.00000", "2012-12-31": "1939.00000", "2011-12-31": "835.00000", "2010-12-31": "-2439.00000", "2009-12-31": "618.00000", "2008-12-31": "443.00000", "2007-12-31": "-4345.00000", "2006-12-31": "693.00000", "2005-12-31": "379.00000"}, "Total Non-Cash Items": {"2019-12-31": "4714.00000", "2018-12-31": "2465.00000", "2017-12-31": "2156.00000", "2016-12-31": "2425.00000", "2015-12-31": "2457.00000", "2014-12-31": "2455.00000", "2013-12-31": "1919.00000", "2012-12-31": "3382.00000", "2011-12-31": "2123.00000", "2010-12-31": "-1181.00000", "2009-12-31": "1937.00000", "2008-12-31": "1634.00000", "2007-12-31": "-2812.00000", "2006-12-31": "2432.00000", "2005-12-31": "1917.00000"}, "Change In Accounts Receivable": {"2019-12-31": "-71.00000", "2018-12-31": "-110.00000", "2017-12-31": "-103.00000", "2016-12-31": "-286.00000", "2015-12-31": "294.00000", "2014-12-31": "131.00000", "2013-12-31": "-98.00000", "2012-12-31": "292.00000", "2011-12-31": "365.00000", "2010-12-31": "-60.00000", "2009-12-31": "458.00000", "2008-12-31": "-222.00000", "2007-12-31": "294.00000", "2006-12-31": "684.00000", "2005-12-31": "-791.00000"}, "Change In Inventories": {"2019-12-31": "-90.00000", "2018-12-31": "-29.00000", "2017-12-31": "15.00000", "2016-12-31": "1.00000", "2015-12-31": "-26.00000", "2014-12-31": "-43.00000", "2013-12-31": "-29.00000", "2012-12-31": "33.00000", "2011-12-31": "-185.00000", "2010-12-31": "35.00000", "2009-12-31": "-10.00000", "2008-12-31": "-116.00000", "2007-12-31": "52.00000", "2006-12-31": "3.00000", "2005-12-31": "-220.00000"}, "Change In Accounts Payable": {"2019-12-31": "-225.00000", "2018-12-31": "67.00000", "2017-12-31": "-89.00000", "2016-12-31": "97.00000", "2015-12-31": "-199.00000", "2014-12-31": "-202.00000", "2013-12-31": "50.00000", "2012-12-31": "-61.00000", "2011-12-31": "-413.00000", "2010-12-31": "119.00000", "2009-12-31": "-156.00000", "2008-12-31": "-268.00000", "2007-12-31": "-190.00000", "2006-12-31": "-526.00000", "2005-12-31": "686.00000"}, "Change In Assets/Liabilities": {"2019-12-31": "-422.00000", "2018-12-31": "-157.00000", "2017-12-31": "-661.00000", "2016-12-31": "-501.00000", "2015-12-31": "78.00000", "2014-12-31": "-187.00000", "2013-12-31": "-102.00000", "2012-12-31": "174.00000", "2011-12-31": "-117.00000", "2010-12-31": "-79.00000", "2009-12-31": "334.00000", "2008-12-31": "-25.00000", "2007-12-31": "-294.00000", "2006-12-31": "-60.00000", "2005-12-31": "-149.00000"}, "Total Change In Assets/Liabilities": {"2019-12-31": "-886.00000", "2018-12-31": "-241.00000", "2017-12-31": "-774.00000", "2016-12-31": "-486.00000", "2015-12-31": "95.00000", "2014-12-31": "-342.00000", "2013-12-31": "-206.00000", "2012-12-31": "426.00000", "2011-12-31": "-566.00000", "2010-12-31": "181.00000", "2009-12-31": "545.00000", "2008-12-31": "-808.00000", "2007-12-31": "21.00000", "2006-12-31": "193.00000", "2005-12-31": "-327.00000"}, "Cash Flow From Operating Activities": {"2019-12-31": "5204.00000", "2018-12-31": "4773.00000", "2017-12-31": "4502.00000", "2016-12-31": "4151.00000", "2015-12-31": "4475.00000", "2014-12-31": "3439.00000", "2013-12-31": "3433.00000", "2012-12-31": "4137.00000", "2011-12-31": "2983.00000", "2010-12-31": "1825.00000", "2009-12-31": "3786.00000", "2008-12-31": "2676.00000", "2007-12-31": "-230.00000", "2006-12-31": "4005.00000", "2005-12-31": "2623.00000"}, "Net Change In Property, Plant, And Equipment": {"2019-12-31": "-4980.00000", "2018-12-31": "-4254.00000", "2017-12-31": "-5504.00000", "2016-12-31": "-6085.00000", "2015-12-31": "-5575.00000", "2014-12-31": "-5345.00000", "2013-12-31": "-4065.00000", "2012-12-31": "-4145.00000", "2011-12-31": "-3652.00000", "2010-12-31": "-3422.00000", "2009-12-31": "-3837.00000", "2008-12-31": "-3554.00000", "2007-12-31": "-3972.00000", "2006-12-31": "-3659.00000", "2005-12-31": "-2763.00000"}, "Net Change In Intangible Assets": {"2019-12-31": "", "2018-12-31": "", "2017-12-31": "", "2016-12-31": "", "2015-12-31": "", "2014-12-31": "", "2013-12-31": "", "2012-12-31": "", "2011-12-31": "", "2010-12-31": "", "2009-12-31": "", "2008-12-31": "343.00000", "2007-12-31": "", "2006-12-31": "", "2005-12-31": ""}, "Net Acquisitions/Divestitures": {"2019-12-31": "48.00000", "2018-12-31": "-151.00000", "2017-12-31": "-405.00000", "2016-12-31": "-4421.00000", "2015-12-31": "-915.00000", "2014-12-31": "-19.00000", "2013-12-31": "426.00000", "2012-12-31": "", "2011-12-31": "", "2010-12-31": "4191.00000", "2009-12-31": "", "2008-12-31": "", "2007-12-31": "13877.00000", "2006-12-31": "", "2005-12-31": "-877.00000"}, "Net Change In Short-term Investments": {"2019-12-31": "", "2018-12-31": "", "2017-12-31": "", "2016-12-31": "-1504.00000", "2015-12-31": "-1326.00000", "2014-12-31": "-1241.00000", "2013-12-31": "-1493.00000", "2012-12-31": "-1392.00000", "2011-12-31": "-1824.00000", "2010-12-31": "", "2009-12-31": "", "2008-12-31": "", "2007-12-31": "", "2006-12-31": "", "2005-12-31": ""}, "Net Change In Long-Term Investments": {"2019-12-31": "201.00000", "2018-12-31": "2024.00000", "2017-12-31": "-341.00000", "2016-12-31": "1224.00000", "2015-12-31": "1289.00000", "2014-12-31": "1320.00000", "2013-12-31": "1636.00000", "2012-12-31": "1471.00000", "2011-12-31": "1757.00000", "2010-12-31": "-37.00000", "2009-12-31": "-76.00000", "2008-12-31": "-337.00000", "2007-12-31": "-142.00000", "2006-12-31": "-21.00000", "2005-12-31": "151.00000"}, "Net Change In Investments - Total": {"2019-12-31": "201.00000", "2018-12-31": "2024.00000", "2017-12-31": "-341.00000", "2016-12-31": "-280.00000", "2015-12-31": "-37.00000", "2014-12-31": "79.00000", "2013-12-31": "143.00000", "2012-12-31": "79.00000", "2011-12-31": "-67.00000", "2010-12-31": "-37.00000", "2009-12-31": "-76.00000", "2008-12-31": "-337.00000", "2007-12-31": "-142.00000", "2006-12-31": "-21.00000", "2005-12-31": "151.00000"}, "Investing Activities - Other": {"2019-12-31": "109.00000", "2018-12-31": "23.00000", "2017-12-31": "308.00000", "2016-12-31": "95.00000", "2015-12-31": "24.00000", "2014-12-31": "104.00000", "2013-12-31": "38.00000", "2012-12-31": "226.00000", "2011-12-31": "398.00000", "2010-12-31": "-313.00000", "2009-12-31": "218.00000", "2008-12-31": "58.00000", "2007-12-31": "429.00000", "2006-12-31": "186.00000", "2005-12-31": "129.00000"}, "Cash Flow From Investing Activities": {"2019-12-31": "-4622.00000", "2018-12-31": "-2358.00000", "2017-12-31": "-5942.00000", "2016-12-31": "-10691.00000", "2015-12-31": "-6503.00000", "2014-12-31": "-5181.00000", "2013-12-31": "-3458.00000", "2012-12-31": "-3840.00000", "2011-12-31": "-3321.00000", "2010-12-31": "419.00000", "2009-12-31": "-3695.00000", "2008-12-31": "-3490.00000", "2007-12-31": "10192.00000", "2006-12-31": "-3494.00000", "2005-12-31": "-3360.00000"}, "Net Long-Term Debt": {"2019-12-31": "-4855.00000", "2018-12-31": "753.00000", "2017-12-31": "2308.00000", "2016-12-31": "6112.00000", "2015-12-31": "2070.00000", "2014-12-31": "2092.00000", "2013-12-31": "2890.00000", "2012-12-31": "-175.00000", "2011-12-31": "1683.00000", "2010-12-31": "-402.00000", "2009-12-31": "1248.00000", "2008-12-31": "1448.00000", "2007-12-31": "-2337.00000", "2006-12-31": "117.00000", "2005-12-31": "63.00000"}, "Net Current Debt": {"2019-12-31": "404.00000", "2018-12-31": "-2964.00000", "2017-12-31": "-107.00000", "2016-12-31": "-1254.00000", "2015-12-31": "934.00000", "2014-12-31": "848.00000", "2013-12-31": "-743.00000", "2012-12-31": "998.00000", "2011-12-31": "429.00000", "2010-12-31": "91.00000", "2009-12-31": "-735.00000", "2008-12-31": "-139.00000", "2007-12-31": "-1015.00000", "2006-12-31": "413.00000", "2005-12-31": "1045.00000"}, "Debt Issuance/Retirement Net - Total": {"2019-12-31": "-4451.00000", "2018-12-31": "-2211.00000", "2017-12-31": "2201.00000", "2016-12-31": "4858.00000", "2015-12-31": "3004.00000", "2014-12-31": "2940.00000", "2013-12-31": "2147.00000", "2012-12-31": "823.00000", "2011-12-31": "2112.00000", "2010-12-31": "-311.00000", "2009-12-31": "513.00000", "2008-12-31": "1309.00000", "2007-12-31": "-3352.00000", "2006-12-31": "530.00000", "2005-12-31": "1108.00000"}, "Net Common Equity Issued/Repurchased": {"2019-12-31": "6175.00000", "2018-12-31": "2465.00000", "2017-12-31": "1320.00000", "2016-12-31": "2634.00000", "2015-12-31": "786.00000", "2014-12-31": "597.00000", "2013-12-31": "278.00000", "2012-12-31": "265.00000", "2011-12-31": "-563.00000", "2010-12-31": "-826.00000", "2009-12-31": "456.00000", "2008-12-31": "240.00000", "2007-12-31": "-5542.00000", "2006-12-31": "-61.00000", "2005-12-31": "388.00000"}, "Net Total Equity Issued/Repurchased": {"2019-12-31": "6966.00000", "2018-12-31": "2465.00000", "2017-12-31": "1320.00000", "2016-12-31": "3124.00000", "2015-12-31": "786.00000", "2014-12-31": "338.00000", "2013-12-31": "278.00000", "2012-12-31": "265.00000", "2011-12-31": "-563.00000", "2010-12-31": "-826.00000", "2009-12-31": "456.00000", "2008-12-31": "240.00000", "2007-12-31": "-5542.00000", "2006-12-31": "-61.00000", "2005-12-31": "388.00000"}, "Total Common And Preferred Stock Dividends Paid": {"2019-12-31": "-2983.00000", "2018-12-31": "-2185.00000", "2017-12-31": "-1931.00000", "2016-12-31": "-1727.00000", "2015-12-31": "-1536.00000", "2014-12-31": "-1409.00000", "2013-12-31": "-1319.00000", "2012-12-31": "-1225.00000", "2011-12-31": "-1146.00000", "2010-12-31": "-1093.00000", "2009-12-31": "-1056.00000", "2008-12-31": "-933.00000", "2007-12-31": "-947.00000", "2006-12-31": "-970.00000", "2005-12-31": "-923.00000"}, "Financial Activities - Other": {"2019-12-31": "-236.00000", "2018-12-31": "-278.00000", "2017-12-31": "-287.00000", "2016-12-31": "-25.00000", "2015-12-31": "63.00000", "2014-12-31": "-125.00000", "2013-12-31": "-1013.00000", "2012-12-31": "-14.00000", "2011-12-31": "-25.00000", "2010-12-31": "-2.00000", "2009-12-31": "-25.00000", "2008-12-31": "-18.00000", "2007-12-31": "24.00000", "2006-12-31": "-14.00000", "2005-12-31": "-51.00000"}, "Cash Flow From Financial Activities": {"2019-12-31": "-704.00000", "2018-12-31": "-2209.00000", "2017-12-31": "1303.00000", "2016-12-31": "6230.00000", "2015-12-31": "2317.00000", "2014-12-31": "1744.00000", "2013-12-31": "93.00000", "2012-12-31": "-151.00000", "2011-12-31": "378.00000", "2010-12-31": "-2232.00000", "2009-12-31": "-112.00000", "2008-12-31": "598.00000", "2007-12-31": "-9817.00000", "2006-12-31": "-515.00000", "2005-12-31": "522.00000"}, "Net Cash Flow": {"2019-12-31": "-122.00000", "2018-12-31": "206.00000", "2017-12-31": "-137.00000", "2016-12-31": "-310.00000", "2015-12-31": "289.00000", "2014-12-31": "2.00000", "2013-12-31": "68.00000", "2012-12-31": "146.00000", "2011-12-31": "40.00000", "2010-12-31": "12.00000", "2009-12-31": "-21.00000", "2008-12-31": "-216.00000", "2007-12-31": "145.00000", "2006-12-31": "-4.00000", "2005-12-31": "-215.00000"}, "Stock-Based Compensation": {"2019-12-31": "", "2018-12-31": "", "2017-12-31": "", "2016-12-31": "", "2015-12-31": "", "2014-12-31": "", "2013-12-31": "", "2012-12-31": "", "2011-12-31": "", "2010-12-31": "", "2009-12-31": "", "2008-12-31": "", "2007-12-31": "", "2006-12-31": "", "2005-12-31": ""}, "Common Stock Dividends Paid": {"2019-12-31": "-2983.00000", "2018-12-31": "-2185.00000", "2017-12-31": "-1931.00000", "2016-12-31": "-1727.00000", "2015-12-31": "-1536.00000", "2014-12-31": "-1398.00000", "2013-12-31": "-1302.00000", "2012-12-31": "-1209.00000", "2011-12-31": "-1129.00000", "2010-12-31": "-1076.00000", "2009-12-31": "-1039.00000", "2008-12-31": "-916.00000", "2007-12-31": "-931.00000", "2006-12-31": "-970.00000", "2005-12-31": "-923.00000"}}, "cash flow statement, quarterly": {"Net Income/Loss": {"2020-09-30": 131, "2020-06-30": -1132, "2020-03-31": "-239.00000", "2019-12-31": 1010, "2019-09-30": 985, "2019-06-30": 58, "2019-03-31": "-677.00000", "2018-12-31": 662, "2018-09-30": 883, "2018-06-30": 478, "2018-03-31": "526.00000", "2017-12-31": 1333, "2017-09-30": 696, "2017-06-30": 417, "2017-03-31": "674.00000", "2016-12-31": 491, "2016-09-30": 728, "2016-06-30": 462, "2016-03-31": "531.00000", "2015-12-31": 366, "2015-09-30": 599, "2015-06-30": 418, "2015-03-31": "540.00000", "2014-12-31": 249, "2014-09-30": 531, "2014-06-30": 161, "2014-03-31": "385.00000", "2013-12-31": 435, "2013-09-30": 575, "2013-06-30": 208, "2013-03-31": "502.00000", "2012-12-31": -652, "2012-09-30": 215, "2012-06-30": 265, "2012-03-31": "501.00000", "2011-12-31": 207, "2011-09-30": 396, "2011-06-30": 340, "2011-03-31": "483.00000", "2010-12-31": 303, "2010-09-30": 579, "2010-06-30": 1765, "2010-03-31": "178.00000", "2009-12-31": -4, "2009-09-30": 598, "2009-06-30": 458, "2009-03-31": "252.00000", "2008-12-31": 352, "2008-09-30": 512, "2008-06-30": 306, "2008-03-31": "680.00000", "2007-12-31": 321, "2007-09-30": 2317, "2007-06-30": -530, "2007-03-31": "453.00000", "2006-12-31": 31, "2006-09-30": 654, "2006-06-30": 161, "2006-03-31": "534.00000", "2005-12-31": 257, "2005-09-30": 15, "2005-06-30": 332, "2005-03-31": "429.00000"}, "Total Depreciation And Amortization - Cash Flow": {"2020-09-30": 681, "2020-06-30": 738, "2020-03-31": "759.00000", "2019-12-31": 742, "2019-09-30": 763, "2019-06-30": 738, "2019-03-31": "734.00000", "2018-12-31": 574, "2018-09-30": 600, "2018-06-30": 534, "2018-03-31": "572.00000", "2017-12-31": 553, "2017-09-30": 561, "2017-06-30": 540, "2017-03-31": "548.00000", "2016-12-31": 524, "2016-09-30": 472, "2016-06-30": 429, "2016-03-31": "424.00000", "2015-12-31": 419, "2015-09-30": 428, "2015-06-30": 408, "2015-03-31": "414.00000", "2014-12-31": 389, "2014-09-30": 423, "2014-06-30": 370, "2014-03-31": "378.00000", "2013-12-31": 286, "2013-09-30": 375, "2013-06-30": 363, "2013-03-31": "366.00000", "2012-12-31": 363, "2012-09-30": 376, "2012-06-30": 351, "2012-03-31": "353.00000", "2011-12-31": 337, "2011-09-30": 324, "2011-06-30": 309, "2011-03-31": "318.00000", "2010-12-31": 312, "2010-09-30": 317, "2010-06-30": 309, "2010-03-31": "320.00000", "2009-12-31": 359, "2009-09-30": 320, "2009-06-30": 315, "2009-03-31": "325.00000", "2008-12-31": 303, "2008-09-30": 312, "2008-06-30": 282, "2008-03-31": "294.00000", "2007-12-31": 289, "2007-09-30": 322, "2007-06-30": 464, "2007-03-31": "458.00000", "2006-12-31": 443, "2006-09-30": 434, "2006-06-30": 448, "2006-03-31": "414.00000", "2005-12-31": 395, "2005-09-30": 392, "2005-06-30": 371, "2005-03-31": "380.00000"}, "Other Non-Cash Items": {"2020-09-30": 684, "2020-06-30": 2269, "2020-03-31": "1233.00000", "2019-12-31": -117, "2019-09-30": -147, "2019-06-30": 467, "2019-03-31": "1534.00000", "2018-12-31": -194, "2018-09-30": -189, "2018-06-30": 253, "2018-03-31": "315.00000", "2017-12-31": -566, "2017-09-30": 162, "2017-06-30": 176, "2017-03-31": "182.00000", "2016-12-31": 223, "2016-09-30": 150, "2016-06-30": 72, "2016-03-31": "131.00000", "2015-12-31": 209, "2015-09-30": 269, "2015-06-30": 143, "2015-03-31": "167.00000", "2014-12-31": 385, "2014-09-30": 136, "2014-06-30": 335, "2014-03-31": "39.00000", "2013-12-31": 82, "2013-09-30": 89, "2013-06-30": 149, "2013-03-31": "209.00000", "2012-12-31": 1168, "2012-09-30": 498, "2012-06-30": 131, "2012-03-31": "142.00000", "2011-12-31": 297, "2011-09-30": 209, "2011-06-30": 148, "2011-03-31": "181.00000", "2010-12-31": -386, "2010-09-30": 263, "2010-06-30": -2869, "2010-03-31": "553.00000", "2009-12-31": 572, "2009-09-30": 18, "2009-06-30": -145, "2009-03-31": "173.00000", "2008-12-31": -195, "2008-09-30": 393, "2008-06-30": 35, "2008-03-31": "210.00000", "2007-12-31": -393, "2007-09-30": -4852, "2007-06-30": 610, "2007-03-31": "290.00000", "2006-12-31": 407, "2006-09-30": 40, "2006-06-30": 121, "2006-03-31": "125.00000", "2005-12-31": -147, "2005-09-30": 481, "2005-06-30": -98, "2005-03-31": "143.00000"}, "Total Non-Cash Items": {"2020-09-30": 1365, "2020-06-30": 3007, "2020-03-31": "1992.00000", "2019-12-31": 625, "2019-09-30": 616, "2019-06-30": 1205, "2019-03-31": "2268.00000", "2018-12-31": 380, "2018-09-30": 411, "2018-06-30": 787, "2018-03-31": "887.00000", "2017-12-31": -13, "2017-09-30": 723, "2017-06-30": 716, "2017-03-31": "730.00000", "2016-12-31": 747, "2016-09-30": 622, "2016-06-30": 501, "2016-03-31": "555.00000", "2015-12-31": 628, "2015-09-30": 697, "2015-06-30": 551, "2015-03-31": "581.00000", "2014-12-31": 774, "2014-09-30": 559, "2014-06-30": 705, "2014-03-31": "417.00000", "2013-12-31": 368, "2013-09-30": 464, "2013-06-30": 512, "2013-03-31": "575.00000", "2012-12-31": 1531, "2012-09-30": 874, "2012-06-30": 482, "2012-03-31": "495.00000", "2011-12-31": 634, "2011-09-30": 533, "2011-06-30": 457, "2011-03-31": "499.00000", "2010-12-31": -74, "2010-09-30": 580, "2010-06-30": -2560, "2010-03-31": "873.00000", "2009-12-31": 931, "2009-09-30": 338, "2009-06-30": 170, "2009-03-31": "498.00000", "2008-12-31": 108, "2008-09-30": 705, "2008-06-30": 317, "2008-03-31": "504.00000", "2007-12-31": -104, "2007-09-30": -4530, "2007-06-30": 1074, "2007-03-31": "748.00000", "2006-12-31": 850, "2006-09-30": 474, "2006-06-30": 569, "2006-03-31": "539.00000", "2005-12-31": 248, "2005-09-30": 873, "2005-06-30": 273, "2005-03-31": "523.00000"}, "Change In Accounts Receivable": {"2020-09-30": -105, "2020-06-30": 151, "2020-03-31": "245.00000", "2019-12-31": -425, "2019-09-30": -138, "2019-06-30": 339, "2019-03-31": "153.00000", "2018-12-31": -239, "2018-09-30": -29, "2018-06-30": 111, "2018-03-31": "47.00000", "2017-12-31": -350, "2017-09-30": -60, "2017-06-30": 171, "2017-03-31": "136.00000", "2016-12-31": -305, "2016-09-30": -63, "2016-06-30": 42, "2016-03-31": "40.00000", "2015-12-31": 65, "2015-09-30": 15, "2015-06-30": 279, "2015-03-31": "-65.00000", "2014-12-31": -169, "2014-09-30": 147, "2014-06-30": 336, "2014-03-31": "-183.00000", "2013-12-31": -196, "2013-09-30": 6, "2013-06-30": 216, "2013-03-31": "-124.00000", "2012-12-31": -79, "2012-09-30": 8, "2012-06-30": 36, "2012-03-31": "327.00000", "2011-12-31": -162, "2011-09-30": 251, "2011-06-30": -16, "2011-03-31": "292.00000", "2010-12-31": -420, "2010-09-30": 48, "2010-06-30": 186, "2010-03-31": "126.00000", "2009-12-31": -346, "2009-09-30": 181, "2009-06-30": 528, "2009-03-31": "95.00000", "2008-12-31": -409, "2008-09-30": 35, "2008-06-30": 340, "2008-03-31": "-188.00000", "2007-12-31": -472, "2007-09-30": 648, "2007-06-30": 287, "2007-03-31": "-169.00000", "2006-12-31": -358, "2006-09-30": 78, "2006-06-30": 552, "2006-03-31": "412.00000", "2005-12-31": -826, "2005-09-30": -136, "2005-06-30": 297, "2005-03-31": "-126.00000"}, "Change In Inventories": {"2020-09-30": 22, "2020-06-30": -64, "2020-03-31": "71.00000", "2019-12-31": 16, "2019-09-30": -92, "2019-06-30": -67, "2019-03-31": "53.00000", "2018-12-31": 8, "2018-09-30": -68, "2018-06-30": -73, "2018-03-31": "104.00000", "2017-12-31": 49, "2017-09-30": -55, "2017-06-30": -40, "2017-03-31": "61.00000", "2016-12-31": 11, "2016-09-30": -7, "2016-06-30": -47, "2016-03-31": "44.00000", "2015-12-31": -23, "2015-09-30": -50, "2015-06-30": -101, "2015-03-31": "148.00000", "2014-12-31": -4, "2014-09-30": -41, "2014-06-30": -161, "2014-03-31": "163.00000", "2013-12-31": 34, "2013-09-30": -53, "2013-06-30": -143, "2013-03-31": "133.00000", "2012-12-31": -2, "2012-09-30": -40, "2012-06-30": -24, "2012-03-31": "99.00000", "2011-12-31": -23, "2011-09-30": -131, "2011-06-30": -150, "2011-03-31": "119.00000", "2010-12-31": 58, "2010-09-30": -114, "2010-06-30": -122, "2010-03-31": "213.00000", "2009-12-31": 31, "2009-09-30": -81, "2009-06-30": -231, "2009-03-31": "271.00000", "2008-12-31": 128, "2008-09-30": -268, "2008-06-30": -172, "2008-03-31": "196.00000", "2007-12-31": 67, "2007-09-30": -206, "2007-06-30": -200, "2007-03-31": "391.00000", "2006-12-31": 146, "2006-09-30": -236, "2006-06-30": -169, "2006-03-31": "262.00000", "2005-12-31": -5, "2005-09-30": -284, "2005-06-30": -218, "2005-03-31": "287.00000"}, "Change In Accounts Payable": {"2020-09-30": 5, "2020-06-30": -27, "2020-03-31": "-164.00000", "2019-12-31": 221, "2019-09-30": 0, "2019-06-30": -162, "2019-03-31": "-284.00000", "2018-12-31": 234, "2018-09-30": -16, "2018-06-30": -94, "2018-03-31": "-57.00000", "2017-12-31": 69, "2017-09-30": 53, "2017-06-30": -71, "2017-03-31": "-140.00000", "2016-12-31": 186, "2016-09-30": 3, "2016-06-30": -55, "2016-03-31": "-37.00000", "2015-12-31": 23, "2015-09-30": -49, "2015-06-30": -88, "2015-03-31": "-85.00000", "2014-12-31": 89, "2014-09-30": -33, "2014-06-30": -311, "2014-03-31": "53.00000", "2013-12-31": 194, "2013-09-30": 5, "2013-06-30": -14, "2013-03-31": "-135.00000", "2012-12-31": 155, "2012-09-30": 49, "2012-06-30": 10, "2012-03-31": "-275.00000", "2011-12-31": 6, "2011-09-30": -25, "2011-06-30": -95, "2011-03-31": "-299.00000", "2010-12-31": 170, "2010-09-30": 80, "2010-06-30": -41, "2010-03-31": "-90.00000", "2009-12-31": 319, "2009-09-30": 54, "2009-06-30": -265, "2009-03-31": "-264.00000", "2008-12-31": 21, "2008-09-30": -261, "2008-06-30": 226, "2008-03-31": "-254.00000", "2007-12-31": 441, "2007-09-30": -515, "2007-06-30": 15, "2007-03-31": "-131.00000", "2006-12-31": 130, "2006-09-30": 228, "2006-06-30": -225, "2006-03-31": "-659.00000", "2005-12-31": 484, "2005-09-30": 366, "2005-06-30": -22, "2005-03-31": "-142.00000"}, "Change In Assets/Liabilities": {"2020-09-30": 56, "2020-06-30": -353, "2020-03-31": "-38.00000", "2019-12-31": 3, "2019-09-30": -116, "2019-06-30": -296, "2019-03-31": "-13.00000", "2018-12-31": 15, "2018-09-30": 29, "2018-06-30": -29, "2018-03-31": "-172.00000", "2017-12-31": -261, "2017-09-30": -179, "2017-06-30": -139, "2017-03-31": "-82.00000", "2016-12-31": -363, "2016-09-30": -74, "2016-06-30": -81, "2016-03-31": "17.00000", "2015-12-31": 2, "2015-09-30": 53, "2015-06-30": -4, "2015-03-31": "27.00000", "2014-12-31": 122, "2014-09-30": -241, "2014-06-30": -41, "2014-03-31": "-27.00000", "2013-12-31": -363, "2013-09-30": 133, "2013-06-30": 27, "2013-03-31": "101.00000", "2012-12-31": -265, "2012-09-30": -119, "2012-06-30": 171, "2012-03-31": "387.00000", "2011-12-31": -62, "2011-09-30": 21, "2011-06-30": -23, "2011-03-31": "-53.00000", "2010-12-31": -242, "2010-09-30": -167, "2010-06-30": 69, "2010-03-31": "261.00000", "2009-12-31": -145, "2009-09-30": 46, "2009-06-30": 27, "2009-03-31": "406.00000", "2008-12-31": 994, "2008-09-30": 34, "2008-06-30": -916, "2008-03-31": "-137.00000", "2007-12-31": -45, "2007-09-30": -311, "2007-06-30": 2, "2007-03-31": "60.00000", "2006-12-31": -123, "2006-09-30": 83, "2006-06-30": 62, "2006-03-31": "-82.00000", "2005-12-31": -30, "2005-09-30": 177, "2005-06-30": -419, "2005-03-31": "123.00000"}, "Total Change In Assets/Liabilities": {"2020-09-30": 178, "2020-06-30": -372, "2020-03-31": "-120.00000", "2019-12-31": -140, "2019-09-30": -205, "2019-06-30": -121, "2019-03-31": "-420.00000", "2018-12-31": 20, "2018-09-30": -8, "2018-06-30": -72, "2018-03-31": "-181.00000", "2017-12-31": -490, "2017-09-30": -107, "2017-06-30": -133, "2017-03-31": "-44.00000", "2016-12-31": -473, "2016-09-30": 18, "2016-06-30": -163, "2016-03-31": "132.00000", "2015-12-31": 28, "2015-09-30": -3, "2015-06-30": 60, "2015-03-31": "10.00000", "2014-12-31": 6, "2014-09-30": -127, "2014-06-30": -172, "2014-03-31": "-49.00000", "2013-12-31": -320, "2013-09-30": 120, "2013-06-30": 19, "2013-03-31": "-25.00000", "2012-12-31": -204, "2012-09-30": -25, "2012-06-30": 28, "2012-03-31": "627.00000", "2011-12-31": -256, "2011-09-30": 182, "2011-06-30": -422, "2011-03-31": "-70.00000", "2010-12-31": -538, "2010-09-30": -674, "2010-06-30": 794, "2010-03-31": "599.00000", "2009-12-31": -218, "2009-09-30": 239, "2009-06-30": -207, "2009-03-31": "731.00000", "2008-12-31": 789, "2008-09-30": -326, "2008-06-30": -638, "2008-03-31": "-633.00000", "2007-12-31": -2730, "2007-09-30": 2523, "2007-06-30": 219, "2007-03-31": "9.00000", "2006-12-31": -362, "2006-09-30": 369, "2006-06-30": 275, "2006-03-31": "-89.00000", "2005-12-31": -380, "2005-09-30": 240, "2005-06-30": -474, "2005-03-31": "287.00000"}, "Cash Flow From Operating Activities": {"2020-09-30": 1674, "2020-06-30": 1503, "2020-03-31": "1633.00000", "2019-12-31": 1495, "2019-09-30": 1396, "2019-06-30": 1142, "2019-03-31": "1171.00000", "2018-12-31": 1062, "2018-09-30": 1286, "2018-06-30": 1193, "2018-03-31": "1232.00000", "2017-12-31": 830, "2017-09-30": 1312, "2017-06-30": 1000, "2017-03-31": "1360.00000", "2016-12-31": 765, "2016-09-30": 1368, "2016-06-30": 826, "2016-03-31": "1192.00000", "2015-12-31": 1022, "2015-09-30": 1293, "2015-06-30": 1029, "2015-03-31": "1131.00000", "2014-12-31": 1029, "2014-09-30": 963, "2014-06-30": 694, "2014-03-31": "753.00000", "2013-12-31": 483, "2013-09-30": 1159, "2013-06-30": 739, "2013-03-31": "1052.00000", "2012-12-31": 675, "2012-09-30": 1064, "2012-06-30": 775, "2012-03-31": "1623.00000", "2011-12-31": 585, "2011-09-30": 1111, "2011-06-30": 375, "2011-03-31": "912.00000", "2010-12-31": -59, "2010-09-30": 478, "2010-06-30": -244, "2010-03-31": "1650.00000", "2009-12-31": 804, "2009-09-30": 1080, "2009-06-30": 421, "2009-03-31": "1481.00000", "2008-12-31": 1249, "2008-09-30": 891, "2008-06-30": -15, "2008-03-31": "551.00000", "2007-12-31": -2513, "2007-09-30": 310, "2007-06-30": 763, "2007-03-31": "1210.00000", "2006-12-31": 519, "2006-09-30": 1497, "2006-06-30": 1005, "2006-03-31": "984.00000", "2005-12-31": 125, "2005-09-30": 1128, "2005-06-30": 131, "2005-03-31": "1239.00000"}, "Net Change In Property, Plant, And Equipment": {"2020-09-30": -1423, "2020-06-30": -1453, "2020-03-31": "-1462.00000", "2019-12-31": -1784, "2019-09-30": -1084, "2019-06-30": -1110, "2019-03-31": "-1002.00000", "2018-12-31": -1143, "2018-09-30": -1065, "2018-06-30": -943, "2018-03-31": "-1103.00000", "2017-12-31": -1382, "2017-09-30": -1374, "2017-06-30": -1313, "2017-03-31": "-1435.00000", "2016-12-31": -1549, "2016-09-30": -1386, "2016-06-30": -1653, "2016-03-31": "-1497.00000", "2015-12-31": -1943, "2015-09-30": -1262, "2015-06-30": -1356, "2015-03-31": "-1014.00000", "2014-12-31": -1603, "2014-09-30": -1353, "2014-06-30": -1269, "2014-03-31": "-1120.00000", "2013-12-31": -1110, "2013-09-30": -1018, "2013-06-30": -1033, "2013-03-31": "-904.00000", "2012-12-31": -1261, "2012-09-30": -924, "2012-06-30": -979, "2012-03-31": "-981.00000", "2011-12-31": -1036, "2011-09-30": -981, "2011-06-30": -829, "2011-03-31": "-806.00000", "2010-12-31": -913, "2010-09-30": -855, "2010-06-30": -750, "2010-03-31": "-904.00000", "2009-12-31": -953, "2009-09-30": -1096, "2009-06-30": -951, "2009-03-31": "-837.00000", "2008-12-31": -1081, "2008-09-30": -857, "2008-06-30": -919, "2008-03-31": "-697.00000", "2007-12-31": -735, "2007-09-30": -881, "2007-06-30": -1309, "2007-03-31": "-1047.00000", "2006-12-31": -785, "2006-09-30": -963, "2006-06-30": -988, "2006-03-31": "-923.00000", "2005-12-31": -925, "2005-09-30": -832, "2005-06-30": -846, "2005-03-31": "-160.00000"}, "Net Change In Intangible Assets": {"2020-09-30": 0, "2020-06-30": 0, "2020-03-31": "", "2019-12-31": 0, "2019-09-30": 0, "2019-06-30": 0, "2019-03-31": "", "2018-12-31": 0, "2018-09-30": 0, "2018-06-30": 0, "2018-03-31": "", "2017-12-31": -5, "2017-09-30": 5, "2017-06-30": 0, "2017-03-31": "", "2016-12-31": 0, "2016-09-30": 0, "2016-06-30": 0, "2016-03-31": "", "2015-12-31": -80, "2015-09-30": 80, "2015-06-30": 0, "2015-03-31": "", "2014-12-31": 0, "2014-09-30": 0, "2014-06-30": 0, "2014-03-31": "", "2013-12-31": 0, "2013-09-30": 0, "2013-06-30": 0, "2013-03-31": "", "2012-12-31": 0, "2012-09-30": 0, "2012-06-30": 0, "2012-03-31": "", "2011-12-31": 0, "2011-09-30": 0, "2011-06-30": 0, "2011-03-31": "", "2010-12-31": 0, "2010-09-30": 0, "2010-06-30": 0, "2010-03-31": "", "2009-12-31": 0, "2009-09-30": 0, "2009-06-30": 0, "2009-03-31": "", "2008-12-31": 343, "2008-09-30": 0, "2008-06-30": 0, "2008-03-31": "", "2007-12-31": 0, "2007-09-30": 0, "2007-06-30": 0, "2007-03-31": "", "2006-12-31": 0, "2006-09-30": 0, "2006-06-30": 0, "2006-03-31": "", "2005-12-31": 0, "2005-09-30": 0, "2005-06-30": 0, "2005-03-31": ""}, "Net Acquisitions/Divestitures": {"2020-09-30": -58, "2020-06-30": -179, "2020-03-31": "-8.00000", "2019-12-31": -158, "2019-09-30": -31, "2019-06-30": -123, "2019-03-31": "360.00000", "2018-12-31": -43, "2018-09-30": -57, "2018-06-30": -44, "2018-03-31": "-7.00000", "2017-12-31": -62, "2017-09-30": -63, "2017-06-30": -186, "2017-03-31": "-94.00000", "2016-12-31": -28, "2016-09-30": -4383, "2016-06-30": -10, "2016-03-31": "", "2015-12-31": -140, "2015-09-30": -48, "2015-06-30": -232, "2015-03-31": "-495.00000", "2014-12-31": -140, "2014-09-30": -8, "2014-06-30": -11, "2014-03-31": "140.00000", "2013-12-31": -16, "2013-09-30": 455, "2013-06-30": -13, "2013-03-31": "", "2012-12-31": 0, "2012-09-30": 0, "2012-06-30": 0, "2012-03-31": "", "2011-12-31": 0, "2011-09-30": 0, "2011-06-30": 0, "2011-03-31": "", "2010-12-31": 0, "2010-09-30": 3450, "2010-06-30": 4, "2010-03-31": "737.00000", "2009-12-31": 0, "2009-09-30": 0, "2009-06-30": 0, "2009-03-31": "", "2008-12-31": -343, "2008-09-30": 343, "2008-06-30": 0, "2008-03-31": "", "2007-12-31": 171, "2007-09-30": 13706, "2007-06-30": -257, "2007-03-31": "257.00000", "2006-12-31": 0, "2006-09-30": 91, "2006-06-30": 0, "2006-03-31": "-91.00000", "2005-12-31": 0, "2005-09-30": -235, "2005-06-30": 0, "2005-03-31": "-642.00000"}, "Net Change In Short-term Investments": {"2020-09-30": 1710, "2020-06-30": -1710, "2020-03-31": "", "2019-12-31": 0, "2019-09-30": 888, "2019-06-30": -888, "2019-03-31": "", "2018-12-31": 0, "2018-09-30": 890, "2018-06-30": -890, "2018-03-31": "", "2017-12-31": 0, "2017-09-30": 0, "2017-06-30": 0, "2017-03-31": "", "2016-12-31": -1504, "2016-09-30": 0, "2016-06-30": 0, "2016-03-31": "", "2015-12-31": -1326, "2015-09-30": 0, "2015-06-30": 0, "2015-03-31": "", "2014-12-31": -1241, "2014-09-30": 0, "2014-06-30": 0, "2014-03-31": "", "2013-12-31": -1493, "2013-09-30": 0, "2013-06-30": 0, "2013-03-31": "", "2012-12-31": -1392, "2012-09-30": 0, "2012-06-30": 0, "2012-03-31": "", "2011-12-31": -1824, "2011-09-30": 0, "2011-06-30": 0, "2011-03-31": "", "2010-12-31": 0, "2010-09-30": 0, "2010-06-30": 0, "2010-03-31": "", "2009-12-31": 0, "2009-09-30": 0, "2009-06-30": 0, "2009-03-31": "", "2008-12-31": 0, "2008-09-30": 0, "2008-06-30": 0, "2008-03-31": "", "2007-12-31": 0, "2007-09-30": 0, "2007-06-30": 0, "2007-03-31": "", "2006-12-31": 0, "2006-09-30": 0, "2006-06-30": 0, "2006-03-31": "", "2005-12-31": 0, "2005-09-30": 0, "2005-06-30": 0, "2005-03-31": ""}, "Net Change In Long-Term Investments": {"2020-09-30": -1793, "2020-06-30": 1647, "2020-03-31": "-204.00000", "2019-12-31": 407, "2019-09-30": -1152, "2019-06-30": 849, "2019-03-31": "97.00000", "2018-12-31": 2169, "2018-09-30": -899, "2018-06-30": 875, "2018-03-31": "-121.00000", "2017-12-31": 61, "2017-09-30": -113, "2017-06-30": -113, "2017-03-31": "-176.00000", "2016-12-31": 1404, "2016-09-30": -61, "2016-06-30": -71, "2016-03-31": "-48.00000", "2015-12-31": 1273, "2015-09-30": -11, "2015-06-30": -6, "2015-03-31": "33.00000", "2014-12-31": 1272, "2014-09-30": -19, "2014-06-30": -18, "2014-03-31": "85.00000", "2013-12-31": 1524, "2013-09-30": 88, "2013-06-30": -3, "2013-03-31": "27.00000", "2012-12-31": 1478, "2012-09-30": -8, "2012-06-30": 6, "2012-03-31": "-5.00000", "2011-12-31": 1812, "2011-09-30": -10, "2011-06-30": -25, "2011-03-31": "-20.00000", "2010-12-31": 495, "2010-09-30": 392, "2010-06-30": -898, "2010-03-31": "-26.00000", "2009-12-31": -40, "2009-09-30": -3, "2009-06-30": -33, "2009-03-31": "", "2008-12-31": -23, "2008-09-30": -369, "2008-06-30": 12, "2008-03-31": "43.00000", "2007-12-31": -10, "2007-09-30": -85, "2007-06-30": -30, "2007-03-31": "-17.00000", "2006-12-31": 37, "2006-09-30": -21, "2006-06-30": -29, "2006-03-31": "-8.00000", "2005-12-31": 42, "2005-09-30": 138, "2005-06-30": 195, "2005-03-31": "-224.00000"}, "Net Change In Investments - Total": {"2020-09-30": -83, "2020-06-30": -63, "2020-03-31": "-204.00000", "2019-12-31": 407, "2019-09-30": -264, "2019-06-30": -39, "2019-03-31": "97.00000", "2018-12-31": 2169, "2018-09-30": -9, "2018-06-30": -15, "2018-03-31": "-121.00000", "2017-12-31": 61, "2017-09-30": -113, "2017-06-30": -113, "2017-03-31": "-176.00000", "2016-12-31": -100, "2016-09-30": -61, "2016-06-30": -71, "2016-03-31": "-48.00000", "2015-12-31": -53, "2015-09-30": -11, "2015-06-30": -6, "2015-03-31": "33.00000", "2014-12-31": 31, "2014-09-30": -19, "2014-06-30": -18, "2014-03-31": "85.00000", "2013-12-31": 31, "2013-09-30": 88, "2013-06-30": -3, "2013-03-31": "27.00000", "2012-12-31": 86, "2012-09-30": -8, "2012-06-30": 6, "2012-03-31": "-5.00000", "2011-12-31": -12, "2011-09-30": -10, "2011-06-30": -25, "2011-03-31": "-20.00000", "2010-12-31": 495, "2010-09-30": 392, "2010-06-30": -898, "2010-03-31": "-26.00000", "2009-12-31": -40, "2009-09-30": -3, "2009-06-30": -33, "2009-03-31": "", "2008-12-31": -23, "2008-09-30": -369, "2008-06-30": 12, "2008-03-31": "43.00000", "2007-12-31": -10, "2007-09-30": -85, "2007-06-30": -30, "2007-03-31": "-17.00000", "2006-12-31": 37, "2006-09-30": -21, "2006-06-30": -29, "2006-03-31": "-8.00000", "2005-12-31": 42, "2005-09-30": 138, "2005-06-30": 195, "2005-03-31": "-224.00000"}, "Investing Activities - Other": {"2020-09-30": 38, "2020-06-30": 2, "2020-03-31": "33.00000", "2019-12-31": 73, "2019-09-30": 52, "2019-06-30": -9, "2019-03-31": "-7.00000", "2018-12-31": 28, "2018-09-30": -2, "2018-06-30": -51, "2018-03-31": "48.00000", "2017-12-31": 314, "2017-09-30": -2, "2017-06-30": -8, "2017-03-31": "4.00000", "2016-12-31": 15, "2016-09-30": 526, "2016-06-30": -466, "2016-03-31": "20.00000", "2015-12-31": 63, "2015-09-30": -25, "2015-06-30": 9, "2015-03-31": "-23.00000", "2014-12-31": 64, "2014-09-30": 33, "2014-06-30": 31, "2014-03-31": "-24.00000", "2013-12-31": -15, "2013-09-30": 12, "2013-06-30": 26, "2013-03-31": "15.00000", "2012-12-31": 119, "2012-09-30": 12, "2012-06-30": 55, "2012-03-31": "40.00000", "2011-12-31": 91, "2011-09-30": 162, "2011-06-30": 71, "2011-03-31": "74.00000", "2010-12-31": -388, "2010-09-30": -3423, "2010-06-30": 3476, "2010-03-31": "22.00000", "2009-12-31": 42, "2009-09-30": 143, "2009-06-30": 70, "2009-03-31": "-37.00000", "2008-12-31": -65, "2008-09-30": 233, "2008-06-30": -46, "2008-03-31": "-64.00000", "2007-12-31": -48, "2007-09-30": -252, "2007-06-30": 718, "2007-03-31": "11.00000", "2006-12-31": 34, "2006-09-30": 65, "2006-06-30": 51, "2006-03-31": "36.00000", "2005-12-31": 16, "2005-09-30": -9, "2005-06-30": 54, "2005-03-31": "68.00000"}, "Cash Flow From Investing Activities": {"2020-09-30": -1526, "2020-06-30": -1693, "2020-03-31": "-1641.00000", "2019-12-31": -1462, "2019-09-30": -1327, "2019-06-30": -1281, "2019-03-31": "-552.00000", "2018-12-31": 1011, "2018-09-30": -1133, "2018-06-30": -1053, "2018-03-31": "-1183.00000", "2017-12-31": -1074, "2017-09-30": -1547, "2017-06-30": -1620, "2017-03-31": "-1701.00000", "2016-12-31": -1662, "2016-09-30": -5304, "2016-06-30": -2200, "2016-03-31": "-1525.00000", "2015-12-31": -2153, "2015-09-30": -1266, "2015-06-30": -1585, "2015-03-31": "-1499.00000", "2014-12-31": -1648, "2014-09-30": -1347, "2014-06-30": -1267, "2014-03-31": "-919.00000", "2013-12-31": -1110, "2013-09-30": -463, "2013-06-30": -1023, "2013-03-31": "-862.00000", "2012-12-31": -1056, "2012-09-30": -920, "2012-06-30": -918, "2012-03-31": "-946.00000", "2011-12-31": -957, "2011-09-30": -829, "2011-06-30": -783, "2011-03-31": "-752.00000", "2010-12-31": -806, "2010-09-30": -436, "2010-06-30": 1832, "2010-03-31": "-171.00000", "2009-12-31": -951, "2009-09-30": -956, "2009-06-30": -914, "2009-03-31": "-874.00000", "2008-12-31": -1169, "2008-09-30": -650, "2008-06-30": -953, "2008-03-31": "-718.00000", "2007-12-31": -622, "2007-09-30": 12488, "2007-06-30": -878, "2007-03-31": "-796.00000", "2006-12-31": -714, "2006-09-30": -828, "2006-06-30": -966, "2006-03-31": "-986.00000", "2005-12-31": -867, "2005-09-30": -938, "2005-06-30": -597, "2005-03-31": "-958.00000"}, "Net Long-Term Debt": {"2020-09-30": 986, "2020-06-30": 2127, "2020-03-31": "18.00000", "2019-12-31": 1555, "2019-09-30": -3717, "2019-06-30": -963, "2019-03-31": "-1730.00000", "2018-12-31": -566, "2018-09-30": 1686, "2018-06-30": -137, "2018-03-31": "-230.00000", "2017-12-31": 357, "2017-09-30": -289, "2017-06-30": 691, "2017-03-31": "1549.00000", "2016-12-31": 1551, "2016-09-30": 3131, "2016-06-30": 676, "2016-03-31": "754.00000", "2015-12-31": 483, "2015-09-30": 395, "2015-06-30": 1195, "2015-03-31": "-3.00000", "2014-12-31": 667, "2014-09-30": 935, "2014-06-30": -52, "2014-03-31": "542.00000", "2013-12-31": 1169, "2013-09-30": 556, "2013-06-30": 627, "2013-03-31": "538.00000", "2012-12-31": -638, "2012-09-30": 181, "2012-06-30": -64, "2012-03-31": "346.00000", "2011-12-31": -488, "2011-09-30": 1149, "2011-06-30": -36, "2011-03-31": "1058.00000", "2010-12-31": -538, "2010-09-30": 547, "2010-06-30": -411, "2010-03-31": "", "2009-12-31": -313, "2009-09-30": 499, "2009-06-30": 1066, "2009-03-31": "-4.00000", "2008-12-31": 507, "2008-09-30": -36, "2008-06-30": 1457, "2008-03-31": "-480.00000", "2007-12-31": 1412, "2007-09-30": -3414, "2007-06-30": 385, "2007-03-31": "-720.00000", "2006-12-31": -848, "2006-09-30": 388, "2006-06-30": 186, "2006-03-31": "391.00000", "2005-12-31": -616, "2005-09-30": 994, "2005-06-30": 147, "2005-03-31": "-462.00000"}, "Net Current Debt": {"2020-09-30": 1942, "2020-06-30": -1579, "2020-03-31": "1779.00000", "2019-12-31": -4509, "2019-09-30": 2873, "2019-06-30": 135, "2019-03-31": "1905.00000", "2018-12-31": -2601, "2018-09-30": -1260, "2018-06-30": 532, "2018-03-31": "365.00000", "2017-12-31": 238, "2017-09-30": -23, "2017-06-30": 206, "2017-03-31": "-528.00000", "2016-12-31": -1141, "2016-09-30": 559, "2016-06-30": -91, "2016-03-31": "-581.00000", "2015-12-31": 1154, "2015-09-30": -67, "2015-06-30": -578, "2015-03-31": "425.00000", "2014-12-31": 146, "2014-09-30": -450, "2014-06-30": 1107, "2014-03-31": "45.00000", "2013-12-31": -218, "2013-09-30": 40, "2013-06-30": 102, "2013-03-31": "-667.00000", "2012-12-31": 1431, "2012-09-30": -149, "2012-06-30": 473, "2012-03-31": "-757.00000", "2011-12-31": 1031, "2011-09-30": -1003, "2011-06-30": 939, "2011-03-31": "-538.00000", "2010-12-31": 1286, "2010-09-30": 100, "2010-06-30": -295, "2010-03-31": "-1000.00000", "2009-12-31": 646, "2009-09-30": -430, "2009-06-30": -540, "2009-03-31": "-411.00000", "2008-12-31": -422, "2008-09-30": -26, "2008-06-30": -310, "2008-03-31": "619.00000", "2007-12-31": 1757, "2007-09-30": -3185, "2007-06-30": -5, "2007-03-31": "418.00000", "2006-12-31": 1799, "2006-09-30": -833, "2006-06-30": -338, "2006-03-31": "-215.00000", "2005-12-31": 504, "2005-09-30": -168, "2005-06-30": 333, "2005-03-31": "376.00000"}, "Debt Issuance/Retirement Net - Total": {"2020-09-30": 2928, "2020-06-30": 548, "2020-03-31": "1797.00000", "2019-12-31": -2954, "2019-09-30": -844, "2019-06-30": -828, "2019-03-31": "175.00000", "2018-12-31": -3167, "2018-09-30": 426, "2018-06-30": 395, "2018-03-31": "135.00000", "2017-12-31": 595, "2017-09-30": -312, "2017-06-30": 897, "2017-03-31": "1021.00000", "2016-12-31": 410, "2016-09-30": 3690, "2016-06-30": 585, "2016-03-31": "173.00000", "2015-12-31": 1637, "2015-09-30": 328, "2015-06-30": 617, "2015-03-31": "422.00000", "2014-12-31": 813, "2014-09-30": 485, "2014-06-30": 1055, "2014-03-31": "587.00000", "2013-12-31": 951, "2013-09-30": 596, "2013-06-30": 729, "2013-03-31": "-129.00000", "2012-12-31": 793, "2012-09-30": 32, "2012-06-30": 409, "2012-03-31": "-411.00000", "2011-12-31": 543, "2011-09-30": 146, "2011-06-30": 903, "2011-03-31": "520.00000", "2010-12-31": 748, "2010-09-30": 647, "2010-06-30": -706, "2010-03-31": "-1000.00000", "2009-12-31": 333, "2009-09-30": 69, "2009-06-30": 526, "2009-03-31": "-415.00000", "2008-12-31": 85, "2008-09-30": -62, "2008-06-30": 1147, "2008-03-31": "139.00000", "2007-12-31": 3169, "2007-09-30": -6599, "2007-06-30": 380, "2007-03-31": "-302.00000", "2006-12-31": 951, "2006-09-30": -445, "2006-06-30": -152, "2006-03-31": "176.00000", "2005-12-31": -112, "2005-09-30": 826, "2005-06-30": 480, "2005-03-31": "-86.00000"}, "Net Common Equity Issued/Repurchased": {"2020-09-30": -2374, "2020-06-30": 70, "2020-03-31": "78.00000", "2019-12-31": 2791, "2019-09-30": 1477, "2019-06-30": 1660, "2019-03-31": "247.00000", "2018-12-31": 1728, "2018-09-30": 75, "2018-06-30": 81, "2018-03-31": "581.00000", "2017-12-31": 87, "2017-09-30": 1077, "2017-06-30": 77, "2017-03-31": "79.00000", "2016-12-31": 555, "2016-09-30": 621, "2016-06-30": 1383, "2016-03-31": "75.00000", "2015-12-31": 69, "2015-09-30": 70, "2015-06-30": 352, "2015-03-31": "295.00000", "2014-12-31": 459, "2014-09-30": 67, "2014-06-30": 71, "2014-03-31": "", "2013-12-31": 72, "2013-09-30": 62, "2013-06-30": 71, "2013-03-31": "73.00000", "2012-12-31": 68, "2012-09-30": 58, "2012-06-30": 70, "2012-03-31": "69.00000", "2011-12-31": 1, "2011-09-30": 5, "2011-06-30": -312, "2011-03-31": "-257.00000", "2010-12-31": 8, "2010-09-30": -382, "2010-06-30": -288, "2010-03-31": "-164.00000", "2009-12-31": 75, "2009-09-30": 67, "2009-06-30": 167, "2009-03-31": "147.00000", "2008-12-31": 62, "2008-09-30": 58, "2008-06-30": 62, "2008-03-31": "58.00000", "2007-12-31": 28, "2007-09-30": -5569, "2007-06-30": -89, "2007-03-31": "88.00000", "2006-12-31": -496, "2006-09-30": 63, "2006-06-30": 369, "2006-03-31": "3.00000", "2005-12-31": 9, "2005-09-30": 410, "2005-06-30": 0, "2005-03-31": "-31.00000"}, "Net Total Equity Issued/Repurchased": {"2020-09-30": -2374, "2020-06-30": 70, "2020-03-31": "78.00000", "2019-12-31": 3582, "2019-09-30": 1477, "2019-06-30": 1660, "2019-03-31": "247.00000", "2018-12-31": 1728, "2018-09-30": 75, "2018-06-30": 81, "2018-03-31": "581.00000", "2017-12-31": 87, "2017-09-30": 1077, "2017-06-30": 77, "2017-03-31": "79.00000", "2016-12-31": 1045, "2016-09-30": 621, "2016-06-30": 1383, "2016-03-31": "75.00000", "2015-12-31": 69, "2015-09-30": 70, "2015-06-30": 352, "2015-03-31": "295.00000", "2014-12-31": 325, "2014-09-30": 67, "2014-06-30": 71, "2014-03-31": "-125.00000", "2013-12-31": 72, "2013-09-30": 62, "2013-06-30": 71, "2013-03-31": "73.00000", "2012-12-31": 68, "2012-09-30": 58, "2012-06-30": 70, "2012-03-31": "69.00000", "2011-12-31": 1, "2011-09-30": 5, "2011-06-30": -312, "2011-03-31": "-257.00000", "2010-12-31": 8, "2010-09-30": -382, "2010-06-30": -288, "2010-03-31": "-164.00000", "2009-12-31": 75, "2009-09-30": 67, "2009-06-30": 167, "2009-03-31": "147.00000", "2008-12-31": 62, "2008-09-30": 58, "2008-06-30": 62, "2008-03-31": "58.00000", "2007-12-31": 28, "2007-09-30": -5569, "2007-06-30": -89, "2007-03-31": "88.00000", "2006-12-31": -496, "2006-09-30": 63, "2006-06-30": 369, "2006-03-31": "3.00000", "2005-12-31": 9, "2005-09-30": 410, "2005-06-30": 0, "2005-03-31": "-31.00000"}, "Total Common And Preferred Stock Dividends Paid": {"2020-09-30": -785, "2020-06-30": -789, "2020-03-31": "-788.00000", "2019-12-31": -759, "2019-09-30": -755, "2019-06-30": -736, "2019-03-31": "-733.00000", "2018-12-31": -550, "2018-09-30": -546, "2018-06-30": -545, "2018-03-31": "-544.00000", "2017-12-31": -496, "2017-09-30": -486, "2017-06-30": -475, "2017-03-31": "-474.00000", "2016-12-31": -440, "2016-09-30": -438, "2016-06-30": -432, "2016-03-31": "-417.00000", "2015-12-31": -386, "2015-09-30": -385, "2015-06-30": -384, "2015-03-31": "-381.00000", "2014-12-31": -352, "2014-09-30": -353, "2014-06-30": -351, "2014-03-31": "-353.00000", "2013-12-31": -331, "2013-09-30": -330, "2013-06-30": -330, "2013-03-31": "-328.00000", "2012-12-31": -307, "2012-09-30": -307, "2012-06-30": -306, "2012-03-31": "-305.00000", "2011-12-31": -286, "2011-09-30": -284, "2011-06-30": -287, "2011-03-31": "-289.00000", "2010-12-31": -271, "2010-09-30": -270, "2010-06-30": -273, "2010-03-31": "-279.00000", "2009-12-31": -267, "2009-09-30": -265, "2009-06-30": -263, "2009-03-31": "-261.00000", "2008-12-31": -235, "2008-09-30": -233, "2008-06-30": -237, "2008-03-31": "-228.00000", "2007-12-31": -243, "2007-09-30": -207, "2007-06-30": -248, "2007-03-31": "-249.00000", "2006-12-31": -243, "2006-09-30": -244, "2006-06-30": -243, "2006-03-31": "-240.00000", "2005-12-31": -233, "2005-09-30": -232, "2005-06-30": -228, "2005-03-31": "-230.00000"}, "Financial Activities - Other": {"2020-09-30": -101, "2020-06-30": -164, "2020-03-31": "-81.00000", "2019-12-31": -73, "2019-09-30": -67, "2019-06-30": -24, "2019-03-31": "-72.00000", "2018-12-31": -80, "2018-09-30": -75, "2018-06-30": -51, "2018-03-31": "-72.00000", "2017-12-31": -58, "2017-09-30": -67, "2017-06-30": -95, "2017-03-31": "-67.00000", "2016-12-31": -72, "2016-09-30": -63, "2016-06-30": -3, "2016-03-31": "113.00000", "2015-12-31": 180, "2015-09-30": -73, "2015-06-30": -33, "2015-03-31": "-11.00000", "2014-12-31": -67, "2014-09-30": -16, "2014-06-30": -11, "2014-03-31": "-31.00000", "2013-12-31": -36, "2013-09-30": -927, "2013-06-30": -31, "2013-03-31": "-19.00000", "2012-12-31": -6, "2012-09-30": -8, "2012-06-30": -1, "2012-03-31": "1.00000", "2011-12-31": 4, "2011-09-30": -17, "2011-06-30": -4, "2011-03-31": "-8.00000", "2010-12-31": -4, "2010-09-30": -2, "2010-06-30": 5, "2010-03-31": "-1.00000", "2009-12-31": 3, "2009-09-30": -8, "2009-06-30": -18, "2009-03-31": "-2.00000", "2008-12-31": -11, "2008-09-30": -5, "2008-06-30": 2, "2008-03-31": "-4.00000", "2007-12-31": -3, "2007-09-30": 5, "2007-06-30": 7, "2007-03-31": "15.00000", "2006-12-31": -3, "2006-09-30": 2, "2006-06-30": -3, "2006-03-31": "-10.00000", "2005-12-31": -13, "2005-09-30": -1, "2005-06-30": -13, "2005-03-31": "-24.00000"}, "Cash Flow From Financial Activities": {"2020-09-30": -332, "2020-06-30": -335, "2020-03-31": "1006.00000", "2019-12-31": -204, "2019-09-30": -189, "2019-06-30": 72, "2019-03-31": "-383.00000", "2018-12-31": -2069, "2018-09-30": -120, "2018-06-30": -120, "2018-03-31": "100.00000", "2017-12-31": 128, "2017-09-30": 212, "2017-06-30": 404, "2017-03-31": "559.00000", "2016-12-31": 943, "2016-09-30": 3810, "2016-06-30": 1533, "2016-03-31": "-56.00000", "2015-12-31": 1500, "2015-09-30": -60, "2015-06-30": 552, "2015-03-31": "325.00000", "2014-12-31": 719, "2014-09-30": 183, "2014-06-30": 764, "2014-03-31": "78.00000", "2013-12-31": 656, "2013-09-30": -599, "2013-06-30": 439, "2013-03-31": "-403.00000", "2012-12-31": 548, "2012-09-30": -225, "2012-06-30": 172, "2012-03-31": "-646.00000", "2011-12-31": 262, "2011-09-30": -150, "2011-06-30": 300, "2011-03-31": "-34.00000", "2010-12-31": 481, "2010-09-30": -7, "2010-06-30": -1262, "2010-03-31": "-1444.00000", "2009-12-31": 144, "2009-09-30": -137, "2009-06-30": 412, "2009-03-31": "-531.00000", "2008-12-31": -99, "2008-09-30": -242, "2008-06-30": 974, "2008-03-31": "-35.00000", "2007-12-31": 2951, "2007-09-30": -12370, "2007-06-30": 50, "2007-03-31": "-448.00000", "2006-12-31": 209, "2006-09-30": -624, "2006-06-30": -29, "2006-03-31": "-71.00000", "2005-12-31": -349, "2005-09-30": 1003, "2005-06-30": 239, "2005-03-31": "-371.00000"}, "Net Cash Flow": {"2020-09-30": -184, "2020-06-30": -525, "2020-03-31": "998.00000", "2019-12-31": -171, "2019-09-30": -120, "2019-06-30": -67, "2019-03-31": "236.00000", "2018-12-31": 4, "2018-09-30": 33, "2018-06-30": 20, "2018-03-31": "149.00000", "2017-12-31": -116, "2017-09-30": -23, "2017-06-30": -216, "2017-03-31": "218.00000", "2016-12-31": 46, "2016-09-30": -126, "2016-06-30": 159, "2016-03-31": "-389.00000", "2015-12-31": 369, "2015-09-30": -33, "2015-06-30": -4, "2015-03-31": "-43.00000", "2014-12-31": 100, "2014-09-30": -201, "2014-06-30": 191, "2014-03-31": "-88.00000", "2013-12-31": 29, "2013-09-30": 97, "2013-06-30": 155, "2013-03-31": "-213.00000", "2012-12-31": 167, "2012-09-30": -81, "2012-06-30": 29, "2012-03-31": "31.00000", "2011-12-31": -110, "2011-09-30": 132, "2011-06-30": -108, "2011-03-31": "126.00000", "2010-12-31": -384, "2010-09-30": 35, "2010-06-30": 326, "2010-03-31": "35.00000", "2009-12-31": -3, "2009-09-30": -13, "2009-06-30": -81, "2009-03-31": "76.00000", "2008-12-31": -19, "2008-09-30": -1, "2008-06-30": 6, "2008-03-31": "-202.00000", "2007-12-31": -184, "2007-09-30": 428, "2007-06-30": -65, "2007-03-31": "-34.00000", "2006-12-31": 14, "2006-09-30": 45, "2006-06-30": 10, "2006-03-31": "-73.00000", "2005-12-31": -1091, "2005-09-30": 1193, "2005-06-30": -227, "2005-03-31": "-90.00000"}, "Stock-Based Compensation": {"2020-09-30": 0, "2020-06-30": 0, "2020-03-31": "", "2019-12-31": 0, "2019-09-30": 0, "2019-06-30": 0, "2019-03-31": "", "2018-12-31": 0, "2018-09-30": 0, "2018-06-30": 0, "2018-03-31": "", "2017-12-31": 0, "2017-09-30": 0, "2017-06-30": 0, "2017-03-31": "", "2016-12-31": 0, "2016-09-30": 0, "2016-06-30": 0, "2016-03-31": "", "2015-12-31": 0, "2015-09-30": 0, "2015-06-30": 0, "2015-03-31": "", "2014-12-31": 0, "2014-09-30": 0, "2014-06-30": 0, "2014-03-31": "", "2013-12-31": 0, "2013-09-30": 0, "2013-06-30": 0, "2013-03-31": "", "2012-12-31": 0, "2012-09-30": 0, "2012-06-30": 0, "2012-03-31": "", "2011-12-31": 0, "2011-09-30": 0, "2011-06-30": 0, "2011-03-31": "", "2010-12-31": 0, "2010-09-30": 0, "2010-06-30": 0, "2010-03-31": "", "2009-12-31": 0, "2009-09-30": 0, "2009-06-30": 0, "2009-03-31": "", "2008-12-31": 0, "2008-09-30": 0, "2008-06-30": 0, "2008-03-31": "", "2007-12-31": 0, "2007-09-30": 0, "2007-06-30": 0, "2007-03-31": "", "2006-12-31": 0, "2006-09-30": 0, "2006-06-30": 0, "2006-03-31": "", "2005-12-31": 0, "2005-09-30": 0, "2005-06-30": 0, "2005-03-31": ""}, "Common Stock Dividends Paid": {"2020-09-30": -785, "2020-06-30": -789, "2020-03-31": "-788.00000", "2019-12-31": -759, "2019-09-30": -755, "2019-06-30": -736, "2019-03-31": "-733.00000", "2018-12-31": -550, "2018-09-30": -546, "2018-06-30": -545, "2018-03-31": "-544.00000", "2017-12-31": -496, "2017-09-30": -486, "2017-06-30": -475, "2017-03-31": "-474.00000", "2016-12-31": -440, "2016-09-30": -438, "2016-06-30": -432, "2016-03-31": "-417.00000", "2015-12-31": -386, "2015-09-30": -385, "2015-06-30": -384, "2015-03-31": "-381.00000", "2014-12-31": -350, "2014-09-30": -350, "2014-06-30": -349, "2014-03-31": "-349.00000", "2013-12-31": -326, "2013-09-30": -326, "2013-06-30": -326, "2013-03-31": "-324.00000", "2012-12-31": -303, "2012-09-30": -303, "2012-06-30": -302, "2012-03-31": "-301.00000", "2011-12-31": -281, "2011-09-30": -280, "2011-06-30": -283, "2011-03-31": "-285.00000", "2010-12-31": -266, "2010-09-30": -266, "2010-06-30": -269, "2010-03-31": "-275.00000", "2009-12-31": -262, "2009-09-30": -261, "2009-06-30": -259, "2009-03-31": "-257.00000", "2008-12-31": -230, "2008-09-30": -229, "2008-06-30": -229, "2008-03-31": "-228.00000", "2007-12-31": -227, "2007-09-30": -207, "2007-06-30": -248, "2007-03-31": "-249.00000", "2006-12-31": -243, "2006-09-30": -244, "2006-06-30": -243, "2006-03-31": "-240.00000", "2005-12-31": -233, "2005-09-30": -232, "2005-06-30": -228, "2005-03-31": "-230.00000"}}, "financial ratios": {"Current Ratio": {"2019-12-31": "0.61250", "2018-12-31": "0.67490", "2017-12-31": "0.44980", "2016-12-31": "0.52350", "2015-12-31": "0.51600", "2014-12-31": "0.78010", "2013-12-31": "0.84930", "2012-12-31": "0.66210", "2011-12-31": "0.77990", "2010-12-31": "0.93540", "2009-12-31": "0.99770", "2008-12-31": "0.98290", "2007-12-31": "0.85950", "2006-12-31": "0.72120", "2005-12-31": "0.69950"}, "Long-term Debt / Capital": {"2019-12-31": "0.49850", "2018-12-31": "0.58550", "2017-12-31": "0.61500", "2016-12-31": "0.64220", "2015-12-31": "0.63310", "2014-12-31": "0.64580", "2013-12-31": "0.62410", "2012-12-31": "0.61330", "2011-12-31": "0.60190", "2010-12-31": "0.56780", "2009-12-31": "0.58060", "2008-12-31": "0.59750", "2007-12-31": "0.58460", "2006-12-31": "0.53390", "2005-12-31": "0.58500"}, "Debt/Equity Ratio": {"2019-12-31": "1.11350", "2018-12-31": "1.59540", "2017-12-31": "1.92690", "2016-12-31": "2.08400", "2015-12-31": "2.11750", "2014-12-31": "2.17070", "2013-12-31": "1.95640", "2012-12-31": "2.02220", "2011-12-31": "1.79840", "2010-12-31": "1.47050", "2009-12-31": "1.60150", "2008-12-31": "1.72970", "2007-12-31": "1.75090", "2006-12-31": "1.51790", "2005-12-31": "1.78910"}, "Gross Margin": {"2019-12-31": "72.47160", "2018-12-31": "73.20820", "2017-12-31": "76.10040", "2016-12-31": "75.36850", "2015-12-31": "69.13460", "2014-12-31": "58.86140", "2013-12-31": "57.51530", "2012-12-31": "59.41570", "2011-12-31": "55.24880", "2010-12-31": "56.21360", "2009-12-31": "53.39910", "2008-12-31": "52.18620", "2007-12-31": "53.85390", "2006-12-31": "58.64210", "2005-12-31": "48.81800"}, "Operating Margin": {"2019-12-31": "15.17020", "2018-12-31": "26.94150", "2017-12-31": "31.28080", "2016-12-31": "29.37720", "2015-12-31": "30.26620", "2014-12-31": "21.88000", "2013-12-31": "25.27440", "2012-12-31": "22.26720", "2011-12-31": "20.92260", "2010-12-31": "39.19740", "2009-12-31": "17.36050", "2008-12-31": "21.91880", "2007-12-31": "37.58780", "2006-12-31": "19.55310", "2005-12-31": "13.40330"}, "EBIT Margin": {"2019-12-31": "15.17020", "2018-12-31": "26.94150", "2017-12-31": "31.28080", "2016-12-31": "29.37720", "2015-12-31": "30.26620", "2014-12-31": "21.88000", "2013-12-31": "25.27440", "2012-12-31": "22.26720", "2011-12-31": "20.92260", "2010-12-31": "39.19740", "2009-12-31": "17.36050", "2008-12-31": "21.91880", "2007-12-31": "37.58780", "2006-12-31": "19.55310", "2005-12-31": "13.40330"}, "EBITDA Margin": {"2019-12-31": "33.13420", "2018-12-31": "43.99970", "2017-12-31": "48.77640", "2016-12-31": "45.13080", "2015-12-31": "44.55190", "2014-12-31": "34.42430", "2013-12-31": "35.86890", "2012-12-31": "33.50990", "2011-12-31": "30.27970", "2010-12-31": "47.62510", "2009-12-31": "26.27380", "2008-12-31": "29.41180", "2007-12-31": "47.93470", "2006-12-31": "29.61910", "2005-12-31": "22.03940"}, "Pre-Tax Profit Margin": {"2019-12-31": "10.42120", "2018-12-31": "23.41010", "2017-12-31": "24.55110", "2016-12-31": "24.42700", "2015-12-31": "24.20610", "2014-12-31": "14.29720", "2013-12-31": "20.60980", "2012-12-31": "17.64710", "2011-12-31": "16.43300", "2010-12-31": "34.80270", "2009-12-31": "12.66390", "2008-12-31": "16.43910", "2007-12-31": "30.44010", "2006-12-31": "14.25680", "2005-12-31": "9.01790"}, "Net Profit Margin": {"2019-12-31": "8.19450", "2018-12-31": "18.30770", "2017-12-31": "23.82810", "2016-12-31": "18.08810", "2015-12-31": "16.25440", "2014-12-31": "10.53390", "2013-12-31": "12.93450", "2012-12-31": "2.35290", "2011-12-31": "10.22880", "2010-12-31": "18.81160", "2009-12-31": "8.69710", "2008-12-31": "11.53820", "2007-12-31": "17.13690", "2006-12-31": "7.98800", "2005-12-31": "5.80040"}, "Asset Turnover": {"2019-12-31": "0.15960", "2018-12-31": "0.17150", "2017-12-31": "0.16430", "2016-12-31": "0.16390", "2015-12-31": "0.19920", "2014-12-31": "0.22890", "2013-12-31": "0.26190", "2012-12-31": "0.27400", "2011-12-31": "0.30180", "2010-12-31": "0.34860", "2009-12-31": "0.34770", "2008-12-31": "0.37800", "2007-12-31": "0.37850", "2006-12-31": "0.35060", "2005-12-31": "0.33820"}, "Inventory Turnover Ratio": {"2019-12-31": "2.61880", "2018-12-31": "2.52540", "2017-12-31": "2.03660", "2016-12-31": "1.89700", "2015-12-31": "2.67510", "2014-12-31": "3.62840", "2013-12-31": "4.73980", "2012-12-31": "4.13740", "2011-12-31": "4.56970", "2010-12-31": "5.61990", "2009-12-31": "5.81940", "2008-12-31": "6.51800", "2007-12-31": "6.54260", "2006-12-31": "6.48960", "2005-12-31": "7.81060"}, "Receiveable Turnover": {"2019-12-31": "6.26540", "2018-12-31": "6.42600", "2017-12-31": "7.04700", "2016-12-31": "6.87980", "2015-12-31": "8.53400", "2014-12-31": "7.61540", "2013-12-31": "7.14600", "2012-12-31": "7.47520", "2011-12-31": "6.76410", "2010-12-31": "6.64600", "2009-12-31": "6.78810", "2008-12-31": "6.21140", "2007-12-31": "6.28860", "2006-12-31": "6.27530", "2005-12-31": "5.00110"}, "Days Sales In Receivables": {"2019-12-31": "58.25640", "2018-12-31": "56.80080", "2017-12-31": "51.79490", "2016-12-31": "53.05360", "2015-12-31": "42.77030", "2014-12-31": "47.92900", "2013-12-31": "51.07770", "2012-12-31": "48.82780", "2011-12-31": "53.96110", "2010-12-31": "54.91990", "2009-12-31": "53.77080", "2008-12-31": "58.76280", "2007-12-31": "58.04130", "2006-12-31": "58.16420", "2005-12-31": "72.98360"}, "ROE - Return On Equity": {"2019-12-31": "4.34810", "2018-12-31": "11.56110", "2017-12-31": "16.10740", "2016-12-31": "13.13540", "2015-12-31": "14.13760", "2014-12-31": "11.08970", "2013-12-31": "15.56430", "2012-12-31": "13.68470", "2011-12-31": "12.90100", "2010-12-31": "25.69810", "2009-12-31": "11.42600", "2008-12-31": "16.47320", "2007-12-31": "28.99210", "2006-12-31": "11.84850", "2005-12-31": "9.93560"}, "Return On Tangible Equity": {"2019-12-31": "5.66350", "2018-12-31": "17.02970", "2017-12-31": "25.40720", "2016-12-31": "22.51860", "2015-12-31": "19.74740", "2014-12-31": "15.89360", "2013-12-31": "22.66130", "2012-12-31": "20.89380", "2011-12-31": "19.21040", "2010-12-31": "37.53350", "2009-12-31": "17.90420", "2008-12-31": "28.31800", "2007-12-31": "51.33660", "2006-12-31": "19.15610", "2005-12-31": "18.85040"}, "ROA - Return On Assets": {"2019-12-31": "1.32530", "2018-12-31": "3.27160", "2017-12-31": "4.07390", "2016-12-31": "3.08900", "2015-12-31": "3.27890", "2014-12-31": "2.44080", "2013-12-31": "3.61710", "2012-12-31": "3.10430", "2011-12-31": "3.25340", "2010-12-31": "7.20040", "2009-12-31": "3.00320", "2008-12-31": "3.94740", "2007-12-31": "6.96750", "2006-12-31": "3.10540", "2005-12-31": "1.96160"}, "ROI - Return On Investment": {"2019-12-31": "2.02780", "2018-12-31": "4.79210", "2017-12-31": "6.20060", "2016-12-31": "4.69930", "2015-12-31": "5.18750", "2014-12-31": "3.92750", "2013-12-31": "5.85040", "2012-12-31": "5.29190", "2011-12-31": "5.13550", "2010-12-31": "11.10790", "2009-12-31": "4.79260", "2008-12-31": "6.63120", "2007-12-31": "12.04450", "2006-12-31": "5.52270", "2005-12-31": "4.12380"}, "Book Value Per Share": {"2019-12-31": "40.61220", "2018-12-31": "32.37590", "2017-12-31": "30.03100", "2016-12-31": "26.81530", "2015-12-31": "22.82220", "2014-12-31": "20.43930", "2013-12-31": "20.03790", "2012-12-31": "18.44620", "2011-12-31": "20.18070", "2010-12-31": "20.64890", "2009-12-31": "18.67280", "2008-12-31": "17.28470", "2007-12-31": "16.30160", "2006-12-31": "18.50000", "2005-12-31": "14.98130"}, "Operating Cash Flow Per Share": {"2019-12-31": -0.8547, "2018-12-31": 0.2095, "2017-12-31": 0.352, "2016-12-31": -0.8109, "2015-12-31": 1.6538, "2014-12-31": -0.0404, "2013-12-31": -1.2845, "2012-12-31": 2.0172, "2011-12-31": 2.0987, "2010-12-31": -3.2843, "2009-12-31": 1.7696, "2008-12-31": 4.9584, "2007-12-31": -6.0464, "2006-12-31": 1.8879, "2005-12-31": 3.8075}, "Free Cash Flow Per Share": {"2019-12-31": -0.5156, "2018-12-31": 2.368, "2017-12-31": 1.5585, "2016-12-31": -1.2812, "2015-12-31": 1.4081, "2014-12-31": -2.1703, "2013-12-31": -1.0767, "2012-12-31": 1.1504, "2011-12-31": 1.542, "2010-12-31": -2.6204, "2009-12-31": 1.4258, "2008-12-31": 4.9016, "2007-12-31": -6.9053, "2006-12-31": 0.6952, "2005-12-31": -0.2032}}, "financial ratios, quarterly": {"Current Ratio": {"2020-09-30": "1.12920", "2020-06-30": "0.64210", "2020-03-31": "0.62560", "2019-12-31": "0.61330", "2019-09-30": "0.51420", "2019-06-30": "0.60270", "2019-03-31": "0.61120", "2018-12-31": "0.67490", "2018-09-30": "0.61900", "2018-06-30": "0.51690", "2018-03-31": "0.45840", "2017-12-31": "0.44980", "2017-09-30": "0.46660", "2017-06-30": "0.41160", "2017-03-31": "0.54640", "2016-12-31": "0.52350", "2016-09-30": "0.42080", "2016-06-30": "0.57020", "2016-03-31": "0.49360", "2015-12-31": "0.51600", "2015-09-30": "0.61120", "2015-06-30": "0.66090", "2015-03-31": "0.63000", "2014-12-31": "0.78010", "2014-09-30": "0.71860", "2014-06-30": "0.76780", "2014-03-31": "0.86250", "2013-12-31": "0.84930", "2013-09-30": "0.80740", "2013-06-30": "0.79480", "2013-03-31": "0.73840", "2012-12-31": "0.66210", "2012-09-30": "0.70910", "2012-06-30": "0.69230", "2012-03-31": "0.75430", "2011-12-31": "0.77990", "2011-09-30": "0.95830", "2011-06-30": "0.89990", "2011-03-31": "1.09580", "2010-12-31": "0.93540", "2010-09-30": "1.21680", "2010-06-30": "1.12410", "2010-03-31": "0.92930", "2009-12-31": "0.99770", "2009-09-30": "1.25750", "2009-06-30": "1.19030", "2009-03-31": "1.04080", "2008-12-31": "0.98290", "2008-09-30": "0.92000", "2008-06-30": "0.90800", "2008-03-31": "0.81780", "2007-12-31": "0.85950", "2007-09-30": "0.81380", "2007-06-30": "0.67770", "2007-03-31": "0.66280", "2006-12-31": "0.72120", "2006-09-30": "0.69040", "2006-06-30": "0.76960", "2006-03-31": "0.74790", "2005-12-31": "0.69950", "2005-09-30": "0.85680", "2005-06-30": "0.74660", "2005-03-31": "0.76460"}, "Long-term Debt / Capital": {"2020-09-30": "0.54150", "2020-06-30": "0.54600", "2020-03-31": "0.51380", "2019-12-31": "0.46010", "2019-09-30": "0.52890", "2019-06-30": "0.56360", "2019-03-31": "0.57180", "2018-12-31": "0.58550", "2018-09-30": "0.61180", "2018-06-30": "0.61580", "2018-03-31": "0.60830", "2017-12-31": "0.61500", "2017-09-30": "0.62540", "2017-06-30": "0.63670", "2017-03-31": "0.64410", "2016-12-31": "0.64220", "2016-09-30": "0.63940", "2016-06-30": "0.61600", "2016-03-31": "0.63310", "2015-12-31": "0.63310", "2015-09-30": "0.63650", "2015-06-30": "0.64200", "2015-03-31": "0.63230", "2014-12-31": "0.64580", "2014-09-30": "0.64100", "2014-06-30": "0.63900", "2014-03-31": "0.63620", "2013-12-31": "0.62410", "2013-09-30": "0.62260", "2013-06-30": "0.62000", "2013-03-31": "0.61260", "2012-12-31": "0.61330", "2012-09-30": "0.59070", "2012-06-30": "0.58720", "2012-03-31": "0.58800", "2011-12-31": "0.60190", "2011-09-30": "0.59590", "2011-06-30": "0.58550", "2011-03-31": "0.58450", "2010-12-31": "0.56780", "2010-09-30": "0.56980", "2010-06-30": "0.55820", "2010-03-31": "0.58160", "2009-12-31": "0.58060", "2009-09-30": "0.58890", "2009-06-30": "0.58790", "2009-03-31": "0.58180", "2008-12-31": "0.59750", "2008-09-30": "0.57430", "2008-06-30": "0.61550", "2008-03-31": "0.57360", "2007-12-31": "0.58460", "2007-09-30": "0.57430", "2007-06-30": "0.53270", "2007-03-31": "0.52490", "2006-12-31": "0.53390", "2006-09-30": "0.51480", "2006-06-30": "0.56460", "2006-03-31": "0.56750", "2005-12-31": "0.58500", "2005-09-30": "0.63070", "2005-06-30": "0.58410", "2005-03-31": "0.57770"}, "Debt/Equity Ratio": {"2020-09-30": "1.36810", "2020-06-30": "1.31320", "2020-03-31": "1.21290", "2019-12-31": "0.94930", "2019-09-30": "1.36460", "2019-06-30": "1.46430", "2019-03-31": "1.53460", "2018-12-31": "1.59540", "2018-09-30": "1.87130", "2018-06-30": "1.88710", "2018-03-31": "1.86790", "2017-12-31": "1.92690", "2017-09-30": "1.98540", "2017-06-30": "2.15270", "2017-03-31": "2.10200", "2016-12-31": "2.08400", "2016-09-30": "2.14520", "2016-06-30": "1.91380", "2016-03-31": "2.06840", "2015-12-31": "2.11750", "2015-09-30": "2.05850", "2015-06-30": "2.09930", "2015-03-31": "2.12430", "2014-12-31": "2.17070", "2014-09-30": "2.15040", "2014-06-30": "2.11100", "2014-03-31": "1.99560", "2013-12-31": "1.95640", "2013-09-30": "1.94140", "2013-06-30": "1.99660", "2013-03-31": "1.95140", "2012-12-31": "2.02220", "2012-09-30": "1.74280", "2012-06-30": "1.72960", "2012-03-31": "1.69330", "2011-12-31": "1.79840", "2011-09-30": "1.65600", "2011-06-30": "1.63520", "2011-03-31": "1.51910", "2010-12-31": "1.47050", "2010-09-30": "1.39720", "2010-06-30": "1.33740", "2010-03-31": "1.53050", "2009-12-31": "1.60150", "2009-09-30": "1.55210", "2009-06-30": "1.58900", "2009-03-31": "1.58390", "2008-12-31": "1.72970", "2008-09-30": "1.65520", "2008-06-30": "1.96020", "2008-03-31": "1.70380", "2007-12-31": "1.75090", "2007-09-30": "1.43570", "2007-06-30": "1.56420", "2007-03-31": "1.49080", "2006-12-31": "1.51790", "2006-09-30": "1.37840", "2006-06-30": "1.57300", "2006-03-31": "1.64290", "2005-12-31": "1.78910", "2005-09-30": "1.91640", "2005-06-30": "1.66440", "2005-03-31": "1.63170"}, "Gross Margin": {"2020-09-30": "81.86860", "2020-06-30": "83.54250", "2020-03-31": "75.60050", "2019-12-31": "77.93230", "2019-09-30": "75.19830", "2019-06-30": "75.59190", "2019-03-31": "59.56450", "2018-12-31": "71.52630", "2018-09-30": "76.35470", "2018-06-30": "77.00780", "2018-03-31": "68.32080", "2017-12-31": "73.08410", "2017-09-30": "78.51530", "2017-06-30": "78.74160", "2017-03-31": "74.49760", "2016-12-31": "75.98830", "2016-09-30": "78.38440", "2016-06-30": "74.90380", "2016-03-31": "71.89320", "2015-12-31": "71.79190", "2015-09-30": "73.20770", "2015-06-30": "71.16860", "2015-03-31": "61.95370", "2014-12-31": "63.57460", "2014-09-30": "65.96720", "2014-06-30": "62.88660", "2014-03-31": "45.95040", "2013-12-31": "56.73470", "2013-09-30": "58.33330", "2013-06-30": "57.71810", "2013-03-31": "57.25230", "2012-12-31": "58.78750", "2012-09-30": "61.40460", "2012-06-30": "59.80030", "2012-03-31": "57.69800", "2011-12-31": "53.23370", "2011-09-30": "55.64750", "2011-06-30": "56.26520", "2011-03-31": "55.38580", "2010-12-31": "57.16340", "2010-09-30": "57.89870", "2010-06-30": "56.31560", "2010-03-31": "53.74280", "2009-12-31": "45.30860", "2009-09-30": "60.08270", "2009-06-30": "57.31060", "2009-03-31": "50.80680", "2008-12-31": "50.71470", "2008-09-30": "50.12600", "2008-06-30": "55.33980", "2008-03-31": "53.06690", "2007-12-31": "38.92810", "2007-09-30": "61.79990", "2007-06-30": "58.47190", "2007-03-31": "53.12170", "2006-12-31": "57.76360", "2006-09-30": "61.69140", "2006-06-30": "62.64300", "2006-03-31": "54.23150", "2005-12-31": "42.46350", "2005-09-30": "45.17970", "2005-06-30": "55.62260", "2005-03-31": "53.61060"}, "Operating Margin": {"2020-09-30": "0.74850", "2020-06-30": "15.06280", "2020-03-31": "14.03470", "2019-12-31": "28.83920", "2019-09-30": "29.19090", "2019-06-30": "11.61210", "2019-03-31": "-12.49350", "2018-12-31": "24.81400", "2018-09-30": "33.32370", "2018-06-30": "24.02850", "2018-03-31": "25.24520", "2017-12-31": "29.68850", "2017-09-30": "36.23780", "2017-06-30": "26.76860", "2017-03-31": "31.88530", "2016-12-31": "20.73880", "2016-09-30": "36.55810", "2016-06-30": "30.06160", "2016-03-31": "30.19510", "2015-12-31": "24.96090", "2015-09-30": "37.79870", "2015-06-30": "28.13980", "2015-03-31": "29.39280", "2014-12-31": "21.67860", "2014-09-30": "30.19670", "2014-06-30": "14.00640", "2014-03-31": "21.15700", "2013-12-31": "25.24330", "2013-09-30": "30.12820", "2013-06-30": "18.38930", "2013-03-31": "26.39800", "2012-12-31": "24.54050", "2012-09-30": "16.53660", "2012-06-30": "20.89850", "2012-03-31": "27.02390", "2011-12-31": "13.30840", "2011-09-30": "22.10950", "2011-06-30": "22.29320", "2011-03-31": "23.73680", "2010-12-31": "25.54660", "2010-09-30": "28.32910", "2010-06-30": "93.30930", "2010-03-31": "17.61040", "2009-12-31": "-2.26700", "2009-09-30": "29.97250", "2009-06-30": "26.10100", "2009-03-31": "14.47890", "2008-12-31": "17.44310", "2008-09-30": "24.16950", "2008-06-30": "20.91790", "2008-03-31": "24.32810", "2007-12-31": "25.88150", "2007-09-30": "117.44220", "2007-06-30": "-10.18770", "2007-03-31": "21.45460", "2006-12-31": "13.36490", "2006-09-30": "32.56990", "2006-06-30": "13.55840", "2006-03-31": "19.41020", "2005-12-31": "12.83160", "2005-09-30": "4.05350", "2005-06-30": "19.33630", "2005-03-31": "18.43330"}, "EBIT Margin": {"2020-09-30": "0.74850", "2020-06-30": "15.06280", "2020-03-31": "14.03470", "2019-12-31": "28.83920", "2019-09-30": "29.19090", "2019-06-30": "11.61210", "2019-03-31": "-12.49350", "2018-12-31": "24.81400", "2018-09-30": "33.32370", "2018-06-30": "24.02850", "2018-03-31": "25.24520", "2017-12-31": "29.68850", "2017-09-30": "36.23780", "2017-06-30": "26.76860", "2017-03-31": "31.88530", "2016-12-31": "20.73880", "2016-09-30": "36.55810", "2016-06-30": "30.06160", "2016-03-31": "30.19510", "2015-12-31": "24.96090", "2015-09-30": "37.79870", "2015-06-30": "28.13980", "2015-03-31": "29.39280", "2014-12-31": "21.67860", "2014-09-30": "30.19670", "2014-06-30": "14.00640", "2014-03-31": "21.15700", "2013-12-31": "25.24330", "2013-09-30": "30.12820", "2013-06-30": "18.38930", "2013-03-31": "26.39800", "2012-12-31": "24.54050", "2012-09-30": "16.53660", "2012-06-30": "20.89850", "2012-03-31": "27.02390", "2011-12-31": "13.30840", "2011-09-30": "22.10950", "2011-06-30": "22.29320", "2011-03-31": "23.73680", "2010-12-31": "25.54660", "2010-09-30": "28.32910", "2010-06-30": "93.30930", "2010-03-31": "17.61040", "2009-12-31": "-2.26700", "2009-09-30": "29.97250", "2009-06-30": "26.10100", "2009-03-31": "14.47890", "2008-12-31": "17.44310", "2008-09-30": "24.16950", "2008-06-30": "20.91790", "2008-03-31": "24.32810", "2007-12-31": "25.88150", "2007-09-30": "117.44220", "2007-06-30": "-10.18770", "2007-03-31": "21.45460", "2006-12-31": "13.36490", "2006-09-30": "32.56990", "2006-06-30": "13.55840", "2006-03-31": "19.41020", "2005-12-31": "12.83160", "2005-09-30": "4.05350", "2005-06-30": "19.33630", "2005-03-31": "18.43330"}, "EBITDA Margin": {"2020-09-30": "", "2020-06-30": "", "2020-03-31": "", "2019-12-31": "", "2019-09-30": "", "2019-06-30": "", "2019-03-31": "", "2018-12-31": "", "2018-09-30": "", "2018-06-30": "", "2018-03-31": "", "2017-12-31": "", "2017-09-30": "", "2017-06-30": "", "2017-03-31": "", "2016-12-31": "", "2016-09-30": "", "2016-06-30": "", "2016-03-31": "", "2015-12-31": "", "2015-09-30": "", "2015-06-30": "", "2015-03-31": "", "2014-12-31": "", "2014-09-30": "", "2014-06-30": "", "2014-03-31": "", "2013-12-31": "", "2013-09-30": "", "2013-06-30": "", "2013-03-31": "", "2012-12-31": "", "2012-09-30": "", "2012-06-30": "", "2012-03-31": "", "2011-12-31": "", "2011-09-30": "", "2011-06-30": "", "2011-03-31": "", "2010-12-31": "", "2010-09-30": "", "2010-06-30": "", "2010-03-31": "", "2009-12-31": "", "2009-09-30": "", "2009-06-30": "", "2009-03-31": "", "2008-12-31": "", "2008-09-30": "", "2008-06-30": "", "2008-03-31": "", "2007-12-31": "", "2007-09-30": "", "2007-06-30": "", "2007-03-31": "", "2006-12-31": "", "2006-09-30": "", "2006-06-30": "", "2006-03-31": "", "2005-12-31": "", "2005-09-30": "", "2005-06-30": "", "2005-03-31": ""}, "Pre-Tax Profit Margin": {"2020-09-30": "0.05540", "2020-06-30": "-47.08510", "2020-03-31": "-5.73840", "2019-12-31": "26.72310", "2019-09-30": "22.81860", "2019-06-30": "2.54410", "2019-03-31": "-14.59310", "2018-12-31": "22.52310", "2018-09-30": "33.17880", "2018-06-30": "18.32900", "2018-03-31": "19.07100", "2017-12-31": "19.31460", "2017-09-30": "30.44980", "2017-06-30": "19.65870", "2017-03-31": "28.04370", "2016-12-31": "18.95660", "2016-09-30": "30.58750", "2016-06-30": "23.63360", "2016-03-31": "24.30670", "2015-12-31": "18.66200", "2015-09-30": "30.42750", "2015-06-30": "22.13320", "2015-03-31": "24.61130", "2014-12-31": "7.61130", "2014-09-30": "24.88530", "2014-06-30": "7.96300", "2014-03-31": "15.73000", "2013-12-31": "19.40350", "2013-09-30": "26.31120", "2013-06-30": "13.22150", "2013-03-31": "22.39570", "2012-12-31": "19.73560", "2012-09-30": "12.30490", "2012-06-30": "15.40770", "2012-03-31": "22.96140", "2011-12-31": "11.88790", "2011-09-30": "15.88790", "2011-06-30": "16.91000", "2011-03-31": "19.54650", "2010-12-31": "20.79980", "2010-09-30": "24.12660", "2010-06-30": "86.91870", "2010-03-31": "14.92320", "2009-12-31": "-7.77710", "2009-09-30": "27.52070", "2009-06-30": "21.66770", "2009-03-31": "8.37330", "2008-12-31": "11.01110", "2008-09-30": "19.61050", "2008-06-30": "14.82790", "2008-03-31": "19.22810", "2007-12-31": "18.47670", "2007-09-30": "106.18560", "2007-06-30": "-16.48790", "2007-03-31": "16.94920", "2006-12-31": "7.49590", "2006-09-30": "27.20870", "2006-06-30": "7.78030", "2006-03-31": "15.06770", "2005-12-31": "8.49270", "2005-09-30": "0.17530", "2005-06-30": "13.93310", "2005-03-31": "14.29480"}, "Net Profit Margin": {"2020-09-30": "9.86970", "2020-06-30": "-33.05440", "2020-03-31": "-6.36120", "2019-12-31": "20.33450", "2019-09-30": "25.78000", "2019-06-30": "1.36020", "2019-03-31": "-17.62570", "2018-12-31": "19.07170", "2018-09-30": "24.74650", "2018-06-30": "14.54020", "2018-03-31": "14.51240", "2017-12-31": "40.87230", "2017-09-30": "20.91850", "2017-06-30": "13.86420", "2017-03-31": "18.67610", "2016-12-31": "14.80880", "2016-09-30": "22.03070", "2016-06-30": "17.39800", "2016-03-31": "17.93910", "2015-12-31": "13.96710", "2015-09-30": "19.95960", "2015-06-30": "15.03460", "2015-03-31": "15.72310", "2014-12-31": "8.25690", "2014-09-30": "17.34430", "2014-06-30": "5.65230", "2014-03-31": "10.44080", "2013-12-31": "13.53220", "2013-09-30": "16.57930", "2013-06-30": "6.77850", "2013-03-31": "14.05050", "2012-12-31": "-21.25120", "2012-09-30": "6.27250", "2012-06-30": "8.58570", "2012-03-31": "14.54220", "2011-12-31": "7.51400", "2011-09-30": "10.46730", "2011-06-30": "10.21900", "2011-03-31": "11.80680", "2010-12-31": "8.57310", "2010-09-30": "14.55700", "2010-06-30": "52.83530", "2010-03-31": "4.17470", "2009-12-31": "-0.28340", "2009-09-30": "16.36360", "2009-06-30": "13.32940", "2009-03-31": "5.40780", "2008-12-31": "9.21120", "2008-09-30": "11.63800", "2008-06-30": "8.76730", "2008-03-31": "15.62140", "2007-12-31": "10.54300", "2007-09-30": "64.55840", "2007-06-30": "-14.20910", "2007-03-31": "9.71890", "2006-12-31": "0.63840", "2006-09-30": "16.46110", "2006-06-30": "4.60530", "2006-03-31": "10.78570", "2005-12-31": "5.28480", "2005-09-30": "0.32870", "2005-06-30": "9.10590", "2005-03-31": "9.05830"}, "Asset Turnover": {"2020-09-30": "0.03450", "2020-06-30": "0.03460", "2020-03-31": "0.04320", "2019-12-31": "0.04780", "2019-09-30": "0.03690", "2019-06-30": "0.03940", "2019-03-31": "0.03860", "2018-12-31": "0.04310", "2018-09-30": "0.04360", "2018-06-30": "0.03960", "2018-03-31": "0.04480", "2017-12-31": "0.04190", "2017-09-30": "0.04220", "2017-06-30": "0.03810", "2017-03-31": "0.04650", "2016-12-31": "0.04310", "2016-09-30": "0.04500", "2016-06-30": "0.04230", "2016-03-31": "0.04910", "2015-12-31": "0.04360", "2015-09-30": "0.05250", "2015-06-30": "0.04910", "2015-03-31": "0.06180", "2014-12-31": "0.05420", "2014-09-30": "0.05830", "2014-06-30": "0.05460", "2014-03-31": "0.07180", "2013-12-31": "0.06360", "2013-09-30": "0.07080", "2013-06-30": "0.06150", "2013-03-31": "0.07480", "2012-12-31": "0.06620", "2012-09-30": "0.07110", "2012-06-30": "0.06470", "2012-03-31": "0.07370", "2011-12-31": "0.05860", "2011-09-30": "0.08510", "2011-06-30": "0.07570", "2011-03-31": "0.09480", "2010-12-31": "0.08120", "2010-09-30": "0.09350", "2010-06-30": "0.07980", "2010-03-31": "0.09890", "2009-12-31": "0.07460", "2009-09-30": "0.08620", "2009-06-30": "0.08210", "2009-03-31": "0.11000", "2008-12-31": "0.08980", "2008-09-30": "0.10550", "2008-06-30": "0.08080", "2008-03-31": "0.11150", "2007-12-31": "0.07250", "2007-09-30": "0.09320", "2007-06-30": "0.07710", "2007-03-31": "0.09600", "2006-12-31": "0.09860", "2006-09-30": "0.07920", "2006-06-30": "0.06900", "2006-03-31": "0.09800", "2005-12-31": "0.09230", "2005-09-30": "0.08210", "2005-06-30": "0.07680", "2005-03-31": "0.10050"}, "Inventory Turnover Ratio": {"2020-09-30": "0.41790", "2020-06-30": "0.34010", "2020-03-31": "0.65410", "2019-12-31": "0.67760", "2019-09-30": "0.52110", "2019-06-30": "0.56210", "2019-03-31": "0.94150", "2018-12-31": "0.67490", "2018-09-30": "0.56080", "2018-06-30": "0.49690", "2018-03-31": "0.80320", "2017-12-31": "0.58500", "2017-09-30": "0.44730", "2017-06-30": "0.40710", "2017-03-31": "0.59390", "2016-12-31": "0.48620", "2016-09-30": "0.44660", "2016-06-30": "0.48260", "2016-03-31": "0.62960", "2015-12-31": "0.53490", "2015-09-30": "0.60760", "2015-06-30": "0.62860", "2015-03-31": "1.05710", "2014-12-31": "0.76030", "2014-09-30": "0.74950", "2014-06-30": "0.82790", "2014-03-31": "1.93680", "2013-12-31": "1.17180", "2013-09-30": "1.18180", "2013-06-30": "1.09190", "2013-03-31": "1.44950", "2012-12-31": "1.01510", "2012-09-30": "1.02310", "2012-06-30": "0.96560", "2012-03-31": "1.15050", "2011-12-31": "0.92800", "2011-09-30": "1.25260", "2011-06-30": "1.20440", "2011-03-31": "1.73370", "2010-12-31": "1.28030", "2010-09-30": "1.36090", "2010-06-30": "1.31530", "2010-03-31": "1.95940", "2009-12-31": "1.46580", "2009-09-30": "1.23010", "2009-06-30": "1.35000", "2009-03-31": "2.54050", "2008-12-31": "1.59690", "2008-09-30": "1.76850", "2008-06-30": "1.46240", "2008-03-31": "2.43790", "2007-12-31": "1.65740", "2007-09-30": "1.27890", "2007-06-30": "1.67280", "2007-03-31": "2.91720", "2006-12-31": "1.86290", "2006-09-30": "1.24240", "2006-06-30": "1.26310", "2006-03-31": "2.55180", "2005-12-31": "2.39760", "2005-09-30": "2.15320", "2005-06-30": "1.85760", "2005-03-31": "3.36960"}, "Receiveable Turnover": {"2020-09-30": "1.65760", "2020-06-30": "1.57720", "2020-03-31": "1.85400", "2019-12-31": "2.04620", "2019-09-30": "1.61970", "2019-06-30": "1.89410", "2019-03-31": "1.58180", "2018-12-31": "1.61590", "2018-09-30": "2.06520", "2018-06-30": "1.87950", "2018-03-31": "1.97940", "2017-12-31": "1.79730", "2017-09-30": "2.11370", "2017-06-30": "2.01650", "2017-03-31": "2.15540", "2016-12-31": "1.80890", "2016-09-30": "2.25000", "2016-06-30": "2.03130", "2016-03-31": "2.19950", "2015-12-31": "1.86710", "2015-09-30": "2.07330", "2015-06-30": "1.90760", "2015-03-31": "2.00290", "2014-12-31": "1.80220", "2014-09-30": "2.08330", "2014-06-30": "1.71840", "2014-03-31": "1.84080", "2013-12-31": "1.73470", "2013-09-30": "2.14230", "2013-06-30": "1.80940", "2013-03-31": "1.92410", "2012-12-31": "1.80610", "2012-09-30": "1.98450", "2012-06-30": "1.79080", "2012-03-31": "1.98420", "2011-12-31": "1.31450", "2011-09-30": "1.99840", "2011-06-30": "1.64560", "2011-03-31": "2.07730", "2010-12-31": "1.54760", "2010-09-30": "2.16440", "2010-06-30": "1.77850", "2010-03-31": "2.02330", "2009-12-31": "1.45690", "2009-09-30": "1.94640", "2009-06-30": "1.69120", "2009-03-31": "1.87180", "2008-12-31": "1.47640", "2008-09-30": "1.95390", "2008-06-30": "1.55210", "2008-03-31": "1.77240", "2007-12-31": "1.20370", "2007-09-30": "1.84710", "2007-06-30": "1.43900", "2007-03-31": "1.62690", "2006-12-31": "1.76390", "2006-09-30": "1.65200", "2006-06-30": "1.42060", "2006-03-31": "1.70200", "2005-12-31": "1.36560", "2005-09-30": "1.65180", "2005-06-30": "1.40450", "2005-03-31": "1.64620"}, "Days Sales In Receivables": {"2020-09-30": "54.29440", "2020-06-30": "57.06280", "2020-03-31": "48.54320", "2019-12-31": "43.98430", "2019-09-30": "55.56580", "2019-06-30": "47.51640", "2019-03-31": "56.89740", "2018-12-31": "55.69770", "2018-09-30": "43.57870", "2018-06-30": "47.88540", "2018-03-31": "45.46740", "2017-12-31": "50.07480", "2017-09-30": "42.57940", "2017-06-30": "44.63210", "2017-03-31": "41.75530", "2016-12-31": "49.75370", "2016-09-30": "40.00000", "2016-06-30": "44.30720", "2016-03-31": "40.91750", "2015-12-31": "48.20420", "2015-09-30": "43.40960", "2015-06-30": "47.17870", "2015-03-31": "44.93400", "2014-12-31": "49.93880", "2014-09-30": "43.20000", "2014-06-30": "52.37470", "2014-03-31": "48.89260", "2013-12-31": "51.88070", "2013-09-30": "42.01050", "2013-06-30": "49.74160", "2013-03-31": "46.77550", "2012-12-31": "49.83230", "2012-09-30": "45.35110", "2012-06-30": "50.25620", "2012-03-31": "45.35770", "2011-12-31": "68.46730", "2011-09-30": "45.03610", "2011-06-30": "54.68980", "2011-03-31": "43.32510", "2010-12-31": "58.15310", "2010-09-30": "41.58230", "2010-06-30": "50.60310", "2010-03-31": "44.48180", "2009-12-31": "61.77580", "2009-09-30": "46.23970", "2009-06-30": "53.21790", "2009-03-31": "48.08110", "2008-12-31": "60.96080", "2008-09-30": "46.06190", "2008-06-30": "57.98760", "2008-03-31": "50.77880", "2007-12-31": "74.76730", "2007-09-30": "48.72390", "2007-06-30": "62.54160", "2007-03-31": "55.32080", "2006-12-31": "51.02350", "2006-09-30": "54.48020", "2006-06-30": "63.35530", "2006-03-31": "52.88020", "2005-12-31": "65.90380", "2005-09-30": "54.48510", "2005-06-30": "64.08120", "2005-03-31": "54.67270"}, "ROE - Return On Equity": {"2020-09-30": "0.43620", "2020-06-30": "-3.97230", "2020-03-31": "-0.78710", "2019-12-31": "3.31160", "2019-09-30": "3.33910", "2019-06-30": "0.21650", "2019-03-31": "-2.45300", "2018-12-31": "3.00250", "2018-09-30": "4.32290", "2018-06-30": "2.38570", "2018-03-31": "2.62450", "2017-12-31": "6.88180", "2017-09-30": "3.76180", "2017-06-30": "2.42370", "2017-03-31": "3.92290", "2016-12-31": "2.91570", "2016-09-30": "4.49600", "2016-06-30": "2.98990", "2016-03-31": "3.78880", "2015-12-31": "2.69080", "2015-09-30": "4.51190", "2015-06-30": "3.25170", "2015-03-31": "4.34920", "2014-12-31": "2.08250", "2014-09-30": "4.58830", "2014-06-30": "1.39190", "2014-03-31": "3.29090", "2013-12-31": "3.73650", "2013-09-30": "5.31930", "2013-06-30": "2.51360", "2013-03-31": "4.58460", "2012-12-31": "3.56710", "2012-09-30": "2.24790", "2012-06-30": "2.48470", "2012-03-31": "4.26940", "2011-12-31": "2.29510", "2011-09-30": "3.37000", "2011-06-30": "2.95380", "2011-03-31": "4.04420", "2010-12-31": "3.45090", "2010-09-30": "4.78710", "2010-06-30": "14.51510", "2010-03-31": "2.95900", "2009-12-31": "-0.68840", "2009-09-30": "5.64140", "2009-06-30": "4.29610", "2009-03-31": "2.26910", "2008-12-31": "1.62750", "2008-09-30": "4.89250", "2008-06-30": "3.42540", "2008-03-31": "7.13910", "2007-12-31": "3.44460", "2007-09-30": "25.08650", "2007-06-30": "-3.11680", "2007-03-31": "3.66430", "2006-12-31": "1.47140", "2006-09-30": "4.83470", "2006-06-30": "1.20570", "2006-03-31": "4.71110", "2005-12-31": "2.52000", "2005-09-30": "0.10230", "2005-06-30": "3.08030", "2005-03-31": "4.01950"}, "Return On Tangible Equity": {"2020-09-30": "0.54180", "2020-06-30": "-5.16000", "2020-03-31": "-1.00390", "2019-12-31": "3.93420", "2019-09-30": "4.68860", "2019-06-30": "0.31320", "2019-03-31": "-3.81370", "2018-12-31": "4.42280", "2018-09-30": "6.29990", "2018-06-30": "3.50670", "2018-03-31": "3.85720", "2017-12-31": "10.85510", "2017-09-30": "5.75350", "2017-06-30": "3.85900", "2017-03-31": "6.25120", "2016-12-31": "4.99850", "2016-09-30": "7.43840", "2016-06-30": "3.80000", "2016-03-31": "4.95290", "2015-12-31": "3.75850", "2015-09-30": "6.00080", "2015-06-30": "4.37190", "2015-03-31": "5.91980", "2014-12-31": "2.98450", "2014-09-30": "6.22580", "2014-06-30": "1.88900", "2014-03-31": "4.44930", "2013-12-31": "5.44020", "2013-09-30": "7.33290", "2013-06-30": "3.50350", "2013-03-31": "6.42310", "2012-12-31": "5.44620", "2012-09-30": "3.05600", "2012-06-30": "3.37040", "2012-03-31": "5.78840", "2011-12-31": "3.41750", "2011-09-30": "4.61670", "2011-06-30": "4.04030", "2011-03-31": "5.48740", "2010-12-31": "5.04020", "2010-09-30": "6.46640", "2010-06-30": "19.57800", "2010-03-31": "4.20520", "2009-12-31": "-1.07870", "2009-09-30": "8.16720", "2009-06-30": "6.30080", "2009-03-31": "3.37220", "2008-12-31": "2.79770", "2008-09-30": "7.35420", "2008-06-30": "5.65160", "2008-03-31": "11.27880", "2007-12-31": "6.09940", "2007-09-30": "40.33380", "2007-06-30": "-4.69860", "2007-03-31": "5.46670", "2006-12-31": "2.37890", "2006-09-30": "7.59510", "2006-06-30": "1.86920", "2006-03-31": "7.54580", "2005-12-31": "4.78100", "2005-09-30": "0.18250", "2005-06-30": "5.12350", "2005-03-31": "6.72940"}, "ROA - Return On Assets": {"2020-09-30": "0.10710", "2020-06-30": "-1.09130", "2020-03-31": "-0.22950", "2019-12-31": "1.00940", "2019-09-30": "0.92520", "2019-06-30": "0.05750", "2019-03-31": "-0.67660", "2018-12-31": "0.84970", "2018-09-30": "1.11660", "2018-06-30": "0.61220", "2018-03-31": "0.68000", "2017-12-31": "1.74060", "2017-09-30": "0.92320", "2017-06-30": "0.56430", "2017-03-31": "0.92520", "2016-12-31": "0.68570", "2016-09-30": "1.04600", "2016-06-30": "0.75280", "2016-03-31": "0.89240", "2015-12-31": "0.62410", "2015-09-30": "1.05830", "2015-06-30": "0.74720", "2015-03-31": "0.97900", "2014-12-31": "0.45830", "2014-09-30": "1.01570", "2014-06-30": "0.31260", "2014-03-31": "0.76110", "2013-12-31": "0.86830", "2013-09-30": "1.23330", "2013-06-30": "0.57410", "2013-03-31": "1.06330", "2012-12-31": "0.80920", "2012-09-30": "0.56950", "2012-06-30": "0.63990", "2012-03-31": "1.10860", "2011-12-31": "0.57880", "2011-09-30": "0.89030", "2011-06-30": "0.79470", "2011-03-31": "1.12910", "2010-12-31": "0.96690", "2010-09-30": "1.37110", "2010-06-30": "4.21890", "2010-03-31": "0.77560", "2009-12-31": "-0.18090", "2009-09-30": "1.51830", "2009-06-30": "1.13980", "2009-03-31": "0.58290", "2008-12-31": "0.39000", "2008-09-30": "1.23730", "2008-06-30": "0.72310", "2008-03-31": "1.74130", "2007-12-31": "0.82780", "2007-09-30": "6.02190", "2007-06-30": "-0.81030", "2007-03-31": "0.97790", "2006-12-31": "0.38560", "2006-09-30": "1.30580", "2006-06-30": "0.28820", "2006-03-31": "1.06640", "2005-12-31": "0.49750", "2005-09-30": "0.01800", "2005-06-30": "0.69900", "2005-03-31": "0.91050"}, "ROI - Return On Investment": {"2020-09-30": "0.18300", "2020-06-30": "-1.66400", "2020-03-31": "-0.35480", "2019-12-31": "1.66270", "2019-09-30": "1.48920", "2019-06-30": "0.08920", "2019-03-31": "-1.05030", "2018-12-31": "1.24450", "2018-09-30": "1.67830", "2018-06-30": "0.91660", "2018-03-31": "1.02810", "2017-12-31": "2.64920", "2017-09-30": "1.40920", "2017-06-30": "0.88050", "2017-03-31": "1.39610", "2016-12-31": "1.04310", "2016-09-30": "1.62140", "2016-06-30": "1.14810", "2016-03-31": "1.39000", "2015-12-31": "0.98730", "2015-09-30": "1.64020", "2015-06-30": "1.16410", "2015-03-31": "1.59910", "2014-12-31": "0.73750", "2014-09-30": "1.64710", "2014-06-30": "0.50250", "2014-03-31": "1.19730", "2013-12-31": "1.40450", "2013-09-30": "2.00740", "2013-06-30": "0.95520", "2013-03-31": "1.77630", "2012-12-31": "1.37940", "2012-09-30": "0.92000", "2012-06-30": "1.02570", "2012-03-31": "1.75920", "2011-12-31": "0.91360", "2011-09-30": "1.36180", "2011-06-30": "1.22430", "2011-03-31": "1.68050", "2010-12-31": "1.49160", "2010-09-30": "2.05920", "2010-06-30": "6.41210", "2010-03-31": "1.23790", "2009-12-31": "-0.28880", "2009-09-30": "2.31940", "2009-06-30": "1.77040", "2009-03-31": "0.94890", "2008-12-31": "0.65510", "2008-09-30": "2.08280", "2008-06-30": "1.31720", "2008-03-31": "3.04440", "2007-12-31": "1.43100", "2007-09-30": "10.67850", "2007-06-30": "-1.45650", "2007-03-31": "1.74090", "2006-12-31": "0.68580", "2006-09-30": "2.34600", "2006-06-30": "0.52500", "2006-03-31": "2.03730", "2005-12-31": "1.04590", "2005-09-30": "0.03780", "2005-06-30": "1.28100", "2005-03-31": "1.69750"}, "Book Value Per Share": {"2020-09-30": "34.39460", "2020-06-30": "36.76670", "2020-03-31": "39.03700", "2019-12-31": "40.61220", "2019-09-30": "36.39980", "2019-06-30": "35.34370", "2019-03-31": "34.41270", "2018-12-31": "32.37590", "2018-09-30": "31.18470", "2018-06-30": "30.63610", "2018-03-31": "30.69220", "2017-12-31": "30.03100", "2017-09-30": "28.72980", "2017-06-30": "27.30950", "2017-03-31": "27.31480", "2016-12-31": "26.81530", "2016-09-30": "25.82460", "2016-06-30": "25.04380", "2016-03-31": "23.47570", "2015-12-31": "22.82220", "2015-09-30": "22.31260", "2015-06-30": "21.64140", "2015-03-31": "21.07980", "2014-12-31": "20.43930", "2014-09-30": "19.81680", "2014-06-30": "19.84050", "2014-03-31": "20.10140", "2013-12-31": "20.03790", "2013-09-30": "19.38280", "2013-06-30": "19.10190", "2013-03-31": "18.90660", "2012-12-31": "18.44620", "2012-09-30": "20.65740", "2012-06-30": "20.86040", "2012-03-31": "20.96150", "2011-12-31": "20.18070", "2011-09-30": "20.40700", "2011-06-30": "20.52720", "2011-03-31": "20.73440", "2010-12-31": "20.64890", "2010-09-30": "20.81760", "2010-06-30": "20.62140", "2010-03-31": "18.54200", "2009-12-31": "18.67280", "2009-09-30": "18.97320", "2009-06-30": "18.50420", "2009-03-31": "18.15090", "2008-12-31": "17.28470", "2008-09-30": "18.01210", "2008-06-30": "15.30170", "2008-03-31": "16.47920", "2007-12-31": "16.30160", "2007-09-30": "16.05560", "2007-06-30": "18.01860", "2007-03-31": "18.51860", "2006-12-31": "18.50000", "2006-09-30": "19.13560", "2006-06-30": "17.10310", "2006-03-31": "16.43820", "2005-12-31": "14.98130", "2005-09-30": "14.08650", "2005-06-30": "15.80350", "2005-03-31": "15.69560"}, "Operating Cash Flow Per Share": {"2020-09-30": 2.0328, "2020-06-30": 1.7878, "2020-03-31": "1.94820", "2019-12-31": 1.8713, "2019-09-30": 1.6802, "2019-06-30": 1.4054, "2019-03-31": "1.47650", "2018-12-31": 1.6216, "2018-09-30": 1.9534, "2018-06-30": 1.8192, "2018-03-31": "1.89390", "2017-12-31": 1.3634, "2017-09-30": 1.9644, "2017-06-30": 1.5855, "2017-03-31": "2.16530", "2016-12-31": 1.3177, "2016-09-30": 2.1382, "2016-06-30": 1.2781, "2016-03-31": "1.99260", "2015-12-31": 1.739, "2015-09-30": 2.1529, "2015-06-30": 1.7283, "2015-03-31": "1.91730", "2014-12-31": 1.7612, "2014-09-30": 1.6443, "2014-06-30": 1.1864, "2014-03-31": "1.29180", "2013-12-31": 0.8388, "2013-09-30": 1.9915, "2013-06-30": 1.2722, "2013-03-31": "1.82160", "2012-12-31": 1.1846, "2012-09-30": 1.8397, "2012-06-30": 1.3464, "2012-03-31": "2.83790", "2011-12-31": 0.9932, "2011-09-30": 1.9607, "2011-06-30": 0.6664, "2011-03-31": "1.57110", "2010-12-31": -0.1201, "2010-09-30": 0.8354, "2010-06-30": -0.3685, "2010-03-31": "2.74590", "2009-12-31": 1.3762, "2009-09-30": 1.7988, "2009-06-30": 0.6734, "2009-03-31": "2.52860", "2008-12-31": 2.1555, "2008-09-30": 1.5289, "2008-06-30": -0.0296, "2008-03-31": "0.95260", "2007-12-31": -3.9204, "2007-09-30": 0.7436, "2007-06-30": 1.1014, "2007-03-31": "1.72440", "2006-12-31": 0.7381, "2006-09-30": 2.1199, "2006-06-30": 1.4175, "2006-03-31": "1.41990", "2005-12-31": 0.1872, "2005-09-30": 1.6174, "2005-06-30": 0.1931, "2005-03-31": "1.80980"}, "Free Cash Flow Per Share": {"2020-09-30": 0.3028, "2020-06-30": 0.0593, "2020-03-31": "0.20400", "2019-12-31": -0.3541, "2019-09-30": 0.3806, "2019-06-30": 0.0373, "2019-03-31": "0.21310", "2018-12-31": -0.1237, "2018-09-30": 0.3359, "2018-06-30": 0.382, "2018-03-31": "0.19830", "2017-12-31": -0.8751, "2017-09-30": -0.0837, "2017-06-30": -0.4973, "2017-03-31": "-0.11940", "2016-12-31": -1.2969, "2016-09-30": -0.0024, "2016-06-30": -1.3248, "2016-03-31": "-0.50990", "2015-12-31": -1.5522, "2015-09-30": 0.0538, "2015-06-30": -0.5527, "2015-03-31": "0.19830", "2014-12-31": -0.9824, "2014-09-30": -0.6652, "2014-06-30": -0.9837, "2014-03-31": "-0.62960", "2013-12-31": -1.082, "2013-09-30": 0.2436, "2013-06-30": -0.5085, "2013-03-31": "0.25630", "2012-12-31": -1.0196, "2012-09-30": 0.2414, "2012-06-30": -0.3583, "2012-03-31": "1.12260", "2011-12-31": -0.7826, "2011-09-30": 0.2233, "2011-06-30": -0.7876, "2011-03-31": "0.18260", "2010-12-31": -1.6405, "2010-09-30": -0.6465, "2010-06-30": -1.6608, "2010-03-31": "1.24150", "2009-12-31": -0.2502, "2009-09-30": -0.0276, "2009-06-30": -0.9076, "2009-03-31": "1.09950", "2008-12-31": 0.2856, "2008-09-30": 0.0625, "2008-06-30": -1.6074, "2008-03-31": "-0.25240", "2007-12-31": -4.9217, "2007-09-30": -0.943, "2007-06-30": -0.7809, "2007-03-31": "0.23230", "2006-12-31": -0.3783, "2006-09-30": 0.759, "2006-06-30": 0.0233, "2006-03-31": "0.08800", "2005-12-31": -1.1597, "2005-09-30": 0.4243, "2005-06-30": -1.0439, "2005-03-31": "1.57610"}}, "revenue": {"Dominion Energy Annual Revenue (Millions of US $)": {"2019": "$16,572", "2018": "$13,366", "2017": "$12,586", "2016": "$11,737", "2015": "$11,683", "2014": "$12,436", "2013": "$13,120", "2012": "$12,835", "2011": "$13,765", "2010": "$14,927", "2009": "$14,798", "2008": "$15,895", "2007": "$14,816", "2006": "$17,276", "2005": "$17,809"}, "Dominion Energy Quarterly Revenue (Millions of US $)": {"2020-09-30": "$3,607", "2020-06-30": "$3,585", "2020-03-31": "$4,496", "2019-12-31": "$4,962", "2019-09-30": "$3,782", "2019-06-30": "$3,970", "2019-03-31": "$3,858", "2018-12-31": "$3,361", "2018-09-30": "$3,451", "2018-06-30": "$3,088", "2018-03-31": "$3,466", "2017-12-31": "$3,210", "2017-09-30": "$3,179", "2017-06-30": "$2,813", "2017-03-31": "$3,384", "2016-12-31": "$3,086", "2016-09-30": "$3,132", "2016-06-30": "$2,598", "2016-03-31": "$2,921", "2015-12-31": "$2,556", "2015-09-30": "$2,971", "2015-06-30": "$2,747", "2015-03-31": "$3,409", "2014-12-31": "$2,943", "2014-09-30": "$3,050", "2014-06-30": "$2,813", "2014-03-31": "$3,630", "2013-12-31": "$3,185", "2013-09-30": "$3,432", "2013-06-30": "$2,980", "2013-03-31": "$3,523", "2012-12-31": "$3,101", "2012-09-30": "$3,332", "2012-06-30": "$3,005", "2012-03-31": "$3,397", "2011-12-31": "$2,675", "2011-09-30": "$3,745", "2011-06-30": "$3,288", "2011-03-31": "$4,057", "2010-12-31": "$3,476", "2010-09-30": "$3,950", "2010-06-30": "$3,333", "2010-03-31": "$4,168", "2009-12-31": "$3,176", "2009-09-30": "$3,630", "2009-06-30": "$3,406", "2009-03-31": "$4,586", "2008-12-31": "$3,778", "2008-09-30": "$4,365", "2008-06-30": "$3,399", "2008-03-31": "$4,353", "2007-12-31": "$2,836", "2007-09-30": "$3,589", "2007-06-30": "$3,730", "2007-03-31": "$4,661", "2006-12-31": "$4,856", "2006-09-30": "$3,973", "2006-06-30": "$3,496", "2006-03-31": "$4,951", "2005-12-31": "$4,863", "2005-09-30": "$4,564", "2005-06-30": "$3,646", "2005-03-31": "$4,736"}}, "gross-profit": {"Dominion Energy Annual Gross Profit (Millions of US $)": {"2019": "$12,010", "2018": "$9,785", "2017": "$9,578", "2016": "$8,846", "2015": "$8,077", "2014": "$7,320", "2013": "$7,546", "2012": "$7,626", "2011": "$7,605", "2010": "$8,391", "2009": "$7,902", "2008": "$8,295", "2007": "$7,979", "2006": "$10,131", "2005": "$8,694"}, "Dominion Energy Quarterly Gross Profit (Millions of US $)": {"2020-09-30": "$2,953", "2020-06-30": "$2,995", "2020-03-31": "$3,399", "2019-12-31": "$3,867", "2019-09-30": "$2,844", "2019-06-30": "$3,001", "2019-03-31": "$2,298", "2018-12-31": "$2,404", "2018-09-30": "$2,635", "2018-06-30": "$2,378", "2018-03-31": "$2,368", "2017-12-31": "$2,346", "2017-09-30": "$2,496", "2017-06-30": "$2,215", "2017-03-31": "$2,521", "2016-12-31": "$2,345", "2016-09-30": "$2,455", "2016-06-30": "$1,946", "2016-03-31": "$2,100", "2015-12-31": "$1,835", "2015-09-30": "$2,175", "2015-06-30": "$1,955", "2015-03-31": "$2,112", "2014-12-31": "$1,871", "2014-09-30": "$2,012", "2014-06-30": "$1,769", "2014-03-31": "$1,668", "2013-12-31": "$1,807", "2013-09-30": "$2,002", "2013-06-30": "$1,720", "2013-03-31": "$2,017", "2012-12-31": "$1,823", "2012-09-30": "$2,046", "2012-06-30": "$1,797", "2012-03-31": "$1,960", "2011-12-31": "$1,424", "2011-09-30": "$2,084", "2011-06-30": "$1,850", "2011-03-31": "$2,247", "2010-12-31": "$1,987", "2010-09-30": "$2,287", "2010-06-30": "$1,877", "2010-03-31": "$2,240", "2009-12-31": "$1,439", "2009-09-30": "$2,181", "2009-06-30": "$1,952", "2009-03-31": "$2,330", "2008-12-31": "$1,916", "2008-09-30": "$2,188", "2008-06-30": "$1,881", "2008-03-31": "$2,310", "2007-12-31": "$1,104", "2007-09-30": "$2,218", "2007-06-30": "$2,181", "2007-03-31": "$2,476", "2006-12-31": "$2,805", "2006-09-30": "$2,451", "2006-06-30": "$2,190", "2006-03-31": "$2,685", "2005-12-31": "$2,065", "2005-09-30": "$2,062", "2005-06-30": "$2,028", "2005-03-31": "$2,539"}}, "operating-income": {"Dominion Energy Annual Operating Income (Millions of US $)": {"2019": "$2,514", "2018": "$3,601", "2017": "$3,937", "2016": "$3,448", "2015": "$3,536", "2014": "$2,721", "2013": "$3,316", "2012": "$2,858", "2011": "$2,880", "2010": "$5,851", "2009": "$2,569", "2008": "$3,484", "2007": "$5,569", "2006": "$3,378", "2005": "$2,387"}, "Dominion Energy Quarterly Operating Income (Millions of US $)": {"2020-09-30": "$27", "2020-06-30": "$540", "2020-03-31": "$631", "2019-12-31": "$1,431", "2019-09-30": "$1,104", "2019-06-30": "$461", "2019-03-31": "$-482", "2018-12-31": "$834", "2018-09-30": "$1,150", "2018-06-30": "$742", "2018-03-31": "$875", "2017-12-31": "$953", "2017-09-30": "$1,152", "2017-06-30": "$753", "2017-03-31": "$1,079", "2016-12-31": "$640", "2016-09-30": "$1,145", "2016-06-30": "$781", "2016-03-31": "$882", "2015-12-31": "$638", "2015-09-30": "$1,123", "2015-06-30": "$773", "2015-03-31": "$1,002", "2014-12-31": "$638", "2014-09-30": "$921", "2014-06-30": "$394", "2014-03-31": "$768", "2013-12-31": "$804", "2013-09-30": "$1,034", "2013-06-30": "$548", "2013-03-31": "$930", "2012-12-31": "$761", "2012-09-30": "$551", "2012-06-30": "$628", "2012-03-31": "$918", "2011-12-31": "$356", "2011-09-30": "$828", "2011-06-30": "$733", "2011-03-31": "$963", "2010-12-31": "$888", "2010-09-30": "$1,119", "2010-06-30": "$3,110", "2010-03-31": "$734", "2009-12-31": "$-72", "2009-09-30": "$1,088", "2009-06-30": "$889", "2009-03-31": "$664", "2008-12-31": "$659", "2008-09-30": "$1,055", "2008-06-30": "$711", "2008-03-31": "$1,059", "2007-12-31": "$734", "2007-09-30": "$4,215", "2007-06-30": "$-380", "2007-03-31": "$1,000", "2006-12-31": "$649", "2006-09-30": "$1,294", "2006-06-30": "$474", "2006-03-31": "$961", "2005-12-31": "$624", "2005-09-30": "$185", "2005-06-30": "$705", "2005-03-31": "$873"}}, "ebitda": {"Dominion Energy Annual EBITDA (Millions of US $)": {"2019": "$5,491", "2018": "$5,881", "2017": "$6,139", "2016": "$5,297", "2015": "$5,205", "2014": "$4,281", "2013": "$4,706", "2012": "$4,301", "2011": "$4,168", "2010": "$7,109", "2009": "$3,888", "2008": "$4,675", "2007": "$7,102", "2006": "$5,117", "2005": "$3,925"}, "Dominion Energy Quarterly EBITDA (Millions of US $)": {"2020-09-30": "$708", "2020-06-30": "$1,278", "2020-03-31": "$1,390", "2019-12-31": "$2,173", "2019-09-30": "$1,867", "2019-06-30": "$1,199", "2019-03-31": "$252", "2018-12-31": "$1,408", "2018-09-30": "$1,750", "2018-06-30": "$1,276", "2018-03-31": "$1,447", "2017-12-31": "$1,506", "2017-09-30": "$1,713", "2017-06-30": "$1,293", "2017-03-31": "$1,627", "2016-12-31": "$1,164", "2016-09-30": "$1,617", "2016-06-30": "$1,210", "2016-03-31": "$1,306", "2015-12-31": "$1,057", "2015-09-30": "$1,551", "2015-06-30": "$1,181", "2015-03-31": "$1,416", "2014-12-31": "$1,027", "2014-09-30": "$1,344", "2014-06-30": "$764", "2014-03-31": "$1,146", "2013-12-31": "$1,090", "2013-09-30": "$1,409", "2013-06-30": "$911", "2013-03-31": "$1,296", "2012-12-31": "$1,124", "2012-09-30": "$927", "2012-06-30": "$979", "2012-03-31": "$1,271", "2011-12-31": "$693", "2011-09-30": "$1,152", "2011-06-30": "$1,042", "2011-03-31": "$1,281", "2010-12-31": "$1,200", "2010-09-30": "$1,436", "2010-06-30": "$3,419", "2010-03-31": "$1,054", "2009-12-31": "$287", "2009-09-30": "$1,408", "2009-06-30": "$1,204", "2009-03-31": "$989", "2008-12-31": "$962", "2008-09-30": "$1,367", "2008-06-30": "$993", "2008-03-31": "$1,353", "2007-12-31": "$1,023", "2007-09-30": "$4,537", "2007-06-30": "$84", "2007-03-31": "$1,458", "2006-12-31": "$1,092", "2006-09-30": "$1,728", "2006-06-30": "$922", "2006-03-31": "$1,375", "2005-12-31": "$1,019", "2005-09-30": "$577", "2005-06-30": "$1,076", "2005-03-31": "$1,253"}}, "net-income": {"Dominion Energy Annual Net Income (Millions of US $)": {"2019": "$1,358", "2018": "$2,447", "2017": "$2,999", "2016": "$2,123", "2015": "$1,899", "2014": "$1,310", "2013": "$1,697", "2012": "$302", "2011": "$1,408", "2010": "$2,808", "2009": "$1,287", "2008": "$1,834", "2007": "$2,539", "2006": "$1,380", "2005": "$1,033"}, "Dominion Energy Quarterly Net Income (Millions of US $)": {"2020-09-30": "$356", "2020-06-30": "$-1,185", "2020-03-31": "$-286", "2019-12-31": "$1,009", "2019-09-30": "$975", "2019-06-30": "$54", "2019-03-31": "$-680", "2018-12-31": "$641", "2018-09-30": "$854", "2018-06-30": "$449", "2018-03-31": "$503", "2017-12-31": "$1,312", "2017-09-30": "$665", "2017-06-30": "$390", "2017-03-31": "$632", "2016-12-31": "$457", "2016-09-30": "$690", "2016-06-30": "$452", "2016-03-31": "$524", "2015-12-31": "$357", "2015-09-30": "$593", "2015-06-30": "$413", "2015-03-31": "$536", "2014-12-31": "$243", "2014-09-30": "$529", "2014-06-30": "$159", "2014-03-31": "$379", "2013-12-31": "$431", "2013-09-30": "$569", "2013-06-30": "$202", "2013-03-31": "$495", "2012-12-31": "$-659", "2012-09-30": "$209", "2012-06-30": "$258", "2012-03-31": "$494", "2011-12-31": "$201", "2011-09-30": "$392", "2011-06-30": "$336", "2011-03-31": "$479", "2010-12-31": "$298", "2010-09-30": "$575", "2010-06-30": "$1,761", "2010-03-31": "$174", "2009-12-31": "$-9", "2009-09-30": "$594", "2009-06-30": "$454", "2009-03-31": "$248", "2008-12-31": "$348", "2008-09-30": "$508", "2008-06-30": "$298", "2008-03-31": "$680", "2007-12-31": "$299", "2007-09-30": "$2,317", "2007-06-30": "$-530", "2007-03-31": "$453", "2006-12-31": "$31", "2006-09-30": "$654", "2006-06-30": "$161", "2006-03-31": "$534", "2005-12-31": "$257", "2005-09-30": "$15", "2005-06-30": "$332", "2005-03-31": "$429"}}, "eps-earnings-per-share-diluted": {"Dominion Energy Annual EPS": {"2019": "$1.62", "2018": "$3.74", "2017": "$4.72", "2016": "$3.44", "2015": "$3.20", "2014": "$2.24", "2013": "$2.93", "2012": "$0.53", "2011": "$2.45", "2010": "$4.76", "2009": "$2.17", "2008": "$3.16", "2007": "$3.88", "2006": "$1.96", "2005": "$1.50"}, "Dominion Energy Quarterly EPS": {"2020-09-30": "$0.41", "2020-06-30": "$-1.41", "2020-03-31": "$-0.34", "2019-12-31": "$1.26", "2019-09-30": "$1.17", "2019-06-30": "$0.05", "2019-03-31": "$-0.86", "2018-12-31": "$0.98", "2018-09-30": "$1.30", "2018-06-30": "$0.69", "2018-03-31": "$0.77", "2017-12-31": "$2.06", "2017-09-30": "$1.03", "2017-06-30": "$0.62", "2017-03-31": "$1.01", "2016-12-31": "$0.73", "2016-09-30": "$1.10", "2016-06-30": "$0.73", "2016-03-31": "$0.88", "2015-12-31": "$0.59", "2015-09-30": "$1.00", "2015-06-30": "$0.70", "2015-03-31": "$0.91", "2014-12-31": "$0.42", "2014-09-30": "$0.90", "2014-06-30": "$0.27", "2014-03-31": "$0.65", "2013-12-31": "$0.74", "2013-09-30": "$0.98", "2013-06-30": "$0.35", "2013-03-31": "$0.86", "2012-12-31": "$-1.14", "2012-09-30": "$0.36", "2012-06-30": "$0.45", "2012-03-31": "$0.86", "2011-12-31": "$0.36", "2011-09-30": "$0.69", "2011-06-30": "$0.58", "2011-03-31": "$0.82", "2010-12-31": "$0.51", "2010-09-30": "$0.98", "2010-06-30": "$2.98", "2010-03-31": "$0.29", "2009-12-31": "$-0.01", "2009-09-30": "$1.00", "2009-06-30": "$0.76", "2009-03-31": "$0.42", "2008-12-31": "$0.60", "2008-09-30": "$0.87", "2008-06-30": "$0.51", "2008-03-31": "$1.18", "2007-12-31": "$0.37", "2007-09-30": "$3.62", "2007-06-30": "$-0.76", "2007-03-31": "$0.65", "2006-12-31": "$0.04", "2006-09-30": "$0.93", "2006-06-30": "$0.23", "2006-03-31": "$0.77", "2005-12-31": "$0.37", "2005-09-30": "$0.02", "2005-06-30": "$0.49", "2005-03-31": "$0.63"}}, "shares-outstanding": {"Dominion Energy Annual Shares Outstanding (Millions of Shares)": {"2019": "809", "2018": "655", "2017": "636", "2016": "617", "2015": "594", "2014": "585", "2013": "580", "2012": "574", "2011": "575", "2010": "590", "2009": "594", "2008": "581", "2007": "655", "2006": "703", "2005": "689"}, "Dominion Energy Quarterly Shares Outstanding (Millions of Shares)": {"2020-09-30": "834", "2020-06-30": "839", "2020-03-31": "838", "2019-12-31": "809", "2019-09-30": "813", "2019-06-30": "803", "2019-03-31": "793", "2018-12-31": "655", "2018-09-30": "655", "2018-06-30": "653", "2018-03-31": "651", "2017-12-31": "636", "2017-09-30": "643", "2017-06-30": "629", "2017-03-31": "628", "2016-12-31": "617", "2016-09-30": "626", "2016-06-30": "617", "2016-03-31": "598", "2015-12-31": "594", "2015-09-30": "596", "2015-06-30": "593", "2015-03-31": "590", "2014-12-31": "585", "2014-09-30": "585", "2014-06-30": "584", "2014-03-31": "583", "2013-12-31": "580", "2013-09-30": "580", "2013-06-30": "579", "2013-03-31": "578", "2012-12-31": "574", "2012-09-30": "575", "2012-06-30": "573", "2012-03-31": "572", "2011-12-31": "575", "2011-09-30": "571", "2011-06-30": "575", "2011-03-31": "581", "2010-12-31": "590", "2010-09-30": "586", "2010-06-30": "591", "2010-03-31": "601", "2009-12-31": "594", "2009-09-30": "596", "2009-06-30": "594", "2009-03-31": "586", "2008-12-31": "581", "2008-09-30": "582", "2008-06-30": "581", "2008-03-31": "578", "2007-12-31": "655", "2007-09-30": "640", "2007-06-30": "698", "2007-03-31": "702", "2006-12-31": "703", "2006-09-30": "703", "2006-06-30": "701", "2006-03-31": "693", "2005-12-31": "689", "2005-09-30": "690", "2005-06-30": "684", "2005-03-31": "685"}}, "total-assets": {"Dominion Energy Annual Total Assets (Millions of US $)": {"2019": "$103,823", "2018": "$77,914", "2017": "$76,585", "2016": "$71,610", "2015": "$58,648", "2014": "$54,327", "2013": "$50,096", "2012": "$46,838", "2011": "$45,614", "2010": "$42,817", "2009": "$42,554", "2008": "$42,053", "2007": "$39,139", "2006": "$49,269", "2005": "$52,660"}, "Dominion Energy Quarterly Total Assets (Millions of US $)": {"2020-09-30": "$104,535", "2020-06-30": "$103,728", "2020-03-31": "$104,126", "2019-12-31": "$103,823", "2019-09-30": "$102,359", "2019-06-30": "$100,822", "2019-03-31": "$100,054", "2018-12-31": "$77,914", "2018-09-30": "$79,082", "2018-06-30": "$78,075", "2018-03-31": "$77,354", "2017-12-31": "$76,585", "2017-09-30": "$75,391", "2017-06-30": "$73,902", "2017-03-31": "$72,852", "2016-12-31": "$71,610", "2016-09-30": "$69,599", "2016-06-30": "$61,369", "2016-03-31": "$59,505", "2015-12-31": "$58,648", "2015-09-30": "$56,599", "2015-06-30": "$55,942", "2015-03-31": "$55,156", "2014-12-31": "$54,327", "2014-09-30": "$52,279", "2014-06-30": "$51,499", "2014-03-31": "$50,586", "2013-12-31": "$50,096", "2013-09-30": "$48,488", "2013-06-30": "$48,426", "2013-03-31": "$47,116", "2012-12-31": "$46,838", "2012-09-30": "$46,886", "2012-06-30": "$46,416", "2012-03-31": "$46,093", "2011-12-31": "$45,614", "2011-09-30": "$44,030", "2011-06-30": "$43,411", "2011-03-31": "$42,777", "2010-12-31": "$42,817", "2010-09-30": "$42,229", "2010-06-30": "$41,788", "2010-03-31": "$42,163", "2009-12-31": "$42,554", "2009-09-30": "$42,087", "2009-06-30": "$41,497", "2009-03-31": "$41,687", "2008-12-31": "$42,053", "2008-09-30": "$41,379", "2008-06-30": "$42,041", "2008-03-31": "$39,052", "2007-12-31": "$39,139", "2007-09-30": "$38,526", "2007-06-30": "$48,379", "2007-03-31": "$48,575", "2006-12-31": "$49,269", "2006-09-30": "$50,160", "2006-06-30": "$50,668", "2006-03-31": "$50,544", "2005-12-31": "$52,660", "2005-09-30": "$55,589", "2005-06-30": "$47,495", "2005-03-31": "$47,119"}}, "cash-on-hand": {"Dominion Energy Annual Cash on Hand (Millions of US $)": {"2019": "$166", "2018": "$268", "2017": "$120", "2016": "$261", "2015": "$607", "2014": "$318", "2013": "$316", "2012": "$248", "2011": "$102", "2010": "$62", "2009": "$48", "2008": "$66", "2007": "$283", "2006": "$138", "2005": "$146"}, "Dominion Energy Quarterly Cash on Hand (Millions of US $)": {"2020-09-30": "$413", "2020-06-30": "$675", "2020-03-31": "$1,192", "2019-12-31": "$135", "2019-09-30": "$378", "2019-06-30": "$382", "2019-03-31": "$422", "2018-12-31": "$268", "2018-09-30": "$310", "2018-06-30": "$190", "2018-03-31": "$189", "2017-12-31": "$120", "2017-09-30": "$227", "2017-06-30": "$260", "2017-03-31": "$486", "2016-12-31": "$261", "2016-09-30": "$251", "2016-06-30": "$893", "2016-03-31": "$218", "2015-12-31": "$607", "2015-09-30": "$238", "2015-06-30": "$271", "2015-03-31": "$275", "2014-12-31": "$318", "2014-09-30": "$218", "2014-06-30": "$419", "2014-03-31": "$228", "2013-12-31": "$316", "2013-09-30": "$287", "2013-06-30": "$190", "2013-03-31": "$35", "2012-12-31": "$248", "2012-09-30": "$81", "2012-06-30": "$162", "2012-03-31": "$133", "2011-12-31": "$102", "2011-09-30": "$212", "2011-06-30": "$80", "2011-03-31": "$188", "2010-12-31": "$62", "2010-09-30": "$446", "2010-06-30": "$411", "2010-03-31": "$85", "2009-12-31": "$48", "2009-09-30": "$50", "2009-06-30": "$64", "2009-03-31": "$141", "2008-12-31": "$66", "2008-09-30": "$88", "2008-06-30": "$88", "2008-03-31": "$79", "2007-12-31": "$283", "2007-09-30": "$469", "2007-06-30": "$40", "2007-03-31": "$103", "2006-12-31": "$138", "2006-09-30": "$126", "2006-06-30": "$81", "2006-03-31": "$69", "2005-12-31": "$146", "2005-09-30": "$1,237", "2005-06-30": "$44", "2005-03-31": "$271"}}, "long-term-debt": {"Dominion Energy Annual Long Term Debt (Millions of US $)": {"2019": "$33,824", "2018": "$31,144", "2017": "$30,948", "2016": "$30,231", "2015": "$23,468", "2014": "$21,805", "2013": "$19,330", "2012": "$16,851", "2011": "$17,394", "2010": "$15,758", "2009": "$15,481", "2008": "$14,956", "2007": "$13,235", "2006": "$14,791", "2005": "$14,653"}, "Dominion Energy Quarterly Long Term Debt (Millions of US $)": {"2020-09-30": "$33,145", "2020-06-30": "$37,146", "2020-03-31": "$34,615", "2019-12-31": "$28,998", "2019-09-30": "$33,635", "2019-06-30": "$36,648", "2019-03-31": "$36,861", "2018-12-31": "$31,144", "2018-09-30": "$32,188", "2018-06-30": "$32,115", "2018-03-31": "$31,120", "2017-12-31": "$30,948", "2017-09-30": "$30,886", "2017-06-30": "$30,155", "2017-03-31": "$31,096", "2016-12-31": "$30,231", "2016-09-30": "$28,707", "2016-06-30": "$24,787", "2016-03-31": "$24,186", "2015-12-31": "$23,468", "2015-09-30": "$23,245", "2015-06-30": "$23,054", "2015-03-31": "$21,353", "2014-12-31": "$21,805", "2014-09-30": "$20,666", "2014-06-30": "$20,473", "2014-03-31": "$20,458", "2013-12-31": "$19,330", "2013-09-30": "$18,548", "2013-06-30": "$18,043", "2013-03-31": "$17,277", "2012-12-31": "$16,851", "2012-09-30": "$17,144", "2012-06-30": "$17,003", "2012-03-31": "$17,079", "2011-12-31": "$17,394", "2011-09-30": "$17,153", "2011-06-30": "$16,500", "2011-03-31": "$16,798", "2010-12-31": "$15,758", "2010-09-30": "$16,023", "2010-06-30": "$15,349", "2010-03-31": "$15,364", "2009-12-31": "$15,481", "2009-09-30": "$16,223", "2009-06-30": "$15,707", "2009-03-31": "$14,899", "2008-12-31": "$14,956", "2008-09-30": "$14,117", "2008-06-30": "$14,204", "2008-03-31": "$12,811", "2007-12-31": "$13,235", "2007-09-30": "$12,478", "2007-06-30": "$14,336", "2007-03-31": "$14,321", "2006-12-31": "$14,791", "2006-09-30": "$14,372", "2006-06-30": "$15,703", "2006-03-31": "$15,015", "2005-12-31": "$14,653", "2005-09-30": "$16,697", "2005-06-30": "$15,139", "2005-03-31": "$14,600"}}, "total-liabilities": {"Dominion Energy Annual Total Liabilities (Millions of US $)": {"2019": "$69,790", "2018": "$55,866", "2017": "$57,215", "2016": "$54,770", "2015": "$45,046", "2014": "$42,370", "2013": "$38,454", "2012": "$36,213", "2011": "$34,111", "2010": "$30,820", "2009": "$31,369", "2008": "$31,976", "2007": "$29,733", "2006": "$36,356", "2005": "$42,263"}, "Dominion Energy Quarterly Total Liabilities (Millions of US $)": {"2020-09-30": "$76,469", "2020-06-30": "$72,844", "2020-03-31": "$71,374", "2019-12-31": "$69,790", "2019-09-30": "$72,402", "2019-06-30": "$72,441", "2019-03-31": "$72,455", "2018-12-31": "$55,866", "2018-09-30": "$58,656", "2018-06-30": "$58,039", "2018-03-31": "$57,312", "2017-12-31": "$57,215", "2017-09-30": "$56,889", "2017-06-30": "$56,697", "2017-03-31": "$55,671", "2016-12-31": "$54,770", "2016-09-30": "$53,407", "2016-06-30": "$45,917", "2016-03-31": "$45,490", "2015-12-31": "$45,046", "2015-09-30": "$43,323", "2015-06-30": "$43,087", "2015-03-31": "$42,740", "2014-12-31": "$42,370", "2014-09-30": "$40,706", "2014-06-30": "$39,932", "2014-03-31": "$38,887", "2013-12-31": "$38,454", "2013-09-30": "$37,246", "2013-06-30": "$37,366", "2013-03-31": "$36,188", "2012-12-31": "$36,213", "2012-09-30": "$35,008", "2012-06-30": "$34,463", "2012-03-31": "$34,124", "2011-12-31": "$34,111", "2011-09-30": "$32,398", "2011-06-30": "$31,731", "2011-03-31": "$30,834", "2010-12-31": "$30,820", "2010-09-30": "$30,134", "2010-06-30": "$29,642", "2010-03-31": "$31,112", "2009-12-31": "$31,369", "2009-09-30": "$30,760", "2009-06-30": "$30,487", "2009-03-31": "$30,978", "2008-12-31": "$31,976", "2008-09-30": "$30,914", "2008-06-30": "$33,166", "2008-03-31": "$29,527", "2007-12-31": "$29,733", "2007-09-30": "$29,278", "2007-06-30": "$35,802", "2007-03-31": "$35,612", "2006-12-31": "$36,356", "2006-09-30": "$36,612", "2006-06-30": "$38,559", "2006-03-31": "$39,103", "2005-12-31": "$42,263", "2005-09-30": "$45,813", "2005-06-30": "$36,717", "2005-03-31": "$36,446"}}, "total-share-holder-equity": {"Dominion Energy Annual Share Holder Equity (Millions of US $)": {"2019": "$34,033", "2018": "$22,048", "2017": "$19,370", "2016": "$16,840", "2015": "$13,602", "2014": "$11,957", "2013": "$11,642", "2012": "$10,625", "2011": "$11,503", "2010": "$11,997", "2009": "$11,185", "2008": "$10,077", "2007": "$9,406", "2006": "$12,913", "2005": "$10,397"}, "Dominion Energy Quarterly Share Holder Equity (Millions of US $)": {"2020-09-30": "$28,066", "2020-06-30": "$30,884", "2020-03-31": "$32,752", "2019-12-31": "$34,033", "2019-09-30": "$29,957", "2019-06-30": "$28,381", "2019-03-31": "$27,599", "2018-12-31": "$22,048", "2018-09-30": "$20,426", "2018-06-30": "$20,036", "2018-03-31": "$20,042", "2017-12-31": "$19,370", "2017-09-30": "$18,502", "2017-06-30": "$17,205", "2017-03-31": "$17,181", "2016-12-31": "$16,840", "2016-09-30": "$16,192", "2016-06-30": "$15,452", "2016-03-31": "$14,015", "2015-12-31": "$13,602", "2015-09-30": "$13,276", "2015-06-30": "$12,855", "2015-03-31": "$12,416", "2014-12-31": "$11,957", "2014-09-30": "$11,573", "2014-06-30": "$11,567", "2014-03-31": "$11,699", "2013-12-31": "$11,642", "2013-09-30": "$11,242", "2013-06-30": "$11,060", "2013-03-31": "$10,928", "2012-12-31": "$10,625", "2012-09-30": "$11,878", "2012-06-30": "$11,953", "2012-03-31": "$11,969", "2011-12-31": "$11,503", "2011-09-30": "$11,632", "2011-06-30": "$11,680", "2011-03-31": "$11,943", "2010-12-31": "$11,997", "2010-09-30": "$12,095", "2010-06-30": "$12,146", "2010-03-31": "$11,051", "2009-12-31": "$11,185", "2009-09-30": "$11,327", "2009-06-30": "$11,010", "2009-03-31": "$10,709", "2008-12-31": "$10,077", "2008-09-30": "$10,465", "2008-06-30": "$8,875", "2008-03-31": "$9,525", "2007-12-31": "$9,406", "2007-09-30": "$9,248", "2007-06-30": "$12,577", "2007-03-31": "$12,963", "2006-12-31": "$12,913", "2006-09-30": "$13,548", "2006-06-30": "$12,109", "2006-03-31": "$11,441", "2005-12-31": "$10,397", "2005-09-30": "$9,776", "2005-06-30": "$10,778", "2005-03-31": "$10,673"}}, "profit-margins": {"current": "0.1%"}, "gross margin": {"2020-09-30": "79.36%", "2020-06-30": "77.89%", "2020-03-31": "76.18%", "2019-12-31": "72.47%", "2019-09-30": "70.45%", "2019-06-30": "70.61%", "2019-03-31": "70.61%", "2018-12-31": "73.21%", "2018-09-30": "73.61%", "2018-06-30": "74.08%", "2018-03-31": "74.40%", "2017-12-31": "76.10%", "2017-09-30": "76.85%", "2017-06-30": "76.81%", "2017-03-31": "75.96%", "2016-12-31": "75.37%", "2016-09-30": "74.38%", "2016-06-30": "72.93%", "2016-03-31": "72.04%", "2015-12-31": "69.13%", "2015-09-30": "67.22%", "2015-06-30": "65.44%", "2015-03-31": "63.56%", "2014-12-31": "58.86%", "2014-09-30": "57.23%", "2014-06-30": "55.48%", "2014-03-31": "54.41%", "2013-12-31": "57.52%", "2013-09-30": "58.01%", "2013-06-30": "58.80%", "2013-03-31": "59.28%", "2012-12-31": "59.42%", "2012-09-30": "58.24%", "2012-06-30": "56.66%", "2012-03-31": "55.84%", "2011-12-31": "55.25%", "2011-09-30": "56.08%", "2011-06-30": "56.67%", "2011-03-31": "56.68%", "2010-12-31": "56.21%", "2010-09-30": "53.62%", "2010-06-30": "54.08%", "2010-03-31": "54.33%", "2009-12-31": "53.40%", "2009-09-30": "54.41%", "2009-06-30": "51.97%", "2009-03-31": "51.56%", "2008-12-31": "52.19%", "2008-09-30": "50.04%", "2008-06-30": "52.99%", "2008-03-31": "53.85%", "2007-12-31": "53.85%", "2007-09-30": "57.50%", "2007-06-30": "57.57%", "2007-03-31": "58.41%", "2006-12-31": "58.64%", "2006-09-30": "54.34%", "2006-06-30": "50.36%", "2006-03-31": "49.05%", "2005-12-31": "48.82%"}, "operating margin": {"2020-09-30": "15.79%", "2020-06-30": "22.03%", "2020-03-31": "21.07%", "2019-12-31": "15.17%", "2019-09-30": "12.80%", "2019-06-30": "13.41%", "2019-03-31": "16.31%", "2018-12-31": "26.94%", "2018-09-30": "28.15%", "2018-06-30": "28.76%", "2018-03-31": "29.47%", "2017-12-31": "31.28%", "2017-09-30": "29.08%", "2017-06-30": "29.13%", "2017-03-31": "29.88%", "2016-12-31": "29.38%", "2016-09-30": "30.75%", "2016-06-30": "31.00%", "2016-03-31": "30.51%", "2015-12-31": "30.27%", "2015-09-30": "29.30%", "2015-06-30": "27.44%", "2015-03-31": "24.19%", "2014-12-31": "21.88%", "2014-09-30": "22.77%", "2014-06-30": "22.97%", "2014-03-31": "23.85%", "2013-12-31": "25.27%", "2013-09-30": "25.11%", "2013-06-30": "21.57%", "2013-03-31": "22.14%", "2012-12-31": "22.27%", "2012-09-30": "19.77%", "2012-06-30": "21.29%", "2012-03-31": "21.63%", "2011-12-31": "20.92%", "2011-09-30": "23.42%", "2011-06-30": "25.07%", "2011-03-31": "41.04%", "2010-12-31": "39.20%", "2010-09-30": "33.44%", "2010-06-30": "33.97%", "2010-03-31": "18.35%", "2009-12-31": "17.36%", "2009-09-30": "21.43%", "2009-06-30": "20.25%", "2009-03-31": "19.15%", "2008-12-31": "21.92%", "2008-09-30": "23.80%", "2008-06-30": "47.39%", "2008-03-31": "38.79%", "2007-12-31": "37.59%", "2007-09-30": "32.57%", "2007-06-30": "14.88%", "2007-03-31": "20.12%", "2006-12-31": "19.55%", "2006-09-30": "19.40%", "2006-06-30": "12.55%", "2006-03-31": "13.73%", "2005-12-31": "13.40%"}, "ebitda margin": {"2020-09-30": "33.33%", "2020-06-30": "39.87%", "2020-03-31": "38.52%", "2019-12-31": "33.13%", "2019-09-30": "31.57%", "2019-06-30": "31.48%", "2019-03-31": "34.06%", "2018-12-31": "44.00%", "2018-09-30": "45.24%", "2018-06-30": "45.91%", "2018-03-31": "47.04%", "2017-12-31": "48.78%", "2017-09-30": "46.52%", "2017-06-30": "45.92%", "2017-03-31": "46.05%", "2016-12-31": "45.13%", "2016-09-30": "46.31%", "2016-06-30": "46.39%", "2016-03-31": "45.51%", "2015-12-31": "44.55%", "2015-09-30": "42.87%", "2015-06-30": "40.89%", "2015-03-31": "37.26%", "2014-12-31": "34.42%", "2014-09-30": "34.26%", "2014-06-30": "33.76%", "2014-03-31": "34.44%", "2013-12-31": "35.87%", "2013-09-30": "36.36%", "2013-06-30": "32.92%", "2013-03-31": "33.38%", "2012-12-31": "33.51%", "2012-09-30": "31.19%", "2012-06-30": "31.94%", "2012-03-31": "31.73%", "2011-12-31": "30.28%", "2011-09-30": "32.10%", "2011-06-30": "33.57%", "2011-03-31": "49.51%", "2010-12-31": "47.63%", "2010-09-30": "42.36%", "2010-06-30": "43.11%", "2010-03-31": "27.49%", "2009-12-31": "26.27%", "2009-09-30": "29.63%", "2009-06-30": "28.03%", "2009-03-31": "26.73%", "2008-12-31": "29.41%", "2008-09-30": "31.67%", "2008-06-30": "55.77%", "2008-03-31": "48.23%", "2007-12-31": "47.93%", "2007-09-30": "42.59%", "2007-06-30": "25.33%", "2007-03-31": "30.61%", "2006-12-31": "29.62%", "2006-09-30": "29.18%", "2006-06-30": "21.78%", "2006-03-31": "22.45%", "2005-12-31": "22.04%"}, "pre tax profit margin": {"2020-09-30": "-3.71%", "2020-06-30": "1.44%", "2020-03-31": "11.81%", "2019-12-31": "10.42%", "2019-09-30": "7.73%", "2019-06-30": "9.84%", "2019-03-31": "13.85%", "2018-12-31": "23.41%", "2018-09-30": "22.64%", "2018-06-30": "21.75%", "2018-03-31": "22.12%", "2017-12-31": "24.55%", "2017-09-30": "24.51%", "2017-06-30": "24.53%", "2017-03-31": "25.46%", "2016-12-31": "24.43%", "2016-09-30": "24.62%", "2016-06-30": "24.49%", "2016-03-31": "24.11%", "2015-12-31": "24.21%", "2015-09-30": "21.33%", "2015-06-30": "20.00%", "2015-03-31": "16.75%", "2014-12-31": "14.30%", "2014-09-30": "17.13%", "2014-06-30": "17.73%", "2014-03-31": "18.79%", "2013-12-31": "20.61%", "2013-09-30": "20.70%", "2013-06-30": "17.05%", "2013-03-31": "17.54%", "2012-12-31": "17.65%", "2012-09-30": "15.88%", "2012-06-30": "16.81%", "2012-03-31": "17.16%", "2011-12-31": "16.43%", "2011-09-30": "18.31%", "2011-06-30": "20.48%", "2011-03-31": "36.22%", "2010-12-31": "34.80%", "2010-09-30": "28.88%", "2010-06-30": "29.85%", "2010-03-31": "14.69%", "2009-12-31": "12.66%", "2009-09-30": "16.47%", "2009-06-30": "14.84%", "2009-03-31": "13.39%", "2008-12-31": "16.44%", "2008-09-30": "18.20%", "2008-06-30": "40.04%", "2008-03-31": "31.41%", "2007-12-31": "30.44%", "2007-09-30": "25.84%", "2007-06-30": "9.41%", "2007-03-31": "14.76%", "2006-12-31": "14.26%", "2006-09-30": "14.53%", "2006-06-30": "8.05%", "2006-03-31": "9.29%", "2005-12-31": "9.02%"}, "net profit margin": {"2020-09-30": "-0.64%", "2020-06-30": "3.05%", "2020-03-31": "10.18%", "2019-12-31": "8.19%", "2019-09-30": "6.61%", "2019-06-30": "5.94%", "2019-03-31": "9.19%", "2018-12-31": "18.31%", "2018-09-30": "23.59%", "2018-06-30": "22.63%", "2018-03-31": "22.66%", "2017-12-31": "23.83%", "2017-09-30": "17.20%", "2017-06-30": "17.47%", "2017-03-31": "18.29%", "2016-12-31": "18.09%", "2016-09-30": "18.05%", "2016-06-30": "17.44%", "2016-03-31": "16.86%", "2015-12-31": "16.25%", "2015-09-30": "14.79%", "2015-06-30": "14.17%", "2015-03-31": "12.01%", "2014-12-31": "10.53%", "2014-09-30": "11.82%", "2014-06-30": "11.78%", "2014-03-31": "11.95%", "2013-12-31": "12.93%", "2013-09-30": "4.66%", "2013-06-30": "1.91%", "2013-03-31": "2.34%", "2012-12-31": "2.35%", "2012-09-30": "9.36%", "2012-06-30": "10.49%", "2012-03-31": "10.86%", "2011-12-31": "10.23%", "2011-09-30": "10.33%", "2011-06-30": "11.43%", "2011-03-31": "21.01%", "2010-12-31": "18.81%", "2010-09-30": "17.10%", "2010-06-30": "17.61%", "2010-03-31": "8.44%", "2009-12-31": "8.70%", "2009-09-30": "10.68%", "2009-06-30": "9.66%", "2009-03-31": "8.69%", "2008-12-31": "11.54%", "2008-09-30": "11.94%", "2008-06-30": "25.35%", "2008-03-31": "19.07%", "2007-12-31": "17.14%", "2007-09-30": "13.49%", "2007-06-30": "3.53%", "2007-03-31": "7.65%", "2006-12-31": "7.99%", "2006-09-30": "9.29%", "2006-06-30": "5.41%", "2006-03-31": "6.31%", "2005-12-31": "5.80%"}, "pe ratio": {"current": "17.53", "2021-02-11": "0.00", "2020-09-30": "0.00", "2020-06-30": "107.55", "2020-03-31": "31.82", "2019-12-31": "47.25", "2019-09-30": "57.75", "2019-06-30": "49.61", "2019-03-31": "33.79", "2018-12-31": "17.52", "2018-09-30": "12.68", "2018-06-30": "12.86", "2018-03-31": "12.74", "2017-12-31": "14.40", "2017-09-30": "19.62", "2017-06-30": "18.96", "2017-03-31": "18.43", "2016-12-31": "18.70", "2016-09-30": "18.67", "2016-06-30": "20.01", "2016-03-31": "19.28", "2015-12-31": "17.03", "2015-09-30": "18.59", "2015-06-30": "18.10", "2015-03-31": "22.28", "2014-12-31": "26.74", "2014-09-30": "20.85", "2014-06-30": "20.75", "2014-03-31": "19.82", "2013-12-31": "16.62", "2013-09-30": "30.48", "2013-06-30": "46.15", "2013-03-31": "42.14", "2012-12-31": "37.14", "2012-09-30": "18.78", "2012-06-30": "16.31", "2012-03-31": "14.51", "2011-12-31": "15.12", "2011-09-30": "13.87", "2011-06-30": "11.71", "2011-03-31": "5.79", "2010-12-31": "6.09", "2010-09-30": "6.36", "2010-06-30": "5.56", "2010-03-31": "11.39", "2009-12-31": "10.10", "2009-09-30": "7.83", "2009-06-30": "7.85", "2009-03-31": "7.92", "2008-12-31": "6.86", "2008-09-30": "8.31", "2008-06-30": "4.83", "2008-03-31": "5.26", "2007-12-31": "6.86", "2007-09-30": "6.85", "2007-06-30": "28.92", "2007-03-31": "13.67", "2006-12-31": "12.03"}, "price sales": {"2021-02-11": "3.64", "2020-09-30": "3.90", "2020-06-30": "3.90", "2020-03-31": "3.32", "2019-12-31": "3.85", "2019-09-30": "3.92", "2019-06-30": "3.58", "2019-03-31": "3.55", "2018-12-31": "3.19", "2018-09-30": "3.12", "2018-06-30": "3.04", "2018-03-31": "3.01", "2017-12-31": "3.56", "2017-09-30": "3.36", "2017-06-30": "3.30", "2017-03-31": "3.36", "2016-12-31": "3.37", "2016-09-30": "3.36", "2016-06-30": "3.49", "2016-03-31": "3.26", "2015-12-31": "2.77", "2015-09-30": "2.76", "2015-06-30": "2.57", "2015-03-31": "2.67", "2014-12-31": "2.81", "2014-09-30": "2.45", "2014-06-30": "2.44", "2014-03-31": "2.37", "2013-12-31": "2.15", "2013-09-30": "2.07", "2013-06-30": "1.87", "2013-03-31": "1.89", "2012-12-31": "1.68", "2012-09-30": "1.75", "2012-06-30": "1.71", "2012-03-31": "1.57", "2011-12-31": "1.54", "2011-09-30": "1.39", "2011-06-30": "1.30", "2011-03-31": "1.19", "2010-12-31": "1.13", "2010-09-30": "1.17", "2010-06-30": "1.05", "2010-03-31": "1.10", "2009-12-31": "0.99", "2009-09-30": "0.83", "2009-06-30": "0.75", "2009-03-31": "0.69", "2008-12-31": "0.79", "2008-09-30": "1.02", "2008-06-30": "1.21", "2008-03-31": "1.05", "2007-12-31": "1.26", "2007-09-30": "0.99", "2007-06-30": "1.01", "2007-03-31": "1.04", "2006-12-31": "0.96"}, "price book": {"current": "2.32", "2021-02-11": "2.12", "2020-09-30": "2.28", "2020-06-30": "2.16", "2020-03-31": "1.79", "2019-12-31": "1.95", "2019-09-30": "2.11", "2019-06-30": "2.05", "2019-03-31": "2.06", "2018-12-31": "2.02", "2018-09-30": "2.04", "2018-06-30": "1.99", "2018-03-31": "1.94", "2017-12-31": "2.35", "2017-09-30": "2.31", "2017-06-30": "2.40", "2017-03-31": "2.41", "2016-12-31": "2.40", "2016-09-30": "2.39", "2016-06-30": "2.56", "2016-03-31": "2.61", "2015-12-31": "2.39", "2015-09-30": "2.52", "2015-06-30": "2.45", "2015-03-31": "2.64", "2014-12-31": "2.93", "2014-09-30": "2.69", "2014-06-30": "2.76", "2014-03-31": "2.68", "2013-12-31": "2.43", "2013-09-30": "2.41", "2013-06-30": "2.20", "2013-03-31": "2.25", "2012-12-31": "2.03", "2012-09-30": "1.84", "2012-06-30": "1.84", "2012-03-31": "1.72", "2011-12-31": "1.83", "2011-09-30": "1.71", "2011-06-30": "1.60", "2011-03-31": "1.45", "2010-12-31": "1.38", "2010-09-30": "1.38", "2010-06-30": "1.23", "2010-03-31": "1.43", "2009-12-31": "1.33", "2009-09-30": "1.15", "2009-06-30": "1.12", "2009-03-31": "1.05", "2008-12-31": "1.25", "2008-09-30": "1.42", "2008-06-30": "1.84", "2008-03-31": "1.46", "2007-12-31": "1.70", "2007-09-30": "1.52", "2007-06-30": "1.37", "2007-03-31": "1.36", "2006-12-31": "1.28", "2006-09-30": "1.12", "2006-06-30": "1.21", "2006-03-31": "1.15"}, "price fcf": {"2021-02-10": "", "2020-09-30": "$0.21", "2020-06-30": "$0.29", "2020-03-31": "$0.27", "2019-12-31": "$0.28", "2019-09-30": "$0.51", "2019-06-30": "$0.46", "2019-03-31": "$0.81", "2018-12-31": "$0.79", "2018-09-30": "$0.04", "2018-06-30": "$-0.38", "2018-03-31": "$-1.26", "2017-12-31": "$-1.58", "2017-09-30": "$-2.00", "2017-06-30": "$-1.92", "2017-03-31": "$-2.74", "2016-12-31": "$-3.13", "2016-09-30": "$-3.39", "2016-06-30": "$-3.33", "2016-03-31": "$-2.56", "2015-12-31": "$-1.85", "2015-09-30": "$-1.28", "2015-06-30": "$-2.00", "2015-03-31": "$-2.43", "2014-12-31": "$-3.26", "2014-09-30": "$-3.36", "2014-06-30": "$-2.45", "2014-03-31": "$-1.98", "2013-12-31": "$-1.09", "2013-09-30": "$-1.03", "2013-06-30": "$-1.03", "2013-03-31": "$-0.88", "2012-12-31": "$-0.01", "2012-09-30": "$0.22", "2012-06-30": "$0.21", "2012-03-31": "$-0.22", "2011-12-31": "$-1.16", "2011-09-30": "$-2.02", "2011-06-30": "$-2.89", "2011-03-31": "$-3.77", "2010-12-31": "$-2.71", "2010-09-30": "$-1.32", "2010-06-30": "$-0.70", "2010-03-31": "$0.06", "2009-12-31": "$-0.09", "2009-09-30": "$0.45", "2009-06-30": "$0.54", "2009-03-31": "$-0.16", "2008-12-31": "$-1.51", "2008-09-30": "$-6.72", "2008-06-30": "$-7.72", "2008-03-31": "$-6.90", "2007-12-31": "$-6.41", "2007-09-30": "$-1.87", "2007-06-30": "$-0.17", "2007-03-31": "$0.64", "2006-12-31": "$0.49"}, "net worth": {"value": "$59.64B"}, "current ratio": {"current": "1.13", "2020-09-30": "1.13", "2020-06-30": "0.64", "2020-03-31": "0.63", "2019-12-31": "0.61", "2019-09-30": "0.51", "2019-06-30": "0.60", "2019-03-31": "0.61", "2018-12-31": "0.68", "2018-09-30": "0.62", "2018-06-30": "0.52", "2018-03-31": "0.46", "2017-12-31": "0.45", "2017-09-30": "0.47", "2017-06-30": "0.41", "2017-03-31": "0.55", "2016-12-31": "0.52", "2016-09-30": "0.42", "2016-06-30": "0.57", "2016-03-31": "0.49", "2015-12-31": "0.52", "2015-09-30": "0.61", "2015-06-30": "0.66", "2015-03-31": "0.63", "2014-12-31": "0.78", "2014-09-30": "0.72", "2014-06-30": "0.77", "2014-03-31": "0.86", "2013-12-31": "0.85", "2013-09-30": "0.81", "2013-06-30": "0.80", "2013-03-31": "0.74", "2012-12-31": "0.66", "2012-09-30": "0.71", "2012-06-30": "0.69", "2012-03-31": "0.75", "2011-12-31": "0.78", "2011-09-30": "0.96", "2011-06-30": "0.90", "2011-03-31": "1.10", "2010-12-31": "0.94", "2010-09-30": "1.22", "2010-06-30": "1.12", "2010-03-31": "0.93", "2009-12-31": "1.00", "2009-09-30": "1.26", "2009-06-30": "1.19", "2009-03-31": "1.04", "2008-12-31": "0.98", "2008-09-30": "0.92", "2008-06-30": "0.91", "2008-03-31": "0.82", "2007-12-31": "0.86", "2007-09-30": "0.81", "2007-06-30": "0.68", "2007-03-31": "0.66", "2006-12-31": "0.72", "2006-09-30": "0.69", "2006-06-30": "0.77", "2006-03-31": "0.75", "2005-12-31": "0.70", "2005-09-30": "0.86", "2005-06-30": "0.75", "2005-03-31": "0.77"}, "quick ratio": {"2020-09-30": "1.04", "2020-06-30": "0.46", "2020-03-31": "0.47", "2019-12-31": "0.45", "2019-09-30": "0.37", "2019-06-30": "0.42", "2019-03-31": "0.44", "2018-12-31": "0.49", "2018-09-30": "0.46", "2018-06-30": "0.36", "2018-03-31": "0.31", "2017-12-31": "0.30", "2017-09-30": "0.29", "2017-06-30": "0.26", "2017-03-31": "0.36", "2016-12-31": "0.34", "2016-09-30": "0.25", "2016-06-30": "0.38", "2016-03-31": "0.32", "2015-12-31": "0.35", "2015-09-30": "0.42", "2015-06-30": "0.47", "2015-03-31": "0.48", "2014-12-31": "0.58", "2014-09-30": "0.54", "2014-06-30": "0.59", "2014-03-31": "0.70", "2013-12-31": "0.68", "2013-09-30": "0.62", "2013-06-30": "0.64", "2013-03-31": "0.59", "2012-12-31": "0.50", "2012-09-30": "0.52", "2012-06-30": "0.51", "2012-03-31": "0.57", "2011-12-31": "0.59", "2011-09-30": "0.72", "2011-06-30": "0.68", "2011-03-31": "0.86", "2010-12-31": "0.73", "2010-09-30": "0.97", "2010-06-30": "0.93", "2010-03-31": "0.78", "2009-12-31": "0.82", "2009-09-30": "1.04", "2009-06-30": "1.01", "2009-03-31": "0.91", "2008-12-31": "0.83", "2008-09-30": "0.77", "2008-06-30": "0.80", "2008-03-31": "0.71", "2007-12-31": "0.73", "2007-09-30": "0.69", "2007-06-30": "0.59", "2007-03-31": "0.59", "2006-12-31": "0.62", "2006-09-30": "0.59", "2006-06-30": "0.68", "2006-03-31": "0.67", "2005-12-31": "0.62", "2005-09-30": "0.78", "2005-06-30": "0.66", "2005-03-31": "0.70"}, "debt equity ratio": {"current": "1.29", "2020-09-30": "2.73", "2020-06-30": "2.36", "2020-03-31": "2.18", "2019-12-31": "2.05", "2019-09-30": "2.42", "2019-06-30": "2.55", "2019-03-31": "2.63", "2018-12-31": "2.53", "2018-09-30": "2.87", "2018-06-30": "2.90", "2018-03-31": "2.86", "2017-12-31": "2.95", "2017-09-30": "3.08", "2017-06-30": "3.30", "2017-03-31": "3.24", "2016-12-31": "3.25", "2016-09-30": "3.30", "2016-06-30": "2.97", "2016-03-31": "3.25", "2015-12-31": "3.31", "2015-09-30": "3.26", "2015-06-30": "3.35", "2015-03-31": "3.44", "2014-12-31": "3.54", "2014-09-30": "3.52", "2014-06-30": "3.45", "2014-03-31": "3.32", "2013-12-31": "3.30", "2013-09-30": "3.31", "2013-06-30": "3.38", "2013-03-31": "3.31", "2012-12-31": "3.41", "2012-09-30": "2.95", "2012-06-30": "2.88", "2012-03-31": "2.85", "2011-12-31": "2.97", "2011-09-30": "2.79", "2011-06-30": "2.72", "2011-03-31": "2.58", "2010-12-31": "2.57", "2010-09-30": "2.49", "2010-06-30": "2.44", "2010-03-31": "2.82", "2009-12-31": "2.81", "2009-09-30": "2.72", "2009-06-30": "2.77", "2009-03-31": "2.89", "2008-12-31": "3.17", "2008-09-30": "2.95", "2008-06-30": "3.74", "2008-03-31": "3.10", "2007-12-31": "3.16", "2007-09-30": "3.17", "2007-06-30": "2.85", "2007-03-31": "2.75", "2006-12-31": "2.82", "2006-09-30": "2.70", "2006-06-30": "3.18", "2006-03-31": "3.42", "2005-12-31": "4.07", "2005-09-30": "4.69", "2005-06-30": "3.41", "2005-03-31": "3.42"}, "return on equity": {"2020-09-30": "-0.34%", "2020-06-30": "1.61%", "2020-03-31": "5.60%", "2019-12-31": "4.53%", "2019-09-30": "3.67%", "2019-06-30": "3.53%", "2019-03-31": "5.61%", "2018-12-31": "11.86%", "2018-09-30": "15.61%", "2018-06-30": "15.03%", "2018-03-31": "15.28%", "2017-12-31": "16.60%", "2017-09-30": "12.30%", "2017-06-30": "12.87%", "2017-03-31": "13.59%", "2016-12-31": "13.59%", "2016-09-30": "13.65%", "2016-06-30": "13.67%", "2016-03-31": "14.04%", "2015-12-31": "14.57%", "2015-09-30": "14.14%", "2015-06-30": "14.11%", "2015-03-31": "12.35%", "2014-12-31": "11.20%", "2014-09-30": "12.89%", "2014-06-30": "13.33%", "2014-03-31": "13.86%", "2013-12-31": "15.13%", "2013-09-30": "5.54%", "2013-06-30": "2.22%", "2013-03-31": "2.67%", "2012-12-31": "2.60%", "2012-09-30": "9.83%", "2012-06-30": "11.43%", "2012-03-31": "12.17%", "2011-12-31": "12.04%", "2011-09-30": "12.74%", "2011-06-30": "14.15%", "2011-03-31": "25.84%", "2010-12-31": "23.75%", "2010-09-30": "21.52%", "2010-06-30": "22.05%", "2010-03-31": "10.89%", "2009-12-31": "11.64%", "2009-09-30": "15.25%", "2009-06-30": "14.75%", "2009-03-31": "13.98%", "2008-12-31": "18.84%", "2008-09-30": "18.66%", "2008-06-30": "38.80%", "2008-03-31": "27.15%", "2007-12-31": "22.98%", "2007-09-30": "19.04%", "2007-06-30": "4.68%", "2007-03-31": "10.08%", "2006-12-31": "11.04%", "2006-09-30": "13.53%", "2006-06-30": "8.85%", "2006-03-31": "10.74%", "2005-12-31": "9.93%"}, "return on assets": {"2020-09-30": "-0.10%", "2020-06-30": "0.50%", "2020-03-31": "1.70%", "2019-12-31": "1.33%", "2019-09-30": "1.04%", "2019-06-30": "0.97%", "2019-03-31": "1.51%", "2018-12-31": "3.13%", "2018-09-30": "4.01%", "2018-06-30": "3.81%", "2018-03-31": "3.79%", "2017-12-31": "4.02%", "2017-09-30": "2.92%", "2017-06-30": "3.01%", "2017-03-31": "3.24%", "2016-12-31": "3.24%", "2016-09-30": "3.25%", "2016-06-30": "3.26%", "2016-03-31": "3.27%", "2015-12-31": "3.36%", "2015-09-30": "3.22%", "2015-06-30": "3.16%", "2015-03-31": "2.75%", "2014-12-31": "2.51%", "2014-09-30": "2.93%", "2014-06-30": "3.07%", "2014-03-31": "3.20%", "2013-12-31": "3.50%", "2013-09-30": "1.27%", "2013-06-30": "0.52%", "2013-03-31": "0.65%", "2012-12-31": "0.65%", "2012-09-30": "2.51%", "2012-06-30": "2.95%", "2012-03-31": "3.18%", "2011-12-31": "3.20%", "2011-09-30": "3.48%", "2011-06-30": "3.94%", "2011-03-31": "7.34%", "2010-12-31": "6.65%", "2010-09-30": "5.93%", "2010-06-30": "5.98%", "2010-03-31": "2.88%", "2009-12-31": "3.07%", "2009-09-30": "3.93%", "2009-06-30": "3.74%", "2009-03-31": "3.35%", "2008-12-31": "4.46%", "2008-09-30": "4.42%", "2008-06-30": "9.06%", "2008-03-31": "6.70%", "2007-12-31": "5.82%", "2007-09-30": "4.92%", "2007-06-30": "1.24%", "2007-03-31": "2.62%", "2006-12-31": "2.75%", "2006-09-30": "3.15%", "2006-06-30": "1.85%", "2006-03-31": "2.21%", "2005-12-31": "2.04%"}, "return on investments": {"2020-09-30": "4.05%", "2020-06-30": "5.66%", "2020-03-31": "5.60%", "2019-12-31": "3.93%", "2019-09-30": "3.11%", "2019-06-30": "3.34%", "2019-03-31": "4.04%", "2018-12-31": "6.89%", "2018-09-30": "7.21%", "2018-06-30": "7.33%", "2018-03-31": "7.53%", "2017-12-31": "8.06%", "2017-09-30": "7.55%", "2017-06-30": "7.71%", "2017-03-31": "8.08%", "2016-12-31": "8.09%", "2016-09-30": "8.59%", "2016-06-30": "9.01%", "2016-03-31": "9.25%", "2015-12-31": "9.87%", "2015-09-30": "10.11%", "2015-06-30": "9.83%", "2015-03-31": "8.97%", "2014-12-31": "8.36%", "2014-09-30": "9.06%", "2014-06-30": "9.60%", "2014-03-31": "10.34%", "2013-12-31": "11.23%", "2013-09-30": "11.43%", "2013-06-30": "9.81%", "2013-03-31": "10.10%", "2012-12-31": "9.98%", "2012-09-30": "8.46%", "2012-06-30": "9.44%", "2012-03-31": "9.87%", "2011-12-31": "10.05%", "2011-09-30": "12.03%", "2011-06-30": "13.13%", "2011-03-31": "21.69%", "2010-12-31": "21.32%", "2010-09-30": "18.00%", "2010-06-30": "17.98%", "2010-03-31": "9.83%", "2009-12-31": "9.65%", "2009-09-30": "12.58%", "2009-06-30": "12.82%", "2009-03-31": "12.57%", "2008-12-31": "14.66%", "2008-09-30": "15.37%", "2008-06-30": "29.93%", "2008-03-31": "24.05%", "2007-12-31": "22.60%", "2007-09-30": "21.17%", "2007-06-30": "9.34%", "2007-03-31": "12.34%", "2006-12-31": "12.30%", "2006-09-30": "12.51%", "2006-06-30": "8.48%", "2006-03-31": "9.53%", "2005-12-31": "9.30%"}, "return on tangible equity": {"2020-09-30": "-0.46%", "2020-06-30": "2.22%", "2020-03-31": "7.86%", "2019-12-31": "6.54%", "2019-09-30": "5.54%", "2019-06-30": "5.33%", "2019-03-31": "8.38%", "2018-12-31": "17.40%", "2018-09-30": "23.28%", "2018-06-30": "22.69%", "2018-03-31": "23.51%", "2017-12-31": "26.10%", "2017-09-30": "19.71%", "2017-06-30": "21.06%", "2017-03-31": "20.97%", "2016-12-31": "19.99%", "2016-09-30": "19.08%", "2016-06-30": "18.08%", "2016-03-31": "18.87%", "2015-12-31": "19.78%", "2015-09-30": "19.29%", "2015-06-30": "19.36%", "2015-03-31": "17.00%", "2014-12-31": "15.39%", "2014-09-30": "17.78%", "2014-06-30": "18.46%", "2014-03-31": "19.32%", "2013-12-31": "21.29%", "2013-09-30": "7.87%", "2013-06-30": "3.14%", "2013-03-31": "3.75%", "2012-12-31": "3.62%", "2012-09-30": "13.63%", "2012-06-30": "15.89%", "2012-03-31": "16.95%", "2011-12-31": "16.78%", "2011-09-30": "17.68%", "2011-06-30": "19.57%", "2011-03-31": "35.60%", "2010-12-31": "33.08%", "2010-09-30": "30.43%", "2010-06-30": "31.76%", "2010-03-31": "16.04%", "2009-12-31": "17.35%", "2009-09-30": "23.16%", "2009-06-30": "22.63%", "2009-03-31": "22.07%", "2008-12-31": "30.27%", "2008-09-30": "30.15%", "2008-06-30": "63.97%", "2008-03-31": "43.50%", "2007-12-31": "36.15%", "2007-09-30": "29.52%", "2007-06-30": "7.23%", "2007-03-31": "15.69%", "2006-12-31": "17.49%", "2006-09-30": "22.11%", "2006-06-30": "14.93%", "2006-03-31": "18.52%", "2005-12-31": "17.35%"}, "dividend yield history": {"last payout": "$2.52", "last yield": "3.45%"}}