{"ticker": "DAL", "price": {"title": "Delta Air Lines Historical Annual Stock Price Data", "value": 42.72, "historical": {"2020": {"Average Stock Price": "34.9764", "Year Open": "59.0400", "Year High": "62.0300", "Year Low": "19.1900", "Year Close": "40.2100", "Annual % Change": "-31.24%"}, "2019": {"Average Stock Price": "55.3041", "Year Open": "50.0900", "Year High": "63.1600", "Year Low": "45.6100", "Year Close": "58.4800", "Annual % Change": "17.19%"}, "2018": {"Average Stock Price": "54.4965", "Year Open": "56.7400", "Year High": "60.7100", "Year Low": "47.9600", "Year Close": "49.9000", "Annual % Change": "-10.89%"}, "2017": {"Average Stock Price": "49.9801", "Year Open": "49.4800", "Year High": "56.4300", "Year Low": "44.0300", "Year Close": "56.0000", "Annual % Change": "13.84%"}, "2016": {"Average Stock Price": "43.1133", "Year Open": "48.6600", "Year High": "51.7800", "Year Low": "33.3600", "Year Close": "49.1900", "Annual % Change": "-2.96%"}, "2015": {"Average Stock Price": "46.1135", "Year Open": "49.1800", "Year High": "52.2600", "Year Low": "40.0000", "Year Close": "50.6900", "Annual % Change": "3.05%"}, "2014": {"Average Stock Price": "37.6149", "Year Open": "27.7000", "Year High": "49.2300", "Year Low": "27.7000", "Year Close": "49.1900", "Annual % Change": "79.07%"}, "2013": {"Average Stock Price": "20.0048", "Year Open": "12.2300", "Year High": "29.3400", "Year Low": "12.2300", "Year Close": "27.4700", "Annual % Change": "131.42%"}, "2012": {"Average Stock Price": "10.0748", "Year Open": "8.0400", "Year High": "12.1000", "Year Low": "8.0100", "Year Close": "11.8700", "Annual % Change": "46.72%"}, "2011": {"Average Stock Price": "9.2859", "Year Open": "12.5800", "Year High": "13.0000", "Year Low": "6.6200", "Year Close": "8.0900", "Annual % Change": "-35.79%"}, "2010": {"Average Stock Price": "12.6030", "Year Open": "11.2200", "Year High": "14.9300", "Year Low": "9.9600", "Year Close": "12.6000", "Annual % Change": "10.72%"}, "2009": {"Average Stock Price": "7.5333", "Year Open": "12.1300", "Year High": "12.3800", "Year Low": "3.9300", "Year Close": "11.3800", "Annual % Change": "-0.70%"}, "2008": {"Average Stock Price": "9.4677", "Year Open": "13.7900", "Year High": "18.5300", "Year Low": "4.6400", "Year Close": "11.4600", "Annual % Change": "-23.04%"}, "2007": {"Average Stock Price": "18.5580", "Year Open": "20.7200", "Year High": "21.5100", "Year Low": "14.1700", "Year Close": "14.8900", "Annual % Change": "0.00%"}}}, "market cap": {"value": "$27.11B"}, "income statement": {"Revenue": {"2020-12-31": "17095.00000", "2019-12-31": "47007.00000", "2018-12-31": "44438.00000", "2017-12-31": "41138.00000", "2016-12-31": "39450.00000", "2015-12-31": "40704.00000", "2014-12-31": "40362.00000", "2013-12-31": "37773.00000", "2012-12-31": "36670.00000", "2011-12-31": "35115.00000", "2010-12-31": "31755.00000", "2009-12-31": "28063.00000", "2008-12-31": "22697.00000", "2007-12-31": "19154.00000", "2006-12-31": "17532.00000", "2005-12-31": "16480.00000"}, "Cost Of Goods Sold": {"2020-12-31": "16970.00000", "2019-12-31": "29215.00000", "2018-12-31": "28048.00000", "2017-12-31": "24553.00000", "2016-12-31": "22567.00000", "2015-12-31": "27362.00000", "2014-12-31": "32172.00000", "2013-12-31": "29190.00000", "2012-12-31": "29296.00000", "2011-12-31": "28065.00000", "2010-12-31": "24422.00000", "2009-12-31": "23481.00000", "2008-12-31": "19206.00000", "2007-12-31": "15080.00000", "2006-12-31": "14822.00000", "2005-12-31": "14672.00000"}, "Gross Profit": {"2020-12-31": "125.00000", "2019-12-31": "17792.00000", "2018-12-31": "16390.00000", "2017-12-31": "16585.00000", "2016-12-31": "16883.00000", "2015-12-31": "13342.00000", "2014-12-31": "8190.00000", "2013-12-31": "8583.00000", "2012-12-31": "7374.00000", "2011-12-31": "7050.00000", "2010-12-31": "7333.00000", "2009-12-31": "4582.00000", "2008-12-31": "3491.00000", "2007-12-31": "4074.00000", "2006-12-31": "2710.00000", "2005-12-31": "1808.00000"}, "Research And Development Expenses": {"2020-12-31": "", "2019-12-31": "", "2018-12-31": "", "2017-12-31": "", "2016-12-31": "", "2015-12-31": "", "2014-12-31": "", "2013-12-31": "", "2012-12-31": "", "2011-12-31": "", "2010-12-31": "", "2009-12-31": "", "2008-12-31": "", "2007-12-31": "", "2006-12-31": "", "2005-12-31": ""}, "SG&A Expenses": {"2020-12-31": "3061.00000", "2019-12-31": "7348.00000", "2018-12-31": "7102.00000", "2017-12-31": "6902.00000", "2016-12-31": "5198.00000", "2015-12-31": "1672.00000", "2014-12-31": "1700.00000", "2013-12-31": "1603.00000", "2012-12-31": "1590.00000", "2011-12-31": "1682.00000", "2010-12-31": "1509.00000", "2009-12-31": "1405.00000", "2008-12-31": "1030.00000", "2007-12-31": "933.00000", "2006-12-31": "888.00000", "2005-12-31": "948.00000"}, "Other Operating Income Or Expenses": {"2020-12-31": "998.00000", "2019-12-31": "-1245.00000", "2018-12-31": "-1695.00000", "2017-12-31": "-1495.00000", "2016-12-31": "-2803.00000", "2015-12-31": "-2033.00000", "2014-12-31": "-1797.00000", "2013-12-31": "-1520.00000", "2012-12-31": "-1592.00000", "2011-12-31": "-1628.00000", "2010-12-31": "-1646.00000", "2009-12-31": "-1558.00000", "2008-12-31": "-8378.00000", "2007-12-31": "-881.00000", "2006-12-31": "-475.00000", "2005-12-31": "-700.00000"}, "Operating Expenses": {"2020-12-31": "29564.00000", "2019-12-31": "40389.00000", "2018-12-31": "39174.00000", "2017-12-31": "35172.00000", "2016-12-31": "32454.00000", "2015-12-31": "32902.00000", "2014-12-31": "38156.00000", "2013-12-31": "34373.00000", "2012-12-31": "34495.00000", "2011-12-31": "33140.00000", "2010-12-31": "29538.00000", "2009-12-31": "28387.00000", "2008-12-31": "31011.00000", "2007-12-31": "18058.00000", "2006-12-31": "17461.00000", "2005-12-31": "17593.00000"}, "Operating Income": {"2020-12-31": "-12469.00000", "2019-12-31": "6618.00000", "2018-12-31": "5264.00000", "2017-12-31": "5966.00000", "2016-12-31": "6996.00000", "2015-12-31": "7802.00000", "2014-12-31": "2206.00000", "2013-12-31": "3400.00000", "2012-12-31": "2175.00000", "2011-12-31": "1975.00000", "2010-12-31": "2217.00000", "2009-12-31": "-324.00000", "2008-12-31": "-8314.00000", "2007-12-31": "1096.00000", "2006-12-31": "71.00000", "2005-12-31": "-1113.00000"}, "Total Non-Operating Income/Expense": {"2020-12-31": "-3118.00000", "2019-12-31": "-420.00000", "2018-12-31": "-113.00000", "2017-12-31": "-466.00000", "2016-12-31": "-643.00000", "2015-12-31": "-645.00000", "2014-12-31": "-1134.00000", "2013-12-31": "-873.00000", "2012-12-31": "-1150.00000", "2011-12-31": "-1206.00000", "2010-12-31": "-1609.00000", "2009-12-31": "-1257.00000", "2008-12-31": "-727.00000", "2007-12-31": "723.00000", "2006-12-31": "-7039.00000", "2005-12-31": "-2746.00000"}, "Pre-Tax Income": {"2020-12-31": "-15587.00000", "2019-12-31": "6198.00000", "2018-12-31": "5151.00000", "2017-12-31": "5500.00000", "2016-12-31": "6353.00000", "2015-12-31": "7157.00000", "2014-12-31": "1072.00000", "2013-12-31": "2527.00000", "2012-12-31": "1025.00000", "2011-12-31": "769.00000", "2010-12-31": "608.00000", "2009-12-31": "-1581.00000", "2008-12-31": "-9041.00000", "2007-12-31": "1819.00000", "2006-12-31": "-6968.00000", "2005-12-31": "-3859.00000"}, "Income Taxes": {"2020-12-31": "-3202.00000", "2019-12-31": "1431.00000", "2018-12-31": "1216.00000", "2017-12-31": "2295.00000", "2016-12-31": "2158.00000", "2015-12-31": "2631.00000", "2014-12-31": "413.00000", "2013-12-31": "-8013.00000", "2012-12-31": "16.00000", "2011-12-31": "-85.00000", "2010-12-31": "15.00000", "2009-12-31": "-344.00000", "2008-12-31": "-119.00000", "2007-12-31": "207.00000", "2006-12-31": "-765.00000", "2005-12-31": "-41.00000"}, "Income After Taxes": {"2020-12-31": "-12385.00000", "2019-12-31": "4767.00000", "2018-12-31": "3935.00000", "2017-12-31": "3205.00000", "2016-12-31": "4195.00000", "2015-12-31": "4526.00000", "2014-12-31": "659.00000", "2013-12-31": "10540.00000", "2012-12-31": "1009.00000", "2011-12-31": "854.00000", "2010-12-31": "593.00000", "2009-12-31": "-1237.00000", "2008-12-31": "-8922.00000", "2007-12-31": "1612.00000", "2006-12-31": "-6203.00000", "2005-12-31": "-3818.00000"}, "Other Income": {"2020-12-31": "", "2019-12-31": "", "2018-12-31": "", "2017-12-31": "", "2016-12-31": "", "2015-12-31": "", "2014-12-31": "", "2013-12-31": "", "2012-12-31": "", "2011-12-31": "", "2010-12-31": "", "2009-12-31": "", "2008-12-31": "", "2007-12-31": "", "2006-12-31": "", "2005-12-31": ""}, "Income From Continuous Operations": {"2020-12-31": "-12385.00000", "2019-12-31": "4767.00000", "2018-12-31": "3935.00000", "2017-12-31": "3205.00000", "2016-12-31": "4195.00000", "2015-12-31": "4526.00000", "2014-12-31": "659.00000", "2013-12-31": "10540.00000", "2012-12-31": "1009.00000", "2011-12-31": "854.00000", "2010-12-31": "593.00000", "2009-12-31": "-1237.00000", "2008-12-31": "-8922.00000", "2007-12-31": "1612.00000", "2006-12-31": "-6203.00000", "2005-12-31": "-3818.00000"}, "Income From Discontinued Operations": {"2020-12-31": "", "2019-12-31": "", "2018-12-31": "", "2017-12-31": "", "2016-12-31": "", "2015-12-31": "", "2014-12-31": "", "2013-12-31": "", "2012-12-31": "", "2011-12-31": "", "2010-12-31": "", "2009-12-31": "", "2008-12-31": "", "2007-12-31": "", "2006-12-31": "", "2005-12-31": ""}, "Net Income": {"2020-12-31": "-12385.00000", "2019-12-31": "4767.00000", "2018-12-31": "3935.00000", "2017-12-31": "3205.00000", "2016-12-31": "4195.00000", "2015-12-31": "4526.00000", "2014-12-31": "659.00000", "2013-12-31": "10540.00000", "2012-12-31": "1009.00000", "2011-12-31": "854.00000", "2010-12-31": "593.00000", "2009-12-31": "-1237.00000", "2008-12-31": "-8922.00000", "2007-12-31": "1612.00000", "2006-12-31": "-6205.00000", "2005-12-31": "-3836.00000"}, "EBITDA": {"2020-12-31": "-12469.00000", "2019-12-31": "9199.00000", "2018-12-31": "7593.00000", "2017-12-31": "8188.00000", "2016-12-31": "8882.00000", "2015-12-31": "9637.00000", "2014-12-31": "3977.00000", "2013-12-31": "5058.00000", "2012-12-31": "3933.00000", "2011-12-31": "3691.00000", "2010-12-31": "3944.00000", "2009-12-31": "1582.00000", "2008-12-31": "268.00000", "2007-12-31": "2135.00000", "2006-12-31": "1347.00000", "2005-12-31": "160.00000"}, "EBIT": {"2020-12-31": "-12469.00000", "2019-12-31": "6618.00000", "2018-12-31": "5264.00000", "2017-12-31": "5966.00000", "2016-12-31": "6996.00000", "2015-12-31": "7802.00000", "2014-12-31": "2206.00000", "2013-12-31": "3400.00000", "2012-12-31": "2175.00000", "2011-12-31": "1975.00000", "2010-12-31": "2217.00000", "2009-12-31": "-324.00000", "2008-12-31": "-8314.00000", "2007-12-31": "1096.00000", "2006-12-31": "71.00000", "2005-12-31": "-1113.00000"}, "Basic Shares Outstanding": {"2020-12-31": "636.00000", "2019-12-31": "651.00000", "2018-12-31": "691.00000", "2017-12-31": "720.00000", "2016-12-31": "751.00000", "2015-12-31": "797.00000", "2014-12-31": "836.00000", "2013-12-31": "849.00000", "2012-12-31": "845.00000", "2011-12-31": "838.00000", "2010-12-31": "834.00000", "2009-12-31": "827.00000", "2008-12-31": "468.00000", "2007-12-31": "394.00000", "2006-12-31": "196.00000", "2005-12-31": "161.50000"}, "Shares Outstanding": {"2020-12-31": "636.00000", "2019-12-31": "653.00000", "2018-12-31": "694.00000", "2017-12-31": "723.00000", "2016-12-31": "755.00000", "2015-12-31": "804.00000", "2014-12-31": "845.00000", "2013-12-31": "858.00000", "2012-12-31": "850.00000", "2011-12-31": "844.00000", "2010-12-31": "843.00000", "2009-12-31": "827.00000", "2008-12-31": "468.00000", "2007-12-31": "395.00000", "2006-12-31": "196.00000", "2005-12-31": "161.50000"}, "Basic EPS": {"2020-12-31": "-19.49000", "2019-12-31": "7.32000", "2018-12-31": "5.69000", "2017-12-31": "4.45000", "2016-12-31": "5.59000", "2015-12-31": "5.68000", "2014-12-31": "0.79000", "2013-12-31": "12.41000", "2012-12-31": "1.20000", "2011-12-31": "1.02000", "2010-12-31": "0.71000", "2009-12-31": "-1.50000", "2008-12-31": "-19.08000", "2007-12-31": "4.09100", "2006-12-31": "-31.58000", "2005-12-31": "-23.75000"}, "EPS - Earnings Per Share": {"2020-12-31": "-19.49000", "2019-12-31": "7.30000", "2018-12-31": "5.67000", "2017-12-31": "4.43000", "2016-12-31": "5.55000", "2015-12-31": "5.63000", "2014-12-31": "0.78000", "2013-12-31": "12.29000", "2012-12-31": "1.19000", "2011-12-31": "1.01000", "2010-12-31": "0.70000", "2009-12-31": "-1.50000", "2008-12-31": "-19.08000", "2007-12-31": "4.08100", "2006-12-31": "-31.58000", "2005-12-31": "-23.75000"}}, "income statement, quarterly": {"Revenue": {"2020-12-31": "3973.00000", "2020-09-30": "3062.00000", "2020-06-30": "1468.00000", "2020-03-31": "8592.00000", "2019-12-31": "11439.00000", "2019-09-30": "12560.00000", "2019-06-30": "12536.00000", "2019-03-31": "10472.00000", "2018-12-31": "10742.00000", "2018-09-30": "11953.00000", "2018-06-30": "11775.00000", "2018-03-31": "9968.00000", "2017-12-31": "10229.00000", "2017-09-30": "11061.00000", "2017-06-30": "10747.00000", "2017-03-31": "9101.00000", "2016-12-31": "9269.00000", "2016-09-30": "10483.00000", "2016-06-30": "10447.00000", "2016-03-31": "9251.00000", "2015-12-31": "9502.00000", "2015-09-30": "11107.00000", "2015-06-30": "10707.00000", "2015-03-31": "9388.00000", "2014-12-31": "9647.00000", "2014-09-30": "11178.00000", "2014-06-30": "10621.00000", "2014-03-31": "8916.00000", "2013-12-31": "9076.00000", "2013-09-30": "10490.00000", "2013-06-30": "9707.00000", "2013-03-31": "8500.00000", "2012-12-31": "8602.00000", "2012-09-30": "9923.00000", "2012-06-30": "9732.00000", "2012-03-31": "8413.00000", "2011-12-31": "8399.00000", "2011-09-30": "9816.00000", "2011-06-30": "9153.00000", "2011-03-31": "7747.00000", "2010-12-31": "7789.00000", "2010-09-30": "8950.00000", "2010-06-30": "8168.00000", "2010-03-31": "6848.00000", "2009-12-31": "6805.00000", "2009-09-30": "7574.00000", "2009-06-30": "7000.00000", "2009-03-31": "6684.00000", "2008-12-31": "6713.00000", "2008-09-30": "5719.00000", "2008-06-30": "5499.00000", "2008-03-31": "4766.00000", "2007-12-31": "4683.00000", "2007-09-30": "5227.00000", "2007-06-30": "5003.00000", "2007-03-31": "4241.00000", "2006-12-31": "4321.00000", "2006-09-30": "4751.00000", "2006-06-30": "4741.00000", "2006-03-31": "3719.00000", "2005-12-31": "3928.00000", "2005-09-30": "4308.00000", "2005-06-30": "4249.00000", "2005-03-31": "3706.00000"}, "Cost Of Goods Sold": {"2020-12-31": "3765.00000", "2020-09-30": "3492.00000", "2020-06-30": "3379.00000", "2020-03-31": "6334.00000", "2019-12-31": "7291.00000", "2019-09-30": "7664.00000", "2019-06-30": "7523.00000", "2019-03-31": "6737.00000", "2018-12-31": "7043.00000", "2018-09-30": "7450.00000", "2018-06-30": "7202.00000", "2018-03-31": "6353.00000", "2017-12-31": "6249.00000", "2017-09-30": "6463.00000", "2017-06-30": "6206.00000", "2017-03-31": "5635.00000", "2016-12-31": "5765.00000", "2016-09-30": "5928.00000", "2016-06-30": "5536.00000", "2016-03-31": "5338.00000", "2015-12-31": "9762.00000", "2015-09-30": "6327.00000", "2015-06-30": "5694.00000", "2015-03-31": "5579.00000", "2014-12-31": "7860.00000", "2014-09-30": "6989.00000", "2014-06-30": "6352.00000", "2014-03-31": "5734.00000", "2013-12-31": "5677.00000", "2013-09-30": "7517.00000", "2013-06-30": "7571.00000", "2013-03-31": "7058.00000", "2012-12-31": "6994.00000", "2012-09-30": "7213.00000", "2012-06-30": "8228.00000", "2012-03-31": "6861.00000", "2011-12-31": "6447.00000", "2011-09-30": "7665.00000", "2011-06-30": "7295.00000", "2011-03-31": "6658.00000", "2010-12-31": "6217.00000", "2010-09-30": "6529.00000", "2010-06-30": "6075.00000", "2010-03-31": "5601.00000", "2009-12-31": "5633.00000", "2009-09-30": "6072.00000", "2009-06-30": "5841.00000", "2009-03-31": "5935.00000", "2008-12-31": "5399.00000", "2008-09-30": "4895.00000", "2008-06-30": "4634.00000", "2008-03-31": "4278.00000", "2007-12-31": "3698.00000", "2007-09-30": "4122.00000", "2007-06-30": "3812.00000", "2007-03-31": "3448.00000", "2006-12-31": "3637.00000", "2006-09-30": "3896.00000", "2006-06-30": "3670.00000", "2006-03-31": "3619.00000", "2005-12-31": "3678.00000", "2005-09-30": "3688.00000", "2005-06-30": "3512.00000", "2005-03-31": "3213.00000"}, "Gross Profit": {"2020-12-31": "208.00000", "2020-09-30": "-430.00000", "2020-06-30": "-1911.00000", "2020-03-31": "2258.00000", "2019-12-31": "4148.00000", "2019-09-30": "4896.00000", "2019-06-30": "5013.00000", "2019-03-31": "3735.00000", "2018-12-31": "3699.00000", "2018-09-30": "4503.00000", "2018-06-30": "4573.00000", "2018-03-31": "3615.00000", "2017-12-31": "3980.00000", "2017-09-30": "4598.00000", "2017-06-30": "4541.00000", "2017-03-31": "3466.00000", "2016-12-31": "3504.00000", "2016-09-30": "4555.00000", "2016-06-30": "4911.00000", "2016-03-31": "3913.00000", "2015-12-31": "-260.00000", "2015-09-30": "4780.00000", "2015-06-30": "5013.00000", "2015-03-31": "3809.00000", "2014-12-31": "1787.00000", "2014-09-30": "4189.00000", "2014-06-30": "4269.00000", "2014-03-31": "3182.00000", "2013-12-31": "3399.00000", "2013-09-30": "2973.00000", "2013-06-30": "2136.00000", "2013-03-31": "1442.00000", "2012-12-31": "1608.00000", "2012-09-30": "2710.00000", "2012-06-30": "1504.00000", "2012-03-31": "1552.00000", "2011-12-31": "1952.00000", "2011-09-30": "2151.00000", "2011-06-30": "1858.00000", "2011-03-31": "1089.00000", "2010-12-31": "1572.00000", "2010-09-30": "2421.00000", "2010-06-30": "2093.00000", "2010-03-31": "1247.00000", "2009-12-31": "1172.00000", "2009-09-30": "1502.00000", "2009-06-30": "1159.00000", "2009-03-31": "749.00000", "2008-12-31": "1314.00000", "2008-09-30": "824.00000", "2008-06-30": "865.00000", "2008-03-31": "488.00000", "2007-12-31": "985.00000", "2007-09-30": "1105.00000", "2007-06-30": "1191.00000", "2007-03-31": "793.00000", "2006-12-31": "684.00000", "2006-09-30": "855.00000", "2006-06-30": "1071.00000", "2006-03-31": "100.00000", "2005-12-31": "250.00000", "2005-09-30": "620.00000", "2005-06-30": "737.00000", "2005-03-31": "493.00000"}, "Research And Development Expenses": {"2020-12-31": "", "2020-09-30": "", "2020-06-30": "", "2020-03-31": "", "2019-12-31": "", "2019-09-30": "", "2019-06-30": "", "2019-03-31": "", "2018-12-31": "", "2018-09-30": "", "2018-06-30": "", "2018-03-31": "", "2017-12-31": "", "2017-09-30": "", "2017-06-30": "", "2017-03-31": "", "2016-12-31": "", "2016-09-30": "", "2016-06-30": "", "2016-03-31": "", "2015-12-31": "", "2015-09-30": "", "2015-06-30": "", "2015-03-31": "", "2014-12-31": "", "2014-09-30": "", "2014-06-30": "", "2014-03-31": "", "2013-12-31": "", "2013-09-30": "", "2013-06-30": "", "2013-03-31": "", "2012-12-31": "", "2012-09-30": "", "2012-06-30": "", "2012-03-31": "", "2011-12-31": "", "2011-09-30": "", "2011-06-30": "", "2011-03-31": "", "2010-12-31": "", "2010-09-30": "", "2010-06-30": "", "2010-03-31": "", "2009-12-31": "", "2009-09-30": "", "2009-06-30": "", "2009-03-31": "", "2008-12-31": "", "2008-09-30": "", "2008-06-30": "", "2008-03-31": "", "2007-12-31": "", "2007-09-30": "", "2007-06-30": "", "2007-03-31": "", "2006-12-31": "", "2006-09-30": "", "2006-06-30": "", "2006-03-31": "", "2005-12-31": "", "2005-09-30": "", "2005-06-30": "", "2005-03-31": ""}, "SG&A Expenses": {"2020-12-31": "675.00000", "2020-09-30": "582.00000", "2020-06-30": "542.00000", "2020-03-31": "1260.00000", "2019-12-31": "3146.00000", "2019-09-30": "1439.00000", "2019-06-30": "1443.00000", "2019-03-31": "1320.00000", "2018-12-31": "3043.00000", "2018-09-30": "1420.00000", "2018-06-30": "1374.00000", "2018-03-31": "1265.00000", "2017-12-31": "2573.00000", "2017-09-30": "1386.00000", "2017-06-30": "1305.00000", "2017-03-31": "1638.00000", "2016-12-31": "159.00000", "2016-09-30": "2112.00000", "2016-06-30": "1533.00000", "2016-03-31": "1394.00000", "2015-12-31": "-2821.00000", "2015-09-30": "1536.00000", "2015-06-30": "1518.00000", "2015-03-31": "1439.00000", "2014-12-31": "1615.00000", "2014-09-30": "1829.00000", "2014-06-30": "1801.00000", "2014-03-31": "1692.00000", "2013-12-31": "1758.00000", "2013-09-30": "447.00000", "2013-06-30": "408.00000", "2013-03-31": "357.00000", "2012-12-31": "377.00000", "2012-09-30": "440.00000", "2012-06-30": "393.00000", "2012-03-31": "380.00000", "2011-12-31": "393.00000", "2011-09-30": "480.00000", "2011-06-30": "440.00000", "2011-03-31": "369.00000", "2010-12-31": "364.00000", "2010-09-30": "404.00000", "2010-06-30": "377.00000", "2010-03-31": "364.00000", "2009-12-31": "336.00000", "2009-09-30": "384.00000", "2009-06-30": "329.00000", "2009-03-31": "356.00000", "2008-12-31": "298.00000", "2008-09-30": "259.00000", "2008-06-30": "248.00000", "2008-03-31": "225.00000", "2007-12-31": "212.00000", "2007-09-30": "248.00000", "2007-06-30": "253.00000", "2007-03-31": "220.00000", "2006-12-31": "209.00000", "2006-09-30": "233.00000", "2006-06-30": "234.00000", "2006-03-31": "212.00000", "2005-12-31": "203.00000", "2005-09-30": "244.00000", "2005-06-30": "250.00000", "2005-03-31": "251.00000"}, "Other Operating Income Or Expenses": {"2020-12-31": "529.00000", "2020-09-30": "516.00000", "2020-06-30": "683.00000", "2020-03-31": "-730.00000", "2019-12-31": "1019.00000", "2019-09-30": "-755.00000", "2019-06-30": "-729.00000", "2019-03-31": "-780.00000", "2018-12-31": "1005.00000", "2018-09-30": "-865.00000", "2018-06-30": "-932.00000", "2018-03-31": "-903.00000", "2017-12-31": "338.00000", "2017-09-30": "-818.00000", "2017-06-30": "-723.00000", "2017-03-31": "-292.00000", "2016-12-31": "-1825.00000", "2016-09-30": "", "2016-06-30": "-485.00000", "2016-03-31": "-493.00000", "2015-12-31": "-393.00000", "2015-09-30": "-565.00000", "2015-06-30": "-573.00000", "2015-03-31": "-502.00000", "2014-12-31": "-495.00000", "2014-09-30": "-515.00000", "2014-06-30": "-408.00000", "2014-03-31": "-379.00000", "2013-12-31": "-360.00000", "2013-09-30": "-439.00000", "2013-06-30": "-365.00000", "2013-03-31": "-356.00000", "2012-12-31": "-359.00000", "2012-09-30": "-421.00000", "2012-06-30": "-396.00000", "2012-03-31": "-416.00000", "2011-12-31": "-363.00000", "2011-09-30": "-424.00000", "2011-06-30": "-412.00000", "2011-03-31": "-429.00000", "2010-12-31": "-434.00000", "2010-09-30": "-433.00000", "2010-06-30": "-403.00000", "2010-03-31": "-376.00000", "2009-12-31": "-377.00000", "2009-09-30": "-400.00000", "2009-06-30": "-388.00000", "2009-03-31": "-393.00000", "2008-12-31": "-8048.00000", "2008-09-30": "-117.00000", "2008-06-30": "-102.00000", "2008-03-31": "-111.00000", "2007-12-31": "-487.00000", "2007-09-30": "-107.00000", "2007-06-30": "-160.00000", "2007-03-31": "-127.00000", "2006-12-31": "-92.00000", "2006-09-30": "-161.00000", "2006-06-30": "-150.00000", "2006-03-31": "-72.00000", "2005-12-31": "-229.00000", "2005-09-30": "-214.00000", "2005-06-30": "-194.00000", "2005-03-31": "-178.00000"}, "Operating Expenses": {"2020-12-31": "4831.00000", "2020-09-30": "9448.00000", "2020-06-30": "6283.00000", "2020-03-31": "9002.00000", "2019-12-31": "10040.00000", "2019-09-30": "10489.00000", "2019-06-30": "10408.00000", "2019-03-31": "9452.00000", "2018-12-31": "9651.00000", "2018-09-30": "10308.00000", "2018-06-30": "10091.00000", "2018-03-31": "9124.00000", "2017-12-31": "9067.00000", "2017-09-30": "9238.00000", "2017-06-30": "8765.00000", "2017-03-31": "8102.00000", "2016-12-31": "8205.00000", "2016-09-30": "8514.00000", "2016-06-30": "8024.00000", "2016-03-31": "7711.00000", "2015-12-31": "7785.00000", "2015-09-30": "8894.00000", "2015-06-30": "8233.00000", "2015-03-31": "7990.00000", "2014-12-31": "10475.00000", "2014-09-30": "10343.00000", "2014-06-30": "9042.00000", "2014-03-31": "8296.00000", "2013-12-31": "8375.00000", "2013-09-30": "8927.00000", "2013-06-30": "8793.00000", "2013-03-31": "8278.00000", "2012-12-31": "8251.00000", "2012-09-30": "8615.00000", "2012-06-30": "9598.00000", "2012-03-31": "8031.00000", "2011-12-31": "7673.00000", "2011-09-30": "8956.00000", "2011-06-30": "8672.00000", "2011-03-31": "7839.00000", "2010-12-31": "7495.00000", "2010-09-30": "7947.00000", "2010-06-30": "7316.00000", "2010-03-31": "6780.00000", "2009-12-31": "6851.00000", "2009-09-30": "7370.00000", "2009-06-30": "6999.00000", "2009-03-31": "7167.00000", "2008-12-31": "7810.00000", "2008-09-30": "5588.00000", "2008-06-30": "6586.00000", "2008-03-31": "11027.00000", "2007-12-31": "4685.00000", "2007-09-30": "4774.00000", "2007-06-30": "4513.00000", "2007-03-31": "4086.00000", "2006-12-31": "4302.00000", "2006-09-30": "4583.00000", "2006-06-30": "4372.00000", "2006-03-31": "4204.00000", "2005-12-31": "4603.00000", "2005-09-30": "4548.00000", "2005-06-30": "4378.00000", "2005-03-31": "4486.00000"}, "Operating Income": {"2020-12-31": "-858.00000", "2020-09-30": "-6386.00000", "2020-06-30": "-4815.00000", "2020-03-31": "-410.00000", "2019-12-31": "1399.00000", "2019-09-30": "2071.00000", "2019-06-30": "2128.00000", "2019-03-31": "1020.00000", "2018-12-31": "1091.00000", "2018-09-30": "1645.00000", "2018-06-30": "1684.00000", "2018-03-31": "844.00000", "2017-12-31": "1162.00000", "2017-09-30": "1823.00000", "2017-06-30": "1982.00000", "2017-03-31": "999.00000", "2016-12-31": "1064.00000", "2016-09-30": "1969.00000", "2016-06-30": "2423.00000", "2016-03-31": "1540.00000", "2015-12-31": "1717.00000", "2015-09-30": "2213.00000", "2015-06-30": "2474.00000", "2015-03-31": "1398.00000", "2014-12-31": "-828.00000", "2014-09-30": "835.00000", "2014-06-30": "1579.00000", "2014-03-31": "620.00000", "2013-12-31": "701.00000", "2013-09-30": "1563.00000", "2013-06-30": "914.00000", "2013-03-31": "222.00000", "2012-12-31": "351.00000", "2012-09-30": "1308.00000", "2012-06-30": "134.00000", "2012-03-31": "382.00000", "2011-12-31": "726.00000", "2011-09-30": "860.00000", "2011-06-30": "481.00000", "2011-03-31": "-92.00000", "2010-12-31": "294.00000", "2010-09-30": "1003.00000", "2010-06-30": "852.00000", "2010-03-31": "68.00000", "2009-12-31": "-46.00000", "2009-09-30": "204.00000", "2009-06-30": "1.00000", "2009-03-31": "-483.00000", "2008-12-31": "-1097.00000", "2008-09-30": "131.00000", "2008-06-30": "-1087.00000", "2008-03-31": "-6261.00000", "2007-12-31": "-2.00000", "2007-09-30": "453.00000", "2007-06-30": "490.00000", "2007-03-31": "155.00000", "2006-12-31": "19.00000", "2006-09-30": "168.00000", "2006-06-30": "369.00000", "2006-03-31": "-485.00000", "2005-12-31": "-675.00000", "2005-09-30": "-240.00000", "2005-06-30": "-129.00000", "2005-03-31": "-780.00000"}, "Total Non-Operating Income/Expense": {"2020-12-31": "-250.00000", "2020-09-30": "-473.00000", "2020-06-30": "-2199.00000", "2020-03-31": "-197.00000", "2019-12-31": "-1.00000", "2019-09-30": "-124.00000", "2019-06-30": "-221.00000", "2019-03-31": "-74.00000", "2018-12-31": "254.00000", "2018-09-30": "43.00000", "2018-06-30": "-298.00000", "2018-03-31": "-112.00000", "2017-12-31": "-118.00000", "2017-09-30": "-47.00000", "2017-06-30": "-151.00000", "2017-03-31": "-150.00000", "2016-12-31": "-395.00000", "2016-09-30": "-69.00000", "2016-06-30": "-73.00000", "2016-03-31": "-106.00000", "2015-12-31": "-184.00000", "2015-09-30": "-141.00000", "2015-06-30": "-108.00000", "2015-03-31": "-212.00000", "2014-12-31": "-312.00000", "2014-09-30": "-256.00000", "2014-06-30": "-281.00000", "2014-03-31": "-285.00000", "2013-12-31": "-226.00000", "2013-09-30": "-200.00000", "2013-06-30": "-228.00000", "2013-03-31": "-219.00000", "2012-12-31": "-341.00000", "2012-09-30": "-256.00000", "2012-06-30": "-298.00000", "2012-03-31": "-255.00000", "2011-12-31": "-310.00000", "2011-09-30": "-313.00000", "2011-06-30": "-286.00000", "2011-03-31": "-297.00000", "2010-12-31": "-274.00000", "2010-09-30": "-637.00000", "2010-06-30": "-384.00000", "2010-03-31": "-314.00000", "2009-12-31": "-309.00000", "2009-09-30": "-383.00000", "2009-06-30": "-254.00000", "2009-03-31": "-311.00000", "2008-12-31": "-341.00000", "2008-09-30": "-181.00000", "2008-06-30": "-76.00000", "2008-03-31": "-129.00000", "2007-12-31": "-103.00000", "2007-09-30": "-90.00000", "2007-06-30": "1201.00000", "2007-03-31": "-285.00000", "2006-12-31": "-2725.00000", "2006-09-30": "-139.00000", "2006-06-30": "-2570.00000", "2006-03-31": "-1605.00000", "2005-12-31": "-462.00000", "2005-09-30": "-867.00000", "2005-06-30": "-271.00000", "2005-03-31": "-435.00000"}, "Pre-Tax Income": {"2020-12-31": "-1108.00000", "2020-09-30": "-6859.00000", "2020-06-30": "-7014.00000", "2020-03-31": "-607.00000", "2019-12-31": "1398.00000", "2019-09-30": "1947.00000", "2019-06-30": "1907.00000", "2019-03-31": "946.00000", "2018-12-31": "1345.00000", "2018-09-30": "1688.00000", "2018-06-30": "1386.00000", "2018-03-31": "732.00000", "2017-12-31": "1044.00000", "2017-09-30": "1776.00000", "2017-06-30": "1831.00000", "2017-03-31": "849.00000", "2016-12-31": "669.00000", "2016-09-30": "1900.00000", "2016-06-30": "2350.00000", "2016-03-31": "1434.00000", "2015-12-31": "1533.00000", "2015-09-30": "2072.00000", "2015-06-30": "2366.00000", "2015-03-31": "1186.00000", "2014-12-31": "-1140.00000", "2014-09-30": "579.00000", "2014-06-30": "1298.00000", "2014-03-31": "335.00000", "2013-12-31": "475.00000", "2013-09-30": "1363.00000", "2013-06-30": "686.00000", "2013-03-31": "3.00000", "2012-12-31": "10.00000", "2012-09-30": "1052.00000", "2012-06-30": "-164.00000", "2012-03-31": "127.00000", "2011-12-31": "416.00000", "2011-09-30": "547.00000", "2011-06-30": "195.00000", "2011-03-31": "-389.00000", "2010-12-31": "20.00000", "2010-09-30": "366.00000", "2010-06-30": "468.00000", "2010-03-31": "-246.00000", "2009-12-31": "-355.00000", "2009-09-30": "-179.00000", "2009-06-30": "-253.00000", "2009-03-31": "-794.00000", "2008-12-31": "-1438.00000", "2008-09-30": "-50.00000", "2008-06-30": "-1163.00000", "2008-03-31": "-6390.00000", "2007-12-31": "-105.00000", "2007-09-30": "363.00000", "2007-06-30": "1691.00000", "2007-03-31": "-130.00000", "2006-12-31": "-2706.00000", "2006-09-30": "29.00000", "2006-06-30": "-2201.00000", "2006-03-31": "-2090.00000", "2005-12-31": "-1137.00000", "2005-09-30": "-1107.00000", "2005-06-30": "-400.00000", "2005-03-31": "-1215.00000"}, "Income Taxes": {"2020-12-31": "-353.00000", "2020-09-30": "-1480.00000", "2020-06-30": "-1297.00000", "2020-03-31": "-73.00000", "2019-12-31": "299.00000", "2019-09-30": "452.00000", "2019-06-30": "464.00000", "2019-03-31": "216.00000", "2018-12-31": "325.00000", "2018-09-30": "366.00000", "2018-06-30": "350.00000", "2018-03-31": "175.00000", "2017-12-31": "745.00000", "2017-09-30": "617.00000", "2017-06-30": "645.00000", "2017-03-31": "288.00000", "2016-12-31": "225.00000", "2016-09-30": "641.00000", "2016-06-30": "804.00000", "2016-03-31": "488.00000", "2015-12-31": "553.00000", "2015-09-30": "757.00000", "2015-06-30": "881.00000", "2015-03-31": "440.00000", "2014-12-31": "-428.00000", "2014-09-30": "222.00000", "2014-06-30": "497.00000", "2014-03-31": "122.00000", "2013-12-31": "-8004.00000", "2013-09-30": "-6.00000", "2013-06-30": "1.00000", "2013-03-31": "-4.00000", "2012-12-31": "4.00000", "2012-09-30": "5.00000", "2012-06-30": "4.00000", "2012-03-31": "3.00000", "2011-12-31": "-9.00000", "2011-09-30": "-2.00000", "2011-06-30": "-3.00000", "2011-03-31": "-71.00000", "2010-12-31": "1.00000", "2010-09-30": "3.00000", "2010-06-30": "1.00000", "2010-03-31": "10.00000", "2009-12-31": "-330.00000", "2009-09-30": "-18.00000", "2009-06-30": "4.00000", "2009-03-31": "", "2008-12-31": "", "2008-09-30": "", "2008-06-30": "-119.00000", "2008-03-31": "", "2007-12-31": "-35.00000", "2007-09-30": "143.00000", "2007-06-30": "99.00000", "2007-03-31": "", "2006-12-31": "-725.00000", "2006-09-30": "-23.00000", "2006-06-30": "4.00000", "2006-03-31": "-21.00000", "2005-12-31": "98.00000", "2005-09-30": "23.00000", "2005-06-30": "-18.00000", "2005-03-31": "-144.00000"}, "Income After Taxes": {"2020-12-31": "-755.00000", "2020-09-30": "-5379.00000", "2020-06-30": "-5717.00000", "2020-03-31": "-534.00000", "2019-12-31": "1099.00000", "2019-09-30": "1495.00000", "2019-06-30": "1443.00000", "2019-03-31": "730.00000", "2018-12-31": "1020.00000", "2018-09-30": "1322.00000", "2018-06-30": "1036.00000", "2018-03-31": "557.00000", "2017-12-31": "299.00000", "2017-09-30": "1159.00000", "2017-06-30": "1186.00000", "2017-03-31": "561.00000", "2016-12-31": "444.00000", "2016-09-30": "1259.00000", "2016-06-30": "1546.00000", "2016-03-31": "946.00000", "2015-12-31": "980.00000", "2015-09-30": "1315.00000", "2015-06-30": "1485.00000", "2015-03-31": "746.00000", "2014-12-31": "-712.00000", "2014-09-30": "357.00000", "2014-06-30": "801.00000", "2014-03-31": "213.00000", "2013-12-31": "8479.00000", "2013-09-30": "1369.00000", "2013-06-30": "685.00000", "2013-03-31": "7.00000", "2012-12-31": "6.00000", "2012-09-30": "1047.00000", "2012-06-30": "-168.00000", "2012-03-31": "124.00000", "2011-12-31": "425.00000", "2011-09-30": "549.00000", "2011-06-30": "198.00000", "2011-03-31": "-318.00000", "2010-12-31": "19.00000", "2010-09-30": "363.00000", "2010-06-30": "467.00000", "2010-03-31": "-256.00000", "2009-12-31": "-25.00000", "2009-09-30": "-161.00000", "2009-06-30": "-257.00000", "2009-03-31": "-794.00000", "2008-12-31": "-1438.00000", "2008-09-30": "-50.00000", "2008-06-30": "-1044.00000", "2008-03-31": "-6390.00000", "2007-12-31": "-70.00000", "2007-09-30": "220.00000", "2007-06-30": "1592.00000", "2007-03-31": "-130.00000", "2006-12-31": "-1981.00000", "2006-09-30": "52.00000", "2006-06-30": "-2205.00000", "2006-03-31": "-2069.00000", "2005-12-31": "-1235.00000", "2005-09-30": "-1130.00000", "2005-06-30": "-382.00000", "2005-03-31": "-1071.00000"}, "Other Income": {"2020-12-31": "", "2020-09-30": "", "2020-06-30": "", "2020-03-31": "", "2019-12-31": "", "2019-09-30": "", "2019-06-30": "", "2019-03-31": "", "2018-12-31": "", "2018-09-30": "", "2018-06-30": "", "2018-03-31": "", "2017-12-31": "", "2017-09-30": "", "2017-06-30": "", "2017-03-31": "", "2016-12-31": "", "2016-09-30": "", "2016-06-30": "", "2016-03-31": "", "2015-12-31": "", "2015-09-30": "", "2015-06-30": "", "2015-03-31": "", "2014-12-31": "", "2014-09-30": "", "2014-06-30": "", "2014-03-31": "", "2013-12-31": "", "2013-09-30": "", "2013-06-30": "", "2013-03-31": "", "2012-12-31": "", "2012-09-30": "", "2012-06-30": "", "2012-03-31": "", "2011-12-31": "", "2011-09-30": "", "2011-06-30": "", "2011-03-31": "", "2010-12-31": "", "2010-09-30": "", "2010-06-30": "", "2010-03-31": "", "2009-12-31": "", "2009-09-30": "", "2009-06-30": "", "2009-03-31": "", "2008-12-31": "", "2008-09-30": "", "2008-06-30": "", "2008-03-31": "", "2007-12-31": "", "2007-09-30": "", "2007-06-30": "", "2007-03-31": "", "2006-12-31": "", "2006-09-30": "", "2006-06-30": "", "2006-03-31": "", "2005-12-31": "", "2005-09-30": "", "2005-06-30": "", "2005-03-31": ""}, "Income From Continuous Operations": {"2020-12-31": "-755.00000", "2020-09-30": "-5379.00000", "2020-06-30": "-5717.00000", "2020-03-31": "-534.00000", "2019-12-31": "1099.00000", "2019-09-30": "1495.00000", "2019-06-30": "1443.00000", "2019-03-31": "730.00000", "2018-12-31": "1020.00000", "2018-09-30": "1322.00000", "2018-06-30": "1036.00000", "2018-03-31": "557.00000", "2017-12-31": "299.00000", "2017-09-30": "1159.00000", "2017-06-30": "1186.00000", "2017-03-31": "561.00000", "2016-12-31": "444.00000", "2016-09-30": "1259.00000", "2016-06-30": "1546.00000", "2016-03-31": "946.00000", "2015-12-31": "980.00000", "2015-09-30": "1315.00000", "2015-06-30": "1485.00000", "2015-03-31": "746.00000", "2014-12-31": "-712.00000", "2014-09-30": "357.00000", "2014-06-30": "801.00000", "2014-03-31": "213.00000", "2013-12-31": "8479.00000", "2013-09-30": "1369.00000", "2013-06-30": "685.00000", "2013-03-31": "7.00000", "2012-12-31": "6.00000", "2012-09-30": "1047.00000", "2012-06-30": "-168.00000", "2012-03-31": "124.00000", "2011-12-31": "425.00000", "2011-09-30": "549.00000", "2011-06-30": "198.00000", "2011-03-31": "-318.00000", "2010-12-31": "19.00000", "2010-09-30": "363.00000", "2010-06-30": "467.00000", "2010-03-31": "-256.00000", "2009-12-31": "-25.00000", "2009-09-30": "-161.00000", "2009-06-30": "-257.00000", "2009-03-31": "-794.00000", "2008-12-31": "-1438.00000", "2008-09-30": "-50.00000", "2008-06-30": "-1044.00000", "2008-03-31": "-6390.00000", "2007-12-31": "-70.00000", "2007-09-30": "220.00000", "2007-06-30": "1592.00000", "2007-03-31": "-130.00000", "2006-12-31": "-1981.00000", "2006-09-30": "52.00000", "2006-06-30": "-2205.00000", "2006-03-31": "-2069.00000", "2005-12-31": "-1235.00000", "2005-09-30": "-1130.00000", "2005-06-30": "-382.00000", "2005-03-31": "-1071.00000"}, "Income From Discontinued Operations": {"2020-12-31": "", "2020-09-30": "", "2020-06-30": "", "2020-03-31": "", "2019-12-31": "", "2019-09-30": "", "2019-06-30": "", "2019-03-31": "", "2018-12-31": "", "2018-09-30": "", "2018-06-30": "", "2018-03-31": "", "2017-12-31": "", "2017-09-30": "", "2017-06-30": "", "2017-03-31": "", "2016-12-31": "", "2016-09-30": "", "2016-06-30": "", "2016-03-31": "", "2015-12-31": "", "2015-09-30": "", "2015-06-30": "", "2015-03-31": "", "2014-12-31": "", "2014-09-30": "", "2014-06-30": "", "2014-03-31": "", "2013-12-31": "", "2013-09-30": "", "2013-06-30": "", "2013-03-31": "", "2012-12-31": "", "2012-09-30": "", "2012-06-30": "", "2012-03-31": "", "2011-12-31": "", "2011-09-30": "", "2011-06-30": "", "2011-03-31": "", "2010-12-31": "", "2010-09-30": "", "2010-06-30": "", "2010-03-31": "", "2009-12-31": "", "2009-09-30": "", "2009-06-30": "", "2009-03-31": "", "2008-12-31": "", "2008-09-30": "", "2008-06-30": "", "2008-03-31": "", "2007-12-31": "", "2007-09-30": "", "2007-06-30": "", "2007-03-31": "", "2006-12-31": "", "2006-09-30": "", "2006-06-30": "", "2006-03-31": "", "2005-12-31": "", "2005-09-30": "", "2005-06-30": "", "2005-03-31": ""}, "Net Income": {"2020-12-31": "-755.00000", "2020-09-30": "-5379.00000", "2020-06-30": "-5717.00000", "2020-03-31": "-534.00000", "2019-12-31": "1099.00000", "2019-09-30": "1495.00000", "2019-06-30": "1443.00000", "2019-03-31": "730.00000", "2018-12-31": "1020.00000", "2018-09-30": "1322.00000", "2018-06-30": "1036.00000", "2018-03-31": "557.00000", "2017-12-31": "299.00000", "2017-09-30": "1159.00000", "2017-06-30": "1186.00000", "2017-03-31": "561.00000", "2016-12-31": "444.00000", "2016-09-30": "1259.00000", "2016-06-30": "1546.00000", "2016-03-31": "946.00000", "2015-12-31": "980.00000", "2015-09-30": "1315.00000", "2015-06-30": "1485.00000", "2015-03-31": "746.00000", "2014-12-31": "-712.00000", "2014-09-30": "357.00000", "2014-06-30": "801.00000", "2014-03-31": "213.00000", "2013-12-31": "8479.00000", "2013-09-30": "1369.00000", "2013-06-30": "685.00000", "2013-03-31": "7.00000", "2012-12-31": "6.00000", "2012-09-30": "1047.00000", "2012-06-30": "-168.00000", "2012-03-31": "124.00000", "2011-12-31": "425.00000", "2011-09-30": "549.00000", "2011-06-30": "198.00000", "2011-03-31": "-318.00000", "2010-12-31": "19.00000", "2010-09-30": "363.00000", "2010-06-30": "467.00000", "2010-03-31": "-256.00000", "2009-12-31": "-25.00000", "2009-09-30": "-161.00000", "2009-06-30": "-257.00000", "2009-03-31": "-794.00000", "2008-12-31": "-1438.00000", "2008-09-30": "-50.00000", "2008-06-30": "-1044.00000", "2008-03-31": "-6390.00000", "2007-12-31": "-70.00000", "2007-09-30": "220.00000", "2007-06-30": "1592.00000", "2007-03-31": "-130.00000", "2006-12-31": "-1981.00000", "2006-09-30": "52.00000", "2006-06-30": "-2205.00000", "2006-03-31": "-2071.00000", "2005-12-31": "-1238.00000", "2005-09-30": "-1134.00000", "2005-06-30": "-388.00000", "2005-03-31": "-1076.00000"}, "EBITDA": {"2020-12-31": "", "2020-09-30": "-6386.00000", "2020-06-30": "-4815.00000", "2020-03-31": "-410.00000", "2019-12-31": "1399.00000", "2019-09-30": "2071.00000", "2019-06-30": "2128.00000", "2019-03-31": "1020.00000", "2018-12-31": "1091.00000", "2018-09-30": "1645.00000", "2018-06-30": "1684.00000", "2018-03-31": "844.00000", "2017-12-31": "1162.00000", "2017-09-30": "1823.00000", "2017-06-30": "1982.00000", "2017-03-31": "999.00000", "2016-12-31": "1064.00000", "2016-09-30": "1969.00000", "2016-06-30": "2423.00000", "2016-03-31": "1540.00000", "2015-12-31": "1717.00000", "2015-09-30": "2213.00000", "2015-06-30": "2474.00000", "2015-03-31": "1398.00000", "2014-12-31": "-828.00000", "2014-09-30": "835.00000", "2014-06-30": "1579.00000", "2014-03-31": "620.00000", "2013-12-31": "701.00000", "2013-09-30": "1563.00000", "2013-06-30": "914.00000", "2013-03-31": "222.00000", "2012-12-31": "351.00000", "2012-09-30": "1308.00000", "2012-06-30": "134.00000", "2012-03-31": "382.00000", "2011-12-31": "726.00000", "2011-09-30": "860.00000", "2011-06-30": "481.00000", "2011-03-31": "-92.00000", "2010-12-31": "294.00000", "2010-09-30": "1003.00000", "2010-06-30": "852.00000", "2010-03-31": "68.00000", "2009-12-31": "-46.00000", "2009-09-30": "204.00000", "2009-06-30": "1.00000", "2009-03-31": "-483.00000", "2008-12-31": "-1097.00000", "2008-09-30": "131.00000", "2008-06-30": "-1087.00000", "2008-03-31": "-6261.00000", "2007-12-31": "-2.00000", "2007-09-30": "453.00000", "2007-06-30": "490.00000", "2007-03-31": "155.00000", "2006-12-31": "19.00000", "2006-09-30": "168.00000", "2006-06-30": "369.00000", "2006-03-31": "-485.00000", "2005-12-31": "-675.00000", "2005-09-30": "-240.00000", "2005-06-30": "-129.00000", "2005-03-31": "-780.00000"}, "EBIT": {"2020-12-31": "-858.00000", "2020-09-30": "-6386.00000", "2020-06-30": "-4815.00000", "2020-03-31": "-410.00000", "2019-12-31": "1399.00000", "2019-09-30": "2071.00000", "2019-06-30": "2128.00000", "2019-03-31": "1020.00000", "2018-12-31": "1091.00000", "2018-09-30": "1645.00000", "2018-06-30": "1684.00000", "2018-03-31": "844.00000", "2017-12-31": "1162.00000", "2017-09-30": "1823.00000", "2017-06-30": "1982.00000", "2017-03-31": "999.00000", "2016-12-31": "1064.00000", "2016-09-30": "1969.00000", "2016-06-30": "2423.00000", "2016-03-31": "1540.00000", "2015-12-31": "1717.00000", "2015-09-30": "2213.00000", "2015-06-30": "2474.00000", "2015-03-31": "1398.00000", "2014-12-31": "-828.00000", "2014-09-30": "835.00000", "2014-06-30": "1579.00000", "2014-03-31": "620.00000", "2013-12-31": "701.00000", "2013-09-30": "1563.00000", "2013-06-30": "914.00000", "2013-03-31": "222.00000", "2012-12-31": "351.00000", "2012-09-30": "1308.00000", "2012-06-30": "134.00000", "2012-03-31": "382.00000", "2011-12-31": "726.00000", "2011-09-30": "860.00000", "2011-06-30": "481.00000", "2011-03-31": "-92.00000", "2010-12-31": "294.00000", "2010-09-30": "1003.00000", "2010-06-30": "852.00000", "2010-03-31": "68.00000", "2009-12-31": "-46.00000", "2009-09-30": "204.00000", "2009-06-30": "1.00000", "2009-03-31": "-483.00000", "2008-12-31": "-1097.00000", "2008-09-30": "131.00000", "2008-06-30": "-1087.00000", "2008-03-31": "-6261.00000", "2007-12-31": "-2.00000", "2007-09-30": "453.00000", "2007-06-30": "490.00000", "2007-03-31": "155.00000", "2006-12-31": "19.00000", "2006-09-30": "168.00000", "2006-06-30": "369.00000", "2006-03-31": "-485.00000", "2005-12-31": "-675.00000", "2005-09-30": "-240.00000", "2005-06-30": "-129.00000", "2005-03-31": "-780.00000"}, "Basic Shares Outstanding": {"2020-12-31": "635.00000", "2020-09-30": "635.00000", "2020-06-30": "635.00000", "2020-03-31": "637.00000", "2019-12-31": "651.00000", "2019-09-30": "646.00000", "2019-06-30": "650.00000", "2019-03-31": "665.00000", "2018-12-31": "691.00000", "2018-09-30": "686.00000", "2018-06-30": "695.00000", "2018-03-31": "704.00000", "2017-12-31": "720.00000", "2017-09-30": "716.00000", "2017-06-30": "728.00000", "2017-03-31": "728.00000", "2016-12-31": "751.00000", "2016-09-30": "740.00000", "2016-06-30": "758.00000", "2016-03-31": "774.00000", "2015-12-31": "797.00000", "2015-09-30": "788.00000", "2015-06-30": "803.00000", "2015-03-31": "818.00000", "2014-12-31": "825.00000", "2014-09-30": "834.00000", "2014-06-30": "841.00000", "2014-03-31": "844.00000", "2013-12-31": "846.00000", "2013-09-30": "851.00000", "2013-06-30": "850.00000", "2013-03-31": "848.00000", "2012-12-31": "845.00000", "2012-09-30": "846.00000", "2012-06-30": "845.00000", "2012-03-31": "843.00000", "2011-12-31": "838.00000", "2011-09-30": "838.00000", "2011-06-30": "838.00000", "2011-03-31": "837.00000", "2010-12-31": "834.00000", "2010-09-30": "835.00000", "2010-06-30": "834.00000", "2010-03-31": "832.00000", "2009-12-31": "827.00000", "2009-09-30": "828.00000", "2009-06-30": "827.00000", "2009-03-31": "825.00000", "2008-12-31": "468.00000", "2008-09-30": "396.00000", "2008-06-30": "396.00000", "2008-03-31": "396.00000", "2007-12-31": "394.00000", "2007-09-30": "393.50000", "2007-06-30": "393.60000", "2007-03-31": "197.30000", "2006-12-31": "196.00000", "2006-09-30": "197.30000", "2006-06-30": "197.30000", "2006-03-31": "193.90000", "2005-12-31": "161.50000", "2005-09-30": "168.40000", "2005-06-30": "146.80000", "2005-03-31": "140.90000"}, "Shares Outstanding": {"2020-12-31": "635.00000", "2020-09-30": "635.00000", "2020-06-30": "635.00000", "2020-03-31": "637.00000", "2019-12-31": "653.00000", "2019-09-30": "648.00000", "2019-06-30": "652.00000", "2019-03-31": "667.00000", "2018-12-31": "694.00000", "2018-09-30": "688.00000", "2018-06-30": "697.00000", "2018-03-31": "706.00000", "2017-12-31": "723.00000", "2017-09-30": "719.00000", "2017-06-30": "731.00000", "2017-03-31": "731.00000", "2016-12-31": "755.00000", "2016-09-30": "744.00000", "2016-06-30": "763.00000", "2016-03-31": "780.00000", "2015-12-31": "804.00000", "2015-09-30": "795.00000", "2015-06-30": "811.00000", "2015-03-31": "826.00000", "2014-12-31": "825.00000", "2014-09-30": "843.00000", "2014-06-30": "850.00000", "2014-03-31": "853.00000", "2013-12-31": "858.00000", "2013-09-30": "861.00000", "2013-06-30": "859.00000", "2013-03-31": "855.00000", "2012-12-31": "850.00000", "2012-09-30": "850.00000", "2012-06-30": "845.00000", "2012-03-31": "847.00000", "2011-12-31": "844.00000", "2011-09-30": "844.00000", "2011-06-30": "844.00000", "2011-03-31": "837.00000", "2010-12-31": "843.00000", "2010-09-30": "842.00000", "2010-06-30": "842.00000", "2010-03-31": "832.00000", "2009-12-31": "827.00000", "2009-09-30": "828.00000", "2009-06-30": "827.00000", "2009-03-31": "825.00000", "2008-12-31": "468.00000", "2008-09-30": "396.00000", "2008-06-30": "396.00000", "2008-03-31": "396.00000", "2007-12-31": "395.00000", "2007-09-30": "395.10000", "2007-06-30": "393.80000", "2007-03-31": "197.30000", "2006-12-31": "196.00000", "2006-09-30": "233.70000", "2006-06-30": "197.30000", "2006-03-31": "193.90000", "2005-12-31": "161.50000", "2005-09-30": "168.40000", "2005-06-30": "146.80000", "2005-03-31": "140.90000"}, "Basic EPS": {"2020-12-31": "-1.19000", "2020-09-30": "-8.47000", "2020-06-30": "-9.01000", "2020-03-31": "-0.84000", "2019-12-31": "1.68000", "2019-09-30": "2.32000", "2019-06-30": "2.22000", "2019-03-31": "1.10000", "2018-12-31": "1.48000", "2018-09-30": "1.93000", "2018-06-30": "1.49000", "2018-03-31": "0.79000", "2017-12-31": "0.43000", "2017-09-30": "1.62000", "2017-06-30": "1.63000", "2017-03-31": "0.77000", "2016-12-31": "0.63000", "2016-09-30": "1.70000", "2016-06-30": "2.04000", "2016-03-31": "1.22000", "2015-12-31": "1.25000", "2015-09-30": "1.67000", "2015-06-30": "1.85000", "2015-03-31": "0.91000", "2014-12-31": "-0.86000", "2014-09-30": "0.43000", "2014-06-30": "0.95000", "2014-03-31": "0.25000", "2013-12-31": "10.02000", "2013-09-30": "1.61000", "2013-06-30": "0.81000", "2013-03-31": "0.01000", "2012-12-31": "0.01000", "2012-09-30": "1.24000", "2012-06-30": "-0.20000", "2012-03-31": "0.15000", "2011-12-31": "0.50000", "2011-09-30": "0.66000", "2011-06-30": "0.24000", "2011-03-31": "-0.38000", "2010-12-31": "0.03000", "2010-09-30": "0.43000", "2010-06-30": "0.56000", "2010-03-31": "-0.31000", "2009-12-31": "-0.04000", "2009-09-30": "-0.19000", "2009-06-30": "-0.31000", "2009-03-31": "-0.96000", "2008-12-31": "-0.16000", "2008-09-30": "-0.13000", "2008-06-30": "-2.64000", "2008-03-31": "-16.15000", "2007-12-31": "0.15100", "2007-09-30": "0.56000", "2007-06-30": "4.04000", "2007-03-31": "-0.66000", "2006-12-31": "-9.98000", "2006-09-30": "0.26000", "2006-06-30": "-11.18000", "2006-03-31": "-10.68000", "2005-12-31": "-6.74000", "2005-09-30": "-6.73000", "2005-06-30": "-2.64000", "2005-03-31": "-7.64000"}, "EPS - Earnings Per Share": {"2020-12-31": "-1.19000", "2020-09-30": "-8.47000", "2020-06-30": "-9.01000", "2020-03-31": "-0.84000", "2019-12-31": "1.69000", "2019-09-30": "2.31000", "2019-06-30": "2.21000", "2019-03-31": "1.09000", "2018-12-31": "1.47000", "2018-09-30": "1.92000", "2018-06-30": "1.49000", "2018-03-31": "0.79000", "2017-12-31": "0.43000", "2017-09-30": "1.61000", "2017-06-30": "1.62000", "2017-03-31": "0.77000", "2016-12-31": "0.62000", "2016-09-30": "1.69000", "2016-06-30": "2.03000", "2016-03-31": "1.21000", "2015-12-31": "1.25000", "2015-09-30": "1.65000", "2015-06-30": "1.83000", "2015-03-31": "0.90000", "2014-12-31": "-0.86000", "2014-09-30": "0.42000", "2014-06-30": "0.94000", "2014-03-31": "0.25000", "2013-12-31": "9.89000", "2013-09-30": "1.59000", "2013-06-30": "0.80000", "2013-03-31": "0.01000", "2012-12-31": "0.01000", "2012-09-30": "1.23000", "2012-06-30": "-0.20000", "2012-03-31": "0.15000", "2011-12-31": "0.51000", "2011-09-30": "0.65000", "2011-06-30": "0.23000", "2011-03-31": "-0.38000", "2010-12-31": "0.03000", "2010-09-30": "0.43000", "2010-06-30": "0.55000", "2010-03-31": "-0.31000", "2009-12-31": "-0.04000", "2009-09-30": "-0.19000", "2009-06-30": "-0.31000", "2009-03-31": "-0.96000", "2008-12-31": "-0.16000", "2008-09-30": "-0.13000", "2008-06-30": "-2.64000", "2008-03-31": "-16.15000", "2007-12-31": "0.14100", "2007-09-30": "0.56000", "2007-06-30": "4.04000", "2007-03-31": "-0.66000", "2006-12-31": "-9.94000", "2006-09-30": "0.22000", "2006-06-30": "-11.18000", "2006-03-31": "-10.68000", "2005-12-31": "-6.74000", "2005-09-30": "-6.73000", "2005-06-30": "-2.64000", "2005-03-31": "-7.64000"}}, "balance sheet": {"Cash On Hand": {"2020-12-31": "14096.00000", "2019-12-31": "2882.00000", "2018-12-31": "1565.00000", "2017-12-31": "2639.00000", "2016-12-31": "3249.00000", "2015-12-31": "3437.00000", "2014-12-31": "3305.00000", "2013-12-31": "3803.00000", "2012-12-31": "3749.00000", "2011-12-31": "3920.00000", "2010-12-31": "4019.00000", "2009-12-31": "5101.00000", "2008-12-31": "4896.00000", "2007-12-31": "3306.00000", "2006-12-31": "3398.00000", "2005-12-31": "2878.00000"}, "Receivables": {"2020-12-31": "1396.00000", "2019-12-31": "2854.00000", "2018-12-31": "2314.00000", "2017-12-31": "2377.00000", "2016-12-31": "2064.00000", "2015-12-31": "2020.00000", "2014-12-31": "3222.00000", "2013-12-31": "1612.00000", "2012-12-31": "1693.00000", "2011-12-31": "1563.00000", "2010-12-31": "1456.00000", "2009-12-31": "1353.00000", "2008-12-31": "2652.00000", "2007-12-31": "1066.00000", "2006-12-31": "915.00000", "2005-12-31": "819.00000"}, "Inventory": {"2020-12-31": "732.00000", "2019-12-31": "1251.00000", "2018-12-31": "1055.00000", "2017-12-31": "1329.00000", "2016-12-31": "891.00000", "2015-12-31": "697.00000", "2014-12-31": "852.00000", "2013-12-31": "1063.00000", "2012-12-31": "1023.00000", "2011-12-31": "535.00000", "2010-12-31": "318.00000", "2009-12-31": "327.00000", "2008-12-31": "388.00000", "2007-12-31": "262.00000", "2006-12-31": "181.00000", "2005-12-31": "172.00000"}, "Pre-Paid Expenses": {"2020-12-31": "1180.00000", "2019-12-31": "1262.00000", "2018-12-31": "1406.00000", "2017-12-31": "1459.00000", "2016-12-31": "1247.00000", "2015-12-31": "915.00000", "2014-12-31": "701.00000", "2013-12-31": "852.00000", "2012-12-31": "1344.00000", "2011-12-31": "1250.00000", "2010-12-31": "1159.00000", "2009-12-31": "853.00000", "2008-12-31": "637.00000", "2007-12-31": "464.00000", "2006-12-31": "489.00000", "2005-12-31": "512.00000"}, "Other Current Assets": {"2020-12-31": "", "2019-12-31": "", "2018-12-31": "", "2017-12-31": "", "2016-12-31": "", "2015-12-31": "1987.00000", "2014-12-31": "1078.00000", "2013-12-31": "585.00000", "2012-12-31": "", "2011-12-31": "", "2010-12-31": "", "2009-12-31": "", "2008-12-31": "", "2007-12-31": "", "2006-12-31": "", "2005-12-31": ""}, "Total Current Assets": {"2020-12-31": "17404.00000", "2019-12-31": "8249.00000", "2018-12-31": "6340.00000", "2017-12-31": "7804.00000", "2016-12-31": "7451.00000", "2015-12-31": "9056.00000", "2014-12-31": "9158.00000", "2013-12-31": "9651.00000", "2012-12-31": "8272.00000", "2011-12-31": "7729.00000", "2010-12-31": "7307.00000", "2009-12-31": "7991.00000", "2008-12-31": "8974.00000", "2007-12-31": "5240.00000", "2006-12-31": "5385.00000", "2005-12-31": "4480.00000"}, "Property, Plant, And Equipment": {"2020-12-31": "26529.00000", "2019-12-31": "31310.00000", "2018-12-31": "28335.00000", "2017-12-31": "26563.00000", "2016-12-31": "24375.00000", "2015-12-31": "23039.00000", "2014-12-31": "21929.00000", "2013-12-31": "21854.00000", "2012-12-31": "20713.00000", "2011-12-31": "20223.00000", "2010-12-31": "20307.00000", "2009-12-31": "20433.00000", "2008-12-31": "20627.00000", "2007-12-31": "11701.00000", "2006-12-31": "12973.00000", "2005-12-31": "14280.00000"}, "Long-Term Investments": {"2020-12-31": "1665.00000", "2019-12-31": "", "2018-12-31": "", "2017-12-31": "", "2016-12-31": "", "2015-12-31": "", "2014-12-31": "", "2013-12-31": "", "2012-12-31": "", "2011-12-31": "", "2010-12-31": "", "2009-12-31": "", "2008-12-31": "", "2007-12-31": "", "2006-12-31": "", "2005-12-31": ""}, "Goodwill And Intangible Assets": {"2020-12-31": "15764.00000", "2019-12-31": "14944.00000", "2018-12-31": "14611.00000", "2017-12-31": "14641.00000", "2016-12-31": "14638.00000", "2015-12-31": "14655.00000", "2014-12-31": "14397.00000", "2013-12-31": "14452.00000", "2012-12-31": "14473.00000", "2011-12-31": "14545.00000", "2010-12-31": "14543.00000", "2009-12-31": "14616.00000", "2008-12-31": "14675.00000", "2007-12-31": "14910.00000", "2006-12-31": "316.00000", "2005-12-31": "227.00000"}, "Other Long-Term Assets": {"2020-12-31": "2913.00000", "2019-12-31": "4402.00000", "2018-12-31": "4986.00000", "2017-12-31": "3309.00000", "2016-12-31": "1733.00000", "2015-12-31": "1428.00000", "2014-12-31": "926.00000", "2013-12-31": "1303.00000", "2012-12-31": "1092.00000", "2011-12-31": "1002.00000", "2010-12-31": "1031.00000", "2009-12-31": "749.00000", "2008-12-31": "808.00000", "2007-12-31": "572.00000", "2006-12-31": "948.00000", "2005-12-31": "978.00000"}, "Total Long-Term Assets": {"2020-12-31": "54647.00000", "2019-12-31": "56283.00000", "2018-12-31": "53926.00000", "2017-12-31": "45867.00000", "2016-12-31": "43810.00000", "2015-12-31": "44078.00000", "2014-12-31": "44847.00000", "2013-12-31": "42601.00000", "2012-12-31": "36278.00000", "2011-12-31": "35770.00000", "2010-12-31": "35881.00000", "2009-12-31": "35798.00000", "2008-12-31": "36110.00000", "2007-12-31": "27183.00000", "2006-12-31": "14237.00000", "2005-12-31": "15559.00000"}, "Total Assets": {"2020-12-31": "72051.00000", "2019-12-31": "64532.00000", "2018-12-31": "60266.00000", "2017-12-31": "53671.00000", "2016-12-31": "51261.00000", "2015-12-31": "53134.00000", "2014-12-31": "54005.00000", "2013-12-31": "52252.00000", "2012-12-31": "44550.00000", "2011-12-31": "43499.00000", "2010-12-31": "43188.00000", "2009-12-31": "43789.00000", "2008-12-31": "45084.00000", "2007-12-31": "32423.00000", "2006-12-31": "19622.00000", "2005-12-31": "20039.00000"}, "Total Current Liabilities": {"2020-12-31": "15927.00000", "2019-12-31": "20204.00000", "2018-12-31": "18578.00000", "2017-12-31": "18959.00000", "2016-12-31": "15239.00000", "2015-12-31": "17526.00000", "2014-12-31": "16847.00000", "2013-12-31": "14152.00000", "2012-12-31": "13270.00000", "2011-12-31": "12701.00000", "2010-12-31": "11385.00000", "2009-12-31": "9797.00000", "2008-12-31": "11092.00000", "2007-12-31": "6605.00000", "2006-12-31": "5769.00000", "2005-12-31": "5265.00000"}, "Long Term Debt": {"2020-12-31": "27425.00000", "2019-12-31": "8873.00000", "2018-12-31": "8253.00000", "2017-12-31": "6592.00000", "2016-12-31": "6201.00000", "2015-12-31": "6766.00000", "2014-12-31": "8477.00000", "2013-12-31": "9795.00000", "2012-12-31": "11082.00000", "2011-12-31": "11847.00000", "2010-12-31": "13179.00000", "2009-12-31": "15665.00000", "2008-12-31": "15411.00000", "2007-12-31": "7986.00000", "2006-12-31": "6509.00000", "2005-12-31": "6557.00000"}, "Other Non-Current Liabilities": {"2020-12-31": "5363.00000", "2019-12-31": "1386.00000", "2018-12-31": "969.00000", "2017-12-31": "2221.00000", "2016-12-31": "1878.00000", "2015-12-31": "1891.00000", "2014-12-31": "2128.00000", "2013-12-31": "1711.00000", "2012-12-31": "1649.00000", "2011-12-31": "1419.00000", "2010-12-31": "1533.00000", "2009-12-31": "1222.00000", "2008-12-31": "1342.00000", "2007-12-31": "721.00000", "2006-12-31": "20185.00000", "2005-12-31": "17547.00000"}, "Total Long Term Liabilities": {"2020-12-31": "54771.00000", "2019-12-31": "28970.00000", "2018-12-31": "28001.00000", "2017-12-31": "22182.00000", "2016-12-31": "23735.00000", "2015-12-31": "24758.00000", "2014-12-31": "28345.00000", "2013-12-31": "26457.00000", "2012-12-31": "33411.00000", "2011-12-31": "32194.00000", "2010-12-31": "30906.00000", "2009-12-31": "33747.00000", "2008-12-31": "33118.00000", "2007-12-31": "15705.00000", "2006-12-31": "27446.00000", "2005-12-31": "24422.00000"}, "Total Liabilities": {"2020-12-31": "70698.00000", "2019-12-31": "49174.00000", "2018-12-31": "46579.00000", "2017-12-31": "41141.00000", "2016-12-31": "38974.00000", "2015-12-31": "42284.00000", "2014-12-31": "45192.00000", "2013-12-31": "40609.00000", "2012-12-31": "46681.00000", "2011-12-31": "44895.00000", "2010-12-31": "42291.00000", "2009-12-31": "43544.00000", "2008-12-31": "44210.00000", "2007-12-31": "22310.00000", "2006-12-31": "33215.00000", "2005-12-31": "29687.00000"}, "Common Stock Net": {"2020-12-31": "", "2019-12-31": "0.00000", "2018-12-31": "0.00000", "2017-12-31": "", "2016-12-31": "", "2015-12-31": "", "2014-12-31": "", "2013-12-31": "", "2012-12-31": "", "2011-12-31": "", "2010-12-31": "0.00000", "2009-12-31": "", "2008-12-31": "", "2007-12-31": "", "2006-12-31": "2.00000", "2005-12-31": "2.00000"}, "Retained Earnings (Accumulated Deficit)": {"2020-12-31": "", "2019-12-31": "12454.00000", "2018-12-31": "10039.00000", "2017-12-31": "8256.00000", "2016-12-31": "7903.00000", "2015-12-31": "5562.00000", "2014-12-31": "3456.00000", "2013-12-31": "3049.00000", "2012-12-31": "-7389.00000", "2011-12-31": "-8398.00000", "2010-12-31": "-9252.00000", "2009-12-31": "-9845.00000", "2008-12-31": "-8608.00000", "2007-12-31": "314.00000", "2006-12-31": "-14414.00000", "2005-12-31": "-8209.00000"}, "Comprehensive Income": {"2020-12-31": "", "2019-12-31": "-7989.00000", "2018-12-31": "-7825.00000", "2017-12-31": "-7621.00000", "2016-12-31": "-7636.00000", "2015-12-31": "-7275.00000", "2014-12-31": "-7311.00000", "2013-12-31": "-5130.00000", "2012-12-31": "-8577.00000", "2011-12-31": "-6766.00000", "2010-12-31": "-3578.00000", "2009-12-31": "-3563.00000", "2008-12-31": "-4080.00000", "2007-12-31": "435.00000", "2006-12-31": "-518.00000", "2005-12-31": "-2722.00000"}, "Other Share Holders Equity": {"2020-12-31": "", "2019-12-31": "", "2018-12-31": "", "2017-12-31": "", "2016-12-31": "", "2015-12-31": "", "2014-12-31": "", "2013-12-31": "", "2012-12-31": "", "2011-12-31": "", "2010-12-31": "", "2009-12-31": "", "2008-12-31": "", "2007-12-31": "", "2006-12-31": "", "2005-12-31": ""}, "Share Holder Equity": {"2020-12-31": "1353.00000", "2019-12-31": "15358.00000", "2018-12-31": "13687.00000", "2017-12-31": "12530.00000", "2016-12-31": "12287.00000", "2015-12-31": "10850.00000", "2014-12-31": "8813.00000", "2013-12-31": "11643.00000", "2012-12-31": "-2131.00000", "2011-12-31": "-1396.00000", "2010-12-31": "897.00000", "2009-12-31": "245.00000", "2008-12-31": "874.00000", "2007-12-31": "10113.00000", "2006-12-31": "-13593.00000", "2005-12-31": "-9648.00000"}, "Total Liabilities And Share Holders Equity": {"2020-12-31": "72051.00000", "2019-12-31": "64532.00000", "2018-12-31": "60266.00000", "2017-12-31": "53671.00000", "2016-12-31": "51261.00000", "2015-12-31": "53134.00000", "2014-12-31": "54005.00000", "2013-12-31": "52252.00000", "2012-12-31": "44550.00000", "2011-12-31": "43499.00000", "2010-12-31": "43188.00000", "2009-12-31": "43789.00000", "2008-12-31": "45084.00000", "2007-12-31": "32423.00000", "2006-12-31": "19622.00000", "2005-12-31": "20039.00000"}}, "balance sheet, quarterly": {"Cash On Hand": {"2020-12-31": "14096.00000", "2020-09-30": "21525.00000", "2020-06-30": "15668.00000", "2020-03-31": "5967.00000", "2019-12-31": "2882.00000", "2019-09-30": "1899.00000", "2019-06-30": "2009.00000", "2019-03-31": "1910.00000", "2018-12-31": "1565.00000", "2018-09-30": "1858.00000", "2018-06-30": "2406.00000", "2018-03-31": "1970.00000", "2017-12-31": "2639.00000", "2017-09-30": "2438.00000", "2017-06-30": "2988.00000", "2017-03-31": "2650.00000", "2016-12-31": "3249.00000", "2016-09-30": "3152.00000", "2016-06-30": "2951.00000", "2016-03-31": "2914.00000", "2015-12-31": "3437.00000", "2015-09-30": "3811.00000", "2015-06-30": "3787.00000", "2015-03-31": "3569.00000", "2014-12-31": "3305.00000", "2014-09-30": "4511.00000", "2014-06-30": "4202.00000", "2014-03-31": "3783.00000", "2013-12-31": "3803.00000", "2013-09-30": "4190.00000", "2013-06-30": "4096.00000", "2013-03-31": "3885.00000", "2012-12-31": "3749.00000", "2012-09-30": "3634.00000", "2012-06-30": "3866.00000", "2012-03-31": "4245.00000", "2011-12-31": "3920.00000", "2011-09-30": "3670.00000", "2011-06-30": "4254.00000", "2011-03-31": "4229.00000", "2010-12-31": "4019.00000", "2010-09-30": "4293.00000", "2010-06-30": "4843.00000", "2010-03-31": "5369.00000", "2009-12-31": "5101.00000", "2009-09-30": "5966.00000", "2009-06-30": "5303.00000", "2009-03-31": "4895.00000", "2008-12-31": "4896.00000", "2008-09-30": "3309.00000", "2008-06-30": "3859.00000", "2008-03-31": "2813.00000", "2007-12-31": "3306.00000", "2007-09-30": "2969.00000", "2007-06-30": "3712.00000", "2007-03-31": "3929.00000", "2006-12-31": "3398.00000", "2006-09-30": "3829.00000", "2006-06-30": "3941.00000", "2006-03-31": "3362.00000", "2005-12-31": "2878.00000", "2005-09-30": "2480.00000", "2005-06-30": "2039.00000", "2005-03-31": "2173.00000"}, "Receivables": {"2020-12-31": "1396.00000", "2020-09-30": "1503.00000", "2020-06-30": "1728.00000", "2020-03-31": "2280.00000", "2019-12-31": "2854.00000", "2019-09-30": "2836.00000", "2019-06-30": "2844.00000", "2019-03-31": "3154.00000", "2018-12-31": "2314.00000", "2018-09-30": "2517.00000", "2018-06-30": "2427.00000", "2018-03-31": "2568.00000", "2017-12-31": "2377.00000", "2017-09-30": "2399.00000", "2017-06-30": "2164.00000", "2017-03-31": "2307.00000", "2016-12-31": "2064.00000", "2016-09-30": "1996.00000", "2016-06-30": "2102.00000", "2016-03-31": "2633.00000", "2015-12-31": "2020.00000", "2015-09-30": "2355.00000", "2015-06-30": "2100.00000", "2015-03-31": "2440.00000", "2014-12-31": "3222.00000", "2014-09-30": "2135.00000", "2014-06-30": "2104.00000", "2014-03-31": "2042.00000", "2013-12-31": "1612.00000", "2013-09-30": "1969.00000", "2013-06-30": "2084.00000", "2013-03-31": "1994.00000", "2012-12-31": "1693.00000", "2012-09-30": "1785.00000", "2012-06-30": "1828.00000", "2012-03-31": "1807.00000", "2011-12-31": "1563.00000", "2011-09-30": "1816.00000", "2011-06-30": "1885.00000", "2011-03-31": "1848.00000", "2010-12-31": "1456.00000", "2010-09-30": "1512.00000", "2010-06-30": "1645.00000", "2010-03-31": "1533.00000", "2009-12-31": "1353.00000", "2009-09-30": "1469.00000", "2009-06-30": "1410.00000", "2009-03-31": "1823.00000", "2008-12-31": "2652.00000", "2008-09-30": "1240.00000", "2008-06-30": "1418.00000", "2008-03-31": "1325.00000", "2007-12-31": "1066.00000", "2007-09-30": "1213.00000", "2007-06-30": "1140.00000", "2007-03-31": "986.00000", "2006-12-31": "915.00000", "2006-09-30": "999.00000", "2006-06-30": "1030.00000", "2006-03-31": "1012.00000", "2005-12-31": "819.00000", "2005-09-30": "1007.00000", "2005-06-30": "923.00000", "2005-03-31": "892.00000"}, "Inventory": {"2020-12-31": "732.00000", "2020-09-30": "746.00000", "2020-06-30": "494.00000", "2020-03-31": "974.00000", "2019-12-31": "1251.00000", "2019-09-30": "1072.00000", "2019-06-30": "1083.00000", "2019-03-31": "1071.00000", "2018-12-31": "1055.00000", "2018-09-30": "1170.00000", "2018-06-30": "1589.00000", "2018-03-31": "1146.00000", "2017-12-31": "1329.00000", "2017-09-30": "1136.00000", "2017-06-30": "938.00000", "2017-03-31": "855.00000", "2016-12-31": "891.00000", "2016-09-30": "775.00000", "2016-06-30": "795.00000", "2016-03-31": "693.00000", "2015-12-31": "697.00000", "2015-09-30": "695.00000", "2015-06-30": "881.00000", "2015-03-31": "801.00000", "2014-12-31": "852.00000", "2014-09-30": "942.00000", "2014-06-30": "961.00000", "2014-03-31": "948.00000", "2013-12-31": "1063.00000", "2013-09-30": "1032.00000", "2013-06-30": "962.00000", "2013-03-31": "995.00000", "2012-12-31": "1023.00000", "2012-09-30": "403.00000", "2012-06-30": "393.00000", "2012-03-31": "364.00000", "2011-12-31": "535.00000", "2011-09-30": "380.00000", "2011-06-30": "403.00000", "2011-03-31": "349.00000", "2010-12-31": "318.00000", "2010-09-30": "278.00000", "2010-06-30": "285.00000", "2010-03-31": "319.00000", "2009-12-31": "327.00000", "2009-09-30": "356.00000", "2009-06-30": "372.00000", "2009-03-31": "380.00000", "2008-12-31": "388.00000", "2008-09-30": "243.00000", "2008-06-30": "225.00000", "2008-03-31": "263.00000", "2007-12-31": "262.00000", "2007-09-30": "257.00000", "2007-06-30": "246.00000", "2007-03-31": "184.00000", "2006-12-31": "181.00000", "2006-09-30": "178.00000", "2006-06-30": "172.00000", "2006-03-31": "171.00000", "2005-12-31": "172.00000", "2005-09-30": "183.00000", "2005-06-30": "219.00000", "2005-03-31": "222.00000"}, "Pre-Paid Expenses": {"2020-12-31": "1180.00000", "2020-09-30": "1256.00000", "2020-06-30": "1025.00000", "2020-03-31": "1054.00000", "2019-12-31": "1262.00000", "2019-09-30": "1137.00000", "2019-06-30": "1198.00000", "2019-03-31": "1061.00000", "2018-12-31": "1406.00000", "2018-09-30": "1181.00000", "2018-06-30": "1219.00000", "2018-03-31": "2040.00000", "2017-12-31": "1459.00000", "2017-09-30": "1110.00000", "2017-06-30": "1087.00000", "2017-03-31": "1068.00000", "2016-12-31": "1247.00000", "2016-09-30": "910.00000", "2016-06-30": "1017.00000", "2016-03-31": "887.00000", "2015-12-31": "915.00000", "2015-09-30": "816.00000", "2015-06-30": "815.00000", "2015-03-31": "790.00000", "2014-12-31": "701.00000", "2014-09-30": "1220.00000", "2014-06-30": "1221.00000", "2014-03-31": "1209.00000", "2013-12-31": "852.00000", "2013-09-30": "1355.00000", "2013-06-30": "1302.00000", "2013-03-31": "1304.00000", "2012-12-31": "1344.00000", "2012-09-30": "1876.00000", "2012-06-30": "1882.00000", "2012-03-31": "1475.00000", "2011-12-31": "1250.00000", "2011-09-30": "1067.00000", "2011-06-30": "1179.00000", "2011-03-31": "1286.00000", "2010-12-31": "1159.00000", "2010-09-30": "1071.00000", "2010-06-30": "859.00000", "2010-03-31": "976.00000", "2009-12-31": "853.00000", "2009-09-30": "780.00000", "2009-06-30": "898.00000", "2009-03-31": "627.00000", "2008-12-31": "637.00000", "2008-09-30": "597.00000", "2008-06-30": "590.00000", "2008-03-31": "774.00000", "2007-12-31": "464.00000", "2007-09-30": "399.00000", "2007-06-30": "420.00000", "2007-03-31": "572.00000", "2006-12-31": "489.00000", "2006-09-30": "875.00000", "2006-06-30": "759.00000", "2006-03-31": "562.00000", "2005-12-31": "512.00000", "2005-09-30": "613.00000", "2005-06-30": "605.00000", "2005-03-31": "554.00000"}, "Other Current Assets": {"2020-12-31": "", "2020-09-30": "", "2020-06-30": "", "2020-03-31": "", "2019-12-31": "", "2019-09-30": "", "2019-06-30": "", "2019-03-31": "", "2018-12-31": "", "2018-09-30": "", "2018-06-30": "", "2018-03-31": "", "2017-12-31": "", "2017-09-30": "", "2017-06-30": "", "2017-03-31": "", "2016-12-31": "", "2016-09-30": "496.00000", "2016-06-30": "773.00000", "2016-03-31": "2179.00000", "2015-12-31": "1987.00000", "2015-09-30": "1586.00000", "2015-06-30": "966.00000", "2015-03-31": "1575.00000", "2014-12-31": "1078.00000", "2014-09-30": "", "2014-06-30": "", "2014-03-31": "", "2013-12-31": "585.00000", "2013-09-30": "", "2013-06-30": "", "2013-03-31": "", "2012-12-31": "", "2012-09-30": "", "2012-06-30": "", "2012-03-31": "", "2011-12-31": "", "2011-09-30": "", "2011-06-30": "", "2011-03-31": "", "2010-12-31": "", "2010-09-30": "", "2010-06-30": "", "2010-03-31": "", "2009-12-31": "", "2009-09-30": "", "2009-06-30": "", "2009-03-31": "", "2008-12-31": "", "2008-09-30": "", "2008-06-30": "879.00000", "2008-03-31": "", "2007-12-31": "", "2007-09-30": "", "2007-06-30": "", "2007-03-31": "", "2006-12-31": "", "2006-09-30": "", "2006-06-30": "", "2006-03-31": "", "2005-12-31": "", "2005-09-30": "", "2005-06-30": "", "2005-03-31": ""}, "Total Current Assets": {"2020-12-31": "17404.00000", "2020-09-30": "25030.00000", "2020-06-30": "18915.00000", "2020-03-31": "10275.00000", "2019-12-31": "8249.00000", "2019-09-30": "6944.00000", "2019-06-30": "7134.00000", "2019-03-31": "7196.00000", "2018-12-31": "6340.00000", "2018-09-30": "6726.00000", "2018-06-30": "7641.00000", "2018-03-31": "7724.00000", "2017-12-31": "7804.00000", "2017-09-30": "7083.00000", "2017-06-30": "7177.00000", "2017-03-31": "6880.00000", "2016-12-31": "7451.00000", "2016-09-30": "7329.00000", "2016-06-30": "7638.00000", "2016-03-31": "9306.00000", "2015-12-31": "9056.00000", "2015-09-30": "11973.00000", "2015-06-30": "11441.00000", "2015-03-31": "12266.00000", "2014-12-31": "9158.00000", "2014-09-30": "10995.00000", "2014-06-30": "10517.00000", "2014-03-31": "9746.00000", "2013-12-31": "9651.00000", "2013-09-30": "8951.00000", "2013-06-30": "8895.00000", "2013-03-31": "8641.00000", "2012-12-31": "8272.00000", "2012-09-30": "8163.00000", "2012-06-30": "8457.00000", "2012-03-31": "8299.00000", "2011-12-31": "7729.00000", "2011-09-30": "7329.00000", "2011-06-30": "8063.00000", "2011-03-31": "7993.00000", "2010-12-31": "7307.00000", "2010-09-30": "7321.00000", "2010-06-30": "7868.00000", "2010-03-31": "8361.00000", "2009-12-31": "7991.00000", "2009-09-30": "8862.00000", "2009-06-30": "8299.00000", "2009-03-31": "8057.00000", "2008-12-31": "8974.00000", "2008-09-30": "5488.00000", "2008-06-30": "7167.00000", "2008-03-31": "5329.00000", "2007-12-31": "5240.00000", "2007-09-30": "5645.00000", "2007-06-30": "6249.00000", "2007-03-31": "6134.00000", "2006-12-31": "5385.00000", "2006-09-30": "5881.00000", "2006-06-30": "5902.00000", "2006-03-31": "5107.00000", "2005-12-31": "4480.00000", "2005-09-30": "4283.00000", "2005-06-30": "3786.00000", "2005-03-31": "3841.00000"}, "Property, Plant, And Equipment": {"2020-12-31": "26529.00000", "2020-09-30": "26602.00000", "2020-06-30": "28473.00000", "2020-03-31": "31644.00000", "2019-12-31": "31310.00000", "2019-09-30": "30796.00000", "2019-06-30": "30165.00000", "2019-03-31": "29139.00000", "2018-12-31": "28335.00000", "2018-09-30": "28565.00000", "2018-06-30": "28124.00000", "2018-03-31": "27096.00000", "2017-12-31": "26563.00000", "2017-09-30": "25900.00000", "2017-06-30": "25367.00000", "2017-03-31": "24817.00000", "2016-12-31": "24375.00000", "2016-09-30": "24105.00000", "2016-06-30": "23975.00000", "2016-03-31": "23422.00000", "2015-12-31": "23039.00000", "2015-09-30": "22608.00000", "2015-06-30": "22480.00000", "2015-03-31": "22023.00000", "2014-12-31": "21929.00000", "2014-09-30": "21722.00000", "2014-06-30": "22048.00000", "2014-03-31": "21972.00000", "2013-12-31": "21854.00000", "2013-09-30": "21297.00000", "2013-06-30": "21049.00000", "2013-03-31": "20793.00000", "2012-12-31": "20713.00000", "2012-09-30": "20599.00000", "2012-06-30": "20609.00000", "2012-03-31": "20332.00000", "2011-12-31": "20223.00000", "2011-09-30": "20256.00000", "2011-06-30": "20315.00000", "2011-03-31": "20333.00000", "2010-12-31": "20307.00000", "2010-09-30": "20184.00000", "2010-06-30": "20396.00000", "2010-03-31": "20481.00000", "2009-12-31": "20433.00000", "2009-09-30": "20658.00000", "2009-06-30": "20916.00000", "2009-03-31": "20896.00000", "2008-12-31": "20627.00000", "2008-09-30": "12060.00000", "2008-06-30": "11999.00000", "2008-03-31": "11945.00000", "2007-12-31": "11701.00000", "2007-09-30": "11558.00000", "2007-06-30": "11469.00000", "2007-03-31": "12528.00000", "2006-12-31": "12973.00000", "2006-09-30": "13371.00000", "2006-06-30": "13615.00000", "2006-03-31": "14026.00000", "2005-12-31": "14280.00000", "2005-09-30": "14529.00000", "2005-06-30": "16376.00000", "2005-03-31": "16436.00000"}, "Long-Term Investments": {"2020-12-31": "1665.00000", "2020-09-30": "1562.00000", "2020-06-30": "1633.00000", "2020-03-31": "3684.00000", "2019-12-31": "2568.00000", "2019-09-30": "", "2019-06-30": "", "2019-03-31": "", "2018-12-31": "", "2018-09-30": "", "2018-06-30": "", "2018-03-31": "", "2017-12-31": "", "2017-09-30": "", "2017-06-30": "", "2017-03-31": "", "2016-12-31": "", "2016-09-30": "", "2016-06-30": "", "2016-03-31": "", "2015-12-31": "", "2015-09-30": "", "2015-06-30": "", "2015-03-31": "", "2014-12-31": "", "2014-09-30": "", "2014-06-30": "", "2014-03-31": "", "2013-12-31": "", "2013-09-30": "", "2013-06-30": "", "2013-03-31": "", "2012-12-31": "", "2012-09-30": "", "2012-06-30": "", "2012-03-31": "", "2011-12-31": "", "2011-09-30": "", "2011-06-30": "", "2011-03-31": "", "2010-12-31": "", "2010-09-30": "", "2010-06-30": "", "2010-03-31": "", "2009-12-31": "", "2009-09-30": "", "2009-06-30": "", "2009-03-31": "", "2008-12-31": "", "2008-09-30": "", "2008-06-30": "", "2008-03-31": "", "2007-12-31": "", "2007-09-30": "", "2007-06-30": "", "2007-03-31": "", "2006-12-31": "", "2006-09-30": "", "2006-06-30": "", "2006-03-31": "", "2005-12-31": "", "2005-09-30": "", "2005-06-30": "", "2005-03-31": ""}, "Goodwill And Intangible Assets": {"2020-12-31": "15764.00000", "2020-09-30": "15767.00000", "2020-06-30": "15770.00000", "2020-03-31": "15772.00000", "2019-12-31": "14944.00000", "2019-09-30": "14602.00000", "2019-06-30": "14605.00000", "2019-03-31": "14608.00000", "2018-12-31": "14611.00000", "2018-09-30": "14629.00000", "2018-06-30": "14633.00000", "2018-03-31": "14637.00000", "2017-12-31": "14641.00000", "2017-09-30": "14645.00000", "2017-06-30": "14649.00000", "2017-03-31": "14649.00000", "2016-12-31": "14638.00000", "2016-09-30": "14642.00000", "2016-06-30": "14646.00000", "2016-03-31": "14650.00000", "2015-12-31": "14655.00000", "2015-09-30": "14383.00000", "2015-06-30": "14388.00000", "2015-03-31": "14393.00000", "2014-12-31": "14397.00000", "2014-09-30": "14408.00000", "2014-06-30": "14419.00000", "2014-03-31": "14436.00000", "2013-12-31": "14452.00000", "2013-09-30": "14469.00000", "2013-06-30": "14486.00000", "2013-03-31": "14503.00000", "2012-12-31": "14473.00000", "2012-09-30": "14491.00000", "2012-06-30": "14510.00000", "2012-03-31": "14527.00000", "2011-12-31": "14545.00000", "2011-09-30": "14491.00000", "2011-06-30": "14508.00000", "2011-03-31": "14525.00000", "2010-12-31": "14543.00000", "2010-09-30": "14560.00000", "2010-06-30": "14580.00000", "2010-03-31": "14599.00000", "2009-12-31": "14616.00000", "2009-09-30": "14642.00000", "2009-06-30": "14625.00000", "2009-03-31": "14647.00000", "2008-12-31": "14675.00000", "2008-09-30": "5168.00000", "2008-06-30": "5169.00000", "2008-03-31": "6010.00000", "2007-12-31": "14910.00000", "2007-09-30": "12169.00000", "2007-06-30": "12373.00000", "2007-03-31": "227.00000", "2006-12-31": "316.00000", "2006-09-30": "227.00000", "2006-06-30": "227.00000", "2006-03-31": "227.00000", "2005-12-31": "227.00000", "2005-09-30": "280.00000", "2005-06-30": "303.00000", "2005-03-31": "317.00000"}, "Other Long-Term Assets": {"2020-12-31": "2913.00000", "2020-09-30": "2929.00000", "2020-06-30": "1820.00000", "2020-03-31": "1875.00000", "2019-12-31": "1714.00000", "2019-09-30": "5062.00000", "2019-06-30": "4708.00000", "2019-03-31": "4862.00000", "2018-12-31": "4986.00000", "2018-09-30": "4651.00000", "2018-06-30": "4594.00000", "2018-03-31": "3446.00000", "2017-12-31": "3309.00000", "2017-09-30": "2878.00000", "2017-06-30": "2545.00000", "2017-03-31": "2363.00000", "2016-12-31": "1733.00000", "2016-09-30": "1722.00000", "2016-06-30": "1578.00000", "2016-03-31": "1475.00000", "2015-12-31": "1428.00000", "2015-09-30": "1848.00000", "2015-06-30": "1098.00000", "2015-03-31": "1019.00000", "2014-12-31": "926.00000", "2014-09-30": "1119.00000", "2014-06-30": "1105.00000", "2014-03-31": "1159.00000", "2013-12-31": "1303.00000", "2013-09-30": "1280.00000", "2013-06-30": "1342.00000", "2013-03-31": "1131.00000", "2012-12-31": "1092.00000", "2012-09-30": "1099.00000", "2012-06-30": "1144.00000", "2012-03-31": "1031.00000", "2011-12-31": "1002.00000", "2011-09-30": "960.00000", "2011-06-30": "992.00000", "2011-03-31": "1030.00000", "2010-12-31": "1031.00000", "2010-09-30": "1088.00000", "2010-06-30": "965.00000", "2010-03-31": "898.00000", "2009-12-31": "749.00000", "2009-09-30": "691.00000", "2009-06-30": "640.00000", "2009-03-31": "795.00000", "2008-12-31": "808.00000", "2008-09-30": "591.00000", "2008-06-30": "974.00000", "2008-03-31": "720.00000", "2007-12-31": "572.00000", "2007-09-30": "540.00000", "2007-06-30": "725.00000", "2007-03-31": "834.00000", "2006-12-31": "948.00000", "2006-09-30": "1132.00000", "2006-06-30": "923.00000", "2006-03-31": "1127.00000", "2005-12-31": "978.00000", "2005-09-30": "1048.00000", "2005-06-30": "1020.00000", "2005-03-31": "1066.00000"}, "Total Long-Term Assets": {"2020-12-31": "54647.00000", "2020-09-30": "54046.00000", "2020-06-30": "53346.00000", "2020-03-31": "58463.00000", "2019-12-31": "56283.00000", "2019-09-30": "56275.00000", "2019-06-30": "55384.00000", "2019-03-31": "54645.00000", "2018-12-31": "53926.00000", "2018-09-30": "48277.00000", "2018-06-30": "48155.00000", "2018-03-31": "46354.00000", "2017-12-31": "45867.00000", "2017-09-30": "44845.00000", "2017-06-30": "44638.00000", "2017-03-31": "44579.00000", "2016-12-31": "43810.00000", "2016-09-30": "43619.00000", "2016-06-30": "43996.00000", "2016-03-31": "44036.00000", "2015-12-31": "44078.00000", "2015-09-30": "41673.00000", "2015-06-30": "41340.00000", "2015-03-31": "41486.00000", "2014-12-31": "44847.00000", "2014-09-30": "40945.00000", "2014-06-30": "41674.00000", "2014-03-31": "42421.00000", "2013-12-31": "42601.00000", "2013-09-30": "37046.00000", "2013-06-30": "36877.00000", "2013-03-31": "36427.00000", "2012-12-31": "36278.00000", "2012-09-30": "36189.00000", "2012-06-30": "36263.00000", "2012-03-31": "35890.00000", "2011-12-31": "35770.00000", "2011-09-30": "35707.00000", "2011-06-30": "35815.00000", "2011-03-31": "35888.00000", "2010-12-31": "35881.00000", "2010-09-30": "35832.00000", "2010-06-30": "35941.00000", "2010-03-31": "35978.00000", "2009-12-31": "35798.00000", "2009-09-30": "35991.00000", "2009-06-30": "36181.00000", "2009-03-31": "36338.00000", "2008-12-31": "36110.00000", "2008-09-30": "20110.00000", "2008-06-30": "20484.00000", "2008-03-31": "21426.00000", "2007-12-31": "27183.00000", "2007-09-30": "27128.00000", "2007-06-30": "27485.00000", "2007-03-31": "13677.00000", "2006-12-31": "14237.00000", "2006-09-30": "14800.00000", "2006-06-30": "14835.00000", "2006-03-31": "15451.00000", "2005-12-31": "15559.00000", "2005-09-30": "15932.00000", "2005-06-30": "17775.00000", "2005-03-31": "17896.00000"}, "Total Assets": {"2020-12-31": "72051.00000", "2020-09-30": "79076.00000", "2020-06-30": "72261.00000", "2020-03-31": "68738.00000", "2019-12-31": "64532.00000", "2019-09-30": "63219.00000", "2019-06-30": "62518.00000", "2019-03-31": "61841.00000", "2018-12-31": "60266.00000", "2018-09-30": "55003.00000", "2018-06-30": "55796.00000", "2018-03-31": "54078.00000", "2017-12-31": "53671.00000", "2017-09-30": "51928.00000", "2017-06-30": "51815.00000", "2017-03-31": "51459.00000", "2016-12-31": "51261.00000", "2016-09-30": "50948.00000", "2016-06-30": "51634.00000", "2016-03-31": "53342.00000", "2015-12-31": "53134.00000", "2015-09-30": "53646.00000", "2015-06-30": "52781.00000", "2015-03-31": "53752.00000", "2014-12-31": "54005.00000", "2014-09-30": "51940.00000", "2014-06-30": "52191.00000", "2014-03-31": "52167.00000", "2013-12-31": "52252.00000", "2013-09-30": "45997.00000", "2013-06-30": "45772.00000", "2013-03-31": "45068.00000", "2012-12-31": "44550.00000", "2012-09-30": "44352.00000", "2012-06-30": "44720.00000", "2012-03-31": "44189.00000", "2011-12-31": "43499.00000", "2011-09-30": "43036.00000", "2011-06-30": "43878.00000", "2011-03-31": "43881.00000", "2010-12-31": "43188.00000", "2010-09-30": "43153.00000", "2010-06-30": "43809.00000", "2010-03-31": "44339.00000", "2009-12-31": "43789.00000", "2009-09-30": "44853.00000", "2009-06-30": "44480.00000", "2009-03-31": "44395.00000", "2008-12-31": "45084.00000", "2008-09-30": "25598.00000", "2008-06-30": "27651.00000", "2008-03-31": "26755.00000", "2007-12-31": "32423.00000", "2007-09-30": "32773.00000", "2007-06-30": "33734.00000", "2007-03-31": "19811.00000", "2006-12-31": "19622.00000", "2006-09-30": "20681.00000", "2006-06-30": "20737.00000", "2006-03-31": "20558.00000", "2005-12-31": "20039.00000", "2005-09-30": "20215.00000", "2005-06-30": "21561.00000", "2005-03-31": "21737.00000"}, "Total Current Liabilities": {"2020-12-31": "15927.00000", "2020-09-30": "19725.00000", "2020-06-30": "20150.00000", "2020-03-31": "19392.00000", "2019-12-31": "20204.00000", "2019-09-30": "20211.00000", "2019-06-30": "21164.00000", "2019-03-31": "21323.00000", "2018-12-31": "18578.00000", "2018-09-30": "18158.00000", "2018-06-30": "19269.00000", "2018-03-31": "20012.00000", "2017-12-31": "18959.00000", "2017-09-30": "16496.00000", "2017-06-30": "16631.00000", "2017-03-31": "15953.00000", "2016-12-31": "15239.00000", "2016-09-30": "15147.00000", "2016-06-30": "16250.00000", "2016-03-31": "18108.00000", "2015-12-31": "17526.00000", "2015-09-30": "17608.00000", "2015-06-30": "17082.00000", "2015-03-31": "17319.00000", "2014-12-31": "16847.00000", "2014-09-30": "14813.00000", "2014-06-30": "15209.00000", "2014-03-31": "15010.00000", "2013-12-31": "14152.00000", "2013-09-30": "14134.00000", "2013-06-30": "14775.00000", "2013-03-31": "14068.00000", "2012-12-31": "13270.00000", "2012-09-30": "13224.00000", "2012-06-30": "14693.00000", "2012-03-31": "13646.00000", "2011-12-31": "12701.00000", "2011-09-30": "12012.00000", "2011-06-30": "12802.00000", "2011-03-31": "12260.00000", "2010-12-31": "11385.00000", "2010-09-30": "11820.00000", "2010-06-30": "11892.00000", "2010-03-31": "11224.00000", "2009-12-31": "9797.00000", "2009-09-30": "9594.00000", "2009-06-30": "11149.00000", "2009-03-31": "11527.00000", "2008-12-31": "11092.00000", "2008-09-30": "6788.00000", "2008-06-30": "8132.00000", "2008-03-31": "6671.00000", "2007-12-31": "6605.00000", "2007-09-30": "6704.00000", "2007-06-30": "7731.00000", "2007-03-31": "7999.00000", "2006-12-31": "5769.00000", "2006-09-30": "6113.00000", "2006-06-30": "6470.00000", "2006-03-31": "6314.00000", "2005-12-31": "5265.00000", "2005-09-30": "4960.00000", "2005-06-30": "6921.00000", "2005-03-31": "6809.00000"}, "Long Term Debt": {"2020-12-31": "27425.00000", "2020-09-30": "29825.00000", "2020-06-30": "19412.00000", "2020-03-31": "12662.00000", "2019-12-31": "8873.00000", "2019-09-30": "7923.00000", "2019-06-30": "7710.00000", "2019-03-31": "7710.00000", "2018-12-31": "8253.00000", "2018-09-30": "8115.00000", "2018-06-30": "8562.00000", "2018-03-31": "6360.00000", "2017-12-31": "6592.00000", "2017-09-30": "7584.00000", "2017-06-30": "7916.00000", "2017-03-31": "8187.00000", "2016-12-31": "6201.00000", "2016-09-30": "6473.00000", "2016-06-30": "6689.00000", "2016-03-31": "6920.00000", "2015-12-31": "6766.00000", "2015-09-30": "7096.00000", "2015-06-30": "7598.00000", "2015-03-31": "8305.00000", "2014-12-31": "8477.00000", "2014-09-30": "8970.00000", "2014-06-30": "9089.00000", "2014-03-31": "9466.00000", "2013-12-31": "9795.00000", "2013-09-30": "10077.00000", "2013-06-30": "10526.00000", "2013-03-31": "10721.00000", "2012-12-31": "11082.00000", "2012-09-30": "11111.00000", "2012-06-30": "11221.00000", "2012-03-31": "11521.00000", "2011-12-31": "11847.00000", "2011-09-30": "12557.00000", "2011-06-30": "13026.00000", "2011-03-31": "13446.00000", "2010-12-31": "13179.00000", "2010-09-30": "13063.00000", "2010-06-30": "14228.00000", "2010-03-31": "15251.00000", "2009-12-31": "15665.00000", "2009-09-30": "16655.00000", "2009-06-30": "14774.00000", "2009-03-31": "14743.00000", "2008-12-31": "15411.00000", "2008-09-30": "9274.00000", "2008-06-30": "8338.00000", "2008-03-31": "8387.00000", "2007-12-31": "7986.00000", "2007-09-30": "7430.00000", "2007-06-30": "7553.00000", "2007-03-31": "4792.00000", "2006-12-31": "6509.00000", "2006-09-30": "6422.00000", "2006-06-30": "6508.00000", "2006-03-31": "6654.00000", "2005-12-31": "6557.00000", "2005-09-30": "6657.00000", "2005-06-30": "12957.00000", "2005-03-31": "13043.00000"}, "Other Non-Current Liabilities": {"2020-12-31": "5363.00000", "2020-09-30": "5236.00000", "2020-06-30": "4245.00000", "2020-03-31": "1666.00000", "2019-12-31": "1386.00000", "2019-09-30": "1378.00000", "2019-06-30": "2025.00000", "2019-03-31": "1395.00000", "2018-12-31": "969.00000", "2018-09-30": "2517.00000", "2018-06-30": "2365.00000", "2018-03-31": "2320.00000", "2017-12-31": "2221.00000", "2017-09-30": "2001.00000", "2017-06-30": "1885.00000", "2017-03-31": "1822.00000", "2016-12-31": "1878.00000", "2016-09-30": "1956.00000", "2016-06-30": "2015.00000", "2016-03-31": "2091.00000", "2015-12-31": "1891.00000", "2015-09-30": "2465.00000", "2015-06-30": "2322.00000", "2015-03-31": "2457.00000", "2014-12-31": "2128.00000", "2014-09-30": "1946.00000", "2014-06-30": "1735.00000", "2014-03-31": "1712.00000", "2013-12-31": "1711.00000", "2013-09-30": "1709.00000", "2013-06-30": "1680.00000", "2013-03-31": "1694.00000", "2012-12-31": "1649.00000", "2012-09-30": "1711.00000", "2012-06-30": "1606.00000", "2012-03-31": "1489.00000", "2011-12-31": "1419.00000", "2011-09-30": "1424.00000", "2011-06-30": "1383.00000", "2011-03-31": "1386.00000", "2010-12-31": "1533.00000", "2010-09-30": "1522.00000", "2010-06-30": "1353.00000", "2010-03-31": "1319.00000", "2009-12-31": "1222.00000", "2009-09-30": "1261.00000", "2009-06-30": "1223.00000", "2009-03-31": "1272.00000", "2008-12-31": "1342.00000", "2008-09-30": "537.00000", "2008-06-30": "675.00000", "2008-03-31": "793.00000", "2007-12-31": "721.00000", "2007-09-30": "549.00000", "2007-06-30": "600.00000", "2007-03-31": "19972.00000", "2006-12-31": "20185.00000", "2006-09-30": "21691.00000", "2006-06-30": "21331.00000", "2006-03-31": "18946.00000", "2005-12-31": "17547.00000", "2005-09-30": "16610.00000", "2005-06-30": "944.00000", "2005-03-31": "936.00000"}, "Total Long Term Liabilities": {"2020-12-31": "54771.00000", "2020-09-30": "55994.00000", "2020-06-30": "43421.00000", "2020-03-31": "35037.00000", "2019-12-31": "28970.00000", "2019-09-30": "27940.00000", "2019-06-30": "27396.00000", "2019-03-31": "27607.00000", "2018-12-31": "28001.00000", "2018-09-30": "23141.00000", "2018-06-30": "23671.00000", "2018-03-31": "21509.00000", "2017-12-31": "22182.00000", "2017-09-30": "21431.00000", "2017-06-30": "21705.00000", "2017-03-31": "22561.00000", "2016-12-31": "23735.00000", "2016-09-30": "23291.00000", "2016-06-30": "23574.00000", "2016-03-31": "23982.00000", "2015-12-31": "24758.00000", "2015-09-30": "25693.00000", "2015-06-30": "26136.00000", "2015-03-31": "27387.00000", "2014-12-31": "28345.00000", "2014-09-30": "24831.00000", "2014-06-30": "24779.00000", "2014-03-31": "25516.00000", "2013-12-31": "26457.00000", "2013-09-30": "31726.00000", "2013-06-30": "32181.00000", "2013-03-31": "32943.00000", "2012-12-31": "33411.00000", "2012-09-30": "31176.00000", "2012-06-30": "31162.00000", "2012-03-31": "31554.00000", "2011-12-31": "32194.00000", "2011-09-30": "29802.00000", "2011-06-30": "30291.00000", "2011-03-31": "30863.00000", "2010-12-31": "30906.00000", "2010-09-30": "30618.00000", "2010-06-30": "31718.00000", "2010-03-31": "33043.00000", "2009-12-31": "33747.00000", "2009-09-30": "34359.00000", "2009-06-30": "32351.00000", "2009-03-31": "32349.00000", "2008-12-31": "33118.00000", "2008-09-30": "16419.00000", "2008-06-30": "15798.00000", "2008-03-31": "16133.00000", "2007-12-31": "15705.00000", "2007-09-30": "16321.00000", "2007-06-30": "16531.00000", "2007-03-31": "25488.00000", "2006-12-31": "27446.00000", "2006-09-30": "28439.00000", "2006-06-30": "28133.00000", "2006-03-31": "25907.00000", "2005-12-31": "24422.00000", "2005-09-30": "23468.00000", "2005-06-30": "21349.00000", "2005-03-31": "21280.00000"}, "Total Liabilities": {"2020-12-31": "70698.00000", "2020-09-30": "75719.00000", "2020-06-30": "63571.00000", "2020-03-31": "54429.00000", "2019-12-31": "49174.00000", "2019-09-30": "48151.00000", "2019-06-30": "48560.00000", "2019-03-31": "48930.00000", "2018-12-31": "46579.00000", "2018-09-30": "41299.00000", "2018-06-30": "42940.00000", "2018-03-31": "41521.00000", "2017-12-31": "41141.00000", "2017-09-30": "37927.00000", "2017-06-30": "38336.00000", "2017-03-31": "38514.00000", "2016-12-31": "38974.00000", "2016-09-30": "38438.00000", "2016-06-30": "39824.00000", "2016-03-31": "42090.00000", "2015-12-31": "42284.00000", "2015-09-30": "43301.00000", "2015-06-30": "43218.00000", "2015-03-31": "44706.00000", "2014-12-31": "45192.00000", "2014-09-30": "39644.00000", "2014-06-30": "39988.00000", "2014-03-31": "40526.00000", "2013-12-31": "40609.00000", "2013-09-30": "45860.00000", "2013-06-30": "46956.00000", "2013-03-31": "47011.00000", "2012-12-31": "46681.00000", "2012-09-30": "44400.00000", "2012-06-30": "45855.00000", "2012-03-31": "45200.00000", "2011-12-31": "44895.00000", "2011-09-30": "41814.00000", "2011-06-30": "43093.00000", "2011-03-31": "43123.00000", "2010-12-31": "42291.00000", "2010-09-30": "42438.00000", "2010-06-30": "43610.00000", "2010-03-31": "44267.00000", "2009-12-31": "43544.00000", "2009-09-30": "43953.00000", "2009-06-30": "43500.00000", "2009-03-31": "43876.00000", "2008-12-31": "44210.00000", "2008-09-30": "23207.00000", "2008-06-30": "23930.00000", "2008-03-31": "22804.00000", "2007-12-31": "22310.00000", "2007-09-30": "23025.00000", "2007-06-30": "24262.00000", "2007-03-31": "33487.00000", "2006-12-31": "33215.00000", "2006-09-30": "34552.00000", "2006-06-30": "34603.00000", "2006-03-31": "32221.00000", "2005-12-31": "29687.00000", "2005-09-30": "28428.00000", "2005-06-30": "28270.00000", "2005-03-31": "28089.00000"}, "Common Stock Net": {"2020-12-31": "", "2020-09-30": "0.00000", "2020-06-30": "0.00000", "2020-03-31": "0.00000", "2019-12-31": "0.00000", "2019-09-30": "0.00000", "2019-06-30": "", "2019-03-31": "", "2018-12-31": "", "2018-09-30": "", "2018-06-30": "", "2018-03-31": "", "2017-12-31": "", "2017-09-30": "", "2017-06-30": "", "2017-03-31": "", "2016-12-31": "", "2016-09-30": "", "2016-06-30": "", "2016-03-31": "", "2015-12-31": "", "2015-09-30": "", "2015-06-30": "", "2015-03-31": "", "2014-12-31": "", "2014-09-30": "", "2014-06-30": "", "2014-03-31": "", "2013-12-31": "", "2013-09-30": "", "2013-06-30": "", "2013-03-31": "0.00000", "2012-12-31": "", "2012-09-30": "", "2012-06-30": "", "2012-03-31": "", "2011-12-31": "", "2011-09-30": "", "2011-06-30": "", "2011-03-31": "", "2010-12-31": "", "2010-09-30": "", "2010-06-30": "", "2010-03-31": "", "2009-12-31": "", "2009-09-30": "", "2009-06-30": "", "2009-03-31": "", "2008-12-31": "", "2008-09-30": "", "2008-06-30": "", "2008-03-31": "", "2007-12-31": "", "2007-09-30": "", "2007-06-30": "", "2007-03-31": "2.00000", "2006-12-31": "2.00000", "2006-09-30": "2.00000", "2006-06-30": "2.00000", "2006-03-31": "2.00000", "2005-12-31": "2.00000", "2005-09-30": "2.00000", "2005-06-30": "2.00000", "2005-03-31": "286.00000"}, "Retained Earnings (Accumulated Deficit)": {"2020-12-31": "", "2020-09-30": "327.00000", "2020-06-30": "5706.00000", "2020-03-31": "11423.00000", "2019-12-31": "12454.00000", "2019-09-30": "11772.00000", "2019-06-30": "10686.00000", "2019-03-31": "9656.00000", "2018-12-31": "10039.00000", "2018-09-30": "9696.00000", "2018-06-30": "8851.00000", "2018-03-31": "8465.00000", "2017-12-31": "8256.00000", "2017-09-30": "9502.00000", "2017-06-30": "8905.00000", "2017-03-31": "8226.00000", "2016-12-31": "7903.00000", "2016-09-30": "11109.00000", "2016-06-30": "10000.00000", "2016-03-31": "8462.00000", "2015-12-31": "5562.00000", "2015-09-30": "6748.00000", "2015-06-30": "5540.00000", "2015-03-31": "4127.00000", "2014-12-31": "3456.00000", "2014-09-30": "4244.00000", "2014-06-30": "3962.00000", "2014-03-31": "3211.00000", "2013-12-31": "3049.00000", "2013-09-30": "-5379.00000", "2013-06-30": "-6748.00000", "2013-03-31": "-7382.00000", "2012-12-31": "-7389.00000", "2012-09-30": "-7395.00000", "2012-06-30": "-8442.00000", "2012-03-31": "-8274.00000", "2011-12-31": "-8398.00000", "2011-09-30": "-8823.00000", "2011-06-30": "-9372.00000", "2011-03-31": "-9570.00000", "2010-12-31": "-9252.00000", "2010-09-30": "-9271.00000", "2010-06-30": "-9634.00000", "2010-03-31": "-10101.00000", "2009-12-31": "-9845.00000", "2009-09-30": "-9820.00000", "2009-06-30": "-9659.00000", "2009-03-31": "-9402.00000", "2008-12-31": "-8608.00000", "2008-09-30": "-7170.00000", "2008-06-30": "-7120.00000", "2008-03-31": "-6076.00000", "2007-12-31": "314.00000", "2007-09-30": "384.00000", "2007-06-30": "164.00000", "2007-03-31": "-14574.00000", "2006-12-31": "-14414.00000", "2006-09-30": "-12433.00000", "2006-06-30": "-12485.00000", "2006-03-31": "-10280.00000", "2005-12-31": "-8209.00000", "2005-09-30": "-6971.00000", "2005-06-30": "-5837.00000", "2005-03-31": "-5449.00000"}, "Comprehensive Income": {"2020-12-31": "", "2020-09-30": "-7939.00000", "2020-06-30": "-7937.00000", "2020-03-31": "-7898.00000", "2019-12-31": "-7989.00000", "2019-09-30": "-7645.00000", "2019-06-30": "-7694.00000", "2019-03-31": "-7766.00000", "2018-12-31": "-7825.00000", "2018-09-30": "-7535.00000", "2018-06-30": "-7606.00000", "2018-03-31": "-7681.00000", "2017-12-31": "-7621.00000", "2017-09-30": "-7476.00000", "2017-06-30": "-7549.00000", "2017-03-31": "-7571.00000", "2016-12-31": "-7636.00000", "2016-09-30": "-7212.00000", "2016-06-30": "-7279.00000", "2016-03-31": "-7279.00000", "2015-12-31": "-7275.00000", "2015-09-30": "-7316.00000", "2015-06-30": "-7288.00000", "2015-03-31": "-7294.00000", "2014-12-31": "-7311.00000", "2014-09-30": "-5100.00000", "2014-06-30": "-5137.00000", "2014-03-31": "-5139.00000", "2013-12-31": "-5130.00000", "2013-09-30": "-8324.00000", "2013-06-30": "-8331.00000", "2013-03-31": "-8426.00000", "2012-12-31": "-8577.00000", "2012-09-30": "-6464.00000", "2012-06-30": "-6490.00000", "2012-03-31": "-6518.00000", "2011-12-31": "-6766.00000", "2011-09-30": "-3724.00000", "2011-06-30": "-3593.00000", "2011-03-31": "-3403.00000", "2010-12-31": "-3578.00000", "2010-09-30": "-3716.00000", "2010-06-30": "-3853.00000", "2010-03-31": "-3502.00000", "2009-12-31": "-3563.00000", "2009-09-30": "-2907.00000", "2009-06-30": "-2963.00000", "2009-03-31": "-3663.00000", "2008-12-31": "-4080.00000", "2008-09-30": "152.00000", "2008-06-30": "1451.00000", "2008-03-31": "650.00000", "2007-12-31": "435.00000", "2007-09-30": "15.00000", "2007-06-30": "8.00000", "2007-03-31": "-441.00000", "2006-12-31": "-518.00000", "2006-09-30": "-2777.00000", "2006-06-30": "-2720.00000", "2006-03-31": "-2721.00000", "2005-12-31": "-2722.00000", "2005-09-30": "-2529.00000", "2005-06-30": "-2148.00000", "2005-03-31": "-2126.00000"}, "Other Share Holders Equity": {"2020-12-31": "", "2020-09-30": "", "2020-06-30": "", "2020-03-31": "", "2019-12-31": "", "2019-09-30": "", "2019-06-30": "", "2019-03-31": "", "2018-12-31": "", "2018-09-30": "", "2018-06-30": "", "2018-03-31": "", "2017-12-31": "", "2017-09-30": "", "2017-06-30": "", "2017-03-31": "", "2016-12-31": "", "2016-09-30": "", "2016-06-30": "", "2016-03-31": "", "2015-12-31": "", "2015-09-30": "", "2015-06-30": "", "2015-03-31": "", "2014-12-31": "", "2014-09-30": "", "2014-06-30": "", "2014-03-31": "", "2013-12-31": "", "2013-09-30": "", "2013-06-30": "", "2013-03-31": "", "2012-12-31": "", "2012-09-30": "", "2012-06-30": "", "2012-03-31": "", "2011-12-31": "", "2011-09-30": "", "2011-06-30": "", "2011-03-31": "", "2010-12-31": "", "2010-09-30": "", "2010-06-30": "", "2010-03-31": "", "2009-12-31": "", "2009-09-30": "", "2009-06-30": "", "2009-03-31": "", "2008-12-31": "", "2008-09-30": "", "2008-06-30": "", "2008-03-31": "", "2007-12-31": "", "2007-09-30": "", "2007-06-30": "", "2007-03-31": "", "2006-12-31": "", "2006-09-30": "", "2006-06-30": "", "2006-03-31": "", "2005-12-31": "", "2005-09-30": "", "2005-06-30": "", "2005-03-31": ""}, "Share Holder Equity": {"2020-12-31": "1353.00000", "2020-09-30": "3357.00000", "2020-06-30": "8690.00000", "2020-03-31": "14309.00000", "2019-12-31": "15358.00000", "2019-09-30": "15068.00000", "2019-06-30": "13958.00000", "2019-03-31": "12911.00000", "2018-12-31": "13687.00000", "2018-09-30": "13704.00000", "2018-06-30": "12856.00000", "2018-03-31": "12557.00000", "2017-12-31": "12530.00000", "2017-09-30": "14001.00000", "2017-06-30": "13479.00000", "2017-03-31": "12945.00000", "2016-12-31": "12287.00000", "2016-09-30": "12510.00000", "2016-06-30": "11810.00000", "2016-03-31": "11252.00000", "2015-12-31": "10850.00000", "2015-09-30": "10345.00000", "2015-06-30": "9563.00000", "2015-03-31": "9046.00000", "2014-12-31": "8813.00000", "2014-09-30": "12296.00000", "2014-06-30": "12203.00000", "2014-03-31": "11641.00000", "2013-12-31": "11643.00000", "2013-09-30": "137.00000", "2013-06-30": "-1184.00000", "2013-03-31": "-1943.00000", "2012-12-31": "-2131.00000", "2012-09-30": "-48.00000", "2012-06-30": "-1135.00000", "2012-03-31": "-1011.00000", "2011-12-31": "-1396.00000", "2011-09-30": "1222.00000", "2011-06-30": "785.00000", "2011-03-31": "758.00000", "2010-12-31": "897.00000", "2010-09-30": "715.00000", "2010-06-30": "199.00000", "2010-03-31": "72.00000", "2009-12-31": "245.00000", "2009-09-30": "900.00000", "2009-06-30": "980.00000", "2009-03-31": "519.00000", "2008-12-31": "874.00000", "2008-09-30": "2391.00000", "2008-06-30": "3721.00000", "2008-03-31": "3951.00000", "2007-12-31": "10113.00000", "2007-09-30": "9748.00000", "2007-06-30": "9472.00000", "2007-03-31": "-13676.00000", "2006-12-31": "-13593.00000", "2006-09-30": "-13871.00000", "2006-06-30": "-13866.00000", "2006-03-31": "-11663.00000", "2005-12-31": "-9648.00000", "2005-09-30": "-8213.00000", "2005-06-30": "-6709.00000", "2005-03-31": "-6352.00000"}, "Total Liabilities And Share Holders Equity": {"2020-12-31": "72051.00000", "2020-09-30": "79076.00000", "2020-06-30": "72261.00000", "2020-03-31": "68738.00000", "2019-12-31": "64532.00000", "2019-09-30": "63219.00000", "2019-06-30": "62518.00000", "2019-03-31": "61841.00000", "2018-12-31": "60266.00000", "2018-09-30": "55003.00000", "2018-06-30": "55796.00000", "2018-03-31": "54078.00000", "2017-12-31": "53671.00000", "2017-09-30": "51928.00000", "2017-06-30": "51815.00000", "2017-03-31": "51459.00000", "2016-12-31": "51261.00000", "2016-09-30": "50948.00000", "2016-06-30": "51634.00000", "2016-03-31": "53342.00000", "2015-12-31": "53134.00000", "2015-09-30": "53646.00000", "2015-06-30": "52781.00000", "2015-03-31": "53752.00000", "2014-12-31": "54005.00000", "2014-09-30": "51940.00000", "2014-06-30": "52191.00000", "2014-03-31": "52167.00000", "2013-12-31": "52252.00000", "2013-09-30": "45997.00000", "2013-06-30": "45772.00000", "2013-03-31": "45068.00000", "2012-12-31": "44550.00000", "2012-09-30": "44352.00000", "2012-06-30": "44720.00000", "2012-03-31": "44189.00000", "2011-12-31": "43499.00000", "2011-09-30": "43036.00000", "2011-06-30": "43878.00000", "2011-03-31": "43881.00000", "2010-12-31": "43188.00000", "2010-09-30": "43153.00000", "2010-06-30": "43809.00000", "2010-03-31": "44339.00000", "2009-12-31": "43789.00000", "2009-09-30": "44853.00000", "2009-06-30": "44480.00000", "2009-03-31": "44395.00000", "2008-12-31": "45084.00000", "2008-09-30": "25598.00000", "2008-06-30": "27651.00000", "2008-03-31": "26755.00000", "2007-12-31": "32423.00000", "2007-09-30": "32773.00000", "2007-06-30": "33734.00000", "2007-03-31": "19811.00000", "2006-12-31": "19622.00000", "2006-09-30": "20681.00000", "2006-06-30": "20737.00000", "2006-03-31": "20558.00000", "2005-12-31": "20039.00000", "2005-09-30": "20215.00000", "2005-06-30": "21561.00000", "2005-03-31": "21737.00000"}}, "cash flow statement": {"Net Income/Loss": {"2020-12-31": "0.00000", "2019-12-31": "4767.00000", "2018-12-31": "3935.00000", "2017-12-31": "3205.00000", "2016-12-31": "4195.00000", "2015-12-31": "4526.00000", "2014-12-31": "659.00000", "2013-12-31": "10540.00000", "2012-12-31": "1009.00000", "2011-12-31": "854.00000", "2010-12-31": "593.00000", "2009-12-31": "-1237.00000", "2008-12-31": "-8922.00000", "2007-12-31": "1612.00000", "2006-12-31": "-6203.00000", "2005-12-31": "-3818.00000"}, "Total Depreciation And Amortization - Cash Flow": {"2020-12-31": "", "2019-12-31": "2581.00000", "2018-12-31": "2329.00000", "2017-12-31": "2222.00000", "2016-12-31": "1886.00000", "2015-12-31": "1835.00000", "2014-12-31": "1771.00000", "2013-12-31": "1658.00000", "2012-12-31": "1758.00000", "2011-12-31": "1716.00000", "2010-12-31": "1727.00000", "2009-12-31": "1906.00000", "2008-12-31": "8582.00000", "2007-12-31": "1039.00000", "2006-12-31": "1276.00000", "2005-12-31": "1273.00000"}, "Other Non-Cash Items": {"2020-12-31": "", "2019-12-31": "1473.00000", "2018-12-31": "1364.00000", "2017-12-31": "2242.00000", "2016-12-31": "2118.00000", "2015-12-31": "1180.00000", "2014-12-31": "3732.00000", "2013-12-31": "-7816.00000", "2012-12-31": "110.00000", "2011-12-31": "275.00000", "2010-12-31": "535.00000", "2009-12-31": "-286.00000", "2008-12-31": "384.00000", "2007-12-31": "-916.00000", "2006-12-31": "5454.00000", "2005-12-31": "834.00000"}, "Total Non-Cash Items": {"2020-12-31": "", "2019-12-31": "4054.00000", "2018-12-31": "3693.00000", "2017-12-31": "4464.00000", "2016-12-31": "4004.00000", "2015-12-31": "3015.00000", "2014-12-31": "5503.00000", "2013-12-31": "-6158.00000", "2012-12-31": "1868.00000", "2011-12-31": "1991.00000", "2010-12-31": "2262.00000", "2009-12-31": "1620.00000", "2008-12-31": "8966.00000", "2007-12-31": "123.00000", "2006-12-31": "6730.00000", "2005-12-31": "2107.00000"}, "Change In Accounts Receivable": {"2020-12-31": "", "2019-12-31": "-775.00000", "2018-12-31": "108.00000", "2017-12-31": "-428.00000", "2016-12-31": "-134.00000", "2015-12-31": "-56.00000", "2014-12-31": "-302.00000", "2013-12-31": "90.00000", "2012-12-31": "-116.00000", "2011-12-31": "-76.00000", "2010-12-31": "-141.00000", "2009-12-31": "147.00000", "2008-12-31": "194.00000", "2007-12-31": "-15.00000", "2006-12-31": "-152.00000", "2005-12-31": "-122.00000"}, "Change In Inventories": {"2020-12-31": "", "2019-12-31": "-139.00000", "2018-12-31": "324.00000", "2017-12-31": "-397.00000", "2016-12-31": "-140.00000", "2015-12-31": "155.00000", "2014-12-31": "172.00000", "2013-12-31": "-87.00000", "2012-12-31": "-451.00000", "2011-12-31": "-8.00000", "2010-12-31": "-36.00000", "2009-12-31": "", "2008-12-31": "", "2007-12-31": "", "2006-12-31": "", "2005-12-31": ""}, "Change In Accounts Payable": {"2020-12-31": "", "2019-12-31": "", "2018-12-31": "", "2017-12-31": "", "2016-12-31": "", "2015-12-31": "", "2014-12-31": "", "2013-12-31": "", "2012-12-31": "", "2011-12-31": "", "2010-12-31": "", "2009-12-31": "", "2008-12-31": "", "2007-12-31": "", "2006-12-31": "", "2005-12-31": ""}, "Change In Assets/Liabilities": {"2020-12-31": "", "2019-12-31": "67.00000", "2018-12-31": "-381.00000", "2017-12-31": "-2727.00000", "2016-12-31": "-771.00000", "2015-12-31": "331.00000", "2014-12-31": "-1325.00000", "2013-12-31": "87.00000", "2012-12-31": "-278.00000", "2011-12-31": "-280.00000", "2010-12-31": "-467.00000", "2009-12-31": "735.00000", "2008-12-31": "-1285.00000", "2007-12-31": "330.00000", "2006-12-31": "118.00000", "2005-12-31": "828.00000"}, "Total Change In Assets/Liabilities": {"2020-12-31": "", "2019-12-31": "-703.00000", "2018-12-31": "-367.00000", "2017-12-31": "-2597.00000", "2016-12-31": "-747.00000", "2015-12-31": "229.00000", "2014-12-31": "-1491.00000", "2013-12-31": "170.00000", "2012-12-31": "54.00000", "2011-12-31": "-61.00000", "2010-12-31": "-128.00000", "2009-12-31": "1025.00000", "2008-12-31": "-1617.00000", "2007-12-31": "-165.00000", "2006-12-31": "120.00000", "2005-12-31": "1373.00000"}, "Cash Flow From Operating Activities": {"2020-12-31": "", "2019-12-31": "8425.00000", "2018-12-31": "7014.00000", "2017-12-31": "5023.00000", "2016-12-31": "7215.00000", "2015-12-31": "7927.00000", "2014-12-31": "4947.00000", "2013-12-31": "4504.00000", "2012-12-31": "2476.00000", "2011-12-31": "2834.00000", "2010-12-31": "2832.00000", "2009-12-31": "1379.00000", "2008-12-31": "-1707.00000", "2007-12-31": "1359.00000", "2006-12-31": "993.00000", "2005-12-31": "-307.00000"}, "Net Change In Property, Plant, And Equipment": {"2020-12-31": "", "2019-12-31": "-4936.00000", "2018-12-31": "-5168.00000", "2017-12-31": "-3891.00000", "2016-12-31": "-3391.00000", "2015-12-31": "-2945.00000", "2014-12-31": "-2249.00000", "2013-12-31": "-2521.00000", "2012-12-31": "-1968.00000", "2011-12-31": "-1254.00000", "2010-12-31": "-1342.00000", "2009-12-31": "-1202.00000", "2008-12-31": "-1368.00000", "2007-12-31": "-931.00000", "2006-12-31": "-373.00000", "2005-12-31": "-389.00000"}, "Net Change In Intangible Assets": {"2020-12-31": "", "2019-12-31": "", "2018-12-31": "", "2017-12-31": "", "2016-12-31": "", "2015-12-31": "", "2014-12-31": "", "2013-12-31": "", "2012-12-31": "", "2011-12-31": "", "2010-12-31": "", "2009-12-31": "", "2008-12-31": "", "2007-12-31": "", "2006-12-31": "", "2005-12-31": ""}, "Net Acquisitions/Divestitures": {"2020-12-31": "", "2019-12-31": "", "2018-12-31": "", "2017-12-31": "", "2016-12-31": "", "2015-12-31": "", "2014-12-31": "", "2013-12-31": "-47.00000", "2012-12-31": "", "2011-12-31": "", "2010-12-31": "", "2009-12-31": "", "2008-12-31": "", "2007-12-31": "", "2006-12-31": "", "2005-12-31": "417.00000"}, "Net Change In Short-term Investments": {"2020-12-31": "", "2019-12-31": "206.00000", "2018-12-31": "621.00000", "2017-12-31": "-341.00000", "2016-12-31": "979.00000", "2015-12-31": "739.00000", "2014-12-31": "", "2013-12-31": "158.00000", "2012-12-31": "61.00000", "2011-12-31": "-234.00000", "2010-12-31": "", "2009-12-31": "", "2008-12-31": "-92.00000", "2007-12-31": "", "2006-12-31": "", "2005-12-31": ""}, "Net Change In Long-Term Investments": {"2020-12-31": "", "2019-12-31": "109.00000", "2018-12-31": "28.00000", "2017-12-31": "-1245.00000", "2016-12-31": "", "2015-12-31": "-1498.00000", "2014-12-31": "-262.00000", "2013-12-31": "-360.00000", "2012-12-31": "", "2011-12-31": "", "2010-12-31": "-666.00000", "2009-12-31": "256.00000", "2008-12-31": "", "2007-12-31": "117.00000", "2006-12-31": "", "2005-12-31": "81.00000"}, "Net Change In Investments - Total": {"2020-12-31": "", "2019-12-31": "315.00000", "2018-12-31": "649.00000", "2017-12-31": "-1586.00000", "2016-12-31": "979.00000", "2015-12-31": "-759.00000", "2014-12-31": "-262.00000", "2013-12-31": "-202.00000", "2012-12-31": "61.00000", "2011-12-31": "-234.00000", "2010-12-31": "-666.00000", "2009-12-31": "256.00000", "2008-12-31": "-92.00000", "2007-12-31": "117.00000", "2006-12-31": "", "2005-12-31": "81.00000"}, "Investing Activities - Other": {"2020-12-31": "", "2019-12-31": "58.00000", "2018-12-31": "126.00000", "2017-12-31": "211.00000", "2016-12-31": "257.00000", "2015-12-31": "-251.00000", "2014-12-31": "48.00000", "2013-12-31": "14.00000", "2012-12-31": "-55.00000", "2011-12-31": "-10.00000", "2010-12-31": "-18.00000", "2009-12-31": "-62.00000", "2008-12-31": "3058.00000", "2007-12-31": "189.00000", "2006-12-31": "12.00000", "2005-12-31": "-87.00000"}, "Cash Flow From Investing Activities": {"2020-12-31": "", "2019-12-31": "-4563.00000", "2018-12-31": "-4393.00000", "2017-12-31": "-5266.00000", "2016-12-31": "-2155.00000", "2015-12-31": "-3955.00000", "2014-12-31": "-2463.00000", "2013-12-31": "-2756.00000", "2012-12-31": "-1962.00000", "2011-12-31": "-1498.00000", "2010-12-31": "-2026.00000", "2009-12-31": "-1008.00000", "2008-12-31": "1598.00000", "2007-12-31": "-625.00000", "2006-12-31": "-361.00000", "2005-12-31": "22.00000"}, "Net Long-Term Debt": {"2020-12-31": "", "2019-12-31": "-1263.00000", "2018-12-31": "693.00000", "2017-12-31": "1196.00000", "2016-12-31": "-1259.00000", "2015-12-31": "-1591.00000", "2014-12-31": "-1908.00000", "2013-12-31": "-1193.00000", "2012-12-31": "-899.00000", "2011-12-31": "-1777.00000", "2010-12-31": "-2592.00000", "2009-12-31": "75.00000", "2008-12-31": "1836.00000", "2007-12-31": "-51.00000", "2006-12-31": "-600.00000", "2005-12-31": "880.00000"}, "Net Current Debt": {"2020-12-31": "", "2019-12-31": "1750.00000", "2018-12-31": "", "2017-12-31": "", "2016-12-31": "", "2015-12-31": "", "2014-12-31": "", "2013-12-31": "", "2012-12-31": "", "2011-12-31": "", "2010-12-31": "", "2009-12-31": "", "2008-12-31": "-300.00000", "2007-12-31": "", "2006-12-31": "", "2005-12-31": ""}, "Debt Issuance/Retirement Net - Total": {"2020-12-31": "", "2019-12-31": "487.00000", "2018-12-31": "693.00000", "2017-12-31": "1196.00000", "2016-12-31": "-1259.00000", "2015-12-31": "-1591.00000", "2014-12-31": "-1908.00000", "2013-12-31": "-1193.00000", "2012-12-31": "-899.00000", "2011-12-31": "-1777.00000", "2010-12-31": "-2592.00000", "2009-12-31": "75.00000", "2008-12-31": "1536.00000", "2007-12-31": "-51.00000", "2006-12-31": "-600.00000", "2005-12-31": "880.00000"}, "Net Common Equity Issued/Repurchased": {"2020-12-31": "", "2019-12-31": "-2027.00000", "2018-12-31": "-1575.00000", "2017-12-31": "-1677.00000", "2016-12-31": "-2601.00000", "2015-12-31": "-2200.00000", "2014-12-31": "-1100.00000", "2013-12-31": "-250.00000", "2012-12-31": "", "2011-12-31": "", "2010-12-31": "", "2009-12-31": "", "2008-12-31": "192.00000", "2007-12-31": "", "2006-12-31": "", "2005-12-31": ""}, "Net Total Equity Issued/Repurchased": {"2020-12-31": "", "2019-12-31": "-2027.00000", "2018-12-31": "-1575.00000", "2017-12-31": "-1677.00000", "2016-12-31": "-2601.00000", "2015-12-31": "-2200.00000", "2014-12-31": "-1100.00000", "2013-12-31": "-250.00000", "2012-12-31": "", "2011-12-31": "", "2010-12-31": "", "2009-12-31": "", "2008-12-31": "192.00000", "2007-12-31": "", "2006-12-31": "", "2005-12-31": ""}, "Total Common And Preferred Stock Dividends Paid": {"2020-12-31": "", "2019-12-31": "-980.00000", "2018-12-31": "-909.00000", "2017-12-31": "-731.00000", "2016-12-31": "-509.00000", "2015-12-31": "-359.00000", "2014-12-31": "-251.00000", "2013-12-31": "-102.00000", "2012-12-31": "", "2011-12-31": "", "2010-12-31": "", "2009-12-31": "", "2008-12-31": "", "2007-12-31": "", "2006-12-31": "", "2005-12-31": ""}, "Financial Activities - Other": {"2020-12-31": "", "2019-12-31": "-360.00000", "2018-12-31": "65.00000", "2017-12-31": "482.00000", "2016-12-31": "109.00000", "2015-12-31": "62.00000", "2014-12-31": "19.00000", "2013-12-31": "225.00000", "2012-12-31": "144.00000", "2011-12-31": "206.00000", "2010-12-31": "71.00000", "2009-12-31": "-94.00000", "2008-12-31": "-12.00000", "2007-12-31": "-69.00000", "2006-12-31": "-6.00000", "2005-12-31": "-50.00000"}, "Cash Flow From Financial Activities": {"2020-12-31": "", "2019-12-31": "-2880.00000", "2018-12-31": "-1726.00000", "2017-12-31": "-730.00000", "2016-12-31": "-4260.00000", "2015-12-31": "-4088.00000", "2014-12-31": "-3240.00000", "2013-12-31": "-1320.00000", "2012-12-31": "-755.00000", "2011-12-31": "-1571.00000", "2010-12-31": "-2521.00000", "2009-12-31": "-19.00000", "2008-12-31": "1716.00000", "2007-12-31": "-120.00000", "2006-12-31": "-606.00000", "2005-12-31": "830.00000"}, "Net Cash Flow": {"2020-12-31": "", "2019-12-31": "982.00000", "2018-12-31": "895.00000", "2017-12-31": "-973.00000", "2016-12-31": "800.00000", "2015-12-31": "-116.00000", "2014-12-31": "-756.00000", "2013-12-31": "428.00000", "2012-12-31": "-241.00000", "2011-12-31": "-235.00000", "2010-12-31": "-1715.00000", "2009-12-31": "352.00000", "2008-12-31": "1607.00000", "2007-12-31": "614.00000", "2006-12-31": "26.00000", "2005-12-31": "545.00000"}, "Stock-Based Compensation": {"2020-12-31": "", "2019-12-31": "", "2018-12-31": "", "2017-12-31": "", "2016-12-31": "", "2015-12-31": "", "2014-12-31": "", "2013-12-31": "", "2012-12-31": "", "2011-12-31": "", "2010-12-31": "89.00000", "2009-12-31": "108.00000", "2008-12-31": "54.00000", "2007-12-31": "112.00000", "2006-12-31": "", "2005-12-31": ""}, "Common Stock Dividends Paid": {"2020-12-31": "", "2019-12-31": "-980.00000", "2018-12-31": "-909.00000", "2017-12-31": "-731.00000", "2016-12-31": "-509.00000", "2015-12-31": "-359.00000", "2014-12-31": "-251.00000", "2013-12-31": "-102.00000", "2012-12-31": "", "2011-12-31": "", "2010-12-31": "", "2009-12-31": "", "2008-12-31": "", "2007-12-31": "", "2006-12-31": "", "2005-12-31": ""}}, "cash flow statement, quarterly": {"Net Income/Loss": {"2020-12-31": 0, "2020-09-30": 0, "2020-06-30": 0, "2020-03-31": "0.00000", "2019-12-31": 4767, "2019-09-30": 0, "2019-06-30": 0, "2019-03-31": "0.00000", "2018-12-31": 3935, "2018-09-30": 0, "2018-06-30": 0, "2018-03-31": "0.00000", "2017-12-31": 3205, "2017-09-30": 0, "2017-06-30": 0, "2017-03-31": "0.00000", "2016-12-31": 4195, "2016-09-30": 0, "2016-06-30": 0, "2016-03-31": "0.00000", "2015-12-31": 4526, "2015-09-30": 0, "2015-06-30": 0, "2015-03-31": "0.00000", "2014-12-31": 659, "2014-09-30": 0, "2014-06-30": 0, "2014-03-31": "0.00000", "2013-12-31": 10540, "2013-09-30": 0, "2013-06-30": 0, "2013-03-31": "0.00000", "2012-12-31": 1009, "2012-09-30": 0, "2012-06-30": 0, "2012-03-31": "0.00000", "2011-12-31": 854, "2011-09-30": 0, "2011-06-30": 0, "2011-03-31": "0.00000", "2010-12-31": 593, "2010-09-30": 0, "2010-06-30": 0, "2010-03-31": "0.00000", "2009-12-31": -1237, "2009-09-30": 0, "2009-06-30": 0, "2009-03-31": "0.00000", "2008-12-31": -8922, "2008-09-30": 0, "2008-06-30": 0, "2008-03-31": "0.00000", "2007-12-31": 1612, "2007-09-30": 0, "2007-06-30": 0, "2007-03-31": "0.00000", "2006-12-31": -6203, "2006-09-30": 0, "2006-06-30": 0, "2006-03-31": "0.00000", "2005-12-31": -3818, "2005-09-30": 0, "2005-06-30": 0, "2005-03-31": "0.00000"}, "Total Depreciation And Amortization - Cash Flow": {"2020-12-31": 0, "2020-09-30": 0, "2020-06-30": 0, "2020-03-31": "", "2019-12-31": 2581, "2019-09-30": 0, "2019-06-30": 0, "2019-03-31": "", "2018-12-31": 2329, "2018-09-30": 0, "2018-06-30": 0, "2018-03-31": "", "2017-12-31": 2222, "2017-09-30": 0, "2017-06-30": 0, "2017-03-31": "", "2016-12-31": 1886, "2016-09-30": 0, "2016-06-30": 0, "2016-03-31": "", "2015-12-31": 1835, "2015-09-30": 0, "2015-06-30": 0, "2015-03-31": "", "2014-12-31": 1771, "2014-09-30": 0, "2014-06-30": 0, "2014-03-31": "", "2013-12-31": 1658, "2013-09-30": 0, "2013-06-30": 0, "2013-03-31": "", "2012-12-31": 1758, "2012-09-30": 0, "2012-06-30": 0, "2012-03-31": "", "2011-12-31": 1716, "2011-09-30": 0, "2011-06-30": 0, "2011-03-31": "", "2010-12-31": 1727, "2010-09-30": 0, "2010-06-30": 0, "2010-03-31": "", "2009-12-31": 1906, "2009-09-30": 0, "2009-06-30": 0, "2009-03-31": "", "2008-12-31": 8582, "2008-09-30": 0, "2008-06-30": 0, "2008-03-31": "", "2007-12-31": 1039, "2007-09-30": 0, "2007-06-30": 0, "2007-03-31": "", "2006-12-31": 1276, "2006-09-30": 0, "2006-06-30": 0, "2006-03-31": "", "2005-12-31": 1273, "2005-09-30": 0, "2005-06-30": 0, "2005-03-31": ""}, "Other Non-Cash Items": {"2020-12-31": 0, "2020-09-30": 0, "2020-06-30": 0, "2020-03-31": "", "2019-12-31": 1473, "2019-09-30": 0, "2019-06-30": 0, "2019-03-31": "", "2018-12-31": 1364, "2018-09-30": 0, "2018-06-30": 0, "2018-03-31": "", "2017-12-31": 2242, "2017-09-30": 0, "2017-06-30": 0, "2017-03-31": "", "2016-12-31": 2118, "2016-09-30": 0, "2016-06-30": 0, "2016-03-31": "", "2015-12-31": 1180, "2015-09-30": 0, "2015-06-30": 0, "2015-03-31": "", "2014-12-31": 3732, "2014-09-30": 0, "2014-06-30": 0, "2014-03-31": "", "2013-12-31": -7816, "2013-09-30": 0, "2013-06-30": 0, "2013-03-31": "", "2012-12-31": 110, "2012-09-30": 0, "2012-06-30": 0, "2012-03-31": "", "2011-12-31": 275, "2011-09-30": 0, "2011-06-30": 0, "2011-03-31": "", "2010-12-31": 535, "2010-09-30": 0, "2010-06-30": 0, "2010-03-31": "", "2009-12-31": -286, "2009-09-30": 0, "2009-06-30": 0, "2009-03-31": "", "2008-12-31": 384, "2008-09-30": 0, "2008-06-30": 0, "2008-03-31": "", "2007-12-31": -916, "2007-09-30": 0, "2007-06-30": 0, "2007-03-31": "", "2006-12-31": 5454, "2006-09-30": 0, "2006-06-30": 0, "2006-03-31": "", "2005-12-31": 834, "2005-09-30": 0, "2005-06-30": 0, "2005-03-31": ""}, "Total Non-Cash Items": {"2020-12-31": 0, "2020-09-30": 0, "2020-06-30": 0, "2020-03-31": "", "2019-12-31": 4054, "2019-09-30": 0, "2019-06-30": 0, "2019-03-31": "", "2018-12-31": 3693, "2018-09-30": 0, "2018-06-30": 0, "2018-03-31": "", "2017-12-31": 4464, "2017-09-30": 0, "2017-06-30": 0, "2017-03-31": "", "2016-12-31": 4004, "2016-09-30": 0, "2016-06-30": 0, "2016-03-31": "", "2015-12-31": 3015, "2015-09-30": 0, "2015-06-30": 0, "2015-03-31": "", "2014-12-31": 5503, "2014-09-30": 0, "2014-06-30": 0, "2014-03-31": "", "2013-12-31": -6158, "2013-09-30": 0, "2013-06-30": 0, "2013-03-31": "", "2012-12-31": 1868, "2012-09-30": 0, "2012-06-30": 0, "2012-03-31": "", "2011-12-31": 1991, "2011-09-30": 0, "2011-06-30": 0, "2011-03-31": "", "2010-12-31": 2262, "2010-09-30": 0, "2010-06-30": 0, "2010-03-31": "", "2009-12-31": 1620, "2009-09-30": 0, "2009-06-30": 0, "2009-03-31": "", "2008-12-31": 8966, "2008-09-30": 0, "2008-06-30": 0, "2008-03-31": "", "2007-12-31": 123, "2007-09-30": 0, "2007-06-30": 0, "2007-03-31": "", "2006-12-31": 6730, "2006-09-30": 0, "2006-06-30": 0, "2006-03-31": "", "2005-12-31": 2107, "2005-09-30": 0, "2005-06-30": 0, "2005-03-31": ""}, "Change In Accounts Receivable": {"2020-12-31": 0, "2020-09-30": 0, "2020-06-30": 0, "2020-03-31": "", "2019-12-31": -775, "2019-09-30": 0, "2019-06-30": 0, "2019-03-31": "", "2018-12-31": 108, "2018-09-30": 0, "2018-06-30": 0, "2018-03-31": "", "2017-12-31": -428, "2017-09-30": 0, "2017-06-30": 0, "2017-03-31": "", "2016-12-31": -134, "2016-09-30": 0, "2016-06-30": 0, "2016-03-31": "", "2015-12-31": -56, "2015-09-30": 0, "2015-06-30": 0, "2015-03-31": "", "2014-12-31": -302, "2014-09-30": 0, "2014-06-30": 0, "2014-03-31": "", "2013-12-31": 90, "2013-09-30": 0, "2013-06-30": 0, "2013-03-31": "", "2012-12-31": -116, "2012-09-30": 0, "2012-06-30": 0, "2012-03-31": "", "2011-12-31": -76, "2011-09-30": 0, "2011-06-30": 0, "2011-03-31": "", "2010-12-31": -141, "2010-09-30": 0, "2010-06-30": 0, "2010-03-31": "", "2009-12-31": 147, "2009-09-30": 0, "2009-06-30": 0, "2009-03-31": "", "2008-12-31": 194, "2008-09-30": 0, "2008-06-30": 0, "2008-03-31": "", "2007-12-31": -15, "2007-09-30": 0, "2007-06-30": 0, "2007-03-31": "", "2006-12-31": -152, "2006-09-30": 0, "2006-06-30": 0, "2006-03-31": "", "2005-12-31": -122, "2005-09-30": 0, "2005-06-30": 0, "2005-03-31": ""}, "Change In Inventories": {"2020-12-31": 0, "2020-09-30": 0, "2020-06-30": 0, "2020-03-31": "", "2019-12-31": -139, "2019-09-30": 0, "2019-06-30": 0, "2019-03-31": "", "2018-12-31": 324, "2018-09-30": 0, "2018-06-30": 0, "2018-03-31": "", "2017-12-31": -397, "2017-09-30": 0, "2017-06-30": 0, "2017-03-31": "", "2016-12-31": -140, "2016-09-30": 0, "2016-06-30": 0, "2016-03-31": "", "2015-12-31": 155, "2015-09-30": 0, "2015-06-30": 0, "2015-03-31": "", "2014-12-31": 172, "2014-09-30": 0, "2014-06-30": 0, "2014-03-31": "", "2013-12-31": -87, "2013-09-30": 0, "2013-06-30": 0, "2013-03-31": "", "2012-12-31": -451, "2012-09-30": 0, "2012-06-30": 0, "2012-03-31": "", "2011-12-31": -8, "2011-09-30": 0, "2011-06-30": 0, "2011-03-31": "", "2010-12-31": -36, "2010-09-30": 0, "2010-06-30": 0, "2010-03-31": "", "2009-12-31": 0, "2009-09-30": 0, "2009-06-30": 0, "2009-03-31": "", "2008-12-31": 0, "2008-09-30": 0, "2008-06-30": 0, "2008-03-31": "", "2007-12-31": 0, "2007-09-30": 0, "2007-06-30": 0, "2007-03-31": "", "2006-12-31": 0, "2006-09-30": 0, "2006-06-30": 0, "2006-03-31": "", "2005-12-31": 0, "2005-09-30": 0, "2005-06-30": 0, "2005-03-31": ""}, "Change In Accounts Payable": {"2020-12-31": 0, "2020-09-30": 0, "2020-06-30": 0, "2020-03-31": "", "2019-12-31": 0, "2019-09-30": 0, "2019-06-30": 0, "2019-03-31": "", "2018-12-31": 0, "2018-09-30": 0, "2018-06-30": 0, "2018-03-31": "", "2017-12-31": 0, "2017-09-30": 0, "2017-06-30": 0, "2017-03-31": "", "2016-12-31": 0, "2016-09-30": 0, "2016-06-30": 0, "2016-03-31": "", "2015-12-31": 0, "2015-09-30": 0, "2015-06-30": 0, "2015-03-31": "", "2014-12-31": 0, "2014-09-30": 0, "2014-06-30": 0, "2014-03-31": "", "2013-12-31": 0, "2013-09-30": 0, "2013-06-30": 0, "2013-03-31": "", "2012-12-31": 0, "2012-09-30": 0, "2012-06-30": 0, "2012-03-31": "", "2011-12-31": 0, "2011-09-30": 0, "2011-06-30": 0, "2011-03-31": "", "2010-12-31": 0, "2010-09-30": 0, "2010-06-30": 0, "2010-03-31": "", "2009-12-31": 0, "2009-09-30": 0, "2009-06-30": 0, "2009-03-31": "", "2008-12-31": 0, "2008-09-30": 0, "2008-06-30": 0, "2008-03-31": "", "2007-12-31": 0, "2007-09-30": 0, "2007-06-30": 0, "2007-03-31": "", "2006-12-31": 0, "2006-09-30": 0, "2006-06-30": 0, "2006-03-31": "", "2005-12-31": 0, "2005-09-30": 0, "2005-06-30": 0, "2005-03-31": ""}, "Change In Assets/Liabilities": {"2020-12-31": 0, "2020-09-30": 0, "2020-06-30": 0, "2020-03-31": "", "2019-12-31": 67, "2019-09-30": 0, "2019-06-30": 0, "2019-03-31": "", "2018-12-31": -381, "2018-09-30": 0, "2018-06-30": 0, "2018-03-31": "", "2017-12-31": -2727, "2017-09-30": 0, "2017-06-30": 0, "2017-03-31": "", "2016-12-31": -771, "2016-09-30": 0, "2016-06-30": 0, "2016-03-31": "", "2015-12-31": 331, "2015-09-30": 0, "2015-06-30": 0, "2015-03-31": "", "2014-12-31": -1325, "2014-09-30": 0, "2014-06-30": 0, "2014-03-31": "", "2013-12-31": 87, "2013-09-30": 0, "2013-06-30": 0, "2013-03-31": "", "2012-12-31": -278, "2012-09-30": 0, "2012-06-30": 0, "2012-03-31": "", "2011-12-31": -280, "2011-09-30": 0, "2011-06-30": 0, "2011-03-31": "", "2010-12-31": -467, "2010-09-30": 0, "2010-06-30": 0, "2010-03-31": "", "2009-12-31": 735, "2009-09-30": 0, "2009-06-30": 0, "2009-03-31": "", "2008-12-31": -1285, "2008-09-30": 0, "2008-06-30": 0, "2008-03-31": "", "2007-12-31": 330, "2007-09-30": 0, "2007-06-30": 0, "2007-03-31": "", "2006-12-31": 118, "2006-09-30": 0, "2006-06-30": 0, "2006-03-31": "", "2005-12-31": 828, "2005-09-30": 0, "2005-06-30": 0, "2005-03-31": ""}, "Total Change In Assets/Liabilities": {"2020-12-31": 0, "2020-09-30": 0, "2020-06-30": 0, "2020-03-31": "", "2019-12-31": -703, "2019-09-30": 0, "2019-06-30": 0, "2019-03-31": "", "2018-12-31": -367, "2018-09-30": 0, "2018-06-30": 0, "2018-03-31": "", "2017-12-31": -2597, "2017-09-30": 0, "2017-06-30": 0, "2017-03-31": "", "2016-12-31": -747, "2016-09-30": 0, "2016-06-30": 0, "2016-03-31": "", "2015-12-31": 229, "2015-09-30": 0, "2015-06-30": 0, "2015-03-31": "", "2014-12-31": -1491, "2014-09-30": 0, "2014-06-30": 0, "2014-03-31": "", "2013-12-31": 170, "2013-09-30": 0, "2013-06-30": 0, "2013-03-31": "", "2012-12-31": 54, "2012-09-30": 0, "2012-06-30": 0, "2012-03-31": "", "2011-12-31": -61, "2011-09-30": 0, "2011-06-30": 0, "2011-03-31": "", "2010-12-31": -128, "2010-09-30": 0, "2010-06-30": 0, "2010-03-31": "", "2009-12-31": 1025, "2009-09-30": 0, "2009-06-30": 0, "2009-03-31": "", "2008-12-31": -1617, "2008-09-30": 0, "2008-06-30": 0, "2008-03-31": "", "2007-12-31": -165, "2007-09-30": 0, "2007-06-30": 0, "2007-03-31": "", "2006-12-31": 120, "2006-09-30": 0, "2006-06-30": 0, "2006-03-31": "", "2005-12-31": 1373, "2005-09-30": 0, "2005-06-30": 0, "2005-03-31": ""}, "Cash Flow From Operating Activities": {"2020-12-31": 2507, "2020-09-30": -2575, "2020-06-30": -290, "2020-03-31": "358.00000", "2019-12-31": 970, "2019-09-30": 2244, "2019-06-30": 3269, "2019-03-31": "1942.00000", "2018-12-31": -4397, "2018-09-30": 1499, "2018-06-30": 2927, "2018-03-31": "1343.00000", "2017-12-31": 1891, "2017-09-30": 1593, "2017-06-30": 2369, "2017-03-31": "-830.00000", "2016-12-31": 1135, "2016-09-30": 1854, "2016-06-30": 3215, "2016-03-31": "1011.00000", "2015-12-31": 1479, "2015-09-30": 2067, "2015-06-30": 2745, "2015-03-31": "1636.00000", "2014-12-31": 582, "2014-09-30": 1358, "2014-06-30": 2056, "2014-03-31": "951.00000", "2013-12-31": 1131, "2013-09-30": 1161, "2013-06-30": 1208, "2013-03-31": "1004.00000", "2012-12-31": 550, "2012-09-30": 463, "2012-06-30": 632, "2012-03-31": "831.00000", "2011-12-31": 1158, "2011-09-30": -98, "2011-06-30": 986, "2011-03-31": "788.00000", "2010-12-31": 318, "2010-09-30": 514, "2010-06-30": 1034, "2010-03-31": "966.00000", "2009-12-31": -73, "2009-09-30": -25, "2009-06-30": 834, "2009-03-31": "643.00000", "2008-12-31": -1989, "2008-09-30": -990, "2008-06-30": 989, "2008-03-31": "283.00000", "2007-12-31": 532, "2007-09-30": 12, "2007-06-30": 455, "2007-03-31": "360.00000", "2006-12-31": 1, "2006-09-30": 222, "2006-06-30": 139, "2006-03-31": "631.00000", "2005-12-31": -470, "2005-09-30": 100, "2005-06-30": -113, "2005-03-31": "176.00000"}, "Net Change In Property, Plant, And Equipment": {"2020-12-31": 1351, "2020-09-30": -133, "2020-06-30": -281, "2020-03-31": "-937.00000", "2019-12-31": -1072, "2019-09-30": -944, "2019-06-30": -1560, "2019-03-31": "-1360.00000", "2018-12-31": 2540, "2018-09-30": -962, "2018-06-30": -1578, "2018-03-31": "-1265.00000", "2017-12-31": -1160, "2017-09-30": -941, "2017-06-30": -988, "2017-03-31": "-802.00000", "2016-12-31": -794, "2016-09-30": -680, "2016-06-30": -1046, "2016-03-31": "-871.00000", "2015-12-31": -878, "2015-09-30": -562, "2015-06-30": -919, "2015-03-31": "-586.00000", "2014-12-31": -660, "2014-09-30": -457, "2014-06-30": -518, "2014-03-31": "-614.00000", "2013-12-31": -905, "2013-09-30": -631, "2013-06-30": -338, "2013-03-31": "-647.00000", "2012-12-31": -538, "2012-09-30": -426, "2012-06-30": -597, "2012-03-31": "-407.00000", "2011-12-31": -368, "2011-09-30": -233, "2011-06-30": -313, "2011-03-31": "-340.00000", "2010-12-31": -421, "2010-09-30": -397, "2010-06-30": -196, "2010-03-31": "-328.00000", "2009-12-31": -556, "2009-09-30": -111, "2009-06-30": -174, "2009-03-31": "-361.00000", "2008-12-31": -262, "2008-09-30": -283, "2008-06-30": -262, "2008-03-31": "-561.00000", "2007-12-31": -347, "2007-09-30": -283, "2007-06-30": -164, "2007-03-31": "-137.00000", "2006-12-31": -148, "2006-09-30": -87, "2006-06-30": -65, "2006-03-31": "-73.00000", "2005-12-31": -83, "2005-09-30": -101, "2005-06-30": -94, "2005-03-31": "-111.00000"}, "Net Change In Intangible Assets": {"2020-12-31": 0, "2020-09-30": 0, "2020-06-30": 0, "2020-03-31": "", "2019-12-31": 0, "2019-09-30": 0, "2019-06-30": 0, "2019-03-31": "", "2018-12-31": 0, "2018-09-30": 0, "2018-06-30": 0, "2018-03-31": "", "2017-12-31": 0, "2017-09-30": 0, "2017-06-30": 0, "2017-03-31": "", "2016-12-31": 0, "2016-09-30": 0, "2016-06-30": 0, "2016-03-31": "", "2015-12-31": 0, "2015-09-30": 0, "2015-06-30": 0, "2015-03-31": "", "2014-12-31": 0, "2014-09-30": 0, "2014-06-30": 0, "2014-03-31": "", "2013-12-31": 0, "2013-09-30": 0, "2013-06-30": 0, "2013-03-31": "", "2012-12-31": 0, "2012-09-30": 0, "2012-06-30": 0, "2012-03-31": "", "2011-12-31": 0, "2011-09-30": 0, "2011-06-30": 0, "2011-03-31": "", "2010-12-31": 0, "2010-09-30": 0, "2010-06-30": 0, "2010-03-31": "", "2009-12-31": 0, "2009-09-30": 0, "2009-06-30": 0, "2009-03-31": "", "2008-12-31": 0, "2008-09-30": 0, "2008-06-30": 0, "2008-03-31": "", "2007-12-31": 0, "2007-09-30": 0, "2007-06-30": 0, "2007-03-31": "", "2006-12-31": 0, "2006-09-30": 0, "2006-06-30": 0, "2006-03-31": "", "2005-12-31": 0, "2005-09-30": 0, "2005-06-30": 0, "2005-03-31": ""}, "Net Acquisitions/Divestitures": {"2020-12-31": 2099, "2020-09-30": -2099, "2020-06-30": 0, "2020-03-31": "", "2019-12-31": 170, "2019-09-30": -170, "2019-06-30": 0, "2019-03-31": "", "2018-12-31": 0, "2018-09-30": 0, "2018-06-30": 0, "2018-03-31": "", "2017-12-31": 0, "2017-09-30": 0, "2017-06-30": 0, "2017-03-31": "", "2016-12-31": 0, "2016-09-30": 0, "2016-06-30": 0, "2016-03-31": "", "2015-12-31": 0, "2015-09-30": 0, "2015-06-30": 0, "2015-03-31": "", "2014-12-31": 0, "2014-09-30": 0, "2014-06-30": 0, "2014-03-31": "", "2013-12-31": -47, "2013-09-30": 0, "2013-06-30": 0, "2013-03-31": "", "2012-12-31": 0, "2012-09-30": 0, "2012-06-30": 0, "2012-03-31": "", "2011-12-31": 0, "2011-09-30": 0, "2011-06-30": 0, "2011-03-31": "", "2010-12-31": 0, "2010-09-30": 0, "2010-06-30": 0, "2010-03-31": "", "2009-12-31": 0, "2009-09-30": 0, "2009-06-30": 0, "2009-03-31": "", "2008-12-31": 0, "2008-09-30": 0, "2008-06-30": 0, "2008-03-31": "", "2007-12-31": 0, "2007-09-30": 0, "2007-06-30": 0, "2007-03-31": "", "2006-12-31": 0, "2006-09-30": 0, "2006-06-30": 0, "2006-03-31": "", "2005-12-31": 120, "2005-09-30": 297, "2005-06-30": 0, "2005-03-31": ""}, "Net Change In Short-term Investments": {"2020-12-31": 0, "2020-09-30": 0, "2020-06-30": 0, "2020-03-31": "", "2019-12-31": 206, "2019-09-30": 0, "2019-06-30": -206, "2019-03-31": "206.00000", "2018-12-31": 18, "2018-09-30": 42, "2018-06-30": 303, "2018-03-31": "", "2017-12-31": 132, "2017-09-30": 94, "2017-06-30": -567, "2017-03-31": "", "2016-12-31": 1023, "2016-09-30": -1095, "2016-06-30": 1539, "2016-03-31": "-488.00000", "2015-12-31": 729, "2015-09-30": 289, "2015-06-30": -394, "2015-03-31": "115.00000", "2014-12-31": 894, "2014-09-30": -894, "2014-06-30": -251, "2014-03-31": "251.00000", "2013-12-31": 8, "2013-09-30": 17, "2013-06-30": 87, "2013-03-31": "46.00000", "2012-12-31": 23, "2012-09-30": 38, "2012-06-30": 0, "2012-03-31": "", "2011-12-31": -234, "2011-09-30": 0, "2011-06-30": 0, "2011-03-31": "", "2010-12-31": 451, "2010-09-30": -524, "2010-06-30": 0, "2010-03-31": "73.00000", "2009-12-31": -121, "2009-09-30": 0, "2009-06-30": 49, "2009-03-31": "72.00000", "2008-12-31": 726, "2008-09-30": -818, "2008-06-30": 0, "2008-03-31": "", "2007-12-31": 49, "2007-09-30": -49, "2007-06-30": 0, "2007-03-31": "", "2006-12-31": 0, "2006-09-30": 0, "2006-06-30": 0, "2006-03-31": "", "2005-12-31": 0, "2005-09-30": 0, "2005-06-30": 0, "2005-03-31": ""}, "Net Change In Long-Term Investments": {"2020-12-31": 5281, "2020-09-30": 1119, "2020-06-30": -4301, "2020-03-31": "-2099.00000", "2019-12-31": -97, "2019-09-30": 89, "2019-06-30": 117, "2019-03-31": "", "2018-12-31": -63, "2018-09-30": 0, "2018-06-30": -300, "2018-03-31": "300.00000", "2017-12-31": -450, "2017-09-30": -480, "2017-06-30": 563, "2017-03-31": "-878.00000", "2016-12-31": 0, "2016-09-30": 866, "2016-06-30": -1619, "2016-03-31": "753.00000", "2015-12-31": -779, "2015-09-30": -719, "2015-06-30": 344, "2015-03-31": "-344.00000", "2014-12-31": -262, "2014-09-30": -253, "2014-06-30": 493, "2014-03-31": "-240.00000", "2013-12-31": 0, "2013-09-30": 0, "2013-06-30": -360, "2013-03-31": "", "2012-12-31": 37, "2012-09-30": -72, "2012-06-30": 9, "2012-03-31": "26.00000", "2011-12-31": 216, "2011-09-30": 13, "2011-06-30": 11, "2011-03-31": "-240.00000", "2010-12-31": -666, "2010-09-30": 98, "2010-06-30": -98, "2010-03-31": "", "2009-12-31": 256, "2009-09-30": 0, "2009-06-30": 0, "2009-03-31": "", "2008-12-31": 0, "2008-09-30": 0, "2008-06-30": 0, "2008-03-31": "", "2007-12-31": 83, "2007-09-30": 0, "2007-06-30": 0, "2007-03-31": "34.00000", "2006-12-31": 0, "2006-09-30": 0, "2006-06-30": 0, "2006-03-31": "", "2005-12-31": 81, "2005-09-30": 0, "2005-06-30": -37, "2005-03-31": "37.00000"}, "Net Change In Investments - Total": {"2020-12-31": 5281, "2020-09-30": 1119, "2020-06-30": -4301, "2020-03-31": "-2099.00000", "2019-12-31": 109, "2019-09-30": 89, "2019-06-30": -89, "2019-03-31": "206.00000", "2018-12-31": -45, "2018-09-30": 42, "2018-06-30": 3, "2018-03-31": "300.00000", "2017-12-31": -318, "2017-09-30": -386, "2017-06-30": -4, "2017-03-31": "-878.00000", "2016-12-31": 1023, "2016-09-30": -229, "2016-06-30": -80, "2016-03-31": "265.00000", "2015-12-31": -50, "2015-09-30": -430, "2015-06-30": -50, "2015-03-31": "-229.00000", "2014-12-31": 632, "2014-09-30": -1147, "2014-06-30": 242, "2014-03-31": "11.00000", "2013-12-31": 8, "2013-09-30": 17, "2013-06-30": -273, "2013-03-31": "46.00000", "2012-12-31": 60, "2012-09-30": -34, "2012-06-30": 9, "2012-03-31": "26.00000", "2011-12-31": -18, "2011-09-30": 13, "2011-06-30": 11, "2011-03-31": "-240.00000", "2010-12-31": -215, "2010-09-30": -426, "2010-06-30": -98, "2010-03-31": "73.00000", "2009-12-31": 135, "2009-09-30": 0, "2009-06-30": 49, "2009-03-31": "72.00000", "2008-12-31": 726, "2008-09-30": -818, "2008-06-30": 0, "2008-03-31": "", "2007-12-31": 132, "2007-09-30": -49, "2007-06-30": 0, "2007-03-31": "34.00000", "2006-12-31": 0, "2006-09-30": 0, "2006-06-30": 0, "2006-03-31": "", "2005-12-31": 81, "2005-09-30": 0, "2005-06-30": -37, "2005-03-31": "37.00000"}, "Investing Activities - Other": {"2020-12-31": -541, "2020-09-30": -31, "2020-06-30": 507, "2020-03-31": "65.00000", "2019-12-31": 13, "2019-09-30": -99, "2019-06-30": 86, "2019-03-31": "58.00000", "2018-12-31": -49, "2018-09-30": 17, "2018-06-30": 32, "2018-03-31": "38.00000", "2017-12-31": 173, "2017-09-30": 32, "2017-06-30": 34, "2017-03-31": "-28.00000", "2016-12-31": 216, "2016-09-30": 22, "2016-06-30": 14, "2016-03-31": "5.00000", "2015-12-31": -251, "2015-09-30": -17, "2015-06-30": 14, "2015-03-31": "3.00000", "2014-12-31": -10, "2014-09-30": 21, "2014-06-30": -3, "2014-03-31": "40.00000", "2013-12-31": -4, "2013-09-30": -3, "2013-06-30": 50, "2013-03-31": "-29.00000", "2012-12-31": -55, "2012-09-30": 32, "2012-06-30": -64, "2012-03-31": "32.00000", "2011-12-31": -26, "2011-09-30": 8, "2011-06-30": 4, "2011-03-31": "4.00000", "2010-12-31": -33, "2010-09-30": 21, "2010-06-30": 32, "2010-03-31": "-38.00000", "2009-12-31": 62, "2009-09-30": -134, "2009-06-30": -7, "2009-03-31": "17.00000", "2008-12-31": 3049, "2008-09-30": -5, "2008-06-30": 3, "2008-03-31": "11.00000", "2007-12-31": 25, "2007-09-30": 50, "2007-06-30": 86, "2007-03-31": "28.00000", "2006-12-31": 101, "2006-09-30": -102, "2006-06-30": 2, "2006-03-31": "11.00000", "2005-12-31": 723, "2005-09-30": -849, "2005-06-30": 43, "2005-03-31": "-4.00000"}, "Cash Flow From Investing Activities": {"2020-12-31": 8190, "2020-09-30": -1144, "2020-06-30": -4075, "2020-03-31": "-2971.00000", "2019-12-31": -780, "2019-09-30": -1124, "2019-06-30": -1563, "2019-03-31": "-1096.00000", "2018-12-31": 2446, "2018-09-30": -903, "2018-06-30": -1543, "2018-03-31": "-927.00000", "2017-12-31": -1305, "2017-09-30": -1295, "2017-06-30": -958, "2017-03-31": "-1708.00000", "2016-12-31": 445, "2016-09-30": -887, "2016-06-30": -1112, "2016-03-31": "-601.00000", "2015-12-31": -1179, "2015-09-30": -1009, "2015-06-30": -955, "2015-03-31": "-812.00000", "2014-12-31": -38, "2014-09-30": -1583, "2014-06-30": -279, "2014-03-31": "-563.00000", "2013-12-31": -948, "2013-09-30": -617, "2013-06-30": -561, "2013-03-31": "-630.00000", "2012-12-31": -533, "2012-09-30": -428, "2012-06-30": -652, "2012-03-31": "-349.00000", "2011-12-31": -412, "2011-09-30": -212, "2011-06-30": -298, "2011-03-31": "-576.00000", "2010-12-31": -669, "2010-09-30": -802, "2010-06-30": -262, "2010-03-31": "-293.00000", "2009-12-31": -359, "2009-09-30": -245, "2009-06-30": -132, "2009-03-31": "-272.00000", "2008-12-31": 3513, "2008-09-30": -1106, "2008-06-30": -259, "2008-03-31": "-550.00000", "2007-12-31": -190, "2007-09-30": -282, "2007-06-30": -78, "2007-03-31": "-75.00000", "2006-12-31": -47, "2006-09-30": -189, "2006-06-30": -63, "2006-03-31": "-62.00000", "2005-12-31": 841, "2005-09-30": -653, "2005-06-30": -88, "2005-03-31": "-78.00000"}, "Net Long-Term Debt": {"2020-12-31": -22469, "2020-09-30": 12434, "2020-06-30": 7311, "2020-03-31": "2724.00000", "2019-12-31": 1042, "2019-09-30": -355, "2019-06-30": -1165, "2019-03-31": "-785.00000", "2018-12-31": -627, "2018-09-30": -648, "2018-06-30": 1275, "2018-03-31": "-244.00000", "2017-12-31": 11, "2017-09-30": -255, "2017-06-30": -276, "2017-03-31": "1716.00000", "2016-12-31": -306, "2016-09-30": -254, "2016-06-30": -690, "2016-03-31": "-9.00000", "2015-12-31": -478, "2015-09-30": -520, "2015-06-30": -333, "2015-03-31": "-260.00000", "2014-12-31": -403, "2014-09-30": -301, "2014-06-30": -851, "2014-03-31": "-353.00000", "2013-12-31": -293, "2013-09-30": -279, "2013-06-30": -322, "2013-03-31": "-299.00000", "2012-12-31": 31, "2012-09-30": -189, "2012-06-30": -374, "2012-03-31": "-367.00000", "2011-12-31": -731, "2011-09-30": -251, "2011-06-30": -580, "2011-03-31": "-215.00000", "2010-12-31": -269, "2010-09-30": -701, "2010-06-30": -1254, "2010-03-31": "-368.00000", "2009-12-31": -341, "2009-09-30": 879, "2009-06-30": -281, "2009-03-31": "-182.00000", "2008-12-31": 679, "2008-09-30": 1021, "2008-06-30": 18, "2008-03-31": "118.00000", "2007-12-31": 699, "2007-09-30": 66, "2007-06-30": -590, "2007-03-31": "-226.00000", "2006-12-31": -202, "2006-09-30": -181, "2006-06-30": -74, "2006-03-31": "-143.00000", "2005-12-31": 278, "2005-09-30": 617, "2005-06-30": -100, "2005-03-31": "85.00000"}, "Net Current Debt": {"2020-12-31": -3261, "2020-09-30": 0, "2020-06-30": 379, "2020-03-31": "2882.00000", "2019-12-31": 0, "2019-09-30": 0, "2019-06-30": 0, "2019-03-31": "1750.00000", "2018-12-31": 0, "2018-09-30": 0, "2018-06-30": 0, "2018-03-31": "", "2017-12-31": 0, "2017-09-30": 0, "2017-06-30": 0, "2017-03-31": "", "2016-12-31": 0, "2016-09-30": 0, "2016-06-30": -68, "2016-03-31": "68.00000", "2015-12-31": 0, "2015-09-30": 0, "2015-06-30": 0, "2015-03-31": "", "2014-12-31": 0, "2014-09-30": 0, "2014-06-30": 0, "2014-03-31": "", "2013-12-31": 0, "2013-09-30": 0, "2013-06-30": 0, "2013-03-31": "", "2012-12-31": 0, "2012-09-30": 0, "2012-06-30": 0, "2012-03-31": "", "2011-12-31": 0, "2011-09-30": 0, "2011-06-30": 0, "2011-03-31": "", "2010-12-31": 0, "2010-09-30": 0, "2010-06-30": 0, "2010-03-31": "", "2009-12-31": 0, "2009-09-30": 0, "2009-06-30": 0, "2009-03-31": "", "2008-12-31": -300, "2008-09-30": 0, "2008-06-30": 0, "2008-03-31": "", "2007-12-31": 0, "2007-09-30": 0, "2007-06-30": 0, "2007-03-31": "", "2006-12-31": 0, "2006-09-30": 0, "2006-06-30": 0, "2006-03-31": "", "2005-12-31": 0, "2005-09-30": 0, "2005-06-30": 0, "2005-03-31": ""}, "Debt Issuance/Retirement Net - Total": {"2020-12-31": -25730, "2020-09-30": 12434, "2020-06-30": 7690, "2020-03-31": "5606.00000", "2019-12-31": 1042, "2019-09-30": -355, "2019-06-30": -1165, "2019-03-31": "965.00000", "2018-12-31": -627, "2018-09-30": -648, "2018-06-30": 1275, "2018-03-31": "-244.00000", "2017-12-31": 11, "2017-09-30": -255, "2017-06-30": -276, "2017-03-31": "1716.00000", "2016-12-31": -306, "2016-09-30": -254, "2016-06-30": -758, "2016-03-31": "59.00000", "2015-12-31": -478, "2015-09-30": -520, "2015-06-30": -333, "2015-03-31": "-260.00000", "2014-12-31": -403, "2014-09-30": -301, "2014-06-30": -851, "2014-03-31": "-353.00000", "2013-12-31": -293, "2013-09-30": -279, "2013-06-30": -322, "2013-03-31": "-299.00000", "2012-12-31": 31, "2012-09-30": -189, "2012-06-30": -374, "2012-03-31": "-367.00000", "2011-12-31": -731, "2011-09-30": -251, "2011-06-30": -580, "2011-03-31": "-215.00000", "2010-12-31": -269, "2010-09-30": -701, "2010-06-30": -1254, "2010-03-31": "-368.00000", "2009-12-31": -341, "2009-09-30": 879, "2009-06-30": -281, "2009-03-31": "-182.00000", "2008-12-31": 379, "2008-09-30": 1021, "2008-06-30": 18, "2008-03-31": "118.00000", "2007-12-31": 699, "2007-09-30": 66, "2007-06-30": -590, "2007-03-31": "-226.00000", "2006-12-31": -202, "2006-09-30": -181, "2006-06-30": -74, "2006-03-31": "-143.00000", "2005-12-31": 278, "2005-09-30": 617, "2005-06-30": -100, "2005-03-31": "85.00000"}, "Net Common Equity Issued/Repurchased": {"2020-12-31": 344, "2020-09-30": 0, "2020-06-30": 0, "2020-03-31": "-344.00000", "2019-12-31": -225, "2019-09-30": -209, "2019-06-30": -268, "2019-03-31": "-1325.00000", "2018-12-31": 925, "2018-09-30": -325, "2018-06-30": -600, "2018-03-31": "-325.00000", "2017-12-31": -327, "2017-09-30": -550, "2017-06-30": -600, "2017-03-31": "-200.00000", "2016-12-31": -300, "2016-09-30": -500, "2016-06-30": -1026, "2016-03-31": "-775.00000", "2015-12-31": -425, "2015-09-30": -425, "2015-06-30": -925, "2015-03-31": "-425.00000", "2014-12-31": -500, "2014-09-30": -250, "2014-06-30": -225, "2014-03-31": "-125.00000", "2013-12-31": -157, "2013-09-30": -93, "2013-06-30": 0, "2013-03-31": "", "2012-12-31": 0, "2012-09-30": 0, "2012-06-30": 0, "2012-03-31": "", "2011-12-31": 0, "2011-09-30": 0, "2011-06-30": 0, "2011-03-31": "", "2010-12-31": 0, "2010-09-30": 0, "2010-06-30": 0, "2010-03-31": "", "2009-12-31": 0, "2009-09-30": 0, "2009-06-30": 0, "2009-03-31": "", "2008-12-31": 192, "2008-09-30": 0, "2008-06-30": 0, "2008-03-31": "", "2007-12-31": 0, "2007-09-30": 0, "2007-06-30": 0, "2007-03-31": "", "2006-12-31": 0, "2006-09-30": 0, "2006-06-30": 0, "2006-03-31": "", "2005-12-31": 0, "2005-09-30": 0, "2005-06-30": 0, "2005-03-31": ""}, "Net Total Equity Issued/Repurchased": {"2020-12-31": 344, "2020-09-30": 0, "2020-06-30": 0, "2020-03-31": "-344.00000", "2019-12-31": -225, "2019-09-30": -209, "2019-06-30": -268, "2019-03-31": "-1325.00000", "2018-12-31": 925, "2018-09-30": -325, "2018-06-30": -600, "2018-03-31": "-325.00000", "2017-12-31": -327, "2017-09-30": -550, "2017-06-30": -600, "2017-03-31": "-200.00000", "2016-12-31": -300, "2016-09-30": -500, "2016-06-30": -1026, "2016-03-31": "-775.00000", "2015-12-31": -425, "2015-09-30": -425, "2015-06-30": -925, "2015-03-31": "-425.00000", "2014-12-31": -500, "2014-09-30": -250, "2014-06-30": -225, "2014-03-31": "-125.00000", "2013-12-31": -157, "2013-09-30": -93, "2013-06-30": 0, "2013-03-31": "", "2012-12-31": 0, "2012-09-30": 0, "2012-06-30": 0, "2012-03-31": "", "2011-12-31": 0, "2011-09-30": 0, "2011-06-30": 0, "2011-03-31": "", "2010-12-31": 0, "2010-09-30": 0, "2010-06-30": 0, "2010-03-31": "", "2009-12-31": 0, "2009-09-30": 0, "2009-06-30": 0, "2009-03-31": "", "2008-12-31": 192, "2008-09-30": 0, "2008-06-30": 0, "2008-03-31": "", "2007-12-31": 0, "2007-09-30": 0, "2007-06-30": 0, "2007-03-31": "", "2006-12-31": 0, "2006-09-30": 0, "2006-06-30": 0, "2006-03-31": "", "2005-12-31": 0, "2005-09-30": 0, "2005-06-30": 0, "2005-03-31": ""}, "Total Common And Preferred Stock Dividends Paid": {"2020-12-31": 260, "2020-09-30": 0, "2020-06-30": 0, "2020-03-31": "-260.00000", "2019-12-31": -259, "2019-09-30": -260, "2019-06-30": -228, "2019-03-31": "-233.00000", "2018-12-31": 453, "2018-09-30": -240, "2018-06-30": -213, "2018-03-31": "-217.00000", "2017-12-31": -215, "2017-09-30": -219, "2017-06-30": -148, "2017-03-31": "-149.00000", "2016-12-31": -149, "2016-09-30": -150, "2016-06-30": -103, "2016-03-31": "-107.00000", "2015-12-31": -105, "2015-09-30": -107, "2015-06-30": -72, "2015-03-31": "-75.00000", "2014-12-31": -75, "2014-09-30": -75, "2014-06-30": -50, "2014-03-31": "-51.00000", "2013-12-31": -51, "2013-09-30": -51, "2013-06-30": 0, "2013-03-31": "", "2012-12-31": 0, "2012-09-30": 0, "2012-06-30": 0, "2012-03-31": "", "2011-12-31": 0, "2011-09-30": 0, "2011-06-30": 0, "2011-03-31": "", "2010-12-31": 0, "2010-09-30": 0, "2010-06-30": 0, "2010-03-31": "", "2009-12-31": 0, "2009-09-30": 0, "2009-06-30": 0, "2009-03-31": "", "2008-12-31": 0, "2008-09-30": 0, "2008-06-30": 0, "2008-03-31": "", "2007-12-31": 0, "2007-09-30": 0, "2007-06-30": 0, "2007-03-31": "", "2006-12-31": 0, "2006-09-30": 0, "2006-06-30": 0, "2006-03-31": "", "2005-12-31": 0, "2005-09-30": 0, "2005-06-30": 0, "2005-03-31": ""}, "Financial Activities - Other": {"2020-12-31": -187, "2020-09-30": -2187, "2020-06-30": 2032, "2020-03-31": "342.00000", "2019-12-31": 284, "2019-09-30": -627, "2019-06-30": -1, "2019-03-31": "-16.00000", "2018-12-31": 34, "2018-09-30": 5, "2018-06-30": -68, "2018-03-31": "-1.00000", "2017-12-31": 281, "2017-09-30": -62, "2017-06-30": -50, "2017-03-31": "313.00000", "2016-12-31": 309, "2016-09-30": -87, "2016-06-30": -262, "2016-03-31": "149.00000", "2015-12-31": 311, "2015-09-30": 70, "2015-06-30": -289, "2015-03-31": "-30.00000", "2014-12-31": 12, "2014-09-30": -1, "2014-06-30": 12, "2014-03-31": "-4.00000", "2013-12-31": 144, "2013-09-30": -68, "2013-06-30": 4, "2013-03-31": "145.00000", "2012-12-31": 94, "2012-09-30": -111, "2012-06-30": 22, "2012-03-31": "139.00000", "2011-12-31": 335, "2011-09-30": 13, "2011-06-30": -134, "2011-03-31": "-8.00000", "2010-12-31": 76, "2010-09-30": -9, "2010-06-30": 3, "2010-03-31": "1.00000", "2009-12-31": -16, "2009-09-30": -64, "2009-06-30": -11, "2009-03-31": "-3.00000", "2008-12-31": 0, "2008-09-30": -4, "2008-06-30": -1, "2008-03-31": "-7.00000", "2007-12-31": -16, "2007-09-30": -3, "2007-06-30": -50, "2007-03-31": "", "2006-12-31": -1, "2006-09-30": 0, "2006-06-30": 0, "2006-03-31": "-5.00000", "2005-12-31": -2, "2005-09-30": -44, "2005-06-30": -4, "2005-03-31": ""}, "Cash Flow From Financial Activities": {"2020-12-31": -25313, "2020-09-30": 10247, "2020-06-30": 9722, "2020-03-31": "5344.00000", "2019-12-31": 842, "2019-09-30": -1451, "2019-06-30": -1662, "2019-03-31": "-609.00000", "2018-12-31": 785, "2018-09-30": -1208, "2018-06-30": 394, "2018-03-31": "-787.00000", "2017-12-31": -250, "2017-09-30": -1086, "2017-06-30": -1074, "2017-03-31": "1680.00000", "2016-12-31": -446, "2016-09-30": -991, "2016-06-30": -2149, "2016-03-31": "-674.00000", "2015-12-31": -697, "2015-09-30": -982, "2015-06-30": -1619, "2015-03-31": "-790.00000", "2014-12-31": -966, "2014-09-30": -627, "2014-06-30": -1114, "2014-03-31": "-533.00000", "2013-12-31": -357, "2013-09-30": -491, "2013-06-30": -318, "2013-03-31": "-154.00000", "2012-12-31": 125, "2012-09-30": -300, "2012-06-30": -352, "2012-03-31": "-228.00000", "2011-12-31": -396, "2011-09-30": -238, "2011-06-30": -714, "2011-03-31": "-223.00000", "2010-12-31": -193, "2010-09-30": -710, "2010-06-30": -1251, "2010-03-31": "-367.00000", "2009-12-31": -357, "2009-09-30": 815, "2009-06-30": -292, "2009-03-31": "-185.00000", "2008-12-31": 571, "2008-09-30": 1017, "2008-06-30": 17, "2008-03-31": "111.00000", "2007-12-31": 683, "2007-09-30": 63, "2007-06-30": -640, "2007-03-31": "-226.00000", "2006-12-31": -203, "2006-09-30": -181, "2006-06-30": -74, "2006-03-31": "-148.00000", "2005-12-31": 276, "2005-09-30": 573, "2005-06-30": -104, "2005-03-31": "85.00000"}, "Net Cash Flow": {"2020-12-31": -14616, "2020-09-30": 6528, "2020-06-30": 5357, "2020-03-31": "2731.00000", "2019-12-31": 1032, "2019-09-30": -331, "2019-06-30": 44, "2019-03-31": "237.00000", "2018-12-31": -1166, "2018-09-30": -612, "2018-06-30": 1778, "2018-03-31": "-371.00000", "2017-12-31": 336, "2017-09-30": -788, "2017-06-30": 337, "2017-03-31": "-858.00000", "2016-12-31": 1134, "2016-09-30": -24, "2016-06-30": -46, "2016-03-31": "-264.00000", "2015-12-31": -397, "2015-09-30": 76, "2015-06-30": 171, "2015-03-31": "34.00000", "2014-12-31": -422, "2014-09-30": -852, "2014-06-30": 663, "2014-03-31": "-145.00000", "2013-12-31": -174, "2013-09-30": 53, "2013-06-30": 329, "2013-03-31": "220.00000", "2012-12-31": 142, "2012-09-30": -265, "2012-06-30": -372, "2012-03-31": "254.00000", "2011-12-31": 350, "2011-09-30": -548, "2011-06-30": -26, "2011-03-31": "-11.00000", "2010-12-31": -544, "2010-09-30": -998, "2010-06-30": -479, "2010-03-31": "306.00000", "2009-12-31": -789, "2009-09-30": 545, "2009-06-30": 410, "2009-03-31": "186.00000", "2008-12-31": 2095, "2008-09-30": -1079, "2008-06-30": 747, "2008-03-31": "-156.00000", "2007-12-31": 1025, "2007-09-30": -207, "2007-06-30": -263, "2007-03-31": "59.00000", "2006-12-31": -249, "2006-09-30": -148, "2006-06-30": 2, "2006-03-31": "421.00000", "2005-12-31": 647, "2005-09-30": 20, "2005-06-30": -305, "2005-03-31": "183.00000"}, "Stock-Based Compensation": {"2020-12-31": 0, "2020-09-30": 0, "2020-06-30": 0, "2020-03-31": "", "2019-12-31": 0, "2019-09-30": 0, "2019-06-30": 0, "2019-03-31": "", "2018-12-31": 0, "2018-09-30": 0, "2018-06-30": 0, "2018-03-31": "", "2017-12-31": 0, "2017-09-30": 0, "2017-06-30": 0, "2017-03-31": "", "2016-12-31": 0, "2016-09-30": 0, "2016-06-30": 0, "2016-03-31": "", "2015-12-31": 0, "2015-09-30": 0, "2015-06-30": 0, "2015-03-31": "", "2014-12-31": 0, "2014-09-30": 0, "2014-06-30": 0, "2014-03-31": "", "2013-12-31": 0, "2013-09-30": 0, "2013-06-30": 0, "2013-03-31": "", "2012-12-31": 0, "2012-09-30": 0, "2012-06-30": 0, "2012-03-31": "", "2011-12-31": 0, "2011-09-30": 0, "2011-06-30": 0, "2011-03-31": "", "2010-12-31": 89, "2010-09-30": 0, "2010-06-30": 0, "2010-03-31": "", "2009-12-31": 108, "2009-09-30": 0, "2009-06-30": 0, "2009-03-31": "", "2008-12-31": 54, "2008-09-30": 0, "2008-06-30": 0, "2008-03-31": "", "2007-12-31": 112, "2007-09-30": 0, "2007-06-30": 0, "2007-03-31": "", "2006-12-31": 0, "2006-09-30": 0, "2006-06-30": 0, "2006-03-31": "", "2005-12-31": 0, "2005-09-30": 0, "2005-06-30": 0, "2005-03-31": ""}, "Common Stock Dividends Paid": {"2020-12-31": 260, "2020-09-30": 0, "2020-06-30": 0, "2020-03-31": "-260.00000", "2019-12-31": -259, "2019-09-30": -260, "2019-06-30": -228, "2019-03-31": "-233.00000", "2018-12-31": 453, "2018-09-30": -240, "2018-06-30": -213, "2018-03-31": "-217.00000", "2017-12-31": -215, "2017-09-30": -219, "2017-06-30": -148, "2017-03-31": "-149.00000", "2016-12-31": -149, "2016-09-30": -150, "2016-06-30": -103, "2016-03-31": "-107.00000", "2015-12-31": -105, "2015-09-30": -107, "2015-06-30": -72, "2015-03-31": "-75.00000", "2014-12-31": -75, "2014-09-30": -75, "2014-06-30": -50, "2014-03-31": "-51.00000", "2013-12-31": -51, "2013-09-30": -51, "2013-06-30": 0, "2013-03-31": "", "2012-12-31": 0, "2012-09-30": 0, "2012-06-30": 0, "2012-03-31": "", "2011-12-31": 0, "2011-09-30": 0, "2011-06-30": 0, "2011-03-31": "", "2010-12-31": 0, "2010-09-30": 0, "2010-06-30": 0, "2010-03-31": "", "2009-12-31": 0, "2009-09-30": 0, "2009-06-30": 0, "2009-03-31": "", "2008-12-31": 0, "2008-09-30": 0, "2008-06-30": 0, "2008-03-31": "", "2007-12-31": 0, "2007-09-30": 0, "2007-06-30": 0, "2007-03-31": "", "2006-12-31": 0, "2006-09-30": 0, "2006-06-30": 0, "2006-03-31": "", "2005-12-31": 0, "2005-09-30": 0, "2005-06-30": 0, "2005-03-31": ""}}, "financial ratios": {"Current Ratio": {"2019-12-31": "0.40830", "2018-12-31": "0.34130", "2017-12-31": "0.41160", "2016-12-31": "0.48890", "2015-12-31": "0.51670", "2014-12-31": "0.54360", "2013-12-31": "0.68200", "2012-12-31": "0.62340", "2011-12-31": "0.60850", "2010-12-31": "0.64180", "2009-12-31": "0.81570", "2008-12-31": "0.80910", "2007-12-31": "0.79330", "2006-12-31": "0.93340", "2005-12-31": "0.85090"}, "Long-term Debt / Capital": {"2019-12-31": "0.36620", "2018-12-31": "0.37620", "2017-12-31": "0.34470", "2016-12-31": "0.33540", "2015-12-31": "0.38410", "2014-12-31": "0.49030", "2013-12-31": "0.45690", "2012-12-31": "1.23810", "2011-12-31": "1.13360", "2010-12-31": "0.93630", "2009-12-31": "0.98460", "2008-12-31": "0.94630", "2007-12-31": "0.44120", "2006-12-31": "-0.91880", "2005-12-31": "-2.12130"}, "Debt/Equity Ratio": {"2019-12-31": "0.72670", "2018-12-31": "0.71390", "2017-12-31": "0.70500", "2016-12-31": "0.59670", "2015-12-31": "0.76760", "2014-12-31": "1.09620", "2013-12-31": "0.97410", "2012-12-31": "-5.96390", "2011-12-31": "-9.87890", "2010-12-31": "17.00330", "2009-12-31": "70.19590", "2008-12-31": "18.96000", "2007-12-31": "0.91910", "2006-12-31": "-0.58940", "2005-12-31": "-0.80250"}, "Gross Margin": {"2019-12-31": "37.84970", "2018-12-31": "36.88290", "2017-12-31": "40.31550", "2016-12-31": "42.79590", "2015-12-31": "32.77810", "2014-12-31": "20.29140", "2013-12-31": "22.72260", "2012-12-31": "20.10910", "2011-12-31": "20.07690", "2010-12-31": "23.09240", "2009-12-31": "16.32760", "2008-12-31": "15.38090", "2007-12-31": "21.26970", "2006-12-31": "15.45750", "2005-12-31": "10.97090"}, "Operating Margin": {"2019-12-31": "14.07880", "2018-12-31": "11.84570", "2017-12-31": "14.50240", "2016-12-31": "17.73380", "2015-12-31": "19.16770", "2014-12-31": "5.46550", "2013-12-31": "9.00110", "2012-12-31": "5.93130", "2011-12-31": "5.62440", "2010-12-31": "6.98160", "2009-12-31": "-1.15450", "2008-12-31": "-36.63040", "2007-12-31": "5.72200", "2006-12-31": "0.40500", "2005-12-31": "-6.75360"}, "EBIT Margin": {"2019-12-31": "14.07880", "2018-12-31": "11.84570", "2017-12-31": "14.50240", "2016-12-31": "17.73380", "2015-12-31": "19.16770", "2014-12-31": "5.46550", "2013-12-31": "9.00110", "2012-12-31": "5.93130", "2011-12-31": "5.62440", "2010-12-31": "6.98160", "2009-12-31": "-1.15450", "2008-12-31": "-36.63040", "2007-12-31": "5.72200", "2006-12-31": "0.40500", "2005-12-31": "-6.75360"}, "EBITDA Margin": {"2019-12-31": "19.56940", "2018-12-31": "17.08670", "2017-12-31": "19.90370", "2016-12-31": "22.51460", "2015-12-31": "23.67580", "2014-12-31": "9.85330", "2013-12-31": "13.39050", "2012-12-31": "10.72540", "2011-12-31": "10.51120", "2010-12-31": "12.42010", "2009-12-31": "5.63730", "2008-12-31": "1.18080", "2007-12-31": "11.14650", "2006-12-31": "7.68310", "2005-12-31": "0.97090"}, "Pre-Tax Profit Margin": {"2019-12-31": "13.18530", "2018-12-31": "11.59140", "2017-12-31": "13.36960", "2016-12-31": "16.10390", "2015-12-31": "17.58300", "2014-12-31": "2.65600", "2013-12-31": "6.69000", "2012-12-31": "2.79520", "2011-12-31": "2.18990", "2010-12-31": "1.91470", "2009-12-31": "-5.63380", "2008-12-31": "-39.83350", "2007-12-31": "9.49670", "2006-12-31": "-39.74450", "2005-12-31": "-23.41630"}, "Net Profit Margin": {"2019-12-31": "10.14100", "2018-12-31": "8.85500", "2017-12-31": "7.79090", "2016-12-31": "10.63370", "2015-12-31": "11.11930", "2014-12-31": "1.63270", "2013-12-31": "27.90350", "2012-12-31": "2.75160", "2011-12-31": "2.43200", "2010-12-31": "1.86740", "2009-12-31": "-4.40790", "2008-12-31": "-39.30920", "2007-12-31": "8.41600", "2006-12-31": "-35.39240", "2005-12-31": "-23.27670"}, "Asset Turnover": {"2019-12-31": "0.72840", "2018-12-31": "0.73740", "2017-12-31": "0.76650", "2016-12-31": "0.76960", "2015-12-31": "0.76610", "2014-12-31": "0.74740", "2013-12-31": "0.72290", "2012-12-31": "0.82310", "2011-12-31": "0.80730", "2010-12-31": "0.73530", "2009-12-31": "0.64090", "2008-12-31": "0.50340", "2007-12-31": "0.59080", "2006-12-31": "0.89350", "2005-12-31": "0.82240"}, "Inventory Turnover Ratio": {"2019-12-31": "23.35330", "2018-12-31": "26.58580", "2017-12-31": "18.47480", "2016-12-31": "25.32770", "2015-12-31": "39.25680", "2014-12-31": "37.76060", "2013-12-31": "27.46000", "2012-12-31": "28.63730", "2011-12-31": "52.45790", "2010-12-31": "76.79870", "2009-12-31": "71.80730", "2008-12-31": "49.50000", "2007-12-31": "57.55730", "2006-12-31": "81.88950", "2005-12-31": "85.30230"}, "Receiveable Turnover": {"2019-12-31": "16.47060", "2018-12-31": "19.20400", "2017-12-31": "17.30670", "2016-12-31": "19.11340", "2015-12-31": "20.15050", "2014-12-31": "12.52700", "2013-12-31": "23.43240", "2012-12-31": "21.65980", "2011-12-31": "22.46640", "2010-12-31": "21.80980", "2009-12-31": "20.74130", "2008-12-31": "8.55840", "2007-12-31": "17.96810", "2006-12-31": "19.16070", "2005-12-31": "20.12210"}, "Days Sales In Receivables": {"2019-12-31": "22.16070", "2018-12-31": "19.00650", "2017-12-31": "21.09010", "2016-12-31": "19.09660", "2015-12-31": "18.11370", "2014-12-31": "29.13710", "2013-12-31": "15.57670", "2012-12-31": "16.85150", "2011-12-31": "16.24650", "2010-12-31": "16.73560", "2009-12-31": "17.59770", "2008-12-31": "42.64790", "2007-12-31": "20.31380", "2006-12-31": "19.04950", "2005-12-31": "18.13930"}, "ROE - Return On Equity": {"2019-12-31": "31.03920", "2018-12-31": "28.74990", "2017-12-31": "25.57860", "2016-12-31": "34.14180", "2015-12-31": "41.71430", "2014-12-31": "7.47760", "2013-12-31": "90.52650", "2012-12-31": "-47.34870", "2011-12-31": "-61.17480", "2010-12-31": "66.10930", "2009-12-31": "-504.89800", "2008-12-31": "-1020.82400", "2007-12-31": "15.93990", "2006-12-31": "45.63380", "2005-12-31": "38.24120"}, "Return On Tangible Equity": {"2019-12-31": "1151.44900", "2018-12-31": "-425.86580", "2017-12-31": "-151.82380", "2016-12-31": "-178.43470", "2015-12-31": "-118.94870", "2014-12-31": "-11.80160", "2013-12-31": "-375.22250", "2012-12-31": "-6.07680", "2011-12-31": "-5.35730", "2010-12-31": "-4.34560", "2009-12-31": "8.60760", "2008-12-31": "64.64750", "2007-12-31": "-33.60430", "2006-12-31": "44.59700", "2005-12-31": "38.66330"}, "ROA - Return On Assets": {"2019-12-31": "7.38700", "2018-12-31": "6.52940", "2017-12-31": "5.97160", "2016-12-31": "8.18360", "2015-12-31": "8.51810", "2014-12-31": "1.22030", "2013-12-31": "20.17150", "2012-12-31": "2.26490", "2011-12-31": "1.96330", "2010-12-31": "1.37310", "2009-12-31": "-2.82490", "2008-12-31": "-19.78970", "2007-12-31": "4.97180", "2006-12-31": "-31.61250", "2005-12-31": "-19.05290"}, "ROI - Return On Investment": {"2019-12-31": "19.67320", "2018-12-31": "17.93530", "2017-12-31": "16.76080", "2016-12-31": "22.69040", "2015-12-31": "25.69260", "2014-12-31": "3.81150", "2013-12-31": "49.16500", "2012-12-31": "11.27250", "2011-12-31": "8.17150", "2010-12-31": "4.21280", "2009-12-31": "-7.77500", "2008-12-31": "-54.78660", "2007-12-31": "8.90660", "2006-12-31": "87.56350", "2005-12-31": "123.51990"}, "Book Value Per Share": {"2019-12-31": "23.89340", "2018-12-31": "20.12960", "2017-12-31": "17.71780", "2016-12-31": "16.81450", "2015-12-31": "13.93200", "2014-12-31": "10.67910", "2013-12-31": "13.67440", "2012-12-31": "-2.50290", "2011-12-31": "-1.65160", "2010-12-31": "1.07460", "2009-12-31": "0.31290", "2008-12-31": "1.25760", "2007-12-31": "34.63360", "2006-12-31": "-69.00000", "2005-12-31": "-51.04760"}, "Operating Cash Flow Per Share": {"2019-12-31": 2.7954, "2018-12-31": 3.1592, "2017-12-31": -2.6089, "2016-12-31": -0.3032, "2015-12-31": 4.0051, "2014-12-31": 0.605, "2013-12-31": 2.3365, "2012-12-31": -0.4449, "2011-12-31": -0.0016, "2010-12-31": 1.6919, "2009-12-31": 5.3149, "2008-12-31": -7.0879, "2007-12-31": -1.6258, "2006-12-31": 6.9672, "2005-12-31": -1.9009}, "Free Cash Flow Per Share": {"2019-12-31": 2.6831, "2018-12-31": 1.0942, "2017-12-31": -3.4992, "2016-12-31": -1.1316, "2015-12-31": 3.0036, "2014-12-31": 0.8817, "2013-12-31": 1.7136, "2012-12-31": -1.2744, "2011-12-31": 0.1045, "2010-12-31": 1.5535, "2009-12-31": 6.7845, "2008-12-31": -7.654, "2007-12-31": -2.0798, "2006-12-31": 7.4729, "2005-12-31": -4.3096}}, "financial ratios, quarterly": {"Current Ratio": {"2020-09-30": "1.26890", "2020-06-30": "0.93870", "2020-03-31": "0.52990", "2019-12-31": "0.40830", "2019-09-30": "0.34360", "2019-06-30": "0.33710", "2019-03-31": "0.33750", "2018-12-31": "0.34130", "2018-09-30": "0.37040", "2018-06-30": "0.39650", "2018-03-31": "0.38600", "2017-12-31": "0.41160", "2017-09-30": "0.42940", "2017-06-30": "0.43150", "2017-03-31": "0.43130", "2016-12-31": "0.48890", "2016-09-30": "0.48390", "2016-06-30": "0.47000", "2016-03-31": "0.51390", "2015-12-31": "0.51670", "2015-09-30": "0.68000", "2015-06-30": "0.66980", "2015-03-31": "0.70820", "2014-12-31": "0.54360", "2014-09-30": "0.74230", "2014-06-30": "0.69150", "2014-03-31": "0.64930", "2013-12-31": "0.68200", "2013-09-30": "0.63330", "2013-06-30": "0.60200", "2013-03-31": "0.61420", "2012-12-31": "0.62340", "2012-09-30": "0.61730", "2012-06-30": "0.57560", "2012-03-31": "0.60820", "2011-12-31": "0.60850", "2011-09-30": "0.61010", "2011-06-30": "0.62980", "2011-03-31": "0.65200", "2010-12-31": "0.64180", "2010-09-30": "0.61940", "2010-06-30": "0.66160", "2010-03-31": "0.74490", "2009-12-31": "0.81570", "2009-09-30": "0.92370", "2009-06-30": "0.74440", "2009-03-31": "0.69900", "2008-12-31": "0.80910", "2008-09-30": "0.80850", "2008-06-30": "0.88130", "2008-03-31": "0.79880", "2007-12-31": "0.79330", "2007-09-30": "0.84200", "2007-06-30": "0.80830", "2007-03-31": "0.76680", "2006-12-31": "0.93340", "2006-09-30": "0.96200", "2006-06-30": "0.91220", "2006-03-31": "0.80880", "2005-12-31": "0.85090", "2005-09-30": "0.86350", "2005-06-30": "0.54700", "2005-03-31": "0.56410"}, "Long-term Debt / Capital": {"2020-09-30": "0.89880", "2020-06-30": "0.69080", "2020-03-31": "0.46950", "2019-12-31": "0.36620", "2019-09-30": "0.34460", "2019-06-30": "0.35580", "2019-03-31": "0.37390", "2018-12-31": "0.37620", "2018-09-30": "0.37190", "2018-06-30": "0.39980", "2018-03-31": "0.33620", "2017-12-31": "0.34470", "2017-09-30": "0.35140", "2017-06-30": "0.37000", "2017-03-31": "0.38740", "2016-12-31": "0.33540", "2016-09-30": "0.34100", "2016-06-30": "0.36160", "2016-03-31": "0.38080", "2015-12-31": "0.38410", "2015-09-30": "0.40690", "2015-06-30": "0.44270", "2015-03-31": "0.47860", "2014-12-31": "0.49030", "2014-09-30": "0.42180", "2014-06-30": "0.42690", "2014-03-31": "0.44850", "2013-12-31": "0.45690", "2013-09-30": "0.98660", "2013-06-30": "1.12670", "2013-03-31": "1.22130", "2012-12-31": "1.23810", "2012-09-30": "1.00430", "2012-06-30": "1.11250", "2012-03-31": "1.09620", "2011-12-31": "1.13360", "2011-09-30": "0.91130", "2011-06-30": "0.94320", "2011-03-31": "0.94660", "2010-12-31": "0.93630", "2010-09-30": "0.94810", "2010-06-30": "0.98620", "2010-03-31": "0.99530", "2009-12-31": "0.98460", "2009-09-30": "0.94870", "2009-06-30": "0.93780", "2009-03-31": "0.96600", "2008-12-31": "0.94630", "2008-09-30": "0.79500", "2008-06-30": "0.69140", "2008-03-31": "0.67980", "2007-12-31": "0.44120", "2007-09-30": "0.43250", "2007-06-30": "0.44360", "2007-03-31": "-0.53940", "2006-12-31": "-0.91880", "2006-09-30": "-0.86210", "2006-06-30": "-0.88450", "2006-03-31": "-1.32840", "2005-12-31": "-2.12130", "2005-09-30": "-4.27830", "2005-06-30": "2.07380", "2005-03-31": "1.94930"}, "Debt/Equity Ratio": {"2020-09-30": "10.38730", "2020-06-30": "2.83570", "2020-03-31": "1.18800", "2019-12-31": "0.72670", "2019-09-30": "0.67160", "2019-06-30": "0.71580", "2019-03-31": "0.83380", "2018-12-31": "0.71390", "2018-09-30": "0.67800", "2018-06-30": "0.77040", "2018-03-31": "0.68880", "2017-12-31": "0.70500", "2017-09-30": "0.62910", "2017-06-30": "0.66870", "2017-03-31": "0.71280", "2016-12-31": "0.59670", "2016-09-30": "0.60470", "2016-06-30": "0.66080", "2016-03-31": "0.75110", "2015-12-31": "0.76760", "2015-09-30": "0.85070", "2015-06-30": "0.96800", "2015-03-31": "1.05750", "2014-12-31": "1.09620", "2014-09-30": "0.82460", "2014-06-30": "0.84590", "2014-03-31": "0.94870", "2013-12-31": "0.97410", "2013-09-30": "86.86130", "2013-06-30": "-10.32180", "2013-03-31": "-6.33760", "2012-12-31": "-5.96390", "2012-09-30": "-263.68750", "2012-06-30": "-11.45370", "2012-03-31": "-13.23050", "2011-12-31": "-9.87890", "2011-09-30": "11.86090", "2011-06-30": "18.67640", "2011-03-31": "20.01190", "2010-12-31": "17.00330", "2010-09-30": "21.48950", "2010-06-30": "79.31160", "2010-03-31": "234.94440", "2009-12-31": "70.19590", "2009-09-30": "19.64890", "2009-06-30": "16.93670", "2009-03-31": "31.97690", "2008-12-31": "18.96000", "2008-09-30": "4.24050", "2008-06-30": "2.45470", "2008-03-31": "2.30800", "2007-12-31": "0.91910", "2007-09-30": "0.88540", "2007-06-30": "0.94370", "2007-03-31": "-0.58580", "2006-12-31": "-0.58940", "2006-09-30": "-0.56100", "2006-06-30": "-0.57020", "2006-03-31": "-0.68220", "2005-12-31": "-0.80250", "2005-09-30": "-0.92440", "2005-06-30": "-2.09900", "2005-03-31": "-2.21550"}, "Gross Margin": {"2020-09-30": "-14.04310", "2020-06-30": "-130.17710", "2020-03-31": "26.28030", "2019-12-31": "36.26190", "2019-09-30": "38.98090", "2019-06-30": "39.98880", "2019-03-31": "35.66650", "2018-12-31": "34.43490", "2018-09-30": "37.67260", "2018-06-30": "38.83650", "2018-03-31": "36.26610", "2017-12-31": "38.90900", "2017-09-30": "41.56950", "2017-06-30": "42.25370", "2017-03-31": "38.08370", "2016-12-31": "37.80340", "2016-09-30": "43.45130", "2016-06-30": "47.00870", "2016-03-31": "42.29810", "2015-12-31": "-2.73630", "2015-09-30": "43.03590", "2015-06-30": "46.81980", "2015-03-31": "40.57310", "2014-12-31": "18.52390", "2014-09-30": "37.47540", "2014-06-30": "40.19400", "2014-03-31": "35.68870", "2013-12-31": "37.45040", "2013-09-30": "28.34130", "2013-06-30": "22.00470", "2013-03-31": "16.96470", "2012-12-31": "18.69330", "2012-09-30": "27.31030", "2012-06-30": "15.45420", "2012-03-31": "18.44760", "2011-12-31": "23.24090", "2011-09-30": "21.91320", "2011-06-30": "20.29940", "2011-03-31": "14.05710", "2010-12-31": "20.18230", "2010-09-30": "27.05030", "2010-06-30": "25.62440", "2010-03-31": "18.20970", "2009-12-31": "17.22260", "2009-09-30": "19.83100", "2009-06-30": "16.55710", "2009-03-31": "11.20590", "2008-12-31": "19.57400", "2008-09-30": "14.40810", "2008-06-30": "15.73010", "2008-03-31": "10.23920", "2007-12-31": "21.03350", "2007-09-30": "21.14020", "2007-06-30": "23.80570", "2007-03-31": "18.69840", "2006-12-31": "15.82970", "2006-09-30": "17.99620", "2006-06-30": "22.59020", "2006-03-31": "2.68890", "2005-12-31": "6.36460", "2005-09-30": "14.39180", "2005-06-30": "17.34530", "2005-03-31": "13.30280"}, "Operating Margin": {"2020-09-30": "-208.55650", "2020-06-30": "-327.99730", "2020-03-31": "-4.77190", "2019-12-31": "12.23010", "2019-09-30": "16.48890", "2019-06-30": "16.97510", "2019-03-31": "9.74030", "2018-12-31": "10.15640", "2018-09-30": "13.76220", "2018-06-30": "14.30150", "2018-03-31": "8.46710", "2017-12-31": "11.35990", "2017-09-30": "16.48130", "2017-06-30": "18.44240", "2017-03-31": "10.97680", "2016-12-31": "11.47910", "2016-09-30": "18.78280", "2016-06-30": "23.19330", "2016-03-31": "16.64690", "2015-12-31": "18.06990", "2015-09-30": "19.92440", "2015-06-30": "23.10640", "2015-03-31": "14.89140", "2014-12-31": "-8.58300", "2014-09-30": "7.47000", "2014-06-30": "14.86680", "2014-03-31": "6.95380", "2013-12-31": "7.72370", "2013-09-30": "14.89990", "2013-06-30": "9.41590", "2013-03-31": "2.61180", "2012-12-31": "4.08040", "2012-09-30": "13.18150", "2012-06-30": "1.37690", "2012-03-31": "4.54060", "2011-12-31": "8.64390", "2011-09-30": "8.76120", "2011-06-30": "5.25510", "2011-03-31": "-1.18760", "2010-12-31": "3.77460", "2010-09-30": "11.20670", "2010-06-30": "10.43100", "2010-03-31": "0.99300", "2009-12-31": "-0.67600", "2009-09-30": "2.69340", "2009-06-30": "0.01430", "2009-03-31": "-7.22620", "2008-12-31": "-16.34140", "2008-09-30": "2.29060", "2008-06-30": "-19.76720", "2008-03-31": "-131.36800", "2007-12-31": "-0.04270", "2007-09-30": "8.66650", "2007-06-30": "9.79410", "2007-03-31": "3.65480", "2006-12-31": "0.43970", "2006-09-30": "3.53610", "2006-06-30": "7.78320", "2006-03-31": "-13.04110", "2005-12-31": "-17.18430", "2005-09-30": "-5.57100", "2005-06-30": "-3.03600", "2005-03-31": "-21.04700"}, "EBIT Margin": {"2020-09-30": "-208.55650", "2020-06-30": "-327.99730", "2020-03-31": "-4.77190", "2019-12-31": "12.23010", "2019-09-30": "16.48890", "2019-06-30": "16.97510", "2019-03-31": "9.74030", "2018-12-31": "10.15640", "2018-09-30": "13.76220", "2018-06-30": "14.30150", "2018-03-31": "8.46710", "2017-12-31": "11.35990", "2017-09-30": "16.48130", "2017-06-30": "18.44240", "2017-03-31": "10.97680", "2016-12-31": "11.47910", "2016-09-30": "18.78280", "2016-06-30": "23.19330", "2016-03-31": "16.64690", "2015-12-31": "18.06990", "2015-09-30": "19.92440", "2015-06-30": "23.10640", "2015-03-31": "14.89140", "2014-12-31": "-8.58300", "2014-09-30": "7.47000", "2014-06-30": "14.86680", "2014-03-31": "6.95380", "2013-12-31": "7.72370", "2013-09-30": "14.89990", "2013-06-30": "9.41590", "2013-03-31": "2.61180", "2012-12-31": "4.08040", "2012-09-30": "13.18150", "2012-06-30": "1.37690", "2012-03-31": "4.54060", "2011-12-31": "8.64390", "2011-09-30": "8.76120", "2011-06-30": "5.25510", "2011-03-31": "-1.18760", "2010-12-31": "3.77460", "2010-09-30": "11.20670", "2010-06-30": "10.43100", "2010-03-31": "0.99300", "2009-12-31": "-0.67600", "2009-09-30": "2.69340", "2009-06-30": "0.01430", "2009-03-31": "-7.22620", "2008-12-31": "-16.34140", "2008-09-30": "2.29060", "2008-06-30": "-19.76720", "2008-03-31": "-131.36800", "2007-12-31": "-0.04270", "2007-09-30": "8.66650", "2007-06-30": "9.79410", "2007-03-31": "3.65480", "2006-12-31": "0.43970", "2006-09-30": "3.53610", "2006-06-30": "7.78320", "2006-03-31": "-13.04110", "2005-12-31": "-17.18430", "2005-09-30": "-5.57100", "2005-06-30": "-3.03600", "2005-03-31": "-21.04700"}, "EBITDA Margin": {"2020-09-30": "", "2020-06-30": "", "2020-03-31": "", "2019-12-31": "", "2019-09-30": "", "2019-06-30": "", "2019-03-31": "", "2018-12-31": "", "2018-09-30": "", "2018-06-30": "", "2018-03-31": "", "2017-12-31": "", "2017-09-30": "", "2017-06-30": "", "2017-03-31": "", "2016-12-31": "", "2016-09-30": "", "2016-06-30": "", "2016-03-31": "", "2015-12-31": "", "2015-09-30": "", "2015-06-30": "", "2015-03-31": "", "2014-12-31": "", "2014-09-30": "", "2014-06-30": "", "2014-03-31": "", "2013-12-31": "", "2013-09-30": "", "2013-06-30": "", "2013-03-31": "", "2012-12-31": "", "2012-09-30": "", "2012-06-30": "", "2012-03-31": "", "2011-12-31": "", "2011-09-30": "", "2011-06-30": "", "2011-03-31": "", "2010-12-31": "", "2010-09-30": "", "2010-06-30": "", "2010-03-31": "", "2009-12-31": "", "2009-09-30": "", "2009-06-30": "", "2009-03-31": "", "2008-12-31": "", "2008-09-30": "", "2008-06-30": "", "2008-03-31": "", "2007-12-31": "", "2007-09-30": "", "2007-06-30": "", "2007-03-31": "", "2006-12-31": "", "2006-09-30": "", "2006-06-30": "", "2006-03-31": "", "2005-12-31": "", "2005-09-30": "", "2005-06-30": "", "2005-03-31": ""}, "Pre-Tax Profit Margin": {"2020-09-30": "-224.00390", "2020-06-30": "-477.79290", "2020-03-31": "-7.06470", "2019-12-31": "12.22140", "2019-09-30": "15.50160", "2019-06-30": "15.21220", "2019-03-31": "9.03360", "2018-12-31": "12.52100", "2018-09-30": "14.12200", "2018-06-30": "11.77070", "2018-03-31": "7.34350", "2017-12-31": "10.20630", "2017-09-30": "16.05640", "2017-06-30": "17.03730", "2017-03-31": "9.32860", "2016-12-31": "7.21760", "2016-09-30": "18.12460", "2016-06-30": "22.49450", "2016-03-31": "15.50100", "2015-12-31": "16.13350", "2015-09-30": "18.65490", "2015-06-30": "22.09770", "2015-03-31": "12.63320", "2014-12-31": "-11.81720", "2014-09-30": "5.17980", "2014-06-30": "12.22110", "2014-03-31": "3.75730", "2013-12-31": "5.23360", "2013-09-30": "12.99330", "2013-06-30": "7.06710", "2013-03-31": "0.03530", "2012-12-31": "0.11630", "2012-09-30": "10.60160", "2012-06-30": "-1.68520", "2012-03-31": "1.50960", "2011-12-31": "4.95300", "2011-09-30": "5.57250", "2011-06-30": "2.13040", "2011-03-31": "-5.02130", "2010-12-31": "0.25680", "2010-09-30": "4.08940", "2010-06-30": "5.72970", "2010-03-31": "-3.59230", "2009-12-31": "-5.21680", "2009-09-30": "-2.36330", "2009-06-30": "-3.61430", "2009-03-31": "-11.87910", "2008-12-31": "-21.42110", "2008-09-30": "-0.87430", "2008-06-30": "-21.14930", "2008-03-31": "-134.07470", "2007-12-31": "-2.24220", "2007-09-30": "6.94470", "2007-06-30": "33.79970", "2007-03-31": "-3.06530", "2006-12-31": "-62.62440", "2006-09-30": "0.61040", "2006-06-30": "-46.42480", "2006-03-31": "-56.19790", "2005-12-31": "-28.94600", "2005-09-30": "-25.69640", "2005-06-30": "-9.41400", "2005-03-31": "-32.78470"}, "Net Profit Margin": {"2020-09-30": "-175.66950", "2020-06-30": "-389.44140", "2020-03-31": "-6.21510", "2019-12-31": "9.60750", "2019-09-30": "11.90290", "2019-06-30": "11.51090", "2019-03-31": "6.97100", "2018-12-31": "9.49540", "2018-09-30": "11.06000", "2018-06-30": "8.79830", "2018-03-31": "5.58790", "2017-12-31": "2.92310", "2017-09-30": "10.47830", "2017-06-30": "11.03560", "2017-03-31": "6.16420", "2016-12-31": "4.79020", "2016-09-30": "12.00990", "2016-06-30": "14.79850", "2016-03-31": "10.22590", "2015-12-31": "10.31360", "2015-09-30": "11.83940", "2015-06-30": "13.86940", "2015-03-31": "7.94630", "2014-12-31": "-7.38050", "2014-09-30": "3.19380", "2014-06-30": "7.54170", "2014-03-31": "2.38900", "2013-12-31": "93.42220", "2013-09-30": "13.05050", "2013-06-30": "7.05680", "2013-03-31": "0.08240", "2012-12-31": "0.06980", "2012-09-30": "10.55120", "2012-06-30": "-1.72630", "2012-03-31": "1.47390", "2011-12-31": "5.06010", "2011-09-30": "5.59290", "2011-06-30": "2.16320", "2011-03-31": "-4.10480", "2010-12-31": "0.24390", "2010-09-30": "4.05590", "2010-06-30": "5.71740", "2010-03-31": "-3.73830", "2009-12-31": "-0.36740", "2009-09-30": "-2.12570", "2009-06-30": "-3.67140", "2009-03-31": "-11.87910", "2008-12-31": "-21.42110", "2008-09-30": "-0.87430", "2008-06-30": "-18.98530", "2008-03-31": "-134.07470", "2007-12-31": "-1.49480", "2007-09-30": "4.20890", "2007-06-30": "31.82090", "2007-03-31": "-3.06530", "2006-12-31": "-45.84590", "2006-09-30": "1.09450", "2006-06-30": "-46.50920", "2006-03-31": "-55.68700", "2005-12-31": "-31.51730", "2005-09-30": "-26.32310", "2005-06-30": "-9.13160", "2005-03-31": "-29.03400"}, "Asset Turnover": {"2020-09-30": "0.03870", "2020-06-30": "0.02030", "2020-03-31": "0.12500", "2019-12-31": "0.17730", "2019-09-30": "0.19870", "2019-06-30": "0.20050", "2019-03-31": "0.16930", "2018-12-31": "0.17820", "2018-09-30": "0.21730", "2018-06-30": "0.21100", "2018-03-31": "0.18430", "2017-12-31": "0.19060", "2017-09-30": "0.21300", "2017-06-30": "0.20740", "2017-03-31": "0.17690", "2016-12-31": "0.18080", "2016-09-30": "0.20580", "2016-06-30": "0.20230", "2016-03-31": "0.17340", "2015-12-31": "0.17880", "2015-09-30": "0.20700", "2015-06-30": "0.20290", "2015-03-31": "0.17470", "2014-12-31": "0.17860", "2014-09-30": "0.21520", "2014-06-30": "0.20350", "2014-03-31": "0.17090", "2013-12-31": "0.17370", "2013-09-30": "0.22810", "2013-06-30": "0.21210", "2013-03-31": "0.18860", "2012-12-31": "0.19310", "2012-09-30": "0.22370", "2012-06-30": "0.21760", "2012-03-31": "0.19040", "2011-12-31": "0.19310", "2011-09-30": "0.22810", "2011-06-30": "0.20860", "2011-03-31": "0.17650", "2010-12-31": "0.18040", "2010-09-30": "0.20740", "2010-06-30": "0.18640", "2010-03-31": "0.15440", "2009-12-31": "0.15540", "2009-09-30": "0.16890", "2009-06-30": "0.15740", "2009-03-31": "0.15060", "2008-12-31": "0.14890", "2008-09-30": "0.22340", "2008-06-30": "0.19890", "2008-03-31": "0.17810", "2007-12-31": "0.14440", "2007-09-30": "0.15950", "2007-06-30": "0.14830", "2007-03-31": "0.21410", "2006-12-31": "0.22020", "2006-09-30": "0.22970", "2006-06-30": "0.22860", "2006-03-31": "0.18090", "2005-12-31": "0.19600", "2005-09-30": "0.21310", "2005-06-30": "0.19710", "2005-03-31": "0.17050"}, "Inventory Turnover Ratio": {"2020-09-30": "4.68100", "2020-06-30": "6.84010", "2020-03-31": "6.50310", "2019-12-31": "5.82810", "2019-09-30": "7.14930", "2019-06-30": "6.94640", "2019-03-31": "6.29040", "2018-12-31": "6.67580", "2018-09-30": "6.36750", "2018-06-30": "4.53240", "2018-03-31": "5.54360", "2017-12-31": "4.70200", "2017-09-30": "5.68930", "2017-06-30": "6.61620", "2017-03-31": "6.59060", "2016-12-31": "6.47030", "2016-09-30": "7.64900", "2016-06-30": "6.96350", "2016-03-31": "7.70270", "2015-12-31": "14.00570", "2015-09-30": "9.10360", "2015-06-30": "6.46310", "2015-03-31": "6.96500", "2014-12-31": "9.22540", "2014-09-30": "7.41930", "2014-06-30": "6.60980", "2014-03-31": "6.04850", "2013-12-31": "5.34050", "2013-09-30": "7.28390", "2013-06-30": "7.87010", "2013-03-31": "7.09350", "2012-12-31": "6.83680", "2012-09-30": "17.89830", "2012-06-30": "20.93640", "2012-03-31": "18.84890", "2011-12-31": "12.05050", "2011-09-30": "20.17110", "2011-06-30": "18.10170", "2011-03-31": "19.07740", "2010-12-31": "19.55030", "2010-09-30": "23.48560", "2010-06-30": "21.31580", "2010-03-31": "17.55800", "2009-12-31": "17.22630", "2009-09-30": "17.05620", "2009-06-30": "15.70160", "2009-03-31": "15.61840", "2008-12-31": "13.91500", "2008-09-30": "20.14400", "2008-06-30": "20.59560", "2008-03-31": "16.26620", "2007-12-31": "14.11450", "2007-09-30": "16.03890", "2007-06-30": "15.49590", "2007-03-31": "18.73910", "2006-12-31": "20.09390", "2006-09-30": "21.88760", "2006-06-30": "21.33720", "2006-03-31": "21.16370", "2005-12-31": "21.38370", "2005-09-30": "20.15300", "2005-06-30": "16.03650", "2005-03-31": "14.47300"}, "Receiveable Turnover": {"2020-09-30": "2.03730", "2020-06-30": "0.84950", "2020-03-31": "3.76840", "2019-12-31": "4.00810", "2019-09-30": "4.42880", "2019-06-30": "4.40790", "2019-03-31": "3.32020", "2018-12-31": "4.64220", "2018-09-30": "4.74890", "2018-06-30": "4.85170", "2018-03-31": "3.88160", "2017-12-31": "4.30330", "2017-09-30": "4.61070", "2017-06-30": "4.96630", "2017-03-31": "3.94500", "2016-12-31": "4.49080", "2016-09-30": "5.25200", "2016-06-30": "4.97000", "2016-03-31": "3.51350", "2015-12-31": "4.70400", "2015-09-30": "4.71630", "2015-06-30": "5.09860", "2015-03-31": "3.84750", "2014-12-31": "2.99410", "2014-09-30": "5.23560", "2014-06-30": "5.04800", "2014-03-31": "4.36630", "2013-12-31": "5.63030", "2013-09-30": "5.32760", "2013-06-30": "4.65790", "2013-03-31": "4.26280", "2012-12-31": "5.08090", "2012-09-30": "5.55910", "2012-06-30": "5.32390", "2012-03-31": "4.65580", "2011-12-31": "5.37360", "2011-09-30": "5.40530", "2011-06-30": "4.85570", "2011-03-31": "4.19210", "2010-12-31": "5.34960", "2010-09-30": "5.91930", "2010-06-30": "4.96540", "2010-03-31": "4.46710", "2009-12-31": "5.02960", "2009-09-30": "5.15590", "2009-06-30": "4.96450", "2009-03-31": "3.66650", "2008-12-31": "2.53130", "2008-09-30": "4.61210", "2008-06-30": "3.87800", "2008-03-31": "3.59700", "2007-12-31": "4.39310", "2007-09-30": "4.30920", "2007-06-30": "4.38860", "2007-03-31": "4.30120", "2006-12-31": "4.72240", "2006-09-30": "4.75580", "2006-06-30": "4.60290", "2006-03-31": "3.67490", "2005-12-31": "4.79610", "2005-09-30": "4.27810", "2005-06-30": "4.60350", "2005-03-31": "4.15470"}, "Days Sales In Receivables": {"2020-09-30": "44.17700", "2020-06-30": "105.94010", "2020-03-31": "23.88270", "2019-12-31": "22.45480", "2019-09-30": "20.32170", "2019-06-30": "20.41800", "2019-03-31": "27.10660", "2018-12-31": "19.38750", "2018-09-30": "18.95170", "2018-06-30": "18.55030", "2018-03-31": "23.18620", "2017-12-31": "20.91410", "2017-09-30": "19.51990", "2017-06-30": "18.12230", "2017-03-31": "22.81400", "2016-12-31": "20.04100", "2016-09-30": "17.13630", "2016-06-30": "18.10860", "2016-03-31": "25.61560", "2015-12-31": "19.13280", "2015-09-30": "19.08260", "2015-06-30": "17.65200", "2015-03-31": "23.39160", "2014-12-31": "30.05910", "2014-09-30": "17.19000", "2014-06-30": "17.82880", "2014-03-31": "20.61240", "2013-12-31": "15.98500", "2013-09-30": "16.89320", "2013-06-30": "19.32210", "2013-03-31": "21.11290", "2012-12-31": "17.71330", "2012-09-30": "16.18970", "2012-06-30": "16.90510", "2012-03-31": "19.33080", "2011-12-31": "16.74840", "2011-09-30": "16.65040", "2011-06-30": "18.53490", "2011-03-31": "21.46900", "2010-12-31": "16.82370", "2010-09-30": "15.20450", "2010-06-30": "18.12560", "2010-03-31": "20.14750", "2009-12-31": "17.89420", "2009-09-30": "17.45580", "2009-06-30": "18.12860", "2009-03-31": "24.54670", "2008-12-31": "35.55490", "2008-09-30": "19.51390", "2008-06-30": "23.20790", "2008-03-31": "25.02100", "2007-12-31": "20.48690", "2007-09-30": "20.88580", "2007-06-30": "20.50770", "2007-03-31": "20.92430", "2006-12-31": "19.05810", "2006-09-30": "18.92440", "2006-06-30": "19.55280", "2006-03-31": "24.49050", "2005-12-31": "18.76530", "2005-09-30": "21.03760", "2005-06-30": "19.55050", "2005-03-31": "21.66220"}, "ROE - Return On Equity": {"2020-09-30": "-160.23240", "2020-06-30": "-65.78830", "2020-03-31": "-3.73190", "2019-12-31": "7.15590", "2019-09-30": "9.92170", "2019-06-30": "10.33820", "2019-03-31": "5.65410", "2018-12-31": "7.45230", "2018-09-30": "9.64680", "2018-06-30": "8.05850", "2018-03-31": "4.43580", "2017-12-31": "2.38630", "2017-09-30": "8.27800", "2017-06-30": "8.79890", "2017-03-31": "4.33370", "2016-12-31": "3.61360", "2016-09-30": "10.06400", "2016-06-30": "13.09060", "2016-03-31": "8.40740", "2015-12-31": "9.03230", "2015-09-30": "12.71150", "2015-06-30": "15.52860", "2015-03-31": "8.24670", "2014-12-31": "-8.07900", "2014-09-30": "2.90340", "2014-06-30": "6.56400", "2014-03-31": "1.82970", "2013-12-31": "72.82490", "2013-09-30": "999.27010", "2013-06-30": "-57.85470", "2013-03-31": "-0.36030", "2012-12-31": "-0.28160", "2012-09-30": "-2181.25000", "2012-06-30": "14.80180", "2012-03-31": "-12.26510", "2011-12-31": "-30.44410", "2011-09-30": "44.92640", "2011-06-30": "25.22290", "2011-03-31": "-41.95250", "2010-12-31": "2.11820", "2010-09-30": "50.76920", "2010-06-30": "234.67340", "2010-03-31": "-355.55560", "2009-12-31": "-10.20410", "2009-09-30": "-17.88890", "2009-06-30": "-26.22450", "2009-03-31": "-152.98650", "2008-12-31": "-164.53090", "2008-09-30": "-2.09120", "2008-06-30": "-28.05700", "2008-03-31": "-161.73120", "2007-12-31": "-0.69220", "2007-09-30": "2.25690", "2007-06-30": "16.80740", "2007-03-31": "0.95060", "2006-12-31": "14.57370", "2006-09-30": "-0.37490", "2006-06-30": "15.90220", "2006-03-31": "17.73990", "2005-12-31": "12.36980", "2005-09-30": "13.21790", "2005-06-30": "5.39780", "2005-03-31": "15.91380"}, "Return On Tangible Equity": {"2020-09-30": "43.34410", "2020-06-30": "80.74860", "2020-03-31": "36.50030", "2019-12-31": "265.45900", "2019-09-30": "320.81540", "2019-06-30": "-223.02940", "2019-03-31": "-43.01710", "2018-12-31": "-110.38960", "2018-09-30": "-142.91890", "2018-06-30": "-58.30050", "2018-03-31": "-26.77890", "2017-12-31": "-14.16390", "2017-09-30": "-179.96890", "2017-06-30": "-101.36750", "2017-03-31": "-32.92250", "2016-12-31": "-18.88560", "2016-09-30": "-59.05250", "2016-06-30": "-54.51340", "2016-03-31": "-27.83990", "2015-12-31": "-25.75560", "2015-09-30": "-32.56560", "2015-06-30": "-30.77720", "2015-03-31": "-13.95180", "2014-12-31": "12.75070", "2014-09-30": "-16.90340", "2014-06-30": "-36.14620", "2014-03-31": "-7.62080", "2013-12-31": "-301.85120", "2013-09-30": "-9.55210", "2013-06-30": "-4.37140", "2013-03-31": "-0.04260", "2012-12-31": "-0.03610", "2012-09-30": "-7.20130", "2012-06-30": "1.07380", "2012-03-31": "-0.79800", "2011-12-31": "-2.66610", "2011-09-30": "-4.13750", "2011-06-30": "-1.44280", "2011-03-31": "2.30990", "2010-12-31": "-0.13920", "2010-09-30": "-2.62190", "2010-06-30": "-3.24730", "2010-03-31": "1.76220", "2009-12-31": "0.17400", "2009-09-30": "1.17160", "2009-06-30": "1.88350", "2009-03-31": "5.62000", "2008-12-31": "10.41950", "2008-09-30": "1.80050", "2008-06-30": "72.09950", "2008-03-31": "310.34480", "2007-12-31": "1.45920", "2007-09-30": "-9.08720", "2007-06-30": "-54.87760", "2007-03-31": "0.93510", "2006-12-31": "14.24260", "2006-09-30": "-0.36880", "2006-06-30": "15.64610", "2006-03-31": "17.40120", "2005-12-31": "12.50630", "2005-09-30": "13.30510", "2005-06-30": "5.44780", "2005-03-31": "16.05940"}, "ROA - Return On Assets": {"2020-09-30": "-6.80230", "2020-06-30": "-7.91160", "2020-03-31": "-0.77690", "2019-12-31": "1.70300", "2019-09-30": "2.36480", "2019-06-30": "2.30810", "2019-03-31": "1.18040", "2018-12-31": "1.69250", "2018-09-30": "2.40350", "2018-06-30": "1.85680", "2018-03-31": "1.03000", "2017-12-31": "0.55710", "2017-09-30": "2.23190", "2017-06-30": "2.28890", "2017-03-31": "1.09020", "2016-12-31": "0.86620", "2016-09-30": "2.47110", "2016-06-30": "2.99420", "2016-03-31": "1.77350", "2015-12-31": "1.84440", "2015-09-30": "2.45130", "2015-06-30": "2.81350", "2015-03-31": "1.38790", "2014-12-31": "-1.31840", "2014-09-30": "0.68730", "2014-06-30": "1.53470", "2014-03-31": "0.40830", "2013-12-31": "16.22710", "2013-09-30": "2.97630", "2013-06-30": "1.49650", "2013-03-31": "0.01550", "2012-12-31": "0.01350", "2012-09-30": "2.36070", "2012-06-30": "-0.37570", "2012-03-31": "0.28060", "2011-12-31": "0.97700", "2011-09-30": "1.27570", "2011-06-30": "0.45130", "2011-03-31": "-0.72470", "2010-12-31": "0.04400", "2010-09-30": "0.84120", "2010-06-30": "1.06600", "2010-03-31": "-0.57740", "2009-12-31": "-0.05710", "2009-09-30": "-0.35900", "2009-06-30": "-0.57780", "2009-03-31": "-1.78850", "2008-12-31": "-3.18960", "2008-09-30": "-0.19530", "2008-06-30": "-3.77560", "2008-03-31": "-23.88340", "2007-12-31": "-0.21590", "2007-09-30": "0.67130", "2007-06-30": "4.71930", "2007-03-31": "-0.65620", "2006-12-31": "-10.09580", "2006-09-30": "0.25140", "2006-06-30": "-10.63320", "2006-03-31": "-10.06420", "2005-12-31": "-6.16300", "2005-09-30": "-5.58990", "2005-06-30": "-1.77170", "2005-03-31": "-4.92710"}, "ROI - Return On Investment": {"2020-09-30": "-16.21060", "2020-06-30": "-20.34380", "2020-03-31": "-1.97990", "2019-12-31": "4.53550", "2019-09-30": "6.50250", "2019-06-30": "6.65960", "2019-03-31": "3.54010", "2018-12-31": "4.64900", "2018-09-30": "6.05890", "2018-06-30": "4.83710", "2018-03-31": "2.94440", "2017-12-31": "1.56360", "2017-09-30": "5.36950", "2017-06-30": "5.54340", "2017-03-31": "2.65470", "2016-12-31": "2.40160", "2016-09-30": "6.63230", "2016-06-30": "8.35720", "2016-03-31": "5.20580", "2015-12-31": "5.56310", "2015-09-30": "7.53970", "2015-06-30": "8.65330", "2015-03-31": "4.29950", "2014-12-31": "-4.11800", "2014-09-30": "1.67870", "2014-06-30": "3.76200", "2014-03-31": "1.00910", "2013-12-31": "39.55130", "2013-09-30": "13.40320", "2013-06-30": "7.33250", "2013-03-31": "0.07970", "2012-12-31": "0.06700", "2012-09-30": "9.46400", "2012-06-30": "-1.66570", "2012-03-31": "1.17980", "2011-12-31": "4.06660", "2011-09-30": "3.98430", "2011-06-30": "1.43360", "2011-03-31": "-2.23880", "2010-12-31": "0.13500", "2010-09-30": "2.63460", "2010-06-30": "3.23700", "2010-03-31": "-1.67070", "2009-12-31": "-0.15710", "2009-09-30": "-0.91710", "2009-06-30": "-1.63130", "2009-03-31": "-5.20250", "2008-12-31": "-8.83020", "2008-09-30": "-0.42860", "2008-06-30": "-8.65740", "2008-03-31": "-51.79120", "2007-12-31": "-0.38680", "2007-09-30": "1.28070", "2007-06-30": "9.35100", "2007-03-31": "1.46330", "2006-12-31": "27.96440", "2006-09-30": "-0.69810", "2006-06-30": "29.96740", "2006-03-31": "41.30570", "2005-12-31": "39.95470", "2005-09-30": "72.62210", "2005-06-30": "-6.11400", "2005-03-31": "-16.00660"}, "Book Value Per Share": {"2020-09-30": "5.26390", "2020-06-30": "13.62370", "2020-03-31": "22.43370", "2019-12-31": "23.89340", "2019-09-30": "23.29830", "2019-06-30": "21.46720", "2019-03-31": "19.71160", "2018-12-31": "20.12960", "2018-09-30": "19.98780", "2018-06-30": "18.59600", "2018-03-31": "17.87530", "2017-12-31": "17.71780", "2017-09-30": "19.63750", "2017-06-30": "18.61660", "2017-03-31": "17.59950", "2016-12-31": "16.81450", "2016-09-30": "16.98840", "2016-06-30": "15.76960", "2016-03-31": "14.58300", "2015-12-31": "13.93200", "2015-09-30": "13.15370", "2015-06-30": "12.02290", "2015-03-31": "11.08180", "2014-12-31": "10.67910", "2014-09-30": "14.69160", "2014-06-30": "14.47560", "2014-03-31": "13.72740", "2013-12-31": "13.67440", "2013-09-30": "0.16010", "2013-06-30": "-1.38000", "2013-03-31": "-2.26870", "2012-12-31": "-2.50290", "2012-09-30": "-0.05640", "2012-06-30": "-1.33480", "2012-03-31": "-1.19000", "2011-12-31": "-1.65160", "2011-09-30": "1.43910", "2011-06-30": "0.92780", "2011-03-31": "0.89670", "2010-12-31": "1.07460", "2010-09-30": "0.90630", "2010-06-30": "0.25230", "2010-03-31": "0.09140", "2009-12-31": "0.31290", "2009-09-30": "1.15530", "2009-06-30": "1.25960", "2009-03-31": "0.67230", "2008-12-31": "1.25760", "2008-09-30": "7.76300", "2008-06-30": "12.24010", "2008-03-31": "13.53080", "2007-12-31": "34.63360", "2007-09-30": "36.23790", "2007-06-30": "39.30290", "2007-03-31": "-69.42130", "2006-12-31": "-69.00000", "2006-09-30": "-70.41120", "2006-06-30": "-70.38580", "2006-03-31": "-59.20300", "2005-12-31": "-51.04760", "2005-09-30": "-43.45500", "2005-06-30": "-42.73250", "2005-03-31": "-44.73240"}, "Operating Cash Flow Per Share": {"2020-09-30": -4.0551, "2020-06-30": -0.4549, "2020-03-31": "0.56200", "2019-12-31": 1.3974, "2019-09-30": 3.5123, "2019-06-30": 5.0808, "2019-03-31": "2.91150", "2018-12-31": -6.4083, "2018-09-30": 2.2589, "2018-06-30": 4.224, "2018-03-31": "1.90230", "2017-12-31": 2.5913, "2017-09-30": 2.2508, "2017-06-30": 3.2407, "2017-03-31": "-1.13540", "2016-12-31": 1.3843, "2016-09-30": 2.6333, "2016-06-30": 4.2425, "2016-03-31": "1.29620", "2015-12-31": 1.7488, "2015-09-30": 2.7087, "2015-06-30": 3.4214, "2015-03-31": "1.98060", "2014-12-31": 0.8185, "2014-09-30": 1.6403, "2014-06-30": 2.4227, "2014-03-31": "1.11490", "2013-12-31": 1.3319, "2013-09-30": 1.3424, "2013-06-30": 1.4008, "2013-03-31": "1.17430", "2012-12-31": 0.647, "2012-09-30": 0.5345, "2012-06-30": 0.7503, "2012-03-31": "0.98110", "2011-12-31": 1.372, "2011-09-30": -0.1161, "2011-06-30": 1.1604, "2011-03-31": "0.94150", "2010-12-31": 0.3737, "2010-09-30": 0.6104, "2010-06-30": 1.2142, "2010-03-31": "1.16110", "2009-12-31": -0.0861, "2009-09-30": -0.0324, "2009-06-30": 1.0066, "2009-03-31": "0.77940", "2008-12-31": -4.3595, "2008-09-30": -2.5, "2008-06-30": 2.4975, "2008-03-31": "0.71460", "2007-12-31": 1.3474, "2007-09-30": 0.0235, "2007-06-30": 0.245, "2007-03-31": "1.82460", "2006-12-31": 0.8215, "2006-09-30": 0.3421, "2006-06-30": 0.6484, "2006-03-31": "3.25430", "2005-12-31": -2.8688, "2005-09-30": 0.5387, "2005-06-30": -0.8199, "2005-03-31": "1.24910"}, "Free Cash Flow Per Share": {"2020-09-30": -4.2646, "2020-06-30": -0.9021, "2020-03-31": "-0.90890", "2019-12-31": -0.1987, "2019-09-30": 2.0279, "2019-06-30": 2.6412, "2019-03-31": "0.87260", "2018-12-31": -2.7005, "2018-09-30": 0.8074, "2018-06-30": 1.9368, "2018-03-31": "0.11050", "2017-12-31": 1.008, "2017-09-30": 0.9011, "2017-06-30": 1.8892, "2017-03-31": "-2.23260", "2016-12-31": 0.3834, "2016-09-30": 1.6553, "2016-06-30": 2.8467, "2016-03-31": "0.17950", "2015-12-31": 0.6858, "2015-09-30": 1.9645, "2015-06-30": 2.275, "2015-03-31": "1.27120", "2014-12-31": -0.0227, "2014-09-30": 1.0871, "2014-06-30": 1.8108, "2014-03-31": "0.39510", "2013-12-31": 0.2705, "2013-09-30": 0.6123, "2013-06-30": 1.0109, "2013-03-31": "0.41750", "2012-12-31": 0.0141, "2012-09-30": 0.0403, "2012-06-30": 0.0426, "2012-03-31": "0.50060", "2011-12-31": 0.936, "2011-09-30": -0.3922, "2011-06-30": 0.793, "2011-03-31": "0.53520", "2010-12-31": -0.1244, "2010-09-30": 0.1389, "2010-06-30": 0.9862, "2010-03-31": "0.76680", "2009-12-31": -0.7594, "2009-09-30": -0.1657, "2009-06-30": 0.7973, "2009-03-31": "0.34180", "2008-12-31": -4.4897, "2008-09-30": -3.2146, "2008-06-30": 1.8358, "2008-03-31": "-0.70200", "2007-12-31": 0.4685, "2007-09-30": -0.6902, "2007-06-30": 0.1749, "2007-03-31": "1.13030", "2006-12-31": -0.1187, "2006-09-30": 0.0788, "2006-06-30": 0.3254, "2006-03-31": "2.87780", "2005-12-31": -3.4604, "2005-09-30": 0.1181, "2005-06-30": -1.4286, "2005-03-31": "0.46130"}}, "revenue": {"Delta Air Lines Annual Revenue (Millions of US $)": {"2020": "$17,095", "2019": "$47,007", "2018": "$44,438", "2017": "$41,138", "2016": "$39,450", "2015": "$40,704", "2014": "$40,362", "2013": "$37,773", "2012": "$36,670", "2011": "$35,115", "2010": "$31,755", "2009": "$28,063", "2008": "$22,697", "2007": "$19,154", "2006": "$17,532", "2005": "$16,480"}, "Delta Air Lines Quarterly Revenue (Millions of US $)": {"2020-12-31": "$3,973", "2020-09-30": "$3,062", "2020-06-30": "$1,468", "2020-03-31": "$8,592", "2019-12-31": "$11,439", "2019-09-30": "$12,560", "2019-06-30": "$12,536", "2019-03-31": "$10,472", "2018-12-31": "$10,742", "2018-09-30": "$11,953", "2018-06-30": "$11,775", "2018-03-31": "$9,968", "2017-12-31": "$10,229", "2017-09-30": "$11,061", "2017-06-30": "$10,747", "2017-03-31": "$9,101", "2016-12-31": "$9,269", "2016-09-30": "$10,483", "2016-06-30": "$10,447", "2016-03-31": "$9,251", "2015-12-31": "$9,502", "2015-09-30": "$11,107", "2015-06-30": "$10,707", "2015-03-31": "$9,388", "2014-12-31": "$9,647", "2014-09-30": "$11,178", "2014-06-30": "$10,621", "2014-03-31": "$8,916", "2013-12-31": "$9,076", "2013-09-30": "$10,490", "2013-06-30": "$9,707", "2013-03-31": "$8,500", "2012-12-31": "$8,602", "2012-09-30": "$9,923", "2012-06-30": "$9,732", "2012-03-31": "$8,413", "2011-12-31": "$8,399", "2011-09-30": "$9,816", "2011-06-30": "$9,153", "2011-03-31": "$7,747", "2010-12-31": "$7,789", "2010-09-30": "$8,950", "2010-06-30": "$8,168", "2010-03-31": "$6,848", "2009-12-31": "$6,805", "2009-09-30": "$7,574", "2009-06-30": "$7,000", "2009-03-31": "$6,684", "2008-12-31": "$6,713", "2008-09-30": "$5,719", "2008-06-30": "$5,499", "2008-03-31": "$4,766", "2007-12-31": "$4,683", "2007-09-30": "$5,227", "2007-06-30": "$5,003", "2007-03-31": "$4,241", "2006-12-31": "$4,321", "2006-09-30": "$4,751", "2006-06-30": "$4,741", "2006-03-31": "$3,719", "2005-12-31": "$3,928", "2005-09-30": "$4,308", "2005-06-30": "$4,249", "2005-03-31": "$3,706"}}, "gross-profit": {"Delta Air Lines Annual Gross Profit (Millions of US $)": {"2020": "$125", "2019": "$17,792", "2018": "$16,390", "2017": "$16,585", "2016": "$16,883", "2015": "$13,342", "2014": "$8,190", "2013": "$8,583", "2012": "$7,374", "2011": "$7,050", "2010": "$7,333", "2009": "$4,582", "2008": "$3,491", "2007": "$4,074", "2006": "$2,710", "2005": "$1,808"}, "Delta Air Lines Quarterly Gross Profit (Millions of US $)": {"2020-12-31": "$208", "2020-09-30": "$-430", "2020-06-30": "$-1,911", "2020-03-31": "$2,258", "2019-12-31": "$4,148", "2019-09-30": "$4,896", "2019-06-30": "$5,013", "2019-03-31": "$3,735", "2018-12-31": "$3,699", "2018-09-30": "$4,503", "2018-06-30": "$4,573", "2018-03-31": "$3,615", "2017-12-31": "$3,980", "2017-09-30": "$4,598", "2017-06-30": "$4,541", "2017-03-31": "$3,466", "2016-12-31": "$3,504", "2016-09-30": "$4,555", "2016-06-30": "$4,911", "2016-03-31": "$3,913", "2015-12-31": "$-260", "2015-09-30": "$4,780", "2015-06-30": "$5,013", "2015-03-31": "$3,809", "2014-12-31": "$1,787", "2014-09-30": "$4,189", "2014-06-30": "$4,269", "2014-03-31": "$3,182", "2013-12-31": "$3,399", "2013-09-30": "$2,973", "2013-06-30": "$2,136", "2013-03-31": "$1,442", "2012-12-31": "$1,608", "2012-09-30": "$2,710", "2012-06-30": "$1,504", "2012-03-31": "$1,552", "2011-12-31": "$1,952", "2011-09-30": "$2,151", "2011-06-30": "$1,858", "2011-03-31": "$1,089", "2010-12-31": "$1,572", "2010-09-30": "$2,421", "2010-06-30": "$2,093", "2010-03-31": "$1,247", "2009-12-31": "$1,172", "2009-09-30": "$1,502", "2009-06-30": "$1,159", "2009-03-31": "$749", "2008-12-31": "$1,314", "2008-09-30": "$824", "2008-06-30": "$865", "2008-03-31": "$488", "2007-12-31": "$985", "2007-09-30": "$1,105", "2007-06-30": "$1,191", "2007-03-31": "$793", "2006-12-31": "$684", "2006-09-30": "$855", "2006-06-30": "$1,071", "2006-03-31": "$100", "2005-12-31": "$250", "2005-09-30": "$620", "2005-06-30": "$737", "2005-03-31": "$493"}}, "operating-income": {"Delta Air Lines Annual Operating Income (Millions of US $)": {"2020": "$-12,469", "2019": "$6,618", "2018": "$5,264", "2017": "$5,966", "2016": "$6,996", "2015": "$7,802", "2014": "$2,206", "2013": "$3,400", "2012": "$2,175", "2011": "$1,975", "2010": "$2,217", "2009": "$-324", "2008": "$-8,314", "2007": "$1,096", "2006": "$71", "2005": "$-1,113"}, "Delta Air Lines Quarterly Operating Income (Millions of US $)": {"2020-12-31": "$-858", "2020-09-30": "$-6,386", "2020-06-30": "$-4,815", "2020-03-31": "$-410", "2019-12-31": "$1,399", "2019-09-30": "$2,071", "2019-06-30": "$2,128", "2019-03-31": "$1,020", "2018-12-31": "$1,091", "2018-09-30": "$1,645", "2018-06-30": "$1,684", "2018-03-31": "$844", "2017-12-31": "$1,162", "2017-09-30": "$1,823", "2017-06-30": "$1,982", "2017-03-31": "$999", "2016-12-31": "$1,064", "2016-09-30": "$1,969", "2016-06-30": "$2,423", "2016-03-31": "$1,540", "2015-12-31": "$1,717", "2015-09-30": "$2,213", "2015-06-30": "$2,474", "2015-03-31": "$1,398", "2014-12-31": "$-828", "2014-09-30": "$835", "2014-06-30": "$1,579", "2014-03-31": "$620", "2013-12-31": "$701", "2013-09-30": "$1,563", "2013-06-30": "$914", "2013-03-31": "$222", "2012-12-31": "$351", "2012-09-30": "$1,308", "2012-06-30": "$134", "2012-03-31": "$382", "2011-12-31": "$726", "2011-09-30": "$860", "2011-06-30": "$481", "2011-03-31": "$-92", "2010-12-31": "$294", "2010-09-30": "$1,003", "2010-06-30": "$852", "2010-03-31": "$68", "2009-12-31": "$-46", "2009-09-30": "$204", "2009-06-30": "$1", "2009-03-31": "$-483", "2008-12-31": "$-1,097", "2008-09-30": "$131", "2008-06-30": "$-1,087", "2008-03-31": "$-6,261", "2007-12-31": "$-2", "2007-09-30": "$453", "2007-06-30": "$490", "2007-03-31": "$155", "2006-12-31": "$19", "2006-09-30": "$168", "2006-06-30": "$369", "2006-03-31": "$-485", "2005-12-31": "$-675", "2005-09-30": "$-240", "2005-06-30": "$-129", "2005-03-31": "$-780"}}, "ebitda": {"Delta Air Lines Annual EBITDA (Millions of US $)": {"2019": "$9,199", "2018": "$7,593", "2017": "$8,188", "2016": "$8,882", "2015": "$9,637", "2014": "$3,977", "2013": "$5,058", "2012": "$3,933", "2011": "$3,691", "2010": "$3,944", "2009": "$1,582", "2008": "$268", "2007": "$2,135", "2006": "$1,347", "2005": "$160"}, "Delta Air Lines Quarterly EBITDA (Millions of US $)": {"2020-09-30": "$-6,386", "2020-06-30": "$-4,815", "2020-03-31": "$-410", "2019-12-31": "$1,399", "2019-09-30": "$2,071", "2019-06-30": "$2,128", "2019-03-31": "$1,020", "2018-12-31": "$1,091", "2018-09-30": "$1,645", "2018-06-30": "$1,684", "2018-03-31": "$844", "2017-12-31": "$1,162", "2017-09-30": "$1,823", "2017-06-30": "$1,982", "2017-03-31": "$999", "2016-12-31": "$1,064", "2016-09-30": "$1,969", "2016-06-30": "$2,423", "2016-03-31": "$1,540", "2015-12-31": "$1,717", "2015-09-30": "$2,213", "2015-06-30": "$2,474", "2015-03-31": "$1,398", "2014-12-31": "$-828", "2014-09-30": "$835", "2014-06-30": "$1,579", "2014-03-31": "$620", "2013-12-31": "$701", "2013-09-30": "$1,563", "2013-06-30": "$914", "2013-03-31": "$222", "2012-12-31": "$351", "2012-09-30": "$1,308", "2012-06-30": "$134", "2012-03-31": "$382", "2011-12-31": "$726", "2011-09-30": "$860", "2011-06-30": "$481", "2011-03-31": "$-92", "2010-12-31": "$294", "2010-09-30": "$1,003", "2010-06-30": "$852", "2010-03-31": "$68", "2009-12-31": "$-46", "2009-09-30": "$204", "2009-06-30": "$1", "2009-03-31": "$-483", "2008-12-31": "$-1,097", "2008-09-30": "$131", "2008-06-30": "$-1,087", "2008-03-31": "$-6,261", "2007-12-31": "$-2", "2007-09-30": "$453", "2007-06-30": "$490", "2007-03-31": "$155", "2006-12-31": "$19", "2006-09-30": "$168", "2006-06-30": "$369", "2006-03-31": "$-485", "2005-12-31": "$-675", "2005-09-30": "$-240", "2005-06-30": "$-129", "2005-03-31": "$-780"}}, "net-income": {"Delta Air Lines Annual Net Income (Millions of US $)": {"2020": "$-12,385", "2019": "$4,767", "2018": "$3,935", "2017": "$3,205", "2016": "$4,195", "2015": "$4,526", "2014": "$659", "2013": "$10,540", "2012": "$1,009", "2011": "$854", "2010": "$593", "2009": "$-1,237", "2008": "$-8,922", "2007": "$1,612", "2006": "$-6,205", "2005": "$-3,836"}, "Delta Air Lines Quarterly Net Income (Millions of US $)": {"2020-12-31": "$-755", "2020-09-30": "$-5,379", "2020-06-30": "$-5,717", "2020-03-31": "$-534", "2019-12-31": "$1,099", "2019-09-30": "$1,495", "2019-06-30": "$1,443", "2019-03-31": "$730", "2018-12-31": "$1,020", "2018-09-30": "$1,322", "2018-06-30": "$1,036", "2018-03-31": "$557", "2017-12-31": "$299", "2017-09-30": "$1,159", "2017-06-30": "$1,186", "2017-03-31": "$561", "2016-12-31": "$444", "2016-09-30": "$1,259", "2016-06-30": "$1,546", "2016-03-31": "$946", "2015-12-31": "$980", "2015-09-30": "$1,315", "2015-06-30": "$1,485", "2015-03-31": "$746", "2014-12-31": "$-712", "2014-09-30": "$357", "2014-06-30": "$801", "2014-03-31": "$213", "2013-12-31": "$8,479", "2013-09-30": "$1,369", "2013-06-30": "$685", "2013-03-31": "$7", "2012-12-31": "$6", "2012-09-30": "$1,047", "2012-06-30": "$-168", "2012-03-31": "$124", "2011-12-31": "$425", "2011-09-30": "$549", "2011-06-30": "$198", "2011-03-31": "$-318", "2010-12-31": "$19", "2010-09-30": "$363", "2010-06-30": "$467", "2010-03-31": "$-256", "2009-12-31": "$-25", "2009-09-30": "$-161", "2009-06-30": "$-257", "2009-03-31": "$-794", "2008-12-31": "$-1,438", "2008-09-30": "$-50", "2008-06-30": "$-1,044", "2008-03-31": "$-6,390", "2007-12-31": "$-70", "2007-09-30": "$220", "2007-06-30": "$1,592", "2007-03-31": "$-130", "2006-12-31": "$-1,981", "2006-09-30": "$52", "2006-06-30": "$-2,205", "2006-03-31": "$-2,071", "2005-12-31": "$-1,238", "2005-09-30": "$-1,134", "2005-06-30": "$-388", "2005-03-31": "$-1,076"}}, "eps-earnings-per-share-diluted": {"Delta Air Lines Annual EPS": {"2020": "$-19.49", "2019": "$7.30", "2018": "$5.67", "2017": "$4.43", "2016": "$5.55", "2015": "$5.63", "2014": "$0.78", "2013": "$12.29", "2012": "$1.19", "2011": "$1.01", "2010": "$0.70", "2009": "$-1.50", "2008": "$-19.08", "2007": "$4.08", "2006": "$-31.58", "2005": "$-23.75"}, "Delta Air Lines Quarterly EPS": {"2020-12-31": "$-1.19", "2020-09-30": "$-8.47", "2020-06-30": "$-9.01", "2020-03-31": "$-0.84", "2019-12-31": "$1.69", "2019-09-30": "$2.31", "2019-06-30": "$2.21", "2019-03-31": "$1.09", "2018-12-31": "$1.47", "2018-09-30": "$1.92", "2018-06-30": "$1.49", "2018-03-31": "$0.79", "2017-12-31": "$0.43", "2017-09-30": "$1.61", "2017-06-30": "$1.62", "2017-03-31": "$0.77", "2016-12-31": "$0.62", "2016-09-30": "$1.69", "2016-06-30": "$2.03", "2016-03-31": "$1.21", "2015-12-31": "$1.25", "2015-09-30": "$1.65", "2015-06-30": "$1.83", "2015-03-31": "$0.90", "2014-12-31": "$-0.86", "2014-09-30": "$0.42", "2014-06-30": "$0.94", "2014-03-31": "$0.25", "2013-12-31": "$9.89", "2013-09-30": "$1.59", "2013-06-30": "$0.80", "2013-03-31": "$0.01", "2012-12-31": "$0.01", "2012-09-30": "$1.23", "2012-06-30": "$-0.20", "2012-03-31": "$0.15", "2011-12-31": "$0.51", "2011-09-30": "$0.65", "2011-06-30": "$0.23", "2011-03-31": "$-0.38", "2010-12-31": "$0.03", "2010-09-30": "$0.43", "2010-06-30": "$0.55", "2010-03-31": "$-0.31", "2009-12-31": "$-0.04", "2009-09-30": "$-0.19", "2009-06-30": "$-0.31", "2009-03-31": "$-0.96", "2008-12-31": "$-0.16", "2008-09-30": "$-0.13", "2008-06-30": "$-2.64", "2008-03-31": "$-16.15", "2007-12-31": "$0.14", "2007-09-30": "$0.56", "2007-06-30": "$4.04", "2007-03-31": "$-0.66", "2006-12-31": "$-9.94", "2006-09-30": "$0.22", "2006-06-30": "$-11.18", "2006-03-31": "$-10.68", "2005-12-31": "$-6.74", "2005-09-30": "$-6.73", "2005-06-30": "$-2.64", "2005-03-31": "$-7.64"}}, "shares-outstanding": {"Delta Air Lines Annual Shares Outstanding (Millions of Shares)": {"2020": "636", "2019": "653", "2018": "694", "2017": "723", "2016": "755", "2015": "804", "2014": "845", "2013": "858", "2012": "850", "2011": "844", "2010": "843", "2009": "827", "2008": "468", "2007": "395", "2006": "196", "2005": "162"}, "Delta Air Lines Quarterly Shares Outstanding (Millions of Shares)": {"2020-12-31": "635", "2020-09-30": "635", "2020-06-30": "635", "2020-03-31": "637", "2019-12-31": "653", "2019-09-30": "648", "2019-06-30": "652", "2019-03-31": "667", "2018-12-31": "694", "2018-09-30": "688", "2018-06-30": "697", "2018-03-31": "706", "2017-12-31": "723", "2017-09-30": "719", "2017-06-30": "731", "2017-03-31": "731", "2016-12-31": "755", "2016-09-30": "744", "2016-06-30": "763", "2016-03-31": "780", "2015-12-31": "804", "2015-09-30": "795", "2015-06-30": "811", "2015-03-31": "826", "2014-12-31": "825", "2014-09-30": "843", "2014-06-30": "850", "2014-03-31": "853", "2013-12-31": "858", "2013-09-30": "861", "2013-06-30": "859", "2013-03-31": "855", "2012-12-31": "850", "2012-09-30": "850", "2012-06-30": "845", "2012-03-31": "847", "2011-12-31": "844", "2011-09-30": "844", "2011-06-30": "844", "2011-03-31": "837", "2010-12-31": "843", "2010-09-30": "842", "2010-06-30": "842", "2010-03-31": "832", "2009-12-31": "827", "2009-09-30": "828", "2009-06-30": "827", "2009-03-31": "825", "2008-12-31": "468", "2008-09-30": "396", "2008-06-30": "396", "2008-03-31": "396", "2007-12-31": "395", "2007-09-30": "395", "2007-06-30": "394", "2007-03-31": "197", "2006-12-31": "196", "2006-09-30": "234", "2006-06-30": "197", "2006-03-31": "194", "2005-12-31": "162", "2005-09-30": "168", "2005-06-30": "147", "2005-03-31": "141"}}, "total-assets": {"Delta Air Lines Annual Total Assets (Millions of US $)": {"2019": "$64,532", "2018": "$60,266", "2017": "$53,671", "2016": "$51,261", "2015": "$53,134", "2014": "$54,005", "2013": "$52,252", "2012": "$44,550", "2011": "$43,499", "2010": "$43,188", "2009": "$43,789", "2008": "$45,084", "2007": "$32,423", "2006": "$19,622", "2005": "$20,039"}, "Delta Air Lines Quarterly Total Assets (Millions of US $)": {"2020-09-30": "$79,076", "2020-06-30": "$72,261", "2020-03-31": "$68,738", "2019-12-31": "$64,532", "2019-09-30": "$63,219", "2019-06-30": "$62,518", "2019-03-31": "$61,841", "2018-12-31": "$60,266", "2018-09-30": "$55,003", "2018-06-30": "$55,796", "2018-03-31": "$54,078", "2017-12-31": "$53,671", "2017-09-30": "$51,928", "2017-06-30": "$51,815", "2017-03-31": "$51,459", "2016-12-31": "$51,261", "2016-09-30": "$50,948", "2016-06-30": "$51,634", "2016-03-31": "$53,342", "2015-12-31": "$53,134", "2015-09-30": "$53,646", "2015-06-30": "$52,781", "2015-03-31": "$53,752", "2014-12-31": "$54,005", "2014-09-30": "$51,940", "2014-06-30": "$52,191", "2014-03-31": "$52,167", "2013-12-31": "$52,252", "2013-09-30": "$45,997", "2013-06-30": "$45,772", "2013-03-31": "$45,068", "2012-12-31": "$44,550", "2012-09-30": "$44,352", "2012-06-30": "$44,720", "2012-03-31": "$44,189", "2011-12-31": "$43,499", "2011-09-30": "$43,036", "2011-06-30": "$43,878", "2011-03-31": "$43,881", "2010-12-31": "$43,188", "2010-09-30": "$43,153", "2010-06-30": "$43,809", "2010-03-31": "$44,339", "2009-12-31": "$43,789", "2009-09-30": "$44,853", "2009-06-30": "$44,480", "2009-03-31": "$44,395", "2008-12-31": "$45,084", "2008-09-30": "$25,598", "2008-06-30": "$27,651", "2008-03-31": "$26,755", "2007-12-31": "$32,423", "2007-09-30": "$32,773", "2007-06-30": "$33,734", "2007-03-31": "$19,811", "2006-12-31": "$19,622", "2006-09-30": "$20,681", "2006-06-30": "$20,737", "2006-03-31": "$20,558", "2005-12-31": "$20,039", "2005-09-30": "$20,215", "2005-06-30": "$21,561", "2005-03-31": "$21,737"}}, "cash-on-hand": {"Delta Air Lines Annual Cash on Hand (Millions of US $)": {"2019": "$2,882", "2018": "$1,565", "2017": "$2,639", "2016": "$3,249", "2015": "$3,437", "2014": "$3,305", "2013": "$3,803", "2012": "$3,749", "2011": "$3,920", "2010": "$4,019", "2009": "$5,101", "2008": "$4,896", "2007": "$3,306", "2006": "$3,398", "2005": "$2,878"}, "Delta Air Lines Quarterly Cash on Hand (Millions of US $)": {"2020-09-30": "$21,525", "2020-06-30": "$15,668", "2020-03-31": "$5,967", "2019-12-31": "$2,882", "2019-09-30": "$1,899", "2019-06-30": "$2,009", "2019-03-31": "$1,910", "2018-12-31": "$1,565", "2018-09-30": "$1,858", "2018-06-30": "$2,406", "2018-03-31": "$1,970", "2017-12-31": "$2,639", "2017-09-30": "$2,438", "2017-06-30": "$2,988", "2017-03-31": "$2,650", "2016-12-31": "$3,249", "2016-09-30": "$3,152", "2016-06-30": "$2,951", "2016-03-31": "$2,914", "2015-12-31": "$3,437", "2015-09-30": "$3,811", "2015-06-30": "$3,787", "2015-03-31": "$3,569", "2014-12-31": "$3,305", "2014-09-30": "$4,511", "2014-06-30": "$4,202", "2014-03-31": "$3,783", "2013-12-31": "$3,803", "2013-09-30": "$4,190", "2013-06-30": "$4,096", "2013-03-31": "$3,885", "2012-12-31": "$3,749", "2012-09-30": "$3,634", "2012-06-30": "$3,866", "2012-03-31": "$4,245", "2011-12-31": "$3,920", "2011-09-30": "$3,670", "2011-06-30": "$4,254", "2011-03-31": "$4,229", "2010-12-31": "$4,019", "2010-09-30": "$4,293", "2010-06-30": "$4,843", "2010-03-31": "$5,369", "2009-12-31": "$5,101", "2009-09-30": "$5,966", "2009-06-30": "$5,303", "2009-03-31": "$4,895", "2008-12-31": "$4,896", "2008-09-30": "$3,309", "2008-06-30": "$3,859", "2008-03-31": "$2,813", "2007-12-31": "$3,306", "2007-09-30": "$2,969", "2007-06-30": "$3,712", "2007-03-31": "$3,929", "2006-12-31": "$3,398", "2006-09-30": "$3,829", "2006-06-30": "$3,941", "2006-03-31": "$3,362", "2005-12-31": "$2,878", "2005-09-30": "$2,480", "2005-06-30": "$2,039", "2005-03-31": "$2,173"}}, "long-term-debt": {"Delta Air Lines Annual Long Term Debt (Millions of US $)": {"2019": "$8,873", "2018": "$8,253", "2017": "$6,592", "2016": "$6,201", "2015": "$6,766", "2014": "$8,477", "2013": "$9,795", "2012": "$11,082", "2011": "$11,847", "2010": "$13,179", "2009": "$15,665", "2008": "$15,411", "2007": "$7,986", "2006": "$6,509", "2005": "$6,557"}, "Delta Air Lines Quarterly Long Term Debt (Millions of US $)": {"2020-09-30": "$29,825", "2020-06-30": "$19,412", "2020-03-31": "$12,662", "2019-12-31": "$8,873", "2019-09-30": "$7,923", "2019-06-30": "$7,710", "2019-03-31": "$7,710", "2018-12-31": "$8,253", "2018-09-30": "$8,115", "2018-06-30": "$8,562", "2018-03-31": "$6,360", "2017-12-31": "$6,592", "2017-09-30": "$7,584", "2017-06-30": "$7,916", "2017-03-31": "$8,187", "2016-12-31": "$6,201", "2016-09-30": "$6,473", "2016-06-30": "$6,689", "2016-03-31": "$6,920", "2015-12-31": "$6,766", "2015-09-30": "$7,096", "2015-06-30": "$7,598", "2015-03-31": "$8,305", "2014-12-31": "$8,477", "2014-09-30": "$8,970", "2014-06-30": "$9,089", "2014-03-31": "$9,466", "2013-12-31": "$9,795", "2013-09-30": "$10,077", "2013-06-30": "$10,526", "2013-03-31": "$10,721", "2012-12-31": "$11,082", "2012-09-30": "$11,111", "2012-06-30": "$11,221", "2012-03-31": "$11,521", "2011-12-31": "$11,847", "2011-09-30": "$12,557", "2011-06-30": "$13,026", "2011-03-31": "$13,446", "2010-12-31": "$13,179", "2010-09-30": "$13,063", "2010-06-30": "$14,228", "2010-03-31": "$15,251", "2009-12-31": "$15,665", "2009-09-30": "$16,655", "2009-06-30": "$14,774", "2009-03-31": "$14,743", "2008-12-31": "$15,411", "2008-09-30": "$9,274", "2008-06-30": "$8,338", "2008-03-31": "$8,387", "2007-12-31": "$7,986", "2007-09-30": "$7,430", "2007-06-30": "$7,553", "2007-03-31": "$4,792", "2006-12-31": "$6,509", "2006-09-30": "$6,422", "2006-06-30": "$6,508", "2006-03-31": "$6,654", "2005-12-31": "$6,557", "2005-09-30": "$6,657", "2005-06-30": "$12,957", "2005-03-31": "$13,043"}}, "total-liabilities": {"Delta Air Lines Annual Total Liabilities (Millions of US $)": {"2019": "$49,174", "2018": "$46,579", "2017": "$41,141", "2016": "$38,974", "2015": "$42,284", "2014": "$45,192", "2013": "$40,609", "2012": "$46,681", "2011": "$44,895", "2010": "$42,291", "2009": "$43,544", "2008": "$44,210", "2007": "$22,310", "2006": "$33,215", "2005": "$29,687"}, "Delta Air Lines Quarterly Total Liabilities (Millions of US $)": {"2020-09-30": "$75,719", "2020-06-30": "$63,571", "2020-03-31": "$54,429", "2019-12-31": "$49,174", "2019-09-30": "$48,151", "2019-06-30": "$48,560", "2019-03-31": "$48,930", "2018-12-31": "$46,579", "2018-09-30": "$41,299", "2018-06-30": "$42,940", "2018-03-31": "$41,521", "2017-12-31": "$41,141", "2017-09-30": "$37,927", "2017-06-30": "$38,336", "2017-03-31": "$38,514", "2016-12-31": "$38,974", "2016-09-30": "$38,438", "2016-06-30": "$39,824", "2016-03-31": "$42,090", "2015-12-31": "$42,284", "2015-09-30": "$43,301", "2015-06-30": "$43,218", "2015-03-31": "$44,706", "2014-12-31": "$45,192", "2014-09-30": "$39,644", "2014-06-30": "$39,988", "2014-03-31": "$40,526", "2013-12-31": "$40,609", "2013-09-30": "$45,860", "2013-06-30": "$46,956", "2013-03-31": "$47,011", "2012-12-31": "$46,681", "2012-09-30": "$44,400", "2012-06-30": "$45,855", "2012-03-31": "$45,200", "2011-12-31": "$44,895", "2011-09-30": "$41,814", "2011-06-30": "$43,093", "2011-03-31": "$43,123", "2010-12-31": "$42,291", "2010-09-30": "$42,438", "2010-06-30": "$43,610", "2010-03-31": "$44,267", "2009-12-31": "$43,544", "2009-09-30": "$43,953", "2009-06-30": "$43,500", "2009-03-31": "$43,876", "2008-12-31": "$44,210", "2008-09-30": "$23,207", "2008-06-30": "$23,930", "2008-03-31": "$22,804", "2007-12-31": "$22,310", "2007-09-30": "$23,025", "2007-06-30": "$24,262", "2007-03-31": "$33,487", "2006-12-31": "$33,215", "2006-09-30": "$34,552", "2006-06-30": "$34,603", "2006-03-31": "$32,221", "2005-12-31": "$29,687", "2005-09-30": "$28,428", "2005-06-30": "$28,270", "2005-03-31": "$28,089"}}, "total-share-holder-equity": {"Delta Air Lines Annual Share Holder Equity (Millions of US $)": {"2019": "$15,358", "2018": "$13,687", "2017": "$12,530", "2016": "$12,287", "2015": "$10,850", "2014": "$8,813", "2013": "$11,643", "2012": "$-2,131", "2011": "$-1,396", "2010": "$897", "2009": "$245", "2008": "$874", "2007": "$10,113", "2006": "$-13,593", "2005": "$-9,648"}, "Delta Air Lines Quarterly Share Holder Equity (Millions of US $)": {"2020-09-30": "$3,357", "2020-06-30": "$8,690", "2020-03-31": "$14,309", "2019-12-31": "$15,358", "2019-09-30": "$15,068", "2019-06-30": "$13,958", "2019-03-31": "$12,911", "2018-12-31": "$13,687", "2018-09-30": "$13,704", "2018-06-30": "$12,856", "2018-03-31": "$12,557", "2017-12-31": "$12,530", "2017-09-30": "$14,001", "2017-06-30": "$13,479", "2017-03-31": "$12,945", "2016-12-31": "$12,287", "2016-09-30": "$12,510", "2016-06-30": "$11,810", "2016-03-31": "$11,252", "2015-12-31": "$10,850", "2015-09-30": "$10,345", "2015-06-30": "$9,563", "2015-03-31": "$9,046", "2014-12-31": "$8,813", "2014-09-30": "$12,296", "2014-06-30": "$12,203", "2014-03-31": "$11,641", "2013-12-31": "$11,643", "2013-09-30": "$137", "2013-06-30": "$-1,184", "2013-03-31": "$-1,943", "2012-12-31": "$-2,131", "2012-09-30": "$-48", "2012-06-30": "$-1,135", "2012-03-31": "$-1,011", "2011-12-31": "$-1,396", "2011-09-30": "$1,222", "2011-06-30": "$785", "2011-03-31": "$758", "2010-12-31": "$897", "2010-09-30": "$715", "2010-06-30": "$199", "2010-03-31": "$72", "2009-12-31": "$245", "2009-09-30": "$900", "2009-06-30": "$980", "2009-03-31": "$519", "2008-12-31": "$874", "2008-09-30": "$2,391", "2008-06-30": "$3,721", "2008-03-31": "$3,951", "2007-12-31": "$10,113", "2007-09-30": "$9,748", "2007-06-30": "$9,472", "2007-03-31": "$-13,676", "2006-12-31": "$-13,593", "2006-09-30": "$-13,871", "2006-06-30": "$-13,866", "2006-03-31": "$-11,663", "2005-12-31": "$-9,648", "2005-09-30": "$-8,213", "2005-06-30": "$-6,709", "2005-03-31": "$-6,352"}}, "profit-margins": {"current": "-72.45%"}, "gross margin": {"2020-12-31": "0.73%", "2020-09-30": "16.55%", "2020-06-30": "27.57%", "2020-03-31": "36.15%", "2019-12-31": "37.85%", "2019-09-30": "37.45%", "2019-06-30": "37.09%", "2019-03-31": "36.74%", "2018-12-31": "36.88%", "2018-09-30": "37.95%", "2018-06-30": "38.96%", "2018-03-31": "39.84%", "2017-12-31": "40.32%", "2017-09-30": "40.09%", "2017-06-30": "40.57%", "2017-03-31": "41.82%", "2016-12-31": "42.80%", "2016-09-30": "33.06%", "2016-06-30": "33.11%", "2016-03-31": "33.15%", "2015-12-31": "32.78%", "2015-09-30": "37.67%", "2015-06-30": "36.16%", "2015-03-31": "34.42%", "2014-12-31": "33.27%", "2014-09-30": "37.79%", "2014-06-30": "35.35%", "2014-03-31": "30.61%", "2013-12-31": "26.34%", "2013-09-30": "21.87%", "2013-06-30": "21.50%", "2013-03-31": "19.76%", "2012-12-31": "20.11%", "2012-09-30": "21.16%", "2012-06-30": "19.69%", "2012-03-31": "21.00%", "2011-12-31": "20.08%", "2011-09-30": "19.33%", "2011-06-30": "20.63%", "2011-03-31": "21.97%", "2010-12-31": "23.09%", "2010-09-30": "22.53%", "2010-06-30": "20.46%", "2010-03-31": "18.00%", "2009-12-31": "16.33%", "2009-09-30": "16.89%", "2009-06-30": "15.49%", "2009-03-31": "15.24%", "2008-12-31": "15.38%", "2008-09-30": "15.30%", "2008-06-30": "17.07%", "2008-03-31": "19.15%", "2007-12-31": "21.27%", "2007-09-30": "20.08%", "2007-06-30": "19.23%", "2007-03-31": "18.85%", "2006-12-31": "15.46%", "2006-09-30": "13.28%", "2006-06-30": "12.22%", "2006-03-31": "10.53%", "2005-12-31": "12.97%"}, "operating margin": {"2020-12-31": "-72.94%", "2020-09-30": "-41.58%", "2020-06-30": "-5.15%", "2020-03-31": "11.50%", "2019-12-31": "14.08%", "2019-09-30": "13.63%", "2019-06-30": "12.87%", "2019-03-31": "12.10%", "2018-12-31": "11.85%", "2018-09-30": "12.15%", "2018-06-30": "12.81%", "2018-03-31": "13.83%", "2017-12-31": "14.50%", "2017-09-30": "14.61%", "2017-06-30": "15.19%", "2017-03-31": "16.42%", "2016-12-31": "17.73%", "2016-09-30": "19.28%", "2016-06-30": "19.58%", "2016-03-31": "19.58%", "2015-12-31": "19.17%", "2015-09-30": "12.87%", "2015-06-30": "9.48%", "2015-03-31": "7.31%", "2014-12-31": "5.47%", "2014-09-30": "9.39%", "2014-06-30": "11.41%", "2014-03-31": "9.95%", "2013-12-31": "9.00%", "2013-09-30": "8.18%", "2013-06-30": "7.61%", "2013-03-31": "5.48%", "2012-12-31": "5.93%", "2012-09-30": "6.99%", "2012-06-30": "5.78%", "2012-03-31": "6.84%", "2011-12-31": "5.62%", "2011-09-30": "4.47%", "2011-06-30": "5.01%", "2011-03-31": "6.30%", "2010-12-31": "6.98%", "2010-09-30": "6.10%", "2010-06-30": "3.67%", "2010-03-31": "0.80%", "2009-12-31": "-1.15%", "2009-09-30": "-4.92%", "2009-06-30": "-5.54%", "2009-03-31": "-10.30%", "2008-12-31": "-36.63%", "2008-09-30": "-34.93%", "2008-06-30": "-34.19%", "2008-03-31": "-27.03%", "2007-12-31": "5.72%", "2007-09-30": "5.94%", "2007-06-30": "4.54%", "2007-03-31": "3.94%", "2006-12-31": "0.40%", "2006-09-30": "-3.63%", "2006-06-30": "-6.18%", "2006-03-31": "-9.44%", "2005-12-31": "-11.27%"}, "ebitda margin": {"2020-09-30": "-41.58%", "2020-06-30": "-5.15%", "2020-03-31": "11.50%", "2019-12-31": "14.08%", "2019-09-30": "13.63%", "2019-06-30": "12.87%", "2019-03-31": "12.10%", "2018-12-31": "11.85%", "2018-09-30": "12.15%", "2018-06-30": "12.81%", "2018-03-31": "13.83%", "2017-12-31": "14.50%", "2017-09-30": "14.61%", "2017-06-30": "15.19%", "2017-03-31": "16.42%", "2016-12-31": "17.73%", "2016-09-30": "19.28%", "2016-06-30": "19.58%", "2016-03-31": "19.58%", "2015-12-31": "19.17%", "2015-09-30": "12.87%", "2015-06-30": "9.48%", "2015-03-31": "7.31%", "2014-12-31": "5.47%", "2014-09-30": "9.39%", "2014-06-30": "11.41%", "2014-03-31": "9.95%", "2013-12-31": "9.00%", "2013-09-30": "8.18%", "2013-06-30": "7.61%", "2013-03-31": "5.48%", "2012-12-31": "5.93%", "2012-09-30": "6.99%", "2012-06-30": "5.78%", "2012-03-31": "6.84%", "2011-12-31": "5.62%", "2011-09-30": "4.47%", "2011-06-30": "5.01%", "2011-03-31": "6.30%", "2010-12-31": "6.98%", "2010-09-30": "6.10%", "2010-06-30": "3.67%", "2010-03-31": "0.80%", "2009-12-31": "-1.15%", "2009-09-30": "-4.92%", "2009-06-30": "-5.54%", "2009-03-31": "-10.30%", "2008-12-31": "-36.63%", "2008-09-30": "-34.93%", "2008-06-30": "-34.19%", "2008-03-31": "-27.03%", "2007-12-31": "5.72%", "2007-09-30": "5.94%", "2007-06-30": "4.54%", "2007-03-31": "3.94%", "2006-12-31": "0.40%", "2006-09-30": "-3.63%", "2006-06-30": "-6.18%", "2006-03-31": "-9.44%", "2005-12-31": "-11.27%"}, "pre tax profit margin": {"2020-12-31": "-91.18%", "2020-09-30": "-53.26%", "2020-06-30": "-12.55%", "2020-03-31": "10.29%", "2019-12-31": "13.19%", "2019-09-30": "13.27%", "2019-06-30": "12.88%", "2019-03-31": "11.94%", "2018-12-31": "11.59%", "2018-09-30": "11.04%", "2018-06-30": "11.47%", "2018-03-31": "12.82%", "2017-12-31": "13.37%", "2017-09-30": "12.76%", "2017-06-30": "13.26%", "2017-03-31": "14.68%", "2016-12-31": "16.10%", "2016-09-30": "18.19%", "2016-06-30": "18.33%", "2016-03-31": "18.25%", "2015-12-31": "17.58%", "2015-09-30": "10.98%", "2015-06-30": "7.31%", "2015-03-31": "4.71%", "2014-12-31": "2.66%", "2014-09-30": "6.75%", "2014-06-30": "8.88%", "2014-03-31": "7.49%", "2013-12-31": "6.69%", "2013-09-30": "5.53%", "2013-06-30": "4.77%", "2013-03-31": "2.45%", "2012-12-31": "2.80%", "2012-09-30": "3.92%", "2012-06-30": "2.55%", "2012-03-31": "3.59%", "2011-12-31": "2.19%", "2011-09-30": "1.08%", "2011-06-30": "0.57%", "2011-03-31": "1.42%", "2010-12-31": "1.91%", "2010-09-30": "0.76%", "2010-06-30": "-1.06%", "2010-03-31": "-3.66%", "2009-12-31": "-5.63%", "2009-09-30": "-9.52%", "2009-06-30": "-9.71%", "2009-03-31": "-14.00%", "2008-12-31": "-39.83%", "2008-09-30": "-37.30%", "2008-06-30": "-36.16%", "2008-03-31": "-22.57%", "2007-12-31": "9.50%", "2007-09-30": "-4.16%", "2007-06-30": "-6.09%", "2007-03-31": "-27.74%", "2006-12-31": "-39.74%", "2006-09-30": "-31.50%", "2006-06-30": "-39.14%", "2006-03-31": "-29.22%", "2005-12-31": "-23.83%"}, "net profit margin": {"2020-12-31": "-72.45%", "2020-09-30": "-42.88%", "2020-06-30": "-10.74%", "2020-03-31": "7.76%", "2019-12-31": "10.14%", "2019-09-30": "10.12%", "2019-06-30": "9.88%", "2019-03-31": "9.14%", "2018-12-31": "8.86%", "2018-09-30": "7.32%", "2018-06-30": "7.09%", "2018-03-31": "7.62%", "2017-12-31": "7.79%", "2017-09-30": "8.34%", "2017-06-30": "8.71%", "2017-03-31": "9.69%", "2016-12-31": "10.63%", "2016-09-30": "11.92%", "2016-06-30": "11.88%", "2016-03-31": "11.65%", "2015-12-31": "11.12%", "2015-09-30": "6.94%", "2015-06-30": "4.58%", "2015-03-31": "2.92%", "2014-12-31": "1.63%", "2014-09-30": "24.75%", "2014-06-30": "27.78%", "2014-03-31": "28.14%", "2013-12-31": "27.90%", "2013-09-30": "5.54%", "2013-06-30": "4.75%", "2013-03-31": "2.43%", "2012-12-31": "2.75%", "2012-09-30": "3.92%", "2012-06-30": "2.56%", "2012-03-31": "3.62%", "2011-12-31": "2.43%", "2011-09-30": "1.30%", "2011-06-30": "0.78%", "2011-03-31": "1.63%", "2010-12-31": "1.87%", "2010-09-30": "1.78%", "2010-06-30": "0.09%", "2010-03-31": "-2.48%", "2009-12-31": "-4.41%", "2009-09-30": "-9.47%", "2009-06-30": "-9.72%", "2009-03-31": "-13.51%", "2008-12-31": "-39.31%", "2008-09-30": "-36.55%", "2008-06-30": "-36.10%", "2008-03-31": "-23.62%", "2007-12-31": "8.42%", "2007-09-30": "-1.59%", "2007-06-30": "-2.55%", "2007-03-31": "-23.62%", "2006-12-31": "-35.39%", "2006-09-30": "-31.87%", "2006-06-30": "-39.82%", "2006-03-31": "-29.81%", "2005-12-31": "-23.69%"}, "pe ratio": {"current": "0.00", "2021-02-11": "0.00", "2020-12-31": "0.00", "2020-09-30": "0.00", "2020-06-30": "0.00", "2020-03-31": "5.29", "2019-12-31": "7.93", "2019-09-30": "8.00", "2019-06-30": "8.30", "2019-03-31": "8.44", "2018-12-31": "8.55", "2018-09-30": "11.22", "2018-06-30": "10.10", "2018-03-31": "10.63", "2017-12-31": "10.69", "2017-09-30": "9.08", "2017-06-30": "9.95", "2017-03-31": "7.92", "2016-12-31": "7.88", "2016-09-30": "5.86", "2016-06-30": "5.43", "2016-03-31": "7.47", "2015-12-31": "8.18", "2015-09-30": "11.56", "2015-06-30": "16.22", "2015-03-31": "28.97", "2014-12-31": "59.05", "2014-09-30": "2.82", "2014-06-30": "2.74", "2014-03-31": "2.47", "2013-12-31": "2.00", "2013-09-30": "8.72", "2013-06-30": "8.11", "2013-03-31": "13.97", "2012-12-31": "8.86", "2012-09-30": "4.84", "2012-06-30": "8.84", "2012-03-31": "5.76", "2011-12-31": "7.19", "2011-09-30": "12.81", "2011-06-30": "27.16", "2011-03-31": "13.82", "2010-12-31": "15.99", "2010-09-30": "15.91", "2010-06-30": "347.98", "2010-03-31": "0.00", "2009-12-31": "0.00", "2009-09-30": "0.00", "2009-06-30": "0.00", "2009-03-31": "0.00", "2008-12-31": "0.00", "2008-09-30": "0.00", "2008-06-30": "0.00", "2008-03-31": "0.00"}, "price sales": {"2021-02-11": "1.59", "2020-12-31": "1.50", "2020-09-30": "0.80", "2020-06-30": "0.53", "2020-03-31": "0.41", "2019-12-31": "0.81", "2019-09-30": "0.81", "2019-06-30": "0.82", "2019-03-31": "0.77", "2018-12-31": "0.76", "2018-09-30": "0.89", "2018-06-30": "0.78", "2018-03-31": "0.89", "2017-12-31": "0.93", "2017-09-30": "0.82", "2017-06-30": "0.94", "2017-03-31": "0.81", "2016-12-31": "0.88", "2016-09-30": "0.70", "2016-06-30": "0.65", "2016-03-31": "0.87", "2015-12-31": "0.91", "2015-09-30": "0.81", "2015-06-30": "0.75", "2015-03-31": "0.83", "2014-12-31": "0.92", "2014-09-30": "0.69", "2014-06-30": "0.76", "2014-03-31": "0.70", "2013-12-31": "0.56", "2013-09-30": "0.48", "2013-06-30": "0.39", "2013-03-31": "0.34", "2012-12-31": "0.24", "2012-09-30": "0.19", "2012-06-30": "0.23", "2012-03-31": "0.21", "2011-12-31": "0.17", "2011-09-30": "0.16", "2011-06-30": "0.20", "2011-03-31": "0.22", "2010-12-31": "0.30", "2010-09-30": "0.28", "2010-06-30": "0.30", "2010-03-31": "0.38", "2009-12-31": "0.30", "2009-09-30": "0.20", "2009-06-30": "0.11", "2009-03-31": "0.10", "2008-12-31": "0.19", "2008-09-30": "0.13", "2008-06-30": "0.10", "2008-03-31": "0.15"}, "price book": {"current": "20.04", "2021-02-11": "8.12", "2020-09-30": "5.81", "2020-06-30": "2.06", "2020-03-31": "1.27", "2019-12-31": "2.43", "2019-09-30": "2.44", "2019-06-30": "2.59", "2019-03-31": "2.55", "2018-12-31": "2.40", "2018-09-30": "2.78", "2018-06-30": "2.54", "2018-03-31": "2.91", "2017-12-31": "2.98", "2017-09-30": "2.30", "2017-06-30": "2.69", "2017-03-31": "2.42", "2016-12-31": "2.70", "2016-09-30": "2.13", "2016-06-30": "2.11", "2016-03-31": "3.04", "2015-12-31": "3.31", "2015-09-30": "3.09", "2015-06-30": "3.09", "2015-03-31": "3.66", "2014-12-31": "4.15", "2014-09-30": "2.21", "2014-06-30": "2.40", "2014-03-31": "2.26", "2013-12-31": "1.79", "2013-09-30": "131.29", "2013-06-30": "-12.05", "2013-03-31": "-6.47", "2012-12-31": "-4.21", "2012-09-30": "-144.30", "2012-06-30": "-7.29", "2012-03-31": "-7.40", "2011-12-31": "-4.35", "2011-09-30": "4.63", "2011-06-30": "8.78", "2011-03-31": "9.71", "2010-12-31": "10.42", "2010-09-30": "11.41", "2010-06-30": "41.38", "2010-03-31": "141.82", "2009-12-31": "32.31", "2009-09-30": "6.89", "2009-06-30": "4.08", "2009-03-31": "7.44", "2008-12-31": "8.10", "2008-09-30": "0.85", "2008-06-30": "0.41", "2008-03-31": "0.56", "2007-12-31": "0.38", "2007-09-30": "0.44", "2007-06-30": "0.45"}, "price fcf": {"2021-02-11": "", "2020-09-30": "$-6.27", "2020-06-30": "$0.02", "2020-03-31": "$3.56", "2019-12-31": "$5.34", "2019-09-30": "$2.84", "2019-06-30": "$1.62", "2019-03-31": "$0.92", "2018-12-31": "$0.15", "2018-09-30": "$3.86", "2018-06-30": "$3.96", "2018-03-31": "$3.91", "2017-12-31": "$1.57", "2017-09-30": "$0.94", "2017-06-30": "$1.70", "2017-03-31": "$2.65", "2016-12-31": "$5.06", "2016-09-30": "$5.37", "2016-06-30": "$5.68", "2016-03-31": "$5.10", "2015-12-31": "$6.20", "2015-09-30": "$5.49", "2015-06-30": "$4.61", "2015-03-31": "$4.15", "2014-12-31": "$3.27", "2014-09-30": "$3.56", "2014-06-30": "$3.09", "2014-03-31": "$2.29", "2013-12-31": "$2.31", "2013-09-30": "$2.05", "2013-06-30": "$1.48", "2013-03-31": "$0.51", "2012-12-31": "$0.60", "2012-09-30": "$1.52", "2012-06-30": "$1.09", "2012-03-31": "$1.84", "2011-12-31": "$1.87", "2011-09-30": "$0.81", "2011-06-30": "$1.34", "2011-03-31": "$1.54", "2010-12-31": "$1.77", "2010-09-30": "$1.13", "2010-06-30": "$0.83", "2010-03-31": "$0.64", "2009-12-31": "$0.21", "2009-09-30": "$-3.52", "2009-06-30": "$-6.57", "2009-03-31": "$-5.53", "2008-12-31": "$-6.57", "2008-09-30": "$-1.61", "2008-06-30": "$0.91", "2008-03-31": "$0.38"}, "net worth": {"value": "$27.11B"}, "current ratio": {"2020-12-31": "1.09", "2020-09-30": "1.27", "2020-06-30": "0.94", "2020-03-31": "0.53", "2019-12-31": "0.41", "2019-09-30": "0.34", "2019-06-30": "0.34", "2019-03-31": "0.34", "2018-12-31": "0.34", "2018-09-30": "0.37", "2018-06-30": "0.40", "2018-03-31": "0.39", "2017-12-31": "0.41", "2017-09-30": "0.43", "2017-06-30": "0.43", "2017-03-31": "0.43", "2016-12-31": "0.49", "2016-09-30": "0.48", "2016-06-30": "0.47", "2016-03-31": "0.51", "2015-12-31": "0.52", "2015-09-30": "0.68", "2015-06-30": "0.67", "2015-03-31": "0.71", "2014-12-31": "0.54", "2014-09-30": "0.74", "2014-06-30": "0.69", "2014-03-31": "0.65", "2013-12-31": "0.68", "2013-09-30": "0.63", "2013-06-30": "0.60", "2013-03-31": "0.61", "2012-12-31": "0.62", "2012-09-30": "0.62", "2012-06-30": "0.58", "2012-03-31": "0.61", "2011-12-31": "0.61", "2011-09-30": "0.61", "2011-06-30": "0.63", "2011-03-31": "0.65", "2010-12-31": "0.64", "2010-09-30": "0.62", "2010-06-30": "0.66", "2010-03-31": "0.75", "2009-12-31": "0.82", "2009-09-30": "0.92", "2009-06-30": "0.74", "2009-03-31": "0.70", "2008-12-31": "0.81", "2008-09-30": "0.81", "2008-06-30": "0.88", "2008-03-31": "0.80", "2007-12-31": "0.79", "2007-09-30": "0.84", "2007-06-30": "0.81", "2007-03-31": "0.77", "2006-12-31": "0.93", "2006-09-30": "0.96", "2006-06-30": "0.91", "2006-03-31": "0.81", "2005-12-31": "0.85", "2005-09-30": "0.86", "2005-06-30": "0.55", "2005-03-31": "0.56"}, "quick ratio": {"2020-12-31": "1.05", "2020-09-30": "1.23", "2020-06-30": "0.91", "2020-03-31": "0.48", "2019-12-31": "0.35", "2019-09-30": "0.29", "2019-06-30": "0.29", "2019-03-31": "0.29", "2018-12-31": "0.28", "2018-09-30": "0.31", "2018-06-30": "0.31", "2018-03-31": "0.33", "2017-12-31": "0.34", "2017-09-30": "0.36", "2017-06-30": "0.38", "2017-03-31": "0.38", "2016-12-31": "0.43", "2016-09-30": "0.43", "2016-06-30": "0.42", "2016-03-31": "0.48", "2015-12-31": "0.48", "2015-09-30": "0.64", "2015-06-30": "0.62", "2015-03-31": "0.66", "2014-12-31": "0.49", "2014-09-30": "0.68", "2014-06-30": "0.63", "2014-03-31": "0.59", "2013-12-31": "0.61", "2013-09-30": "0.56", "2013-06-30": "0.54", "2013-03-31": "0.54", "2012-12-31": "0.55", "2012-09-30": "0.59", "2012-06-30": "0.55", "2012-03-31": "0.58", "2011-12-31": "0.57", "2011-09-30": "0.58", "2011-06-30": "0.60", "2011-03-31": "0.62", "2010-12-31": "0.61", "2010-09-30": "0.60", "2010-06-30": "0.64", "2010-03-31": "0.72", "2009-12-31": "0.78", "2009-09-30": "0.89", "2009-06-30": "0.71", "2009-03-31": "0.67", "2008-12-31": "0.77", "2008-09-30": "0.77", "2008-06-30": "0.85", "2008-03-31": "0.76", "2007-12-31": "0.75", "2007-09-30": "0.80", "2007-06-30": "0.78", "2007-03-31": "0.74", "2006-12-31": "0.90", "2006-09-30": "0.93", "2006-06-30": "0.89", "2006-03-31": "0.78", "2005-12-31": "0.82", "2005-09-30": "0.83", "2005-06-30": "0.52", "2005-03-31": "0.53"}, "debt equity ratio": {"current": "20.27", "2020-12-31": "52.25", "2020-09-30": "22.56", "2020-06-30": "7.32", "2020-03-31": "3.80", "2019-12-31": "3.20", "2019-09-30": "3.20", "2019-06-30": "3.48", "2019-03-31": "3.79", "2018-12-31": "3.40", "2018-09-30": "3.01", "2018-06-30": "3.34", "2018-03-31": "3.31", "2017-12-31": "3.28", "2017-09-30": "2.71", "2017-06-30": "2.84", "2017-03-31": "2.98", "2016-12-31": "3.17", "2016-09-30": "3.07", "2016-06-30": "3.37", "2016-03-31": "3.74", "2015-12-31": "3.90", "2015-09-30": "4.19", "2015-06-30": "4.52", "2015-03-31": "4.94", "2014-12-31": "5.13", "2014-09-30": "3.22", "2014-06-30": "3.28", "2014-03-31": "3.48", "2013-12-31": "3.49", "2013-09-30": "334.75", "2013-06-30": "-39.66", "2013-03-31": "-24.20", "2012-12-31": "-21.91", "2012-09-30": "-925.00", "2012-06-30": "-40.40", "2012-03-31": "-44.71", "2011-12-31": "-32.16", "2011-09-30": "34.22", "2011-06-30": "54.90", "2011-03-31": "56.89", "2010-12-31": "47.15", "2010-09-30": "59.35", "2010-06-30": "219.15", "2010-03-31": "614.82", "2009-12-31": "177.73", "2009-09-30": "48.84", "2009-06-30": "44.39", "2009-03-31": "84.54", "2008-12-31": "50.58", "2008-09-30": "9.71", "2008-06-30": "6.43", "2008-03-31": "5.77", "2007-12-31": "2.21", "2007-09-30": "2.36", "2007-06-30": "2.56", "2007-03-31": "-2.45", "2006-12-31": "-2.44", "2006-09-30": "-2.49", "2006-06-30": "-2.50", "2006-03-31": "-2.76", "2005-12-31": "-3.08", "2005-09-30": "-3.46", "2005-06-30": "-4.21", "2005-03-31": "-4.42"}, "return on equity": {"2020-12-31": "-178.79%", "2020-09-30": "-100.98%", "2020-06-30": "-27.38%", "2020-03-31": "23.87%", "2019-12-31": "33.28%", "2019-09-30": "33.71%", "2019-06-30": "33.28%", "2019-03-31": "30.91%", "2018-12-31": "29.81%", "2018-09-30": "24.89%", "2018-06-30": "23.49%", "2018-03-31": "24.36%", "2017-12-31": "24.21%", "2017-09-30": "25.42%", "2017-06-30": "26.94%", "2017-03-31": "30.76%", "2016-12-31": "35.06%", "2016-09-30": "40.77%", "2016-06-30": "43.27%", "2016-03-31": "45.00%", "2015-12-31": "45.48%", "2015-09-30": "30.02%", "2015-06-30": "18.89%", "2015-03-31": "11.26%", "2014-12-31": "5.86%", "2014-09-30": "82.46%", "2014-06-30": "121.96%", "2014-03-31": "193.30%", "2013-12-31": "487.23%", "2013-09-30": "-161.45%", "2013-06-30": "-131.55%", "2013-03-31": "-67.87%", "2012-12-31": "-93.32%", "2012-09-30": "-159.11%", "2012-06-30": "-160.34%", "2012-03-31": "-1296.00%", "2011-12-31": "249.53%", "2011-09-30": "48.94%", "2011-06-30": "33.22%", "2011-03-31": "82.68%", "2010-12-31": "125.97%", "2010-09-30": "178.39%", "2010-06-30": "7.06%", "2010-03-31": "-127.26%", "2009-12-31": "-187.14%", "2009-09-30": "-323.86%", "2009-06-30": "-213.18%", "2009-03-31": "-177.27%", "2008-12-31": "-326.31%", "2008-09-30": "-149.76%", "2008-06-30": "-105.82%", "2008-03-31": "-55.86%", "2007-12-31": "41.18%", "2007-09-30": "14.86%", "2007-06-30": "5.90%", "2007-03-31": "31.01%", "2006-12-31": "46.84%", "2006-09-30": "44.54%", "2006-06-30": "61.29%", "2006-03-31": "53.33%", "2005-12-31": "49.62%"}, "return on assets": {"2020-12-31": "-16.96%", "2020-09-30": "-14.80%", "2020-06-30": "-5.44%", "2020-03-31": "5.41%", "2019-12-31": "7.56%", "2019-09-30": "7.57%", "2019-06-30": "7.54%", "2019-03-31": "7.06%", "2018-12-31": "6.99%", "2018-09-30": "5.88%", "2018-06-30": "5.66%", "2018-03-31": "6.05%", "2017-12-31": "6.14%", "2017-09-30": "6.49%", "2017-06-30": "6.72%", "2017-03-31": "7.42%", "2016-12-31": "8.10%", "2016-09-30": "9.05%", "2016-06-30": "9.04%", "2016-03-31": "8.88%", "2015-12-31": "8.49%", "2015-09-30": "5.29%", "2015-06-30": "3.53%", "2015-03-31": "2.25%", "2014-12-31": "1.25%", "2014-09-30": "18.89%", "2014-06-30": "21.44%", "2014-03-31": "21.91%", "2013-12-31": "22.30%", "2013-09-30": "4.56%", "2013-06-30": "3.88%", "2013-03-31": "2.00%", "2012-12-31": "2.27%", "2012-09-30": "3.23%", "2012-06-30": "2.12%", "2012-03-31": "2.97%", "2011-12-31": "1.96%", "2011-09-30": "1.03%", "2011-06-30": "0.60%", "2011-03-31": "1.22%", "2010-12-31": "1.36%", "2010-09-30": "1.25%", "2010-06-30": "0.06%", "2010-03-31": "-1.58%", "2009-12-31": "-2.79%", "2009-09-30": "-5.93%", "2009-06-30": "-6.37%", "2009-03-31": "-9.32%", "2008-12-31": "-28.53%", "2008-09-30": "-26.88%", "2008-06-30": "-24.36%", "2008-03-31": "-14.79%", "2007-12-31": "5.43%", "2007-09-30": "-1.13%", "2007-06-30": "-1.99%", "2007-03-31": "-21.10%", "2006-12-31": "-30.42%", "2006-09-30": "-26.64%", "2006-06-30": "-32.61%", "2006-03-31": "-23.46%", "2005-12-31": "-18.36%"}, "return on investments": {"2020-12-31": "-42.62%", "2020-09-30": "-36.31%", "2020-06-30": "-6.86%", "2020-03-31": "21.65%", "2019-12-31": "29.57%", "2019-09-30": "28.94%", "2019-06-30": "27.35%", "2019-03-31": "25.36%", "2018-12-31": "25.04%", "2018-09-30": "26.26%", "2018-06-30": "27.21%", "2018-03-31": "28.69%", "2017-12-31": "28.67%", "2017-09-30": "28.42%", "2017-06-30": "30.07%", "2017-03-31": "33.49%", "2016-12-31": "37.74%", "2016-09-30": "41.76%", "2016-06-30": "44.02%", "2016-03-31": "45.14%", "2015-12-31": "44.86%", "2015-09-30": "30.37%", "2015-06-30": "21.24%", "2015-03-31": "15.46%", "2014-12-31": "10.90%", "2014-09-30": "17.56%", "2014-06-30": "24.11%", "2014-03-31": "24.46%", "2013-12-31": "27.32%", "2013-09-30": "32.72%", "2013-06-30": "29.32%", "2013-03-31": "20.73%", "2012-12-31": "21.42%", "2012-09-30": "24.22%", "2012-06-30": "18.76%", "2012-03-31": "20.18%", "2011-12-31": "15.12%", "2011-09-30": "11.05%", "2011-06-30": "12.07%", "2011-03-31": "14.57%", "2010-12-31": "15.39%", "2010-09-30": "12.63%", "2010-06-30": "6.82%", "2010-03-31": "1.41%", "2009-12-31": "-2.01%", "2009-09-30": "-8.48%", "2009-06-30": "-9.82%", "2009-03-31": "-18.35%", "2008-12-31": "-63.53%", "2008-09-30": "-53.32%", "2008-06-30": "-46.23%", "2008-03-31": "-32.92%", "2007-12-31": "10.10%", "2007-09-30": "24.50%", "2007-06-30": "-52.07%", "2007-03-31": "-9.24%", "2006-12-31": "-1.06%", "2006-09-30": "10.88%", "2006-06-30": "24.24%", "2006-03-31": "179.46%", "2005-12-31": "-87.99%"}, "return on tangible equity": {"2020-09-30": "205.09%", "2020-06-30": "190.89%", "2020-03-31": "-1139.19%", "2019-12-31": "-1302.46%", "2019-09-30": "-669.24%", "2019-06-30": "-430.72%", "2019-03-31": "-308.70%", "2018-12-31": "-275.85%", "2018-09-30": "-186.51%", "2018-06-30": "-184.57%", "2018-03-31": "-213.22%", "2017-12-31": "-227.75%", "2017-09-30": "-228.32%", "2017-06-30": "-187.58%", "2017-03-31": "-168.90%", "2016-12-31": "-156.57%", "2016-09-30": "-155.48%", "2016-06-30": "-136.02%", "2016-03-31": "-117.66%", "2015-12-31": "-100.49%", "2015-09-30": "-57.27%", "2015-06-30": "-42.00%", "2015-03-31": "-31.25%", "2014-12-31": "-20.74%", "2014-09-30": "-396.70%", "2014-06-30": "-196.14%", "2014-03-31": "-120.72%", "2013-12-31": "-85.59%", "2013-09-30": "-13.11%", "2013-06-30": "-11.03%", "2013-03-31": "-5.64%", "2012-12-31": "-6.48%", "2012-09-30": "-9.26%", "2012-06-30": "-6.16%", "2012-03-31": "-8.87%", "2011-12-31": "-6.02%", "2011-09-30": "-3.29%", "2011-06-30": "-1.91%", "2011-03-31": "-3.82%", "2010-12-31": "-4.21%", "2010-09-30": "-3.84%", "2010-06-30": "-0.18%", "2010-03-31": "4.97%", "2009-12-31": "8.85%", "2009-09-30": "19.16%", "2009-06-30": "22.90%", "2009-03-31": "41.38%", "2008-12-31": "177.68%", "2008-09-30": "272.68%", "2008-06-30": "271.66%", "2008-03-31": "152.67%", "2007-12-31": "-26.84%", "2007-09-30": "3.61%", "2007-06-30": "4.17%", "2007-03-31": "30.46%", "2006-12-31": "45.97%", "2006-09-30": "43.73%", "2006-06-30": "59.96%", "2006-03-31": "51.85%", "2005-12-31": "47.88%"}, "dividend yield history": {"last payout": "$0.00", "last yield": "0.00%"}}