{"ticker": "DRI", "price": {"title": "Darden Restaurants Historical Annual Stock Price Data", "value": 131.98, "historical": {"2021": {"Average Stock Price": "122.3138", "Year Open": "116.2400", "Year High": "131.9800", "Year Low": "112.1000", "Year Close": "131.9800", "Annual % Change": "10.80%"}, "2020": {"Average Stock Price": "89.6129", "Year Open": "112.2600", "Year High": "122.4500", "Year Low": "34.1600", "Year Close": "119.1200", "Annual % Change": "9.27%"}, "2019": {"Average Stock Price": "116.0956", "Year Open": "99.9300", "Year High": "127.5700", "Year Low": "98.3200", "Year Close": "109.0100", "Annual % Change": "9.16%"}, "2018": {"Average Stock Price": "101.4791", "Year Open": "96.3200", "Year High": "119.3800", "Year Low": "84.0700", "Year Close": "99.8600", "Annual % Change": "4.00%"}, "2017": {"Average Stock Price": "82.7778", "Year Open": "72.0600", "Year High": "97.5000", "Year Low": "71.5500", "Year Close": "96.0200", "Annual % Change": "32.04%"}, "2016": {"Average Stock Price": "65.0537", "Year Open": "62.7500", "Year High": "78.9400", "Year Low": "57.1400", "Year Close": "72.7200", "Annual % Change": "14.27%"}, "2015": {"Average Stock Price": "65.2429", "Year Open": "58.4200", "Year High": "74.9100", "Year Low": "53.9300", "Year Close": "63.6400", "Annual % Change": "8.55%"}, "2014": {"Average Stock Price": "50.2624", "Year Open": "53.3200", "Year High": "58.8500", "Year Low": "43.7600", "Year Close": "58.6300", "Annual % Change": "7.84%"}, "2013": {"Average Stock Price": "49.7630", "Year Open": "45.4000", "Year High": "54.6600", "Year Low": "44.6400", "Year Close": "54.3700", "Annual % Change": "20.63%"}, "2012": {"Average Stock Price": "50.8163", "Year Open": "44.6500", "Year High": "57.2100", "Year Low": "44.0200", "Year Close": "45.0700", "Annual % Change": "-1.12%"}, "2011": {"Average Stock Price": "47.4302", "Year Open": "46.6900", "Year High": "53.6300", "Year Low": "41.5300", "Year Close": "45.5800", "Annual % Change": "-1.85%"}, "2010": {"Average Stock Price": "43.2485", "Year Open": "35.0000", "Year High": "50.4300", "Year Low": "33.8800", "Year Close": "46.4400", "Annual % Change": "32.42%"}, "2009": {"Average Stock Price": "32.6629", "Year Open": "29.5400", "Year High": "40.2600", "Year Low": "23.5500", "Year Close": "35.0700", "Annual % Change": "24.45%"}, "2008": {"Average Stock Price": "28.8260", "Year Open": "26.6500", "Year High": "37.4500", "Year Low": "13.5400", "Year Close": "28.1800", "Annual % Change": "1.70%"}, "2007": {"Average Stock Price": "41.5468", "Year Open": "40.3200", "Year High": "47.0800", "Year Low": "27.3100", "Year Close": "27.7100", "Annual % Change": "-31.02%"}, "2006": {"Average Stock Price": "39.1702", "Year Open": "38.4900", "Year High": "44.0900", "Year Low": "33.2900", "Year Close": "40.1700", "Annual % Change": "3.32%"}, "2005": {"Average Stock Price": "31.5750", "Year Open": "27.2200", "Year High": "39.1400", "Year Low": "26.2500", "Year Close": "38.8800", "Annual % Change": "40.16%"}, "2004": {"Average Stock Price": "22.9882", "Year Open": "20.9000", "Year High": "28.1100", "Year Low": "19.0000", "Year Close": "27.7400", "Annual % Change": "31.84%"}, "2003": {"Average Stock Price": "19.8333", "Year Open": "21.3900", "Year High": "22.9000", "Year Low": "16.8000", "Year Close": "21.0400", "Annual % Change": "2.89%"}, "2002": {"Average Stock Price": "24.0356", "Year Open": "23.3133", "Year High": "29.3333", "Year Low": "18.5000", "Year Close": "20.4500", "Annual % Change": "-13.35%"}, "2001": {"Average Stock Price": "18.1363", "Year Open": "15.0867", "Year High": "24.2400", "Year Low": "13.1333", "Year Close": "23.6000", "Annual % Change": "54.72%"}, "2000": {"Average Stock Price": "12.3733", "Year Open": "11.5400", "Year High": "17.7533", "Year Low": "8.3733", "Year Close": "15.2533", "Annual % Change": "26.20%"}, "1999": {"Average Stock Price": "13.3064", "Year Open": "11.9200", "Year High": "15.5000", "Year Low": "10.4200", "Year Close": "12.0867", "Annual % Change": "0.72%"}, "1998": {"Average Stock Price": "10.4224", "Year Open": "7.8733", "Year High": "12.4200", "Year Low": "7.8733", "Year Close": "12.0000", "Annual % Change": "44.00%"}, "1997": {"Average Stock Price": "6.2057", "Year Open": "5.6667", "Year High": "8.3333", "Year Low": "4.5833", "Year Close": "8.3333", "Annual % Change": "42.86%"}, "1996": {"Average Stock Price": "6.9949", "Year Open": "7.8333", "Year High": "9.1667", "Year Low": "5.2500", "Year Close": "5.8333", "Annual % Change": "-26.35%"}}}, "market cap": {"value": "$17.2B"}, "income statement": {"Revenue": {"2020-05-31": "7806.90000", "2019-05-31": "8510.40000", "2018-05-31": "8080.10000", "2017-05-31": "7170.20000", "2016-05-31": "6933.50000", "2015-05-31": "6764.00000", "2014-05-31": "6285.60000", "2013-05-31": "5921.00000", "2012-05-31": "5327.10000", "2011-05-31": "7500.20000", "2010-05-31": "7113.10000", "2009-05-31": "7217.50000", "2008-05-31": "6626.50000", "2007-05-31": "5567.10000", "2006-05-31": "5353.60000", "2005-05-31": "4977.60000"}, "Cost Of Goods Sold": {"2020-05-31": "6398.50000", "2019-05-31": "6661.40000", "2018-05-31": "6334.70000", "2017-05-31": "5600.80000", "2016-05-31": "5392.40000", "2015-05-31": "5341.50000", "2014-05-31": "4990.50000", "2013-05-31": "4616.60000", "2012-05-31": "4088.30000", "2011-05-31": "5699.50000", "2010-05-31": "5484.00000", "2009-05-31": "5636.90000", "2008-05-31": "5138.70000", "2007-05-31": "4258.80000", "2006-05-31": "4098.50000", "2005-05-31": "3827.30000"}, "Gross Profit": {"2020-05-31": "1408.40000", "2019-05-31": "1849.00000", "2018-05-31": "1745.40000", "2017-05-31": "1569.40000", "2016-05-31": "1541.10000", "2015-05-31": "1422.50000", "2014-05-31": "1295.10000", "2013-05-31": "1304.40000", "2012-05-31": "1238.80000", "2011-05-31": "1800.70000", "2010-05-31": "1629.10000", "2009-05-31": "1580.60000", "2008-05-31": "1487.80000", "2007-05-31": "1308.30000", "2006-05-31": "1255.10000", "2005-05-31": "1150.30000"}, "Research And Development Expenses": {"2020-05-31": "", "2019-05-31": "", "2018-05-31": "", "2017-05-31": "", "2016-05-31": "", "2015-05-31": "", "2014-05-31": "", "2013-05-31": "", "2012-05-31": "", "2011-05-31": "", "2010-05-31": "", "2009-05-31": "", "2008-05-31": "", "2007-05-31": "", "2006-05-31": "", "2005-05-31": ""}, "SG&A Expenses": {"2020-05-31": "614.40000", "2019-05-31": "660.80000", "2018-05-31": "662.10000", "2017-05-31": "627.40000", "2016-05-31": "622.90000", "2015-05-31": "673.50000", "2014-05-31": "665.40000", "2013-05-31": "625.20000", "2012-05-31": "540.10000", "2011-05-31": "742.70000", "2010-05-31": "690.70000", "2009-05-31": "665.60000", "2008-05-31": "641.70000", "2007-05-31": "534.60000", "2006-05-31": "506.10000", "2005-05-31": "467.30000"}, "Other Operating Income Or Expenses": {"2020-05-31": "-221.00000", "2019-05-31": "-19.00000", "2018-05-31": "-3.40000", "2017-05-31": "8.40000", "2016-05-31": "-5.80000", "2015-05-31": "-62.10000", "2014-05-31": "-16.40000", "2013-05-31": "-0.90000", "2012-05-31": "", "2011-05-31": "", "2010-05-31": "", "2009-05-31": "", "2008-05-31": "", "2007-05-31": "", "2006-05-31": "", "2005-05-31": ""}, "Operating Expenses": {"2020-05-31": "7759.00000", "2019-05-31": "7677.90000", "2018-05-31": "7313.30000", "2017-05-31": "6492.70000", "2016-05-31": "6311.30000", "2015-05-31": "6396.40000", "2014-05-31": "5976.70000", "2013-05-31": "5521.00000", "2012-05-31": "4869.70000", "2011-05-31": "6759.00000", "2010-05-31": "6475.60000", "2009-05-31": "6585.60000", "2008-05-31": "6026.10000", "2007-05-31": "4993.80000", "2006-05-31": "4801.60000", "2005-05-31": "4489.30000"}, "Operating Income": {"2020-05-31": "47.89990", "2019-05-31": "832.50050", "2018-05-31": "766.79980", "2017-05-31": "677.50000", "2016-05-31": "622.20020", "2015-05-31": "367.60010", "2014-05-31": "308.90040", "2013-05-31": "400.00000", "2012-05-31": "457.39990", "2011-05-31": "741.20020", "2010-05-31": "637.50000", "2009-05-31": "631.89990", "2008-05-31": "600.39990", "2007-05-31": "573.30030", "2006-05-31": "552.00000", "2005-05-31": "488.30030"}, "Total Non-Operating Income/Expense": {"2020-05-31": "-208.90000", "2019-05-31": "-50.20000", "2018-05-31": "-161.10000", "2017-05-31": "-40.20000", "2016-05-31": "-172.50000", "2015-05-31": "-192.30000", "2014-05-31": "-134.30000", "2013-05-31": "-126.00000", "2012-05-31": "-102.30000", "2011-05-31": "-93.60000", "2010-05-31": "-93.90000", "2009-05-31": "-119.40000", "2008-05-31": "-85.70000", "2007-05-31": "-42.50000", "2006-05-31": "-43.90000", "2005-05-31": "-46.70000"}, "Pre-Tax Income": {"2020-05-31": "-161.00000", "2019-05-31": "782.30000", "2018-05-31": "605.70000", "2017-05-31": "637.30000", "2016-05-31": "449.70000", "2015-05-31": "175.30000", "2014-05-31": "174.60000", "2013-05-31": "274.00000", "2012-05-31": "355.10000", "2011-05-31": "647.60000", "2010-05-31": "543.60000", "2009-05-31": "512.50000", "2008-05-31": "514.70000", "2007-05-31": "530.80000", "2006-05-31": "508.10000", "2005-05-31": "441.60000"}, "Income Taxes": {"2020-05-31": "-111.80000", "2019-05-31": "63.70000", "2018-05-31": "1.90000", "2017-05-31": "154.80000", "2016-05-31": "90.00000", "2015-05-31": "-21.10000", "2014-05-31": "-8.60000", "2013-05-31": "36.70000", "2012-05-31": "75.90000", "2011-05-31": "168.90000", "2010-05-31": "136.60000", "2009-05-31": "140.70000", "2008-05-31": "145.20000", "2007-05-31": "153.70000", "2006-05-31": "156.30000", "2005-05-31": "141.70000"}, "Income After Taxes": {"2020-05-31": "-49.20000", "2019-05-31": "718.60000", "2018-05-31": "603.80000", "2017-05-31": "482.50000", "2016-05-31": "359.70000", "2015-05-31": "196.40000", "2014-05-31": "183.20000", "2013-05-31": "237.30000", "2012-05-31": "279.20000", "2011-05-31": "478.70000", "2010-05-31": "407.00000", "2009-05-31": "371.80000", "2008-05-31": "369.50000", "2007-05-31": "377.10000", "2006-05-31": "351.80000", "2005-05-31": "299.90000"}, "Other Income": {"2020-05-31": "", "2019-05-31": "", "2018-05-31": "", "2017-05-31": "", "2016-05-31": "", "2015-05-31": "", "2014-05-31": "", "2013-05-31": "", "2012-05-31": "", "2011-05-31": "", "2010-05-31": "", "2009-05-31": "", "2008-05-31": "", "2007-05-31": "", "2006-05-31": "", "2005-05-31": ""}, "Income From Continuous Operations": {"2020-05-31": "-49.20000", "2019-05-31": "718.60000", "2018-05-31": "603.80000", "2017-05-31": "482.50000", "2016-05-31": "359.70000", "2015-05-31": "196.40000", "2014-05-31": "183.20000", "2013-05-31": "237.30000", "2012-05-31": "279.20000", "2011-05-31": "478.70000", "2010-05-31": "407.00000", "2009-05-31": "371.80000", "2008-05-31": "369.50000", "2007-05-31": "377.10000", "2006-05-31": "351.80000", "2005-05-31": "299.90000"}, "Income From Discontinued Operations": {"2020-05-31": "-3.20000", "2019-05-31": "-5.20000", "2018-05-31": "-7.80000", "2017-05-31": "-3.40000", "2016-05-31": "15.30000", "2015-05-31": "513.10000", "2014-05-31": "103.00000", "2013-05-31": "174.60000", "2012-05-31": "196.30000", "2011-05-31": "-2.40000", "2010-05-31": "-2.50000", "2009-05-31": "0.40000", "2008-05-31": "7.70000", "2007-05-31": "-175.70000", "2006-05-31": "-13.60000", "2005-05-31": "-9.30000"}, "Net Income": {"2020-05-31": "-52.40000", "2019-05-31": "713.40000", "2018-05-31": "596.00000", "2017-05-31": "479.10000", "2016-05-31": "375.00000", "2015-05-31": "709.50000", "2014-05-31": "286.20000", "2013-05-31": "411.90000", "2012-05-31": "475.50000", "2011-05-31": "476.30000", "2010-05-31": "404.50000", "2009-05-31": "372.20000", "2008-05-31": "377.20000", "2007-05-31": "201.40000", "2006-05-31": "338.20000", "2005-05-31": "290.60000"}, "EBITDA": {"2020-05-31": "403.79990", "2019-05-31": "1169.20000", "2018-05-31": "1079.90000", "2017-05-31": "950.40000", "2016-05-31": "916.00020", "2015-05-31": "695.50010", "2014-05-31": "627.10030", "2013-05-31": "691.30000", "2012-05-31": "705.39990", "2011-05-31": "1060.80000", "2010-05-31": "941.70000", "2009-05-31": "918.29990", "2008-05-31": "848.39990", "2007-05-31": "775.40030", "2006-05-31": "752.00000", "2005-05-31": "686.60030"}, "EBIT": {"2020-05-31": "47.89990", "2019-05-31": "832.50050", "2018-05-31": "766.79980", "2017-05-31": "677.50000", "2016-05-31": "622.20020", "2015-05-31": "367.60010", "2014-05-31": "308.90040", "2013-05-31": "400.00000", "2012-05-31": "457.39990", "2011-05-31": "741.20020", "2010-05-31": "637.50000", "2009-05-31": "631.89990", "2008-05-31": "600.39990", "2007-05-31": "573.30030", "2006-05-31": "552.00000", "2005-05-31": "488.30030"}, "Basic Shares Outstanding": {"2020-05-31": "122.70000", "2019-05-31": "123.50000", "2018-05-31": "124.00000", "2017-05-31": "124.30000", "2016-05-31": "127.40000", "2015-05-31": "127.70000", "2014-05-31": "131.00000", "2013-05-31": "129.00000", "2012-05-31": "130.10000", "2011-05-31": "136.80000", "2010-05-31": "139.30000", "2009-05-31": "137.40000", "2008-05-31": "140.40000", "2007-05-31": "143.40000", "2006-05-31": "149.70000", "2005-05-31": "156.70000"}, "Shares Outstanding": {"2020-05-31": "122.70000", "2019-05-31": "125.40000", "2018-05-31": "126.00000", "2017-05-31": "126.00000", "2016-05-31": "129.30000", "2015-05-31": "129.70000", "2014-05-31": "133.20000", "2013-05-31": "131.60000", "2012-05-31": "133.20000", "2011-05-31": "140.30000", "2010-05-31": "142.40000", "2009-05-31": "140.40000", "2008-05-31": "145.10000", "2007-05-31": "148.80000", "2006-05-31": "156.90000", "2005-05-31": "163.40000"}, "Basic EPS": {"2020-05-31": "-0.43000", "2019-05-31": "5.78000", "2018-05-31": "4.81000", "2017-05-31": "3.85000", "2016-05-31": "2.94000", "2015-05-31": "5.56000", "2014-05-31": "2.18000", "2013-05-31": "3.19000", "2012-05-31": "3.65000", "2011-05-31": "3.48000", "2010-05-31": "2.90000", "2009-05-31": "2.71000", "2008-05-31": "2.69000", "2007-05-31": "1.40000", "2006-05-31": "2.26000", "2005-05-31": "1.85000"}, "EPS - Earnings Per Share": {"2020-05-31": "-0.43000", "2019-05-31": "5.69000", "2018-05-31": "4.73000", "2017-05-31": "3.80000", "2016-05-31": "2.90000", "2015-05-31": "5.47000", "2014-05-31": "2.15000", "2013-05-31": "3.13000", "2012-05-31": "3.57000", "2011-05-31": "3.39000", "2010-05-31": "2.84000", "2009-05-31": "2.65000", "2008-05-31": "2.60000", "2007-05-31": "1.35000", "2006-05-31": "2.16000", "2005-05-31": "1.78000"}}, "income statement, quarterly": {"Revenue": {"2020-11-30": "1656.50000", "2020-08-31": "1527.40000", "2020-05-31": "1270.10000", "2020-02-29": "2346.50000", "2019-11-30": "2056.40000", "2019-08-31": "2133.90000", "2019-05-31": "2229.10100", "2019-02-28": "2246.50000", "2018-11-30": "1973.40000", "2018-08-31": "2061.40000", "2018-05-31": "2134.10000", "2018-02-28": "2128.40000", "2017-11-30": "1881.50000", "2017-08-31": "1936.10000", "2017-05-31": "1934.60000", "2017-02-28": "1878.70000", "2016-11-30": "1642.50000", "2016-08-31": "1714.40000", "2016-05-31": "1790.20000", "2016-02-29": "1847.50000", "2015-11-30": "1608.80000", "2015-08-31": "1687.00000", "2015-05-31": "1878.30000", "2015-02-28": "1730.90000", "2014-11-30": "1559.00000", "2014-08-31": "1595.80000", "2014-05-31": "1650.00000", "2014-02-28": "1618.50000", "2013-11-30": "1485.60000", "2013-08-31": "1531.50000", "2013-05-31": "1592.40000", "2013-02-28": "2258.20000", "2012-11-30": "1960.00000", "2012-08-31": "2034.80000", "2012-05-31": "2065.60000", "2012-02-29": "2159.70000", "2011-11-30": "1831.50000", "2011-08-31": "1942.00000", "2011-05-31": "1990.50000", "2011-02-28": "1976.80000", "2010-11-30": "1726.20000", "2010-08-31": "1806.70000", "2010-05-31": "1863.80000", "2010-02-28": "1874.00000", "2009-11-30": "1641.30000", "2009-08-31": "1734.00000", "2009-05-31": "1975.50000", "2009-02-28": "1798.90000", "2008-11-30": "1668.90000", "2008-08-31": "1774.20000", "2008-05-31": "1825.60000", "2008-02-29": "1811.40000", "2007-11-30": "1522.00000", "2007-08-31": "1467.50000", "2007-05-31": "1459.90000", "2007-02-28": "1449.50000", "2006-11-30": "1298.10000", "2006-08-31": "1359.60000", "2006-05-31": "1145.14000", "2006-02-28": "1474.20000", "2005-11-30": "1325.09300", "2005-08-31": "1409.16700", "2005-05-31": "1093.70400", "2005-02-28": "1375.87900"}, "Cost Of Goods Sold": {"2020-11-30": "1341.10000", "2020-08-31": "1226.10000", "2020-05-31": "1259.60000", "2020-02-29": "1808.50000", "2019-11-30": "1650.90000", "2019-08-31": "1679.50000", "2019-05-31": "1725.30000", "2019-02-28": "1728.90000", "2018-11-30": "1586.70000", "2018-08-31": "1620.50000", "2018-05-31": "1648.50000", "2018-02-28": "1647.10000", "2017-11-30": "1516.80000", "2017-08-31": "1522.30000", "2017-05-31": "1496.40000", "2017-02-28": "1440.20000", "2016-11-30": "1321.50000", "2016-08-31": "1342.70000", "2016-05-31": "1382.30000", "2016-02-29": "1415.50000", "2015-11-30": "1283.90000", "2015-08-31": "1310.70000", "2015-05-31": "1446.90000", "2015-02-28": "1342.30000", "2014-11-30": "1269.70000", "2014-08-31": "1282.60000", "2014-05-31": "1316.10000", "2014-02-28": "1265.80000", "2013-11-30": "1200.50000", "2013-08-31": "1208.10000", "2013-05-31": "1243.40000", "2013-02-28": "1752.30000", "2012-11-30": "1568.70000", "2012-08-31": "1549.80000", "2012-05-31": "1568.80000", "2012-02-29": "1627.30000", "2011-11-30": "1460.60000", "2011-08-31": "1506.40000", "2011-05-31": "1514.20000", "2011-02-28": "1478.40000", "2010-11-30": "1341.50000", "2010-08-31": "1365.40000", "2010-05-31": "1425.70000", "2010-02-28": "1430.20000", "2009-11-30": "1292.40000", "2009-08-31": "1335.70000", "2009-05-31": "1508.50000", "2009-02-28": "1394.00000", "2008-11-30": "1341.30000", "2008-08-31": "1393.10000", "2008-05-31": "1418.70000", "2008-02-29": "1398.20000", "2007-11-30": "1209.50000", "2007-08-31": "1112.30000", "2007-05-31": "1126.80000", "2007-02-28": "1097.70000", "2006-11-30": "1008.00000", "2006-08-31": "1026.30000", "2006-05-31": "840.14000", "2006-02-28": "1129.70000", "2005-11-30": "1045.61200", "2005-08-31": "1083.04800", "2005-05-31": "808.56790", "2005-02-28": "1055.44100"}, "Gross Profit": {"2020-11-30": "315.40000", "2020-08-31": "301.30000", "2020-05-31": "10.50000", "2020-02-29": "538.00000", "2019-11-30": "405.49990", "2019-08-31": "454.39990", "2019-05-31": "503.80050", "2019-02-28": "517.60000", "2018-11-30": "386.70010", "2018-08-31": "440.89990", "2018-05-31": "485.60010", "2018-02-28": "481.29980", "2017-11-30": "364.70000", "2017-08-31": "413.79990", "2017-05-31": "438.19980", "2017-02-28": "438.49990", "2016-11-30": "321.00000", "2016-08-31": "371.70010", "2016-05-31": "407.90000", "2016-02-29": "432.00000", "2015-11-30": "324.90000", "2015-08-31": "376.29990", "2015-05-31": "431.40000", "2015-02-28": "388.60000", "2014-11-30": "289.30000", "2014-08-31": "313.20010", "2014-05-31": "333.90000", "2014-02-28": "352.70000", "2013-11-30": "285.10000", "2013-08-31": "323.40000", "2013-05-31": "349.00000", "2013-02-28": "505.90000", "2012-11-30": "391.30000", "2012-08-31": "485.00000", "2012-05-31": "496.80000", "2012-02-29": "532.39990", "2011-11-30": "370.90000", "2011-08-31": "435.60000", "2011-05-31": "476.30040", "2011-02-28": "498.40000", "2010-11-30": "384.70000", "2010-08-31": "441.29990", "2010-05-31": "438.10020", "2010-02-28": "443.79990", "2009-11-30": "348.90000", "2009-08-31": "398.29990", "2009-05-31": "467.00040", "2009-02-28": "404.90000", "2008-11-30": "327.60000", "2008-08-31": "381.10000", "2008-05-31": "406.90030", "2008-02-29": "413.20010", "2007-11-30": "312.50000", "2007-08-31": "355.20010", "2007-05-31": "333.10010", "2007-02-28": "351.80000", "2006-11-30": "290.10000", "2006-08-31": "333.30000", "2006-05-31": "305.00010", "2006-02-28": "344.50000", "2005-11-30": "279.48100", "2005-08-31": "326.11900", "2005-05-31": "285.13620", "2005-02-28": "320.43800"}, "Research And Development Expenses": {"2020-11-30": "", "2020-08-31": "", "2020-05-31": "", "2020-02-29": "", "2019-11-30": "", "2019-08-31": "", "2019-05-31": "", "2019-02-28": "", "2018-11-30": "", "2018-08-31": "", "2018-05-31": "", "2018-02-28": "", "2017-11-30": "", "2017-08-31": "", "2017-05-31": "", "2017-02-28": "", "2016-11-30": "", "2016-08-31": "", "2016-05-31": "", "2016-02-29": "", "2015-11-30": "", "2015-08-31": "", "2015-05-31": "", "2015-02-28": "", "2014-11-30": "", "2014-08-31": "", "2014-05-31": "", "2014-02-28": "", "2013-11-30": "", "2013-08-31": "", "2013-05-31": "", "2013-02-28": "", "2012-11-30": "", "2012-08-31": "", "2012-05-31": "", "2012-02-29": "", "2011-11-30": "", "2011-08-31": "", "2011-05-31": "", "2011-02-28": "", "2010-11-30": "", "2010-08-31": "", "2010-05-31": "", "2010-02-28": "", "2009-11-30": "", "2009-08-31": "", "2009-05-31": "", "2009-02-28": "", "2008-11-30": "", "2008-08-31": "", "2008-05-31": "", "2008-02-29": "", "2007-11-30": "", "2007-08-31": "", "2007-05-31": "", "2007-02-28": "", "2006-11-30": "", "2006-08-31": "", "2006-05-31": "", "2006-02-28": "", "2005-11-30": "", "2005-08-31": "", "2005-05-31": "", "2005-02-28": ""}, "SG&A Expenses": {"2020-11-30": "108.70000", "2020-08-31": "157.10000", "2020-05-31": "118.10000", "2020-02-29": "171.90000", "2019-11-30": "157.70000", "2019-08-31": "166.70000", "2019-05-31": "171.50000", "2019-02-28": "165.20000", "2018-11-30": "153.10000", "2018-08-31": "171.00000", "2018-05-31": "172.10000", "2018-02-28": "169.00000", "2017-11-30": "157.00000", "2017-08-31": "164.00000", "2017-05-31": "197.60000", "2017-02-28": "141.80000", "2016-11-30": "136.60000", "2016-08-31": "151.40000", "2016-05-31": "154.10010", "2016-02-29": "145.90000", "2015-11-30": "160.20000", "2015-08-31": "162.70000", "2015-05-31": "185.00000", "2015-02-28": "137.80000", "2014-11-30": "190.80000", "2014-08-31": "159.90000", "2014-05-31": "170.90000", "2014-02-28": "154.20000", "2013-11-30": "174.70000", "2013-08-31": "165.60000", "2013-05-31": "160.20000", "2013-02-28": "199.80000", "2012-11-30": "216.10000", "2012-08-31": "218.20000", "2012-05-31": "178.70000", "2012-02-29": "198.00000", "2011-11-30": "187.40000", "2011-08-31": "182.80000", "2011-05-31": "187.00000", "2011-02-28": "194.80000", "2010-11-30": "180.00000", "2010-08-31": "180.90000", "2010-05-31": "179.90000", "2010-02-28": "169.50000", "2009-11-30": "169.90000", "2009-08-31": "171.40000", "2009-05-31": "188.70000", "2009-02-28": "159.70000", "2008-11-30": "146.70000", "2008-08-31": "170.50000", "2008-05-31": "165.50000", "2008-02-29": "162.80000", "2007-11-30": "170.40000", "2007-08-31": "143.00000", "2007-05-31": "133.10000", "2007-02-28": "134.40000", "2006-11-30": "133.40000", "2006-08-31": "133.70000", "2006-05-31": "111.64100", "2006-02-28": "130.60000", "2005-11-30": "130.88700", "2005-08-31": "132.97200", "2005-05-31": "95.44700", "2005-02-28": "126.48800"}, "Other Operating Income Or Expenses": {"2020-11-30": "", "2020-08-31": "", "2020-05-31": "-220.90000", "2020-02-29": "-0.10000", "2019-11-30": "", "2019-08-31": "", "2019-05-31": "-14.60000", "2019-02-28": "-1.60000", "2018-11-30": "-2.70000", "2018-08-31": "-0.10000", "2018-05-31": "-4.50000", "2018-02-28": "0.30000", "2017-11-30": "", "2017-08-31": "0.80000", "2017-05-31": "0.00000", "2017-02-28": "0.70000", "2016-11-30": "-0.10000", "2016-08-31": "7.80000", "2016-05-31": "-1.90000", "2016-02-29": "2.10000", "2015-11-30": "-7.70000", "2015-08-31": "1.70000", "2015-05-31": "-15.00000", "2015-02-28": "-0.80000", "2014-11-30": "-39.30000", "2014-08-31": "-7.00000", "2014-05-31": "", "2014-02-28": "", "2013-11-30": "", "2013-08-31": "", "2013-05-31": "", "2013-02-28": "", "2012-11-30": "", "2012-08-31": "", "2012-05-31": "", "2012-02-29": "", "2011-11-30": "", "2011-08-31": "", "2011-05-31": "", "2011-02-28": "", "2010-11-30": "", "2010-08-31": "", "2010-05-31": "", "2010-02-28": "", "2009-11-30": "", "2009-08-31": "", "2009-05-31": "", "2009-02-28": "", "2008-11-30": "", "2008-08-31": "", "2008-05-31": "", "2008-02-29": "", "2007-11-30": "", "2007-08-31": "", "2007-05-31": "", "2007-02-28": "", "2006-11-30": "", "2006-08-31": "", "2006-05-31": "", "2006-02-28": "", "2005-11-30": "", "2005-08-31": "", "2005-05-31": "", "2005-02-28": ""}, "Operating Expenses": {"2020-11-30": "1535.80000", "2020-08-31": "1470.80000", "2020-05-31": "1862.20000", "2020-02-29": "2068.20000", "2019-11-30": "1896.20000", "2019-08-31": "1932.40000", "2019-05-31": "1999.30000", "2019-02-28": "1981.00000", "2018-11-30": "1825.30000", "2018-08-31": "1872.30000", "2018-05-31": "1904.10000", "2018-02-28": "1895.00000", "2017-11-30": "1752.60000", "2017-08-31": "1761.60000", "2017-05-31": "1764.40000", "2017-02-28": "1649.20000", "2016-11-30": "1526.00000", "2016-08-31": "1553.10000", "2016-05-31": "1605.10000", "2016-02-29": "1626.30000", "2015-11-30": "1527.10000", "2015-08-31": "1552.80000", "2015-05-31": "1727.80000", "2015-02-28": "1560.50000", "2014-11-30": "1579.90000", "2014-08-31": "1528.20000", "2014-05-31": "1581.80000", "2014-02-28": "1496.30000", "2013-11-30": "1450.70000", "2013-08-31": "1447.90000", "2013-05-31": "1476.10000", "2013-02-28": "2053.10000", "2012-11-30": "1884.00000", "2012-08-31": "1860.60000", "2012-05-31": "1837.80000", "2012-02-29": "1914.20000", "2011-11-30": "1733.80000", "2011-08-31": "1773.30000", "2011-05-31": "1782.80000", "2011-02-28": "1753.70000", "2010-11-30": "1599.50000", "2010-08-31": "1623.00000", "2010-05-31": "1681.70000", "2010-02-28": "1677.80000", "2009-11-30": "1536.10000", "2009-08-31": "1580.00000", "2009-05-31": "1769.70000", "2009-02-28": "1624.90000", "2008-11-30": "1558.60000", "2008-08-31": "1632.40000", "2008-05-31": "1652.30000", "2008-02-29": "1627.70000", "2007-11-30": "1440.20000", "2007-08-31": "1305.90000", "2007-05-31": "1310.80000", "2007-02-28": "1281.90000", "2006-11-30": "1191.20000", "2006-08-31": "1209.90000", "2006-05-31": "983.78210", "2006-02-28": "1316.40000", "2005-11-30": "1231.26000", "2005-08-31": "1270.15800", "2005-05-31": "940.05790", "2005-02-28": "1234.65000"}, "Operating Income": {"2020-11-30": "120.70010", "2020-08-31": "56.60010", "2020-05-31": "-592.09990", "2020-02-29": "278.30000", "2019-11-30": "160.20000", "2019-08-31": "201.50000", "2019-05-31": "229.80040", "2019-02-28": "265.50000", "2018-11-30": "148.10010", "2018-08-31": "189.10000", "2018-05-31": "229.99990", "2018-02-28": "233.39990", "2017-11-30": "128.89990", "2017-08-31": "174.50000", "2017-05-31": "170.20000", "2017-02-28": "229.49980", "2016-11-30": "116.50000", "2016-08-31": "161.30000", "2016-05-31": "185.10010", "2016-02-29": "221.20000", "2015-11-30": "81.70010", "2015-08-31": "134.20000", "2015-05-31": "150.50000", "2015-02-28": "170.39990", "2014-11-30": "-20.89990", "2014-08-31": "67.60010", "2014-05-31": "68.20040", "2014-02-28": "122.20000", "2013-11-30": "34.90000", "2013-08-31": "83.60010", "2013-05-31": "116.30000", "2013-02-28": "205.10010", "2012-11-30": "76.00010", "2012-08-31": "174.20010", "2012-05-31": "227.80000", "2012-02-29": "245.49990", "2011-11-30": "97.70000", "2011-08-31": "168.70000", "2011-05-31": "207.70070", "2011-02-28": "223.10000", "2010-11-30": "126.70000", "2010-08-31": "183.70000", "2010-05-31": "182.10050", "2010-02-28": "196.20000", "2009-11-30": "105.20000", "2009-08-31": "153.99990", "2009-05-31": "205.80020", "2009-02-28": "174.00010", "2008-11-30": "110.30000", "2008-08-31": "141.79990", "2008-05-31": "173.29980", "2008-02-29": "183.70010", "2007-11-30": "81.79990", "2007-08-31": "161.60010", "2007-05-31": "149.10020", "2007-02-28": "167.60000", "2006-11-30": "106.89990", "2006-08-31": "149.70010", "2006-05-31": "161.35800", "2006-02-28": "157.80000", "2005-11-30": "93.83300", "2005-08-31": "139.00890", "2005-05-31": "153.64620", "2005-02-28": "141.22900"}, "Total Non-Operating Income/Expense": {"2020-11-30": "-15.00000", "2020-08-31": "-24.10000", "2020-05-31": "-18.20000", "2020-02-29": "-13.20000", "2019-11-30": "-166.40000", "2019-08-31": "-11.10000", "2019-05-31": "-11.90000", "2019-02-28": "-12.40000", "2018-11-30": "-12.80000", "2018-08-31": "-13.10000", "2018-05-31": "-13.20000", "2018-02-28": "-117.40000", "2017-11-30": "-15.50000", "2017-08-31": "-15.00000", "2017-05-31": "-11.50000", "2017-02-28": "-9.30000", "2016-11-30": "-9.50000", "2016-08-31": "-9.90000", "2016-05-31": "-9.70000", "2016-02-29": "-83.10000", "2015-11-30": "-57.30000", "2015-08-31": "-22.40000", "2015-05-31": "-24.00000", "2015-02-28": "-23.30000", "2014-11-30": "-33.70000", "2014-08-31": "-111.30000", "2014-05-31": "-34.30000", "2014-02-28": "-33.10000", "2013-11-30": "-33.10000", "2013-08-31": "-33.80000", "2013-05-31": "-33.20000", "2013-02-28": "-31.90000", "2012-11-30": "-32.90000", "2012-08-31": "-27.90000", "2012-05-31": "-27.10000", "2012-02-29": "-27.70000", "2011-11-30": "-25.20000", "2011-08-31": "-21.70000", "2011-05-31": "-21.50000", "2011-02-28": "-24.00000", "2010-11-30": "-23.50000", "2010-08-31": "-24.60000", "2010-05-31": "-24.90000", "2010-02-28": "-20.80000", "2009-11-30": "-24.50000", "2009-08-31": "-23.70000", "2009-05-31": "-38.70000", "2009-02-28": "-25.50000", "2008-11-30": "-27.80000", "2008-08-31": "-27.40000", "2008-05-31": "-26.60000", "2008-02-29": "-26.80000", "2007-11-30": "-22.60000", "2007-08-31": "-9.70000", "2007-05-31": "-11.70000", "2007-02-28": "-10.20000", "2006-11-30": "-10.30000", "2006-08-31": "-10.30000", "2006-05-31": "-1.22500", "2006-02-28": "-18.70000", "2005-11-30": "-12.96400", "2005-08-31": "-11.01100", "2005-05-31": "-14.32400", "2005-02-28": "-10.40500"}, "Pre-Tax Income": {"2020-11-30": "105.70000", "2020-08-31": "32.50000", "2020-05-31": "-610.30000", "2020-02-29": "265.10000", "2019-11-30": "-6.20000", "2019-08-31": "190.40000", "2019-05-31": "217.90000", "2019-02-28": "253.10000", "2018-11-30": "135.30000", "2018-08-31": "176.00000", "2018-05-31": "216.80000", "2018-02-28": "116.00000", "2017-11-30": "113.40000", "2017-08-31": "159.50000", "2017-05-31": "158.70000", "2017-02-28": "220.20000", "2016-11-30": "107.00000", "2016-08-31": "151.40000", "2016-05-31": "175.40000", "2016-02-29": "138.10000", "2015-11-30": "24.40000", "2015-08-31": "111.80000", "2015-05-31": "126.50000", "2015-02-28": "147.10000", "2014-11-30": "-54.60000", "2014-08-31": "-43.70000", "2014-05-31": "33.90000", "2014-02-28": "89.10000", "2013-11-30": "1.80000", "2013-08-31": "49.80000", "2013-05-31": "83.10000", "2013-02-28": "173.20000", "2012-11-30": "43.10000", "2012-08-31": "146.30000", "2012-05-31": "200.70000", "2012-02-29": "217.80000", "2011-11-30": "72.50000", "2011-08-31": "147.00000", "2011-05-31": "186.20000", "2011-02-28": "199.10000", "2010-11-30": "103.20000", "2010-08-31": "159.10000", "2010-05-31": "157.20000", "2010-02-28": "175.40000", "2009-11-30": "80.70000", "2009-08-31": "130.30000", "2009-05-31": "167.10000", "2009-02-28": "148.50000", "2008-11-30": "82.50000", "2008-08-31": "114.40000", "2008-05-31": "146.70000", "2008-02-29": "156.90000", "2007-11-30": "59.20000", "2007-08-31": "151.90000", "2007-05-31": "137.40000", "2007-02-28": "157.40000", "2006-11-30": "96.60000", "2006-08-31": "139.40000", "2006-05-31": "160.13300", "2006-02-28": "139.10000", "2005-11-30": "80.86900", "2005-08-31": "127.99800", "2005-05-31": "139.32200", "2005-02-28": "130.82400"}, "Income Taxes": {"2020-11-30": "8.80000", "2020-08-31": "-4.80000", "2020-05-31": "-130.60000", "2020-02-29": "31.80000", "2019-11-30": "-31.60000", "2019-08-31": "18.60000", "2019-05-31": "9.20000", "2019-02-28": "28.00000", "2018-11-30": "19.40000", "2018-08-31": "7.10000", "2018-05-31": "41.40000", "2018-02-28": "-102.50000", "2017-11-30": "24.80000", "2017-08-31": "38.20000", "2017-05-31": "33.30000", "2017-02-28": "53.90000", "2016-11-30": "27.30000", "2016-08-31": "40.30000", "2016-05-31": "35.00000", "2016-02-29": "29.90000", "2015-11-30": "-5.70000", "2015-08-31": "30.80000", "2015-05-31": "8.40000", "2015-02-28": "18.70000", "2014-11-30": "-23.80000", "2014-08-31": "-24.40000", "2014-05-31": "-14.50000", "2014-02-28": "2.50000", "2013-11-30": "-4.20000", "2013-08-31": "7.60000", "2013-05-31": "4.60000", "2013-02-28": "38.70000", "2012-11-30": "9.40000", "2012-08-31": "35.30000", "2012-05-31": "49.10000", "2012-02-29": "53.70000", "2011-11-30": "18.40000", "2011-08-31": "40.20000", "2011-05-31": "48.30000", "2011-02-28": "47.40000", "2010-11-30": "27.40000", "2010-08-31": "45.80000", "2010-05-31": "41.20000", "2010-02-28": "40.60000", "2009-11-30": "19.50000", "2009-08-31": "35.30000", "2009-05-31": "44.30000", "2009-02-28": "40.40000", "2008-11-30": "24.00000", "2008-08-31": "32.00000", "2008-05-31": "43.50000", "2008-02-29": "41.30000", "2007-11-30": "15.10000", "2007-08-31": "45.30000", "2007-05-31": "38.90000", "2007-02-28": "39.70000", "2006-11-30": "29.00000", "2006-08-31": "46.10000", "2006-05-31": "54.20400", "2006-02-28": "33.80000", "2005-11-30": "25.81200", "2005-08-31": "42.48400", "2005-05-31": "46.03900", "2005-02-28": "38.19400"}, "Income After Taxes": {"2020-11-30": "96.90000", "2020-08-31": "37.30000", "2020-05-31": "-479.70000", "2020-02-29": "233.30000", "2019-11-30": "25.40000", "2019-08-31": "171.80000", "2019-05-31": "208.70000", "2019-02-28": "225.10000", "2018-11-30": "115.90000", "2018-08-31": "168.90000", "2018-05-31": "175.40000", "2018-02-28": "218.50000", "2017-11-30": "88.60000", "2017-08-31": "121.30000", "2017-05-31": "125.40000", "2017-02-28": "166.30000", "2016-11-30": "79.70000", "2016-08-31": "111.10000", "2016-05-31": "140.40000", "2016-02-29": "108.20000", "2015-11-30": "30.10000", "2015-08-31": "81.00000", "2015-05-31": "118.10000", "2015-02-28": "128.40000", "2014-11-30": "-30.80000", "2014-08-31": "-19.30000", "2014-05-31": "48.40000", "2014-02-28": "86.60000", "2013-11-30": "6.00000", "2013-08-31": "42.20000", "2013-05-31": "78.50000", "2013-02-28": "134.50000", "2012-11-30": "33.70000", "2012-08-31": "111.00000", "2012-05-31": "151.60000", "2012-02-29": "164.10000", "2011-11-30": "54.10000", "2011-08-31": "106.80000", "2011-05-31": "137.90000", "2011-02-28": "151.70000", "2010-11-30": "75.80000", "2010-08-31": "113.30000", "2010-05-31": "116.00000", "2010-02-28": "134.80000", "2009-11-30": "61.20000", "2009-08-31": "95.00000", "2009-05-31": "122.80000", "2009-02-28": "108.10000", "2008-11-30": "58.50000", "2008-08-31": "82.40000", "2008-05-31": "103.20000", "2008-02-29": "115.60000", "2007-11-30": "44.10000", "2007-08-31": "106.60000", "2007-05-31": "98.50000", "2007-02-28": "117.70000", "2006-11-30": "67.60000", "2006-08-31": "93.30000", "2006-05-31": "105.92900", "2006-02-28": "105.30000", "2005-11-30": "55.05700", "2005-08-31": "85.51400", "2005-05-31": "93.28300", "2005-02-28": "92.63000"}, "Other Income": {"2020-11-30": "", "2020-08-31": "", "2020-05-31": "", "2020-02-29": "", "2019-11-30": "", "2019-08-31": "", "2019-05-31": "", "2019-02-28": "", "2018-11-30": "", "2018-08-31": "", "2018-05-31": "", "2018-02-28": "", "2017-11-30": "", "2017-08-31": "", "2017-05-31": "", "2017-02-28": "", "2016-11-30": "", "2016-08-31": "", "2016-05-31": "", "2016-02-29": "", "2015-11-30": "", "2015-08-31": "", "2015-05-31": "", "2015-02-28": "", "2014-11-30": "", "2014-08-31": "", "2014-05-31": "", "2014-02-28": "", "2013-11-30": "", "2013-08-31": "", "2013-05-31": "", "2013-02-28": "", "2012-11-30": "", "2012-08-31": "", "2012-05-31": "", "2012-02-29": "", "2011-11-30": "", "2011-08-31": "", "2011-05-31": "", "2011-02-28": "", "2010-11-30": "", "2010-08-31": "", "2010-05-31": "", "2010-02-28": "", "2009-11-30": "", "2009-08-31": "", "2009-05-31": "", "2009-02-28": "", "2008-11-30": "", "2008-08-31": "", "2008-05-31": "", "2008-02-29": "", "2007-11-30": "", "2007-08-31": "", "2007-05-31": "", "2007-02-28": "", "2006-11-30": "", "2006-08-31": "", "2006-05-31": "", "2006-02-28": "", "2005-11-30": "", "2005-08-31": "", "2005-05-31": "", "2005-02-28": ""}, "Income From Continuous Operations": {"2020-11-30": "96.90000", "2020-08-31": "37.30000", "2020-05-31": "-479.70000", "2020-02-29": "233.30000", "2019-11-30": "25.40000", "2019-08-31": "171.80000", "2019-05-31": "208.70000", "2019-02-28": "225.10000", "2018-11-30": "115.90000", "2018-08-31": "168.90000", "2018-05-31": "175.40000", "2018-02-28": "218.50000", "2017-11-30": "88.60000", "2017-08-31": "121.30000", "2017-05-31": "125.40000", "2017-02-28": "166.30000", "2016-11-30": "79.70000", "2016-08-31": "111.10000", "2016-05-31": "140.40000", "2016-02-29": "108.20000", "2015-11-30": "30.10000", "2015-08-31": "81.00000", "2015-05-31": "118.10000", "2015-02-28": "128.40000", "2014-11-30": "-30.80000", "2014-08-31": "-19.30000", "2014-05-31": "48.40000", "2014-02-28": "86.60000", "2013-11-30": "6.00000", "2013-08-31": "42.20000", "2013-05-31": "78.50000", "2013-02-28": "134.50000", "2012-11-30": "33.70000", "2012-08-31": "111.00000", "2012-05-31": "151.60000", "2012-02-29": "164.10000", "2011-11-30": "54.10000", "2011-08-31": "106.80000", "2011-05-31": "137.90000", "2011-02-28": "151.70000", "2010-11-30": "75.80000", "2010-08-31": "113.30000", "2010-05-31": "116.00000", "2010-02-28": "134.80000", "2009-11-30": "61.20000", "2009-08-31": "95.00000", "2009-05-31": "122.80000", "2009-02-28": "108.10000", "2008-11-30": "58.50000", "2008-08-31": "82.40000", "2008-05-31": "103.20000", "2008-02-29": "115.60000", "2007-11-30": "44.10000", "2007-08-31": "106.60000", "2007-05-31": "98.50000", "2007-02-28": "117.70000", "2006-11-30": "67.60000", "2006-08-31": "93.30000", "2006-05-31": "105.92900", "2006-02-28": "105.30000", "2005-11-30": "55.05700", "2005-08-31": "85.51400", "2005-05-31": "93.28300", "2005-02-28": "92.63000"}, "Income From Discontinued Operations": {"2020-11-30": "-0.90000", "2020-08-31": "-1.20000", "2020-05-31": "-0.30000", "2020-02-29": "-1.00000", "2019-11-30": "-0.70000", "2019-08-31": "-1.20000", "2019-05-31": "-0.70000", "2019-02-28": "-1.50000", "2018-11-30": "-0.30000", "2018-08-31": "-2.70000", "2018-05-31": "-0.90000", "2018-02-28": "-0.70000", "2017-11-30": "-3.90000", "2017-08-31": "-2.30000", "2017-05-31": "-1.60000", "2017-02-28": "-0.70000", "2016-11-30": "-0.20000", "2016-08-31": "-0.90000", "2016-05-31": "-0.80000", "2016-02-29": "-2.40000", "2015-11-30": "13.10000", "2015-08-31": "5.40000", "2015-05-31": "-12.80000", "2015-02-28": "5.40000", "2014-11-30": "-2.00000", "2014-08-31": "522.50000", "2014-05-31": "38.10000", "2014-02-28": "23.10000", "2013-11-30": "13.80000", "2013-08-31": "28.00000", "2013-05-31": "54.70000", "2013-02-28": "-0.10000", "2012-11-30": "-0.10000", "2012-08-31": "-0.20000", "2012-05-31": "-0.40000", "2012-02-29": "0.00000", "2011-11-30": "-0.40000", "2011-08-31": "-0.20000", "2011-05-31": "-0.40000", "2011-02-28": "-0.50000", "2010-11-30": "-1.30000", "2010-08-31": "-0.20000", "2010-05-31": "-0.40000", "2010-02-28": "-0.50000", "2009-11-30": "-0.90000", "2009-08-31": "-0.70000", "2009-05-31": "0.10000", "2009-02-28": "-0.60000", "2008-11-30": "1.20000", "2008-08-31": "-0.30000", "2008-05-31": "-1.40000", "2008-02-29": "10.40000", "2007-11-30": "-0.60000", "2007-08-31": "-0.70000", "2007-05-31": "-153.70000", "2007-02-28": "-11.30000", "2006-11-30": "-5.90000", "2006-08-31": "-4.80000", "2006-05-31": "", "2006-02-28": "", "2005-11-30": "", "2005-08-31": "", "2005-05-31": "", "2005-02-28": ""}, "Net Income": {"2020-11-30": "96.00000", "2020-08-31": "36.10000", "2020-05-31": "-480.00000", "2020-02-29": "232.30000", "2019-11-30": "24.70000", "2019-08-31": "170.60000", "2019-05-31": "208.00000", "2019-02-28": "223.60000", "2018-11-30": "115.60000", "2018-08-31": "166.20000", "2018-05-31": "174.50000", "2018-02-28": "217.80000", "2017-11-30": "84.70000", "2017-08-31": "119.00000", "2017-05-31": "123.80000", "2017-02-28": "165.60000", "2016-11-30": "79.50000", "2016-08-31": "110.20000", "2016-05-31": "139.60000", "2016-02-29": "105.80000", "2015-11-30": "43.20000", "2015-08-31": "86.40000", "2015-05-31": "105.30000", "2015-02-28": "133.80000", "2014-11-30": "-32.80000", "2014-08-31": "503.20000", "2014-05-31": "86.50000", "2014-02-28": "109.70000", "2013-11-30": "19.80000", "2013-08-31": "70.20000", "2013-05-31": "133.20000", "2013-02-28": "134.40000", "2012-11-30": "33.60000", "2012-08-31": "110.80000", "2012-05-31": "151.20000", "2012-02-29": "164.10000", "2011-11-30": "53.70000", "2011-08-31": "106.60000", "2011-05-31": "137.50000", "2011-02-28": "151.20000", "2010-11-30": "74.50000", "2010-08-31": "113.10000", "2010-05-31": "115.60000", "2010-02-28": "134.30000", "2009-11-30": "60.30000", "2009-08-31": "94.30000", "2009-05-31": "122.90000", "2009-02-28": "107.50000", "2008-11-30": "59.70000", "2008-08-31": "82.10000", "2008-05-31": "101.80000", "2008-02-29": "126.00000", "2007-11-30": "43.50000", "2007-08-31": "105.90000", "2007-05-31": "-55.20000", "2007-02-28": "106.40000", "2006-11-30": "61.70000", "2006-08-31": "88.50000", "2006-05-31": "92.32900", "2006-02-28": "105.30000", "2005-11-30": "55.05700", "2005-08-31": "85.51400", "2005-05-31": "83.98300", "2005-02-28": "92.63000"}, "EBITDA": {"2020-11-30": "206.70010", "2020-08-31": "144.20010", "2020-05-31": "-497.69990", "2020-02-29": "366.00010", "2019-11-30": "247.80000", "2019-08-31": "287.70000", "2019-05-31": "317.70040", "2019-02-28": "350.80000", "2018-11-30": "230.90010", "2018-08-31": "269.80000", "2018-05-31": "308.99990", "2018-02-28": "312.59990", "2017-11-30": "207.69990", "2017-08-31": "250.60000", "2017-05-31": "239.89990", "2017-02-28": "297.59970", "2016-11-30": "184.50000", "2016-08-31": "228.40010", "2016-05-31": "252.10010", "2016-02-29": "288.49990", "2015-11-30": "158.30010", "2015-08-31": "217.09990", "2015-05-31": "233.30000", "2015-02-28": "251.79990", "2014-11-30": "61.10010", "2014-08-31": "149.30010", "2014-05-31": "150.10040", "2014-02-28": "202.00000", "2013-11-30": "113.80000", "2013-08-31": "161.20010", "2013-05-31": "105.50010", "2013-02-28": "309.90010", "2012-11-30": "178.40010", "2012-08-31": "269.10010", "2012-05-31": "212.60010", "2012-02-29": "336.79990", "2011-11-30": "184.90000", "2011-08-31": "253.39990", "2011-05-31": "289.90070", "2011-02-28": "304.30000", "2010-11-30": "205.39990", "2010-08-31": "261.20000", "2010-05-31": "259.00040", "2010-02-28": "275.20000", "2009-11-30": "179.90000", "2009-08-31": "227.59990", "2009-05-31": "279.00020", "2009-02-28": "246.00010", "2008-11-30": "181.60000", "2008-08-31": "211.69990", "2008-05-31": "241.59980", "2008-02-29": "251.90010", "2007-11-30": "142.29990", "2007-08-31": "212.60010", "2007-05-31": "200.40020", "2007-02-28": "217.80000", "2006-11-30": "157.19990", "2006-08-31": "200.00010", "2006-05-31": "193.85800", "2006-02-28": "214.60000", "2005-11-30": "149.50300", "2005-08-31": "194.03890", "2005-05-31": "185.14620", "2005-02-28": "196.89400"}, "EBIT": {"2020-11-30": "120.70010", "2020-08-31": "56.60010", "2020-05-31": "-592.10010", "2020-02-29": "278.30000", "2019-11-30": "160.20000", "2019-08-31": "201.50000", "2019-05-31": "229.80040", "2019-02-28": "265.50000", "2018-11-30": "148.10010", "2018-08-31": "189.10000", "2018-05-31": "230.00000", "2018-02-28": "233.39990", "2017-11-30": "128.89990", "2017-08-31": "174.50000", "2017-05-31": "170.20020", "2017-02-28": "229.49980", "2016-11-30": "116.50000", "2016-08-31": "161.30000", "2016-05-31": "185.10020", "2016-02-29": "221.20000", "2015-11-30": "81.70010", "2015-08-31": "134.20000", "2015-05-31": "150.50000", "2015-02-28": "170.39990", "2014-11-30": "-20.89990", "2014-08-31": "67.60010", "2014-05-31": "68.20030", "2014-02-28": "122.20000", "2013-11-30": "34.90000", "2013-08-31": "83.60010", "2013-05-31": "116.30000", "2013-02-28": "205.10010", "2012-11-30": "76.00010", "2012-08-31": "174.20010", "2012-05-31": "227.80000", "2012-02-29": "245.49990", "2011-11-30": "97.70000", "2011-08-31": "168.70000", "2011-05-31": "207.70030", "2011-02-28": "223.10000", "2010-11-30": "126.70000", "2010-08-31": "183.70000", "2010-05-31": "182.10020", "2010-02-28": "196.20000", "2009-11-30": "105.20000", "2009-08-31": "153.99990", "2009-05-31": "205.79980", "2009-02-28": "174.00010", "2008-11-30": "110.30000", "2008-08-31": "141.79990", "2008-05-31": "173.29980", "2008-02-29": "183.70010", "2007-11-30": "81.79990", "2007-08-31": "161.60010", "2007-05-31": "149.10030", "2007-02-28": "167.60000", "2006-11-30": "106.89990", "2006-08-31": "149.70010", "2006-05-31": "161.35800", "2006-02-28": "157.80000", "2005-11-30": "93.83300", "2005-08-31": "139.00890", "2005-05-31": "153.64620", "2005-02-28": "141.22900"}, "Basic Shares Outstanding": {"2020-11-30": "130.30000", "2020-08-31": "130.00000", "2020-05-31": "122.70000", "2020-02-29": "121.30000", "2019-11-30": "122.20000", "2019-08-31": "122.90000", "2019-05-31": "123.50000", "2019-02-28": "123.30000", "2018-11-30": "123.90000", "2018-08-31": "123.80000", "2018-05-31": "124.00000", "2018-02-28": "123.60000", "2017-11-30": "123.60000", "2017-08-31": "125.20000", "2017-05-31": "124.30000", "2017-02-28": "124.10000", "2016-11-30": "123.10000", "2016-08-31": "124.90000", "2016-05-31": "127.40000", "2016-02-29": "127.60000", "2015-11-30": "128.10000", "2015-08-31": "127.40000", "2015-05-31": "127.70000", "2015-02-28": "124.60000", "2014-11-30": "127.70000", "2014-08-31": "132.20000", "2014-05-31": "131.00000", "2014-02-28": "131.30000", "2013-11-30": "130.60000", "2013-08-31": "130.20000", "2013-05-31": "129.80000", "2013-02-28": "129.30000", "2012-11-30": "128.80000", "2012-08-31": "128.10000", "2012-05-31": "128.50000", "2012-02-29": "128.00000", "2011-11-30": "130.30000", "2011-08-31": "133.80000", "2011-05-31": "136.80000", "2011-02-28": "136.40000", "2010-11-30": "137.60000", "2010-08-31": "138.60000", "2010-05-31": "139.30000", "2010-02-28": "139.30000", "2009-11-30": "139.00000", "2009-08-31": "138.70000", "2009-05-31": "137.40000", "2009-02-28": "136.10000", "2008-11-30": "137.00000", "2008-08-31": "139.00000", "2008-05-31": "140.40000", "2008-02-29": "140.40000", "2007-11-30": "142.00000", "2007-08-31": "140.80000", "2007-05-31": "143.40000", "2007-02-28": "142.90000", "2006-11-30": "145.30000", "2006-08-31": "144.90000", "2006-05-31": "149.70000", "2006-02-28": "149.40000", "2005-11-30": "149.60000", "2005-08-31": "153.30000", "2005-05-31": "156.70000", "2005-02-28": "157.30000"}, "Shares Outstanding": {"2020-11-30": "131.50000", "2020-08-31": "130.90000", "2020-05-31": "122.70000", "2020-02-29": "122.80000", "2019-11-30": "123.70000", "2019-08-31": "124.60000", "2019-05-31": "125.40000", "2019-02-28": "125.00000", "2018-11-30": "125.80000", "2018-08-31": "125.80000", "2018-05-31": "126.00000", "2018-02-28": "125.70000", "2017-11-30": "125.50000", "2017-08-31": "127.30000", "2017-05-31": "126.00000", "2017-02-28": "125.90000", "2016-11-30": "124.90000", "2016-08-31": "126.70000", "2016-05-31": "129.30000", "2016-02-29": "129.40000", "2015-11-30": "129.90000", "2015-08-31": "129.30000", "2015-05-31": "129.70000", "2015-02-28": "126.90000", "2014-11-30": "127.70000", "2014-08-31": "132.20000", "2014-05-31": "133.20000", "2014-02-28": "133.40000", "2013-11-30": "132.80000", "2013-08-31": "132.60000", "2013-05-31": "132.20000", "2013-02-28": "131.50000", "2012-11-30": "131.70000", "2012-08-31": "131.00000", "2012-05-31": "131.60000", "2012-02-29": "130.90000", "2011-11-30": "133.20000", "2011-08-31": "137.20000", "2011-05-31": "140.30000", "2011-02-28": "140.00000", "2010-11-30": "141.20000", "2010-08-31": "141.70000", "2010-05-31": "142.40000", "2010-02-28": "142.30000", "2009-11-30": "141.70000", "2009-08-31": "141.30000", "2009-05-31": "140.40000", "2009-02-28": "138.60000", "2008-11-30": "139.40000", "2008-08-31": "142.80000", "2008-05-31": "145.10000", "2008-02-29": "143.70000", "2007-11-30": "146.90000", "2007-08-31": "146.20000", "2007-05-31": "148.80000", "2007-02-28": "148.30000", "2006-11-30": "150.70000", "2006-08-31": "150.30000", "2006-05-31": "156.90000", "2006-02-28": "156.90000", "2005-11-30": "156.20000", "2005-08-31": "160.40000", "2005-05-31": "163.40000", "2005-02-28": "164.50000"}, "Basic EPS": {"2020-11-30": "0.74000", "2020-08-31": "0.28000", "2020-05-31": "-3.94000", "2020-02-29": "1.92000", "2019-11-30": "0.20000", "2019-08-31": "1.39000", "2019-05-31": "1.70000", "2019-02-28": "1.81000", "2018-11-30": "0.93000", "2018-08-31": "1.34000", "2018-05-31": "1.41000", "2018-02-28": "1.76000", "2017-11-30": "0.69000", "2017-08-31": "0.95000", "2017-05-31": "0.99000", "2017-02-28": "1.33000", "2016-11-30": "0.65000", "2016-08-31": "0.88000", "2016-05-31": "1.09000", "2016-02-29": "0.83000", "2015-11-30": "0.34000", "2015-08-31": "0.68000", "2015-05-31": "0.94000", "2015-02-28": "1.07000", "2014-11-30": "-0.26000", "2014-08-31": "3.81000", "2014-05-31": "0.65000", "2014-02-28": "0.84000", "2013-11-30": "0.15000", "2013-08-31": "0.54000", "2013-05-31": "1.03000", "2013-02-28": "1.04000", "2012-11-30": "0.26000", "2012-08-31": "0.86000", "2012-05-31": "1.18000", "2012-02-29": "1.28000", "2011-11-30": "0.41000", "2011-08-31": "0.80000", "2011-05-31": "1.01000", "2011-02-28": "1.11000", "2010-11-30": "0.54000", "2010-08-31": "0.82000", "2010-05-31": "0.83000", "2010-02-28": "0.96000", "2009-11-30": "0.43000", "2009-08-31": "0.68000", "2009-05-31": "0.89000", "2009-02-28": "0.79000", "2008-11-30": "0.44000", "2008-08-31": "0.59000", "2008-05-31": "0.73000", "2008-02-29": "0.90000", "2007-11-30": "0.31000", "2007-08-31": "0.75000", "2007-05-31": "-0.37000", "2007-02-28": "0.74000", "2006-11-30": "0.42000", "2006-08-31": "0.61000", "2006-05-31": "0.63000", "2006-02-28": "0.70000", "2005-11-30": "0.37000", "2005-08-31": "0.56000", "2005-05-31": "0.54000", "2005-02-28": "0.59000"}, "EPS - Earnings Per Share": {"2020-11-30": "0.73000", "2020-08-31": "0.28000", "2020-05-31": "-3.89000", "2020-02-29": "1.89000", "2019-11-30": "0.20000", "2019-08-31": "1.37000", "2019-05-31": "1.66000", "2019-02-28": "1.79000", "2018-11-30": "0.92000", "2018-08-31": "1.32000", "2018-05-31": "1.40000", "2018-02-28": "1.73000", "2017-11-30": "0.67000", "2017-08-31": "0.93000", "2017-05-31": "0.97000", "2017-02-28": "1.32000", "2016-11-30": "0.64000", "2016-08-31": "0.87000", "2016-05-31": "1.08000", "2016-02-29": "0.82000", "2015-11-30": "0.33000", "2015-08-31": "0.67000", "2015-05-31": "0.87000", "2015-02-28": "1.05000", "2014-11-30": "-0.26000", "2014-08-31": "3.81000", "2014-05-31": "0.65000", "2014-02-28": "0.82000", "2013-11-30": "0.15000", "2013-08-31": "0.53000", "2013-05-31": "1.01000", "2013-02-28": "1.02000", "2012-11-30": "0.26000", "2012-08-31": "0.85000", "2012-05-31": "1.15000", "2012-02-29": "1.25000", "2011-11-30": "0.40000", "2011-08-31": "0.78000", "2011-05-31": "0.98000", "2011-02-28": "1.08000", "2010-11-30": "0.53000", "2010-08-31": "0.80000", "2010-05-31": "0.80000", "2010-02-28": "0.94000", "2009-11-30": "0.43000", "2009-08-31": "0.67000", "2009-05-31": "0.86000", "2009-02-28": "0.78000", "2008-11-30": "0.43000", "2008-08-31": "0.58000", "2008-05-31": "0.70000", "2008-02-29": "0.88000", "2007-11-30": "0.30000", "2007-08-31": "0.72000", "2007-05-31": "-0.37000", "2007-02-28": "0.72000", "2006-11-30": "0.41000", "2006-08-31": "0.59000", "2006-05-31": "0.61000", "2006-02-28": "0.67000", "2005-11-30": "0.35000", "2005-08-31": "0.53000", "2005-05-31": "0.52000", "2005-02-28": "0.56000"}}, "balance sheet": {"Cash On Hand": {"2020-05-31": "763.30000", "2019-05-31": "457.30000", "2018-05-31": "146.90000", "2017-05-31": "233.10000", "2016-05-31": "274.80000", "2015-05-31": "535.90000", "2014-05-31": "98.30000", "2013-05-31": "88.20000", "2012-05-31": "70.50000", "2011-05-31": "70.50000", "2010-05-31": "248.80000", "2009-05-31": "62.90000", "2008-05-31": "43.20000", "2007-05-31": "30.20000", "2006-05-31": "42.30000", "2005-05-31": "42.80100"}, "Receivables": {"2020-05-31": "49.80000", "2019-05-31": "88.30000", "2018-05-31": "83.70000", "2017-05-31": "75.90000", "2016-05-31": "64.00000", "2015-05-31": "78.00000", "2014-05-31": "83.80000", "2013-05-31": "85.40000", "2012-05-31": "71.40000", "2011-05-31": "65.40000", "2010-05-31": "59.40000", "2009-05-31": "37.10000", "2008-05-31": "69.50000", "2007-05-31": "46.40000", "2006-05-31": "37.10000", "2005-05-31": "36.51000"}, "Inventory": {"2020-05-31": "206.90000", "2019-05-31": "207.30000", "2018-05-31": "205.30000", "2017-05-31": "178.90000", "2016-05-31": "175.40000", "2015-05-31": "163.90000", "2014-05-31": "196.80000", "2013-05-31": "356.90000", "2012-05-31": "404.10000", "2011-05-31": "300.10000", "2010-05-31": "220.80000", "2009-05-31": "247.00000", "2008-05-31": "216.70000", "2007-05-31": "209.60000", "2006-05-31": "198.70000", "2005-05-31": "235.44400"}, "Pre-Paid Expenses": {"2020-05-31": "81.40000", "2019-05-31": "139.70000", "2018-05-31": "105.80000", "2017-05-31": "86.80000", "2016-05-31": "122.50000", "2015-05-31": "88.30000", "2014-05-31": "82.60000", "2013-05-31": "89.80000", "2012-05-31": "87.10000", "2011-05-31": "82.20000", "2010-05-31": "59.40000", "2009-05-31": "97.40000", "2008-05-31": "46.70000", "2007-05-31": "33.50000", "2006-05-31": "29.90000", "2005-05-31": "28.92700"}, "Other Current Assets": {"2020-05-31": "", "2019-05-31": "", "2018-05-31": "11.90000", "2017-05-31": "13.20000", "2016-05-31": "20.30000", "2015-05-31": "32.90000", "2014-05-31": "1390.30000", "2013-05-31": "", "2012-05-31": "", "2011-05-31": "", "2010-05-31": "", "2009-05-31": "", "2008-05-31": "", "2007-05-31": "144.00000", "2006-05-31": "", "2005-05-31": ""}, "Total Current Assets": {"2020-05-31": "1101.40000", "2019-05-31": "892.60000", "2018-05-31": "553.60000", "2017-05-31": "587.90000", "2016-05-31": "820.30000", "2015-05-31": "1056.40000", "2014-05-31": "1975.80000", "2013-05-31": "764.90000", "2012-05-31": "757.60000", "2011-05-31": "663.80000", "2010-05-31": "690.20000", "2009-05-31": "554.80000", "2008-05-31": "467.90000", "2007-05-31": "545.40000", "2006-05-31": "377.60000", "2005-05-31": "407.26600"}, "Property, Plant, And Equipment": {"2020-05-31": "2756.90000", "2019-05-31": "2552.60000", "2018-05-31": "2429.80000", "2017-05-31": "2272.30000", "2016-05-31": "2041.60000", "2015-05-31": "3215.80000", "2014-05-31": "3381.00000", "2013-05-31": "4391.10000", "2012-05-31": "3951.30000", "2011-05-31": "3622.00000", "2010-05-31": "3403.70000", "2009-05-31": "3306.70000", "2008-05-31": "3066.00000", "2007-05-31": "2184.40000", "2006-05-31": "2446.00000", "2005-05-31": "2351.45400"}, "Long-Term Investments": {"2020-05-31": "", "2019-05-31": "", "2018-05-31": "", "2017-05-31": "", "2016-05-31": "", "2015-05-31": "", "2014-05-31": "", "2013-05-31": "", "2012-05-31": "", "2011-05-31": "", "2010-05-31": "", "2009-05-31": "", "2008-05-31": "", "2007-05-31": "", "2006-05-31": "", "2005-05-31": ""}, "Goodwill And Intangible Assets": {"2020-05-31": "1843.30000", "2019-05-31": "2134.50000", "2018-05-31": "2134.50000", "2017-05-31": "2151.90000", "2016-05-31": "1446.90000", "2015-05-31": "1447.00000", "2014-05-31": "1447.10000", "2013-05-31": "1482.10000", "2012-05-31": "1003.50000", "2011-05-31": "971.10000", "2010-05-31": "971.30000", "2009-05-31": "973.10000", "2008-05-31": "974.90000", "2007-05-31": "", "2006-05-31": "", "2005-05-31": ""}, "Other Long-Term Assets": {"2020-05-31": "275.30000", "2019-05-31": "313.10000", "2018-05-31": "351.70000", "2017-05-31": "280.20000", "2016-05-31": "273.80000", "2015-05-31": "275.50000", "2014-05-31": "278.80000", "2013-05-31": "298.80000", "2012-05-31": "231.80000", "2011-05-31": "209.70000", "2010-05-31": "210.90000", "2009-05-31": "190.60000", "2008-05-31": "221.80000", "2007-05-31": "151.00000", "2006-05-31": "186.60000", "2005-05-31": "179.05100"}, "Total Long-Term Assets": {"2020-05-31": "8844.70000", "2019-05-31": "5000.20000", "2018-05-31": "4916.00000", "2017-05-31": "4704.40000", "2016-05-31": "3762.30000", "2015-05-31": "4938.30000", "2014-05-31": "5106.90000", "2013-05-31": "6172.00000", "2012-05-31": "5186.60000", "2011-05-31": "4802.80000", "2010-05-31": "4585.90000", "2009-05-31": "4470.40000", "2008-05-31": "4262.70000", "2007-05-31": "2335.40000", "2006-05-31": "2632.60000", "2005-05-31": "2530.50500"}, "Total Assets": {"2020-05-31": "9946.10000", "2019-05-31": "5892.80000", "2018-05-31": "5469.60000", "2017-05-31": "5292.30000", "2016-05-31": "4582.60000", "2015-05-31": "5994.70000", "2014-05-31": "7082.70000", "2013-05-31": "6936.90000", "2012-05-31": "5944.20000", "2011-05-31": "5466.60000", "2010-05-31": "5276.10000", "2009-05-31": "5025.20000", "2008-05-31": "4730.60000", "2007-05-31": "2880.80000", "2006-05-31": "3010.20000", "2005-05-31": "2937.77100"}, "Total Current Liabilities": {"2020-05-31": "1792.80000", "2019-05-31": "1474.10000", "2018-05-31": "1384.50000", "2017-05-31": "1289.20000", "2016-05-31": "1187.10000", "2015-05-31": "1196.70000", "2014-05-31": "1618.50000", "2013-05-31": "1416.40000", "2012-05-31": "1774.10000", "2011-05-31": "1286.80000", "2010-05-31": "1209.80000", "2009-05-31": "1096.10000", "2008-05-31": "1136.20000", "2007-05-31": "1074.40000", "2006-05-31": "1026.10000", "2005-05-31": "1044.60700"}, "Long Term Debt": {"2020-05-31": "928.80030", "2019-05-31": "927.70000", "2018-05-31": "926.50000", "2017-05-31": "936.60000", "2016-05-31": "440.00000", "2015-05-31": "1452.30000", "2014-05-31": "2463.40000", "2013-05-31": "2548.70000", "2012-05-31": "1508.10000", "2011-05-31": "1463.30000", "2010-05-31": "1466.30000", "2009-05-31": "1691.20000", "2008-05-31": "1694.20000", "2007-05-31": "491.60000", "2006-05-31": "494.70000", "2005-05-31": "350.31800"}, "Other Non-Current Liabilities": {"2020-05-31": "560.90000", "2019-05-31": "587.10000", "2018-05-31": "531.80000", "2017-05-31": "536.40000", "2016-05-31": "498.60000", "2015-05-31": "444.50000", "2014-05-31": "351.60000", "2013-05-31": "325.40000", "2012-05-31": "302.70000", "2011-05-31": "248.70000", "2010-05-31": "267.30000", "2009-05-31": "180.30000", "2008-05-31": "154.50000", "2007-05-31": "67.40000", "2006-05-31": "30.50000", "2005-05-31": "24.10900"}, "Total Long Term Liabilities": {"2020-05-31": "5822.10000", "2019-05-31": "2026.10000", "2018-05-31": "1890.30000", "2017-05-31": "1901.40000", "2016-05-31": "1443.50000", "2015-05-31": "2464.50000", "2014-05-31": "3307.30000", "2013-05-31": "3461.00000", "2012-05-31": "2328.10000", "2011-05-31": "2243.60000", "2010-05-31": "2172.30000", "2009-05-31": "2323.10000", "2008-05-31": "2185.30000", "2007-05-31": "711.90000", "2006-05-31": "754.30000", "2005-05-31": "620.14500"}, "Total Liabilities": {"2020-05-31": "7614.90000", "2019-05-31": "3500.20000", "2018-05-31": "3274.80000", "2017-05-31": "3190.60000", "2016-05-31": "2630.60000", "2015-05-31": "3661.20000", "2014-05-31": "4925.80000", "2013-05-31": "4877.40000", "2012-05-31": "4102.20000", "2011-05-31": "3530.40000", "2010-05-31": "3382.10000", "2009-05-31": "3419.20000", "2008-05-31": "3321.50000", "2007-05-31": "1786.30000", "2006-05-31": "1780.40000", "2005-05-31": "1664.75200"}, "Common Stock Net": {"2020-05-31": "2205.30000", "2019-05-31": "1685.00000", "2018-05-31": "1631.90000", "2017-05-31": "1614.60000", "2016-05-31": "1502.60000", "2015-05-31": "1405.90000", "2014-05-31": "1302.20000", "2013-05-31": "1207.60000", "2012-05-31": "2518.80000", "2011-05-31": "2408.80000", "2010-05-31": "2297.90000", "2009-05-31": "2183.10000", "2008-05-31": "2074.90000", "2007-05-31": "1904.30000", "2006-05-31": "1806.40000", "2005-05-31": "1703.33600"}, "Retained Earnings (Accumulated Deficit)": {"2020-05-31": "143.50000", "2019-05-31": "806.60000", "2018-05-31": "657.60000", "2017-05-31": "560.10000", "2016-05-31": "547.50000", "2015-05-31": "1026.00000", "2014-05-31": "995.80000", "2013-05-31": "998.90000", "2012-05-31": "3172.80000", "2011-05-31": "2921.90000", "2010-05-31": "2621.90000", "2009-05-31": "2357.40000", "2008-05-31": "2096.00000", "2007-05-31": "1820.40000", "2006-05-31": "1684.70000", "2005-05-31": "1405.75400"}, "Comprehensive Income": {"2020-05-31": "-17.60000", "2019-05-31": "-98.20000", "2018-05-31": "-85.20000", "2017-05-31": "-62.90000", "2016-05-31": "-87.00000", "2015-05-31": "-86.60000", "2014-05-31": "-128.10000", "2013-05-31": "-132.80000", "2012-05-31": "-146.60000", "2011-05-31": "-59.80000", "2010-05-31": "-71.10000", "2009-05-31": "-57.20000", "2008-05-31": "-20.70000", "2007-05-31": "-32.80000", "2006-05-31": "-5.50000", "2005-05-31": "-8.87600"}, "Other Share Holders Equity": {"2020-05-31": "", "2019-05-31": "", "2018-05-31": "", "2017-05-31": "", "2016-05-31": "", "2015-05-31": "", "2014-05-31": "", "2013-05-31": "", "2012-05-31": "", "2011-05-31": "", "2010-05-31": "", "2009-05-31": "-0.10000", "2008-05-31": "-0.10000", "2007-05-31": "-0.30000", "2006-05-31": "-0.40000", "2005-05-31": "-0.67500"}, "Share Holder Equity": {"2020-05-31": "2331.20000", "2019-05-31": "2392.60000", "2018-05-31": "2194.80000", "2017-05-31": "2101.70000", "2016-05-31": "1952.00000", "2015-05-31": "2333.50000", "2014-05-31": "2156.90000", "2013-05-31": "2059.50000", "2012-05-31": "1842.00000", "2011-05-31": "1936.20000", "2010-05-31": "1894.00000", "2009-05-31": "1606.00000", "2008-05-31": "1409.10000", "2007-05-31": "1094.50000", "2006-05-31": "1229.80000", "2005-05-31": "1273.01900"}, "Total Liabilities And Share Holders Equity": {"2020-05-31": "9946.10000", "2019-05-31": "5892.80000", "2018-05-31": "5469.60000", "2017-05-31": "5292.30000", "2016-05-31": "4582.60000", "2015-05-31": "5994.70000", "2014-05-31": "7082.70000", "2013-05-31": "6936.90000", "2012-05-31": "5944.20000", "2011-05-31": "5466.60000", "2010-05-31": "5276.10000", "2009-05-31": "5025.20000", "2008-05-31": "4730.60000", "2007-05-31": "2880.80000", "2006-05-31": "3010.20000", "2005-05-31": "2937.77100"}}, "balance sheet, quarterly": {"Cash On Hand": {"2020-11-30": "777.30000", "2020-08-31": "654.60000", "2020-05-31": "763.30000", "2020-02-29": "321.70000", "2019-11-30": "157.30000", "2019-08-31": "350.80000", "2019-05-31": "457.30000", "2019-02-28": "302.90000", "2018-11-30": "139.70000", "2018-08-31": "151.80000", "2018-05-31": "146.90000", "2018-02-28": "146.80000", "2017-11-30": "114.70000", "2017-08-31": "146.80000", "2017-05-31": "233.10000", "2017-02-28": "391.40000", "2016-11-30": "116.80000", "2016-08-31": "114.70000", "2016-05-31": "274.80000", "2016-02-29": "215.80000", "2015-11-30": "857.60000", "2015-08-31": "690.10000", "2015-05-31": "535.90000", "2015-02-28": "436.20000", "2014-11-30": "157.50000", "2014-08-31": "413.70000", "2014-05-31": "98.30000", "2014-02-28": "127.00000", "2013-11-30": "84.60000", "2013-08-31": "108.90000", "2013-05-31": "88.20000", "2013-02-28": "103.90000", "2012-11-30": "61.40000", "2012-08-31": "51.50000", "2012-05-31": "70.50000", "2012-02-29": "88.50000", "2011-11-30": "50.20000", "2011-08-31": "74.20000", "2011-05-31": "70.50000", "2011-02-28": "89.70000", "2010-11-30": "52.90000", "2010-08-31": "77.50000", "2010-05-31": "248.80000", "2010-02-28": "260.30000", "2009-11-30": "56.90000", "2009-08-31": "79.40000", "2009-05-31": "62.90000", "2009-02-28": "107.30000", "2008-11-30": "51.30000", "2008-08-31": "45.50000", "2008-05-31": "43.20000", "2008-02-29": "47.00000", "2007-11-30": "35.60000", "2007-08-31": "47.30000", "2007-05-31": "30.20000", "2007-02-28": "53.80000", "2006-11-30": "38.40000", "2006-08-31": "45.55100", "2006-05-31": "42.30000", "2006-02-28": "53.12200", "2005-11-30": "82.53600", "2005-08-31": "344.72100", "2005-05-31": "42.80100", "2005-02-28": "87.78200"}, "Receivables": {"2020-11-30": "46.20000", "2020-08-31": "47.20000", "2020-05-31": "49.80000", "2020-02-29": "51.20000", "2019-11-30": "56.80000", "2019-08-31": "51.10000", "2019-05-31": "88.30000", "2019-02-28": "73.90000", "2018-11-30": "80.50000", "2018-08-31": "68.80000", "2018-05-31": "83.70000", "2018-02-28": "50.60000", "2017-11-30": "66.70000", "2017-08-31": "57.60000", "2017-05-31": "75.90000", "2017-02-28": "43.60000", "2016-11-30": "69.80000", "2016-08-31": "56.30000", "2016-05-31": "64.00000", "2016-02-29": "53.80000", "2015-11-30": "63.30000", "2015-08-31": "60.80000", "2015-05-31": "78.00000", "2015-02-28": "64.00000", "2014-11-30": "66.70000", "2014-08-31": "86.20000", "2014-05-31": "83.80000", "2014-02-28": "69.00000", "2013-11-30": "83.00000", "2013-08-31": "80.30000", "2013-05-31": "85.40000", "2013-02-28": "68.10000", "2012-11-30": "66.70000", "2012-08-31": "59.00000", "2012-05-31": "71.40000", "2012-02-29": "55.50000", "2011-11-30": "75.80000", "2011-08-31": "64.40000", "2011-05-31": "65.40000", "2011-02-28": "72.30000", "2010-11-30": "56.00000", "2010-08-31": "47.00000", "2010-05-31": "59.40000", "2010-02-28": "56.00000", "2009-11-30": "47.60000", "2009-08-31": "42.50000", "2009-05-31": "37.10000", "2009-02-28": "50.20000", "2008-11-30": "39.10000", "2008-08-31": "37.50000", "2008-05-31": "69.50000", "2008-02-29": "43.50000", "2007-11-30": "62.60000", "2007-08-31": "31.30000", "2007-05-31": "46.40000", "2007-02-28": "43.70000", "2006-11-30": "36.83100", "2006-08-31": "61.83800", "2006-05-31": "37.10000", "2006-02-28": "39.23500", "2005-11-30": "38.06600", "2005-08-31": "40.06900", "2005-05-31": "36.51000", "2005-02-28": "47.61000"}, "Inventory": {"2020-11-30": "203.00000", "2020-08-31": "190.10000", "2020-05-31": "206.90000", "2020-02-29": "229.60000", "2019-11-30": "212.20000", "2019-08-31": "199.00000", "2019-05-31": "207.30000", "2019-02-28": "209.50000", "2018-11-30": "209.40000", "2018-08-31": "194.60000", "2018-05-31": "205.30000", "2018-02-28": "208.00000", "2017-11-30": "199.10000", "2017-08-31": "176.30000", "2017-05-31": "178.90000", "2017-02-28": "168.00000", "2016-11-30": "183.60000", "2016-08-31": "161.80000", "2016-05-31": "175.40000", "2016-02-29": "178.90000", "2015-11-30": "170.00000", "2015-08-31": "162.60000", "2015-05-31": "163.90000", "2015-02-28": "172.80000", "2014-11-30": "193.50000", "2014-08-31": "201.60000", "2014-05-31": "196.80000", "2014-02-28": "461.00000", "2013-11-30": "418.00000", "2013-08-31": "373.30000", "2013-05-31": "356.90000", "2013-02-28": "432.60000", "2012-11-30": "425.30000", "2012-08-31": "404.00000", "2012-05-31": "404.10000", "2012-02-29": "453.60000", "2011-11-30": "396.60000", "2011-08-31": "343.00000", "2011-05-31": "300.10000", "2011-02-28": "326.90000", "2010-11-30": "273.90000", "2010-08-31": "210.00000", "2010-05-31": "220.80000", "2010-02-28": "218.10000", "2009-11-30": "251.30000", "2009-08-31": "230.50000", "2009-05-31": "247.00000", "2009-02-28": "310.00000", "2008-11-30": "324.10000", "2008-08-31": "275.80000", "2008-05-31": "216.70000", "2008-02-29": "285.90000", "2007-11-30": "294.90000", "2007-08-31": "226.50000", "2007-05-31": "209.60000", "2007-02-28": "282.40000", "2006-11-30": "284.09100", "2006-08-31": "208.65300", "2006-05-31": "198.70000", "2006-02-28": "245.25400", "2005-11-30": "247.35300", "2005-08-31": "225.71700", "2005-05-31": "235.44400", "2005-02-28": "271.08800"}, "Pre-Paid Expenses": {"2020-11-30": "83.20000", "2020-08-31": "79.10000", "2020-05-31": "81.40000", "2020-02-29": "83.50000", "2019-11-30": "109.20000", "2019-08-31": "69.40000", "2019-05-31": "139.70000", "2019-02-28": "100.90000", "2018-11-30": "120.50000", "2018-08-31": "118.30000", "2018-05-31": "105.80000", "2018-02-28": "153.10000", "2017-11-30": "93.60000", "2017-08-31": "91.20000", "2017-05-31": "86.80000", "2017-02-28": "85.90000", "2016-11-30": "126.80000", "2016-08-31": "92.50000", "2016-05-31": "122.50000", "2016-02-29": "97.70000", "2015-11-30": "113.10000", "2015-08-31": "100.70000", "2015-05-31": "88.30000", "2015-02-28": "89.00000", "2014-11-30": "84.10000", "2014-08-31": "75.10000", "2014-05-31": "82.60000", "2014-02-28": "87.10000", "2013-11-30": "93.00000", "2013-08-31": "97.00000", "2013-05-31": "89.80000", "2013-02-28": "95.20000", "2012-11-30": "94.90000", "2012-08-31": "81.80000", "2012-05-31": "87.10000", "2012-02-29": "82.20000", "2011-11-30": "105.70000", "2011-08-31": "86.90000", "2011-05-31": "82.20000", "2011-02-28": "82.00000", "2010-11-30": "59.50000", "2010-08-31": "57.90000", "2010-05-31": "59.40000", "2010-02-28": "58.20000", "2009-11-30": "62.00000", "2009-08-31": "75.80000", "2009-05-31": "97.40000", "2009-02-28": "52.70000", "2008-11-30": "56.10000", "2008-08-31": "46.50000", "2008-05-31": "46.70000", "2008-02-29": "38.40000", "2007-11-30": "36.50000", "2007-08-31": "34.10000", "2007-05-31": "33.50000", "2007-02-28": "33.00000", "2006-11-30": "34.49600", "2006-08-31": "38.37100", "2006-05-31": "29.90000", "2006-02-28": "30.24600", "2005-11-30": "31.72300", "2005-08-31": "35.70800", "2005-05-31": "28.92700", "2005-02-28": "29.03600"}, "Other Current Assets": {"2020-11-30": "", "2020-08-31": "", "2020-05-31": "", "2020-02-29": "", "2019-11-30": "", "2019-08-31": "", "2019-05-31": "", "2019-02-28": "", "2018-11-30": "11.10000", "2018-08-31": "11.10000", "2018-05-31": "11.90000", "2018-02-28": "11.10000", "2017-11-30": "11.10000", "2017-08-31": "11.10000", "2017-05-31": "13.20000", "2017-02-28": "13.30000", "2016-11-30": "13.30000", "2016-08-31": "16.90000", "2016-05-31": "20.30000", "2016-02-29": "19.00000", "2015-11-30": "18.40000", "2015-08-31": "23.80000", "2015-05-31": "32.90000", "2015-02-28": "45.40000", "2014-11-30": "44.90000", "2014-08-31": "54.30000", "2014-05-31": "1390.30000", "2014-02-28": "", "2013-11-30": "", "2013-08-31": "", "2013-05-31": "", "2013-02-28": "", "2012-11-30": "", "2012-08-31": "", "2012-05-31": "", "2012-02-29": "", "2011-11-30": "", "2011-08-31": "", "2011-05-31": "", "2011-02-28": "", "2010-11-30": "", "2010-08-31": "", "2010-05-31": "", "2010-02-28": "", "2009-11-30": "", "2009-08-31": "", "2009-05-31": "", "2009-02-28": "", "2008-11-30": "", "2008-08-31": "", "2008-05-31": "", "2008-02-29": "29.80000", "2007-11-30": "102.60000", "2007-08-31": "140.80000", "2007-05-31": "144.00000", "2007-02-28": "", "2006-11-30": "", "2006-08-31": "", "2006-05-31": "", "2006-02-28": "", "2005-11-30": "", "2005-08-31": "", "2005-05-31": "", "2005-02-28": "0.59900"}, "Total Current Assets": {"2020-11-30": "1109.70000", "2020-08-31": "971.00000", "2020-05-31": "1101.40000", "2020-02-29": "686.00000", "2019-11-30": "535.50000", "2019-08-31": "670.30000", "2019-05-31": "892.60000", "2019-02-28": "687.20000", "2018-11-30": "561.20000", "2018-08-31": "544.60000", "2018-05-31": "553.60000", "2018-02-28": "569.60000", "2017-11-30": "485.20000", "2017-08-31": "483.00000", "2017-05-31": "587.90000", "2017-02-28": "884.90000", "2016-11-30": "683.40000", "2016-08-31": "610.80000", "2016-05-31": "820.30000", "2016-02-29": "729.90000", "2015-11-30": "1383.50000", "2015-08-31": "1204.60000", "2015-05-31": "1056.40000", "2015-02-28": "981.90000", "2014-11-30": "719.40000", "2014-08-31": "1003.90000", "2014-05-31": "1975.80000", "2014-02-28": "909.20000", "2013-11-30": "834.30000", "2013-08-31": "809.70000", "2013-05-31": "764.90000", "2013-02-28": "853.40000", "2012-11-30": "800.60000", "2012-08-31": "726.80000", "2012-05-31": "757.60000", "2012-02-29": "805.30000", "2011-11-30": "798.00000", "2011-08-31": "732.00000", "2011-05-31": "663.80000", "2011-02-28": "698.70000", "2010-11-30": "563.00000", "2010-08-31": "503.70000", "2010-05-31": "690.20000", "2010-02-28": "698.80000", "2009-11-30": "525.40000", "2009-08-31": "536.50000", "2009-05-31": "554.80000", "2009-02-28": "609.10000", "2008-11-30": "564.60000", "2008-08-31": "497.30000", "2008-05-31": "467.90000", "2008-02-29": "540.00000", "2007-11-30": "631.30000", "2007-08-31": "552.60000", "2007-05-31": "545.40000", "2007-02-28": "488.00000", "2006-11-30": "466.67800", "2006-08-31": "426.30000", "2006-05-31": "377.60000", "2006-02-28": "434.19600", "2005-11-30": "463.29100", "2005-08-31": "711.36800", "2005-05-31": "407.26600", "2005-02-28": "496.80800"}, "Property, Plant, And Equipment": {"2020-11-30": "2776.00000", "2020-08-31": "2739.60000", "2020-05-31": "2756.90000", "2020-02-29": "2794.90000", "2019-11-30": "2730.60000", "2019-08-31": "2611.00000", "2019-05-31": "2552.60000", "2019-02-28": "2539.90000", "2018-11-30": "2521.10000", "2018-08-31": "2473.60000", "2018-05-31": "2429.80000", "2018-02-28": "2404.80000", "2017-11-30": "2386.20000", "2017-08-31": "2318.80000", "2017-05-31": "2272.30000", "2017-02-28": "2069.10000", "2016-11-30": "2056.90000", "2016-08-31": "2035.90000", "2016-05-31": "2041.60000", "2016-02-29": "2058.10000", "2015-11-30": "2074.60000", "2015-08-31": "3104.20000", "2015-05-31": "3215.80000", "2015-02-28": "3288.50000", "2014-11-30": "3338.30000", "2014-08-31": "3380.00000", "2014-05-31": "3381.00000", "2014-02-28": "4512.20000", "2013-11-30": "4521.80000", "2013-08-31": "4469.60000", "2013-05-31": "4391.10000", "2013-02-28": "4335.00000", "2012-11-30": "4285.70000", "2012-08-31": "4036.40000", "2012-05-31": "3951.30000", "2012-02-29": "3882.90000", "2011-11-30": "3838.50000", "2011-08-31": "3690.20000", "2011-05-31": "3622.00000", "2011-02-28": "3553.50000", "2010-11-30": "3520.60000", "2010-08-31": "3444.20000", "2010-05-31": "3403.70000", "2010-02-28": "3374.60000", "2009-11-30": "3352.50000", "2009-08-31": "3319.00000", "2009-05-31": "3306.70000", "2009-02-28": "3276.70000", "2008-11-30": "3216.00000", "2008-08-31": "3135.30000", "2008-05-31": "3066.00000", "2008-02-29": "2994.90000", "2007-11-30": "2925.30000", "2007-08-31": "2221.30000", "2007-05-31": "2184.40000", "2007-02-28": "2483.70000", "2006-11-30": "2475.97900", "2006-08-31": "2449.32400", "2006-05-31": "2446.00000", "2006-02-28": "2408.89600", "2005-11-30": "2404.94800", "2005-08-31": "2380.93600", "2005-05-31": "2351.45400", "2005-02-28": "2318.35900"}, "Long-Term Investments": {"2020-11-30": "", "2020-08-31": "", "2020-05-31": "", "2020-02-29": "", "2019-11-30": "", "2019-08-31": "", "2019-05-31": "", "2019-02-28": "", "2018-11-30": "", "2018-08-31": "", "2018-05-31": "", "2018-02-28": "", "2017-11-30": "", "2017-08-31": "", "2017-05-31": "", "2017-02-28": "", "2016-11-30": "", "2016-08-31": "", "2016-05-31": "", "2016-02-29": "", "2015-11-30": "", "2015-08-31": "", "2015-05-31": "", "2015-02-28": "", "2014-11-30": "", "2014-08-31": "", "2014-05-31": "", "2014-02-28": "", "2013-11-30": "", "2013-08-31": "", "2013-05-31": "", "2013-02-28": "", "2012-11-30": "", "2012-08-31": "", "2012-05-31": "", "2012-02-29": "", "2011-11-30": "", "2011-08-31": "", "2011-05-31": "", "2011-02-28": "", "2010-11-30": "", "2010-08-31": "", "2010-05-31": "", "2010-02-28": "", "2009-11-30": "", "2009-08-31": "", "2009-05-31": "", "2009-02-28": "", "2008-11-30": "", "2008-08-31": "", "2008-05-31": "", "2008-02-29": "", "2007-11-30": "", "2007-08-31": "", "2007-05-31": "", "2007-02-28": "", "2006-11-30": "", "2006-08-31": "", "2006-05-31": "", "2006-02-28": "", "2005-11-30": "", "2005-08-31": "", "2005-05-31": "", "2005-02-28": ""}, "Goodwill And Intangible Assets": {"2020-11-30": "1843.70000", "2020-08-31": "1843.70000", "2020-05-31": "1843.30000", "2020-02-29": "2156.30000", "2019-11-30": "2150.20000", "2019-08-31": "2150.50000", "2019-05-31": "2134.50000", "2019-02-28": "2134.50000", "2018-11-30": "2134.50000", "2018-08-31": "2134.50000", "2018-05-31": "2134.50000", "2018-02-28": "2132.20000", "2017-11-30": "2123.30000", "2017-08-31": "2122.40000", "2017-05-31": "2151.90000", "2017-02-28": "1447.50000", "2016-11-30": "1447.50000", "2016-08-31": "1446.90000", "2016-05-31": "1446.90000", "2016-02-29": "1446.90000", "2015-11-30": "1447.00000", "2015-08-31": "1447.00000", "2015-05-31": "1447.00000", "2015-02-28": "1447.00000", "2014-11-30": "1447.10000", "2014-08-31": "1447.10000", "2014-05-31": "1447.10000", "2014-02-28": "1482.20000", "2013-11-30": "1482.30000", "2013-08-31": "1482.30000", "2013-05-31": "1482.10000", "2013-02-28": "1478.70000", "2012-11-30": "1479.10000", "2012-08-31": "1003.50000", "2012-05-31": "1003.50000", "2012-02-29": "1004.00000", "2011-11-30": "1004.60000", "2011-08-31": "970.90000", "2011-05-31": "971.10000", "2011-02-28": "971.20000", "2010-11-30": "971.30000", "2010-08-31": "971.30000", "2010-05-31": "971.30000", "2010-02-28": "972.30000", "2009-11-30": "972.50000", "2009-08-31": "972.50000", "2009-05-31": "973.10000", "2009-02-28": "974.40000", "2008-11-30": "974.40000", "2008-08-31": "974.40000", "2008-05-31": "974.90000", "2008-02-29": "974.90000", "2007-11-30": "975.30000", "2007-08-31": "", "2007-05-31": "", "2007-02-28": "", "2006-11-30": "", "2006-08-31": "", "2006-05-31": "", "2006-02-28": "", "2005-11-30": "", "2005-08-31": "", "2005-05-31": "", "2005-02-28": ""}, "Other Long-Term Assets": {"2020-11-30": "288.40000", "2020-08-31": "283.80000", "2020-05-31": "275.30000", "2020-02-29": "305.70020", "2019-11-30": "297.39990", "2019-08-31": "291.00020", "2019-05-31": "313.10000", "2019-02-28": "336.20000", "2018-11-30": "332.40000", "2018-08-31": "344.20000", "2018-05-31": "351.70000", "2018-02-28": "348.10000", "2017-11-30": "322.90000", "2017-08-31": "299.30000", "2017-05-31": "280.20000", "2017-02-28": "278.30000", "2016-11-30": "274.10000", "2016-08-31": "276.70000", "2016-05-31": "273.80000", "2016-02-29": "267.00000", "2015-11-30": "277.20000", "2015-08-31": "270.70000", "2015-05-31": "275.50000", "2015-02-28": "285.50000", "2014-11-30": "283.10000", "2014-08-31": "293.10000", "2014-05-31": "278.80000", "2014-02-28": "321.20000", "2013-11-30": "318.90000", "2013-08-31": "302.40000", "2013-05-31": "298.80000", "2013-02-28": "290.70000", "2012-11-30": "267.30000", "2012-08-31": "253.70000", "2012-05-31": "231.80000", "2012-02-29": "235.20000", "2011-11-30": "223.50000", "2011-08-31": "201.10000", "2011-05-31": "209.70000", "2011-02-28": "191.40000", "2010-11-30": "197.40000", "2010-08-31": "190.70000", "2010-05-31": "210.90000", "2010-02-28": "196.70000", "2009-11-30": "192.30000", "2009-08-31": "194.80000", "2009-05-31": "190.60000", "2009-02-28": "196.10000", "2008-11-30": "211.40000", "2008-08-31": "211.00000", "2008-05-31": "221.80000", "2008-02-29": "215.80000", "2007-11-30": "222.50000", "2007-08-31": "152.70000", "2007-05-31": "151.00000", "2007-02-28": "187.60000", "2006-11-30": "187.79300", "2006-08-31": "184.55100", "2006-05-31": "186.60000", "2006-02-28": "187.30900", "2005-11-30": "187.27000", "2005-08-31": "183.57600", "2005-05-31": "179.05100", "2005-02-28": "180.67200"}, "Total Long-Term Assets": {"2020-11-30": "8817.90000", "2020-08-31": "8818.49900", "2020-05-31": "8844.70000", "2020-02-29": "9287.30000", "2019-11-30": "9207.19900", "2019-08-31": "9049.20000", "2019-05-31": "5000.20000", "2019-02-28": "5010.60000", "2018-11-30": "4988.00000", "2018-08-31": "4952.30000", "2018-05-31": "4916.00000", "2018-02-28": "4885.10000", "2017-11-30": "4832.40000", "2017-08-31": "4740.50000", "2017-05-31": "4704.40000", "2017-02-28": "3794.90000", "2016-11-30": "3778.50000", "2016-08-31": "3759.50000", "2016-05-31": "3762.30000", "2016-02-29": "3772.00000", "2015-11-30": "3798.80000", "2015-08-31": "4821.90000", "2015-05-31": "4938.30000", "2015-02-28": "5021.00000", "2014-11-30": "5068.50000", "2014-08-31": "5120.20000", "2014-05-31": "5106.90000", "2014-02-28": "6315.60100", "2013-11-30": "6323.00000", "2013-08-31": "6254.30000", "2013-05-31": "6172.00000", "2013-02-28": "6104.40000", "2012-11-30": "6032.10000", "2012-08-31": "5293.60000", "2012-05-31": "5186.60000", "2012-02-29": "5122.10000", "2011-11-30": "5066.60000", "2011-08-31": "4862.20000", "2011-05-31": "4802.80000", "2011-02-28": "4716.10000", "2010-11-30": "4689.30000", "2010-08-31": "4606.20000", "2010-05-31": "4585.90000", "2010-02-28": "4543.60000", "2009-11-30": "4517.30000", "2009-08-31": "4486.30000", "2009-05-31": "4470.40000", "2009-02-28": "4447.20000", "2008-11-30": "4401.80000", "2008-08-31": "4320.70000", "2008-05-31": "4262.70000", "2008-02-29": "4185.60000", "2007-11-30": "4123.10000", "2007-08-31": "2379.20000", "2007-05-31": "2335.40000", "2007-02-28": "2671.30000", "2006-11-30": "2663.77200", "2006-08-31": "2633.87500", "2006-05-31": "2632.60000", "2006-02-28": "2596.20500", "2005-11-30": "2592.21800", "2005-08-31": "2564.51200", "2005-05-31": "2530.50500", "2005-02-28": "2499.03100"}, "Total Assets": {"2020-11-30": "9927.60000", "2020-08-31": "9789.50000", "2020-05-31": "9946.10000", "2020-02-29": "9973.30000", "2019-11-30": "9742.70000", "2019-08-31": "9719.50000", "2019-05-31": "5892.80000", "2019-02-28": "5697.80000", "2018-11-30": "5549.20000", "2018-08-31": "5496.90000", "2018-05-31": "5469.60000", "2018-02-28": "5454.70000", "2017-11-30": "5317.60000", "2017-08-31": "5223.50000", "2017-05-31": "5292.30000", "2017-02-28": "4679.80000", "2016-11-30": "4461.90000", "2016-08-31": "4370.30000", "2016-05-31": "4582.60000", "2016-02-29": "4501.90000", "2015-11-30": "5182.30000", "2015-08-31": "6026.50000", "2015-05-31": "5994.70000", "2015-02-28": "6002.90000", "2014-11-30": "5787.90000", "2014-08-31": "6124.10000", "2014-05-31": "7082.70000", "2014-02-28": "7224.80000", "2013-11-30": "7157.30000", "2013-08-31": "7064.00000", "2013-05-31": "6936.90000", "2013-02-28": "6957.80000", "2012-11-30": "6832.70000", "2012-08-31": "6020.40000", "2012-05-31": "5944.20000", "2012-02-29": "5927.40000", "2011-11-30": "5864.60000", "2011-08-31": "5594.20000", "2011-05-31": "5466.60000", "2011-02-28": "5414.80000", "2010-11-30": "5252.30000", "2010-08-31": "5109.90000", "2010-05-31": "5276.10000", "2010-02-28": "5242.40000", "2009-11-30": "5042.70000", "2009-08-31": "5022.80000", "2009-05-31": "5025.20000", "2009-02-28": "5056.30000", "2008-11-30": "4966.40000", "2008-08-31": "4818.00000", "2008-05-31": "4730.60000", "2008-02-29": "4725.60000", "2007-11-30": "4754.40000", "2007-08-31": "2931.80000", "2007-05-31": "2880.80000", "2007-02-28": "3159.30000", "2006-11-30": "3130.45000", "2006-08-31": "3060.17500", "2006-05-31": "3010.20000", "2006-02-28": "3030.40100", "2005-11-30": "3055.50900", "2005-08-31": "3275.88000", "2005-05-31": "2937.77100", "2005-02-28": "2995.83900"}, "Total Current Liabilities": {"2020-11-30": "1546.10000", "2020-08-31": "1543.90000", "2020-05-31": "1792.80000", "2020-02-29": "1683.10000", "2019-11-30": "1557.50000", "2019-08-31": "1548.60000", "2019-05-31": "1474.10000", "2019-02-28": "1442.90000", "2018-11-30": "1385.30000", "2018-08-31": "1324.30000", "2018-05-31": "1384.50000", "2018-02-28": "1467.50000", "2017-11-30": "1418.00000", "2017-08-31": "1258.30000", "2017-05-31": "1289.20000", "2017-02-28": "1232.10000", "2016-11-30": "1151.30000", "2016-08-31": "1132.10000", "2016-05-31": "1187.10000", "2016-02-29": "1201.10000", "2015-11-30": "1815.40000", "2015-08-31": "1142.60000", "2015-05-31": "1196.70000", "2015-02-28": "1350.80000", "2014-11-30": "1306.00000", "2014-08-31": "1601.80000", "2014-05-31": "1618.50000", "2014-02-28": "1641.50000", "2013-11-30": "1646.50000", "2013-08-31": "1563.10000", "2013-05-31": "1416.40000", "2013-02-28": "1535.40000", "2012-11-30": "1543.60000", "2012-08-31": "1860.90000", "2012-05-31": "1774.10000", "2012-02-29": "1898.30000", "2011-11-30": "1864.80000", "2011-08-31": "1452.20000", "2011-05-31": "1286.80000", "2011-02-28": "1331.40000", "2010-11-30": "1255.40000", "2010-08-31": "1148.10000", "2010-05-31": "1209.80000", "2010-02-28": "1250.40000", "2009-11-30": "1148.90000", "2009-08-31": "1174.10000", "2009-05-31": "1096.10000", "2009-02-28": "1375.20000", "2008-11-30": "1379.70000", "2008-08-31": "1207.40000", "2008-05-31": "1136.20000", "2008-02-29": "1242.50000", "2007-11-30": "1302.80000", "2007-08-31": "995.10000", "2007-05-31": "1074.40000", "2007-02-28": "1177.80000", "2006-11-30": "1093.52800", "2006-08-31": "1036.53000", "2006-05-31": "1026.10000", "2006-02-28": "868.64200", "2005-11-30": "888.55100", "2005-08-31": "1100.38300", "2005-05-31": "1044.60700", "2005-02-28": "1087.07400"}, "Long Term Debt": {"2020-11-30": "929.40000", "2020-08-31": "929.10000", "2020-05-31": "928.80000", "2020-02-29": "928.50000", "2019-11-30": "928.19970", "2019-08-31": "928.00000", "2019-05-31": "927.70000", "2019-02-28": "927.40000", "2018-11-30": "927.10000", "2018-08-31": "926.80000", "2018-05-31": "926.50000", "2018-02-28": "926.40000", "2017-11-30": "935.60000", "2017-08-31": "936.60000", "2017-05-31": "936.60000", "2017-02-28": "440.70000", "2016-11-30": "440.50000", "2016-08-31": "440.20000", "2016-05-31": "440.00000", "2016-02-29": "439.70000", "2015-11-30": "439.50000", "2015-08-31": "1437.60000", "2015-05-31": "1452.30000", "2015-02-28": "1511.80000", "2014-11-30": "1519.20000", "2014-08-31": "1519.90000", "2014-05-31": "2463.40000", "2014-02-28": "2533.60000", "2013-11-30": "2533.30000", "2013-08-31": "2530.10000", "2013-05-31": "2548.70000", "2013-02-28": "2555.40000", "2012-11-30": "2557.00000", "2012-08-31": "1507.80000", "2012-05-31": "1508.10000", "2012-02-29": "1507.60000", "2011-11-30": "1508.50000", "2011-08-31": "1461.50000", "2011-05-31": "1463.30000", "2011-02-28": "1464.00000", "2010-11-30": "1465.70000", "2010-08-31": "1467.10000", "2010-05-31": "1466.30000", "2010-02-28": "1542.90000", "2009-11-30": "1543.60000", "2009-08-31": "1542.50000", "2009-05-31": "1691.20000", "2009-02-28": "1691.70000", "2008-11-30": "1692.80000", "2008-08-31": "1692.90000", "2008-05-31": "1694.20000", "2008-02-29": "1695.30000", "2007-11-30": "1686.10000", "2007-08-31": "491.00000", "2007-05-31": "491.60000", "2007-02-28": "492.30000", "2006-11-30": "493.17400", "2006-08-31": "493.85500", "2006-05-31": "494.70000", "2006-02-28": "645.12500", "2005-11-30": "645.83000", "2005-08-31": "646.93300", "2005-05-31": "350.31800", "2005-02-28": "351.41200"}, "Other Non-Current Liabilities": {"2020-11-30": "729.10000", "2020-08-31": "633.90000", "2020-05-31": "560.90000", "2020-02-29": "514.60000", "2019-11-30": "495.00000", "2019-08-31": "430.60000", "2019-05-31": "587.10000", "2019-02-28": "534.60000", "2018-11-30": "522.20000", "2018-08-31": "522.70000", "2018-05-31": "531.80000", "2018-02-28": "518.90000", "2017-11-30": "542.90000", "2017-08-31": "525.90000", "2017-05-31": "536.40000", "2017-02-28": "495.50000", "2016-11-30": "489.80000", "2016-08-31": "482.00000", "2016-05-31": "498.60000", "2016-02-29": "479.00000", "2015-11-30": "475.30000", "2015-08-31": "459.80000", "2015-05-31": "444.50000", "2015-02-28": "360.50000", "2014-11-30": "358.60000", "2014-08-31": "376.50000", "2014-05-31": "351.60000", "2014-02-28": "330.50000", "2013-11-30": "326.40000", "2013-08-31": "307.90000", "2013-05-31": "325.40000", "2013-02-28": "323.40000", "2012-11-30": "308.90000", "2012-08-31": "278.00000", "2012-05-31": "302.70000", "2012-02-29": "216.50000", "2011-11-30": "218.60000", "2011-08-31": "234.20000", "2011-05-31": "248.70000", "2011-02-28": "189.40000", "2010-11-30": "197.50000", "2010-08-31": "193.30000", "2010-05-31": "267.30000", "2010-02-28": "161.20000", "2009-11-30": "173.20000", "2009-08-31": "175.60000", "2009-05-31": "180.30000", "2009-02-28": "146.10000", "2008-11-30": "146.40000", "2008-08-31": "156.90000", "2008-05-31": "154.50000", "2008-02-29": "172.90000", "2007-11-30": "186.70000", "2007-08-31": "127.00000", "2007-05-31": "67.40000", "2007-02-28": "44.80000", "2006-11-30": "43.37200", "2006-08-31": "41.50300", "2006-05-31": "30.50000", "2006-02-28": "31.44900", "2005-11-30": "27.67600", "2005-08-31": "24.99100", "2005-05-31": "24.10900", "2005-02-28": "20.78500"}, "Total Long Term Liabilities": {"2020-11-30": "5926.40000", "2020-08-31": "5870.60000", "2020-05-31": "5822.10000", "2020-02-29": "5949.00000", "2019-11-30": "5911.50000", "2019-08-31": "5789.60000", "2019-05-31": "2026.10000", "2019-02-28": "1939.20000", "2018-11-30": "1913.60000", "2018-08-31": "1897.40000", "2018-05-31": "1890.30000", "2018-02-28": "1862.30000", "2017-11-30": "1923.50000", "2017-08-31": "1906.50000", "2017-05-31": "1901.40000", "2017-02-28": "1474.90000", "2016-11-30": "1457.20000", "2016-08-31": "1436.90000", "2016-05-31": "1443.50000", "2016-02-29": "1382.60000", "2015-11-30": "1377.10000", "2015-08-31": "2459.80000", "2015-05-31": "2464.50000", "2015-02-28": "2414.30000", "2014-11-30": "2376.40000", "2014-08-31": "2394.40000", "2014-05-31": "3307.30000", "2014-02-28": "3461.60000", "2013-11-30": "3451.60000", "2013-08-31": "3429.40000", "2013-05-31": "3461.00000", "2013-02-28": "3472.10000", "2012-11-30": "3425.70000", "2012-08-31": "2299.50000", "2012-05-31": "2328.10000", "2012-02-29": "2252.80000", "2011-11-30": "2285.90000", "2011-08-31": "2238.70000", "2011-05-31": "2243.60000", "2011-02-28": "2159.90000", "2010-11-30": "2118.30000", "2010-08-31": "2091.40000", "2010-05-31": "2172.30000", "2010-02-28": "2148.20000", "2009-11-30": "2177.80000", "2009-08-31": "2171.90000", "2009-05-31": "2323.10000", "2009-02-28": "2202.50000", "2008-11-30": "2199.60000", "2008-08-31": "2196.80000", "2008-05-31": "2185.30000", "2008-02-29": "2169.90000", "2007-11-30": "2149.80000", "2007-08-31": "746.60000", "2007-05-31": "711.90000", "2007-02-28": "747.99990", "2006-11-30": "757.92600", "2006-08-31": "759.05100", "2006-05-31": "754.30000", "2006-02-28": "911.87190", "2005-11-30": "912.16800", "2005-08-31": "914.12300", "2005-05-31": "620.14500", "2005-02-28": "621.04390"}, "Total Liabilities": {"2020-11-30": "7472.50000", "2020-08-31": "7414.50000", "2020-05-31": "7614.90000", "2020-02-29": "7632.10000", "2019-11-30": "7469.00000", "2019-08-31": "7338.20000", "2019-05-31": "3500.20000", "2019-02-28": "3382.10000", "2018-11-30": "3298.90000", "2018-08-31": "3221.70000", "2018-05-31": "3274.80000", "2018-02-28": "3329.80000", "2017-11-30": "3341.50000", "2017-08-31": "3164.80000", "2017-05-31": "3190.60000", "2017-02-28": "2707.00000", "2016-11-30": "2608.50000", "2016-08-31": "2569.00000", "2016-05-31": "2630.60000", "2016-02-29": "2583.70000", "2015-11-30": "3192.50000", "2015-08-31": "3602.40000", "2015-05-31": "3661.20000", "2015-02-28": "3765.10000", "2014-11-30": "3682.40000", "2014-08-31": "3996.20000", "2014-05-31": "4925.80000", "2014-02-28": "5103.10000", "2013-11-30": "5098.10000", "2013-08-31": "4992.50000", "2013-05-31": "4877.40000", "2013-02-28": "5007.50000", "2012-11-30": "4969.30000", "2012-08-31": "4160.40000", "2012-05-31": "4102.20000", "2012-02-29": "4151.10000", "2011-11-30": "4150.70000", "2011-08-31": "3690.90000", "2011-05-31": "3530.40000", "2011-02-28": "3491.30000", "2010-11-30": "3373.70000", "2010-08-31": "3239.50000", "2010-05-31": "3382.10000", "2010-02-28": "3398.60000", "2009-11-30": "3326.70000", "2009-08-31": "3346.00000", "2009-05-31": "3419.20000", "2009-02-28": "3577.70000", "2008-11-30": "3579.30000", "2008-08-31": "3404.20000", "2008-05-31": "3321.50000", "2008-02-29": "3412.40000", "2007-11-30": "3452.60000", "2007-08-31": "1741.70000", "2007-05-31": "1786.30000", "2007-02-28": "1925.80000", "2006-11-30": "1851.45400", "2006-08-31": "1795.58100", "2006-05-31": "1780.40000", "2006-02-28": "1780.51400", "2005-11-30": "1800.71900", "2005-08-31": "2014.50600", "2005-05-31": "1664.75200", "2005-02-28": "1708.11800"}, "Common Stock Net": {"2020-11-30": "2239.00000", "2020-08-31": "2220.90000", "2020-05-31": "2205.30000", "2020-02-29": "1693.00000", "2019-11-30": "1690.00000", "2019-08-31": "1692.90000", "2019-05-31": "1685.00000", "2019-02-28": "1676.80000", "2018-11-30": "1675.50000", "2018-08-31": "1667.40000", "2018-05-31": "1631.90000", "2018-02-28": "1628.40000", "2017-11-30": "1606.80000", "2017-08-31": "1619.80000", "2017-05-31": "1614.60000", "2017-02-28": "1547.00000", "2016-11-30": "1522.90000", "2016-08-31": "1472.40000", "2016-05-31": "1502.60000", "2016-02-29": "1485.10000", "2015-11-30": "1488.30000", "2015-08-31": "1478.50000", "2015-05-31": "1405.90000", "2015-02-28": "1338.80000", "2014-11-30": "1200.70000", "2014-08-31": "817.00000", "2014-05-31": "1302.20000", "2014-02-28": "1280.90000", "2013-11-30": "1255.70000", "2013-08-31": "1222.80000", "2013-05-31": "1207.60000", "2013-02-28": "1184.50000", "2012-11-30": "1164.30000", "2012-08-31": "2542.50000", "2012-05-31": "2518.80000", "2012-02-29": "2483.70000", "2011-11-30": "2457.90000", "2011-08-31": "2444.40000", "2011-05-31": "2408.80000", "2011-02-28": "2383.10000", "2010-11-30": "2350.90000", "2010-08-31": "2311.50000", "2010-05-31": "2297.90000", "2010-02-28": "2242.40000", "2009-11-30": "2209.10000", "2009-08-31": "2194.80000", "2009-05-31": "2183.10000", "2009-02-28": "2121.30000", "2008-11-30": "2103.50000", "2008-08-31": "2093.60000", "2008-05-31": "2074.90000", "2008-02-29": "2061.50000", "2007-11-30": "2042.80000", "2007-08-31": "1926.70000", "2007-05-31": "1904.30000", "2007-02-28": "1882.90000", "2006-11-30": "1863.72600", "2006-08-31": "1813.26700", "2006-05-31": "1806.40000", "2006-02-28": "1796.10800", "2005-11-30": "1758.85100", "2005-08-31": "1743.25200", "2005-05-31": "1703.33600", "2005-02-28": "1661.68300"}, "Retained Earnings (Accumulated Deficit)": {"2020-11-30": "223.20000", "2020-08-31": "166.60000", "2020-05-31": "143.50000", "2020-02-29": "648.60000", "2019-11-30": "584.50000", "2019-08-31": "789.90000", "2019-05-31": "806.60000", "2019-02-28": "728.40000", "2018-11-30": "662.50000", "2018-08-31": "693.50000", "2018-05-31": "657.60000", "2018-02-28": "586.40000", "2017-11-30": "447.30000", "2017-08-31": "515.00000", "2017-05-31": "560.10000", "2017-02-28": "520.00000", "2016-11-30": "424.40000", "2016-08-31": "429.30000", "2016-05-31": "547.50000", "2016-02-29": "507.50000", "2015-11-30": "577.90000", "2015-08-31": "1042.30000", "2015-05-31": "1026.00000", "2015-02-28": "989.00000", "2014-11-30": "997.30000", "2014-08-31": "1426.10000", "2014-05-31": "995.80000", "2014-02-28": "982.00000", "2013-11-30": "944.70000", "2013-08-31": "996.80000", "2013-05-31": "998.90000", "2013-02-28": "930.90000", "2012-11-30": "861.80000", "2012-08-31": "3219.10000", "2012-05-31": "3172.80000", "2012-02-29": "3077.20000", "2011-11-30": "2968.50000", "2011-08-31": "2970.70000", "2011-05-31": "2921.90000", "2011-02-28": "2828.20000", "2010-11-30": "2721.00000", "2010-08-31": "2690.60000", "2010-05-31": "2621.90000", "2010-02-28": "2541.60000", "2009-11-30": "2442.10000", "2009-08-31": "2417.00000", "2009-05-31": "2357.40000", "2009-02-28": "2262.60000", "2008-11-30": "2182.30000", "2008-08-31": "2150.20000", "2008-05-31": "2096.00000", "2008-02-29": "2019.20000", "2007-11-30": "1918.30000", "2007-08-31": "1900.20000", "2007-05-31": "1820.40000", "2007-02-28": "1907.80000", "2006-11-30": "1801.41500", "2006-08-31": "1773.28500", "2006-05-31": "1684.70000", "2006-02-28": "1621.78800", "2005-11-30": "1516.47100", "2005-08-31": "1491.26800", "2005-05-31": "1405.75400", "2005-02-28": "1328.01900"}, "Comprehensive Income": {"2020-11-30": "-7.10000", "2020-08-31": "-12.50000", "2020-05-31": "-17.60000", "2020-02-29": "-0.40000", "2019-11-30": "-0.50000", "2019-08-31": "-101.00000", "2019-05-31": "-98.20000", "2019-02-28": "-81.00000", "2018-11-30": "-78.70000", "2018-08-31": "-76.40000", "2018-05-31": "-85.20000", "2018-02-28": "-80.40000", "2017-11-30": "-68.20000", "2017-08-31": "-66.10000", "2017-05-31": "-62.90000", "2017-02-28": "-84.00000", "2016-11-30": "-83.30000", "2016-08-31": "-89.40000", "2016-05-31": "-87.00000", "2016-02-29": "-63.30000", "2015-11-30": "-65.00000", "2015-08-31": "-85.20000", "2015-05-31": "-86.60000", "2015-02-28": "-77.80000", "2014-11-30": "-79.80000", "2014-08-31": "-102.50000", "2014-05-31": "-128.10000", "2014-02-28": "-128.00000", "2013-11-30": "-127.90000", "2013-08-31": "-134.40000", "2013-05-31": "-132.80000", "2013-02-28": "-150.30000", "2012-11-30": "-147.70000", "2012-08-31": "-147.80000", "2012-05-31": "-146.60000", "2012-02-29": "-97.50000", "2011-11-30": "-101.90000", "2011-08-31": "-88.10000", "2011-05-31": "-59.80000", "2011-02-28": "-61.40000", "2010-11-30": "-70.40000", "2010-08-31": "-82.30000", "2010-05-31": "-71.10000", "2010-02-28": "-50.90000", "2009-11-30": "-58.10000", "2009-08-31": "-56.80000", "2009-05-31": "-57.20000", "2009-02-28": "-37.80000", "2008-11-30": "-35.70000", "2008-08-31": "-23.50000", "2008-05-31": "-20.70000", "2008-02-29": "-27.00000", "2007-11-30": "-26.10000", "2007-08-31": "-33.50000", "2007-05-31": "-32.80000", "2007-02-28": "-3.90000", "2006-11-30": "-5.72700", "2006-08-31": "-4.96800", "2006-05-31": "-5.50000", "2006-02-28": "-3.95000", "2005-11-30": "-1.91100", "2005-08-31": "-3.75900", "2005-05-31": "-8.87600", "2005-02-28": "-8.20400"}, "Other Share Holders Equity": {"2020-11-30": "", "2020-08-31": "", "2020-05-31": "", "2020-02-29": "", "2019-11-30": "", "2019-08-31": "", "2019-05-31": "", "2019-02-28": "", "2018-11-30": "", "2018-08-31": "", "2018-05-31": "", "2018-02-28": "", "2017-11-30": "", "2017-08-31": "", "2017-05-31": "", "2017-02-28": "", "2016-11-30": "", "2016-08-31": "", "2016-05-31": "", "2016-02-29": "", "2015-11-30": "", "2015-08-31": "", "2015-05-31": "", "2015-02-28": "", "2014-11-30": "", "2014-08-31": "", "2014-05-31": "", "2014-02-28": "", "2013-11-30": "", "2013-08-31": "", "2013-05-31": "", "2013-02-28": "", "2012-11-30": "", "2012-08-31": "", "2012-05-31": "", "2012-02-29": "", "2011-11-30": "", "2011-08-31": "", "2011-05-31": "", "2011-02-28": "", "2010-11-30": "", "2010-08-31": "", "2010-05-31": "", "2010-02-28": "", "2009-11-30": "", "2009-08-31": "", "2009-05-31": "-0.10000", "2009-02-28": "-0.10000", "2008-11-30": "-0.10000", "2008-08-31": "-0.10000", "2008-05-31": "-0.10000", "2008-02-29": "-0.10000", "2007-11-30": "-0.20000", "2007-08-31": "-0.20000", "2007-05-31": "-0.30000", "2007-02-28": "-0.30000", "2006-11-30": "-0.31200", "2006-08-31": "-0.34300", "2006-05-31": "-0.40000", "2006-02-28": "-0.43900", "2005-11-30": "-0.48900", "2005-08-31": "-0.57200", "2005-05-31": "-0.67500", "2005-02-28": "-0.71600"}, "Share Holder Equity": {"2020-11-30": "2455.10000", "2020-08-31": "2375.00000", "2020-05-31": "2331.20000", "2020-02-29": "2341.20000", "2019-11-30": "2273.70000", "2019-08-31": "2381.30000", "2019-05-31": "2392.60000", "2019-02-28": "2315.70000", "2018-11-30": "2250.30000", "2018-08-31": "2275.20000", "2018-05-31": "2194.80000", "2018-02-28": "2124.90000", "2017-11-30": "1976.10000", "2017-08-31": "2058.70000", "2017-05-31": "2101.70000", "2017-02-28": "1972.80000", "2016-11-30": "1853.40000", "2016-08-31": "1801.30000", "2016-05-31": "1952.00000", "2016-02-29": "1918.20000", "2015-11-30": "1989.80000", "2015-08-31": "2424.10000", "2015-05-31": "2333.50000", "2015-02-28": "2237.80000", "2014-11-30": "2105.50000", "2014-08-31": "2127.90000", "2014-05-31": "2156.90000", "2014-02-28": "2121.70000", "2013-11-30": "2059.20000", "2013-08-31": "2071.50000", "2013-05-31": "2059.50000", "2013-02-28": "1950.30000", "2012-11-30": "1863.40000", "2012-08-31": "1860.00000", "2012-05-31": "1842.00000", "2012-02-29": "1776.30000", "2011-11-30": "1713.90000", "2011-08-31": "1903.30000", "2011-05-31": "1936.20000", "2011-02-28": "1923.50000", "2010-11-30": "1878.60000", "2010-08-31": "1870.40000", "2010-05-31": "1894.00000", "2010-02-28": "1843.80000", "2009-11-30": "1716.00000", "2009-08-31": "1676.80000", "2009-05-31": "1606.00000", "2009-02-28": "1478.60000", "2008-11-30": "1387.10000", "2008-08-31": "1413.80000", "2008-05-31": "1409.10000", "2008-02-29": "1313.20000", "2007-11-30": "1301.80000", "2007-08-31": "1190.10000", "2007-05-31": "1094.50000", "2007-02-28": "1233.50000", "2006-11-30": "1278.99600", "2006-08-31": "1264.59400", "2006-05-31": "1229.80000", "2006-02-28": "1249.88700", "2005-11-30": "1254.79000", "2005-08-31": "1261.37400", "2005-05-31": "1273.01900", "2005-02-28": "1287.72100"}, "Total Liabilities And Share Holders Equity": {"2020-11-30": "9927.60000", "2020-08-31": "9789.50000", "2020-05-31": "9946.10000", "2020-02-29": "9973.30000", "2019-11-30": "9742.70000", "2019-08-31": "9719.50000", "2019-05-31": "5892.80000", "2019-02-28": "5697.80000", "2018-11-30": "5549.20000", "2018-08-31": "5496.90000", "2018-05-31": "5469.60000", "2018-02-28": "5454.70000", "2017-11-30": "5317.60000", "2017-08-31": "5223.50000", "2017-05-31": "5292.30000", "2017-02-28": "4679.80000", "2016-11-30": "4461.90000", "2016-08-31": "4370.30000", "2016-05-31": "4582.60000", "2016-02-29": "4501.90000", "2015-11-30": "5182.30000", "2015-08-31": "6026.50000", "2015-05-31": "5994.70000", "2015-02-28": "6002.90000", "2014-11-30": "5787.90000", "2014-08-31": "6124.10000", "2014-05-31": "7082.70000", "2014-02-28": "7224.80000", "2013-11-30": "7157.30000", "2013-08-31": "7064.00000", "2013-05-31": "6936.90000", "2013-02-28": "6957.80000", "2012-11-30": "6832.70000", "2012-08-31": "6020.40000", "2012-05-31": "5944.20000", "2012-02-29": "5927.40000", "2011-11-30": "5864.60000", "2011-08-31": "5594.20000", "2011-05-31": "5466.60000", "2011-02-28": "5414.80000", "2010-11-30": "5252.30000", "2010-08-31": "5109.90000", "2010-05-31": "5276.10000", "2010-02-28": "5242.40000", "2009-11-30": "5042.70000", "2009-08-31": "5022.80000", "2009-05-31": "5025.20000", "2009-02-28": "5056.30000", "2008-11-30": "4966.40000", "2008-08-31": "4818.00000", "2008-05-31": "4730.60000", "2008-02-29": "4725.60000", "2007-11-30": "4754.40000", "2007-08-31": "2931.80000", "2007-05-31": "2880.80000", "2007-02-28": "3159.30000", "2006-11-30": "3130.45000", "2006-08-31": "3060.17500", "2006-05-31": "3010.20000", "2006-02-28": "3030.40100", "2005-11-30": "3055.50900", "2005-08-31": "3275.88000", "2005-05-31": "2937.77100", "2005-02-28": "2995.83900"}}, "cash flow statement": {"Net Income/Loss": {"2020-05-31": "-52.40000", "2019-05-31": "713.40000", "2018-05-31": "596.00000", "2017-05-31": "479.10000", "2016-05-31": "375.00000", "2015-05-31": "709.50000", "2014-05-31": "286.20000", "2013-05-31": "411.90000", "2012-05-31": "475.50000", "2011-05-31": "476.30000", "2010-05-31": "404.50000", "2009-05-31": "372.20000", "2008-05-31": "377.20000", "2007-05-31": "201.40000", "2006-05-31": "338.20000", "2005-05-31": "290.60000"}, "Total Depreciation And Amortization - Cash Flow": {"2020-05-31": "355.90000", "2019-05-31": "336.70000", "2018-05-31": "313.10000", "2017-05-31": "272.90000", "2016-05-31": "293.80000", "2015-05-31": "327.90000", "2014-05-31": "318.20000", "2013-05-31": "291.30000", "2012-05-31": "248.00000", "2011-05-31": "319.60000", "2010-05-31": "304.20000", "2009-05-31": "286.40000", "2008-05-31": "248.00000", "2007-05-31": "202.10000", "2006-05-31": "200.00000", "2005-05-31": "198.30000"}, "Other Non-Cash Items": {"2020-05-31": "298.40000", "2019-05-31": "129.80000", "2018-05-31": "73.60000", "2017-05-31": "11.20000", "2016-05-31": "97.30000", "2015-05-31": "-265.49990", "2014-05-31": "-94.20000", "2013-05-31": "-137.20000", "2012-05-31": "-129.90000", "2011-05-31": "96.40000", "2010-05-31": "53.10000", "2009-05-31": "143.40000", "2008-05-31": "81.30000", "2007-05-31": "184.90000", "2006-05-31": "-1.30000", "2005-05-31": "-11.80000"}, "Total Non-Cash Items": {"2020-05-31": "654.30000", "2019-05-31": "466.50000", "2018-05-31": "386.70000", "2017-05-31": "284.10000", "2016-05-31": "391.10000", "2015-05-31": "62.40000", "2014-05-31": "224.00000", "2013-05-31": "154.10000", "2012-05-31": "118.10000", "2011-05-31": "416.00000", "2010-05-31": "357.30000", "2009-05-31": "429.80000", "2008-05-31": "329.30000", "2007-05-31": "387.00000", "2006-05-31": "198.70000", "2005-05-31": "186.50000"}, "Change In Accounts Receivable": {"2020-05-31": "13.70000", "2019-05-31": "2.10000", "2018-05-31": "-7.20000", "2017-05-31": "-6.50000", "2016-05-31": "14.00000", "2015-05-31": "7.80000", "2014-05-31": "-1.50000", "2013-05-31": "-11.10000", "2012-05-31": "-10.70000", "2011-05-31": "-5.90000", "2010-05-31": "-15.80000", "2009-05-31": "31.80000", "2008-05-31": "-1.50000", "2007-05-31": "-5.90000", "2006-05-31": "-0.70000", "2005-05-31": "-5.40000"}, "Change In Inventories": {"2020-05-31": "-13.90000", "2019-05-31": "-2.10000", "2018-05-31": "-26.60000", "2017-05-31": "5.00000", "2016-05-31": "-11.80000", "2015-05-31": "64.50000", "2014-05-31": "-25.60000", "2013-05-31": "-1.80000", "2012-05-31": "-53.40000", "2011-05-31": "-79.30000", "2010-05-31": "26.20000", "2009-05-31": "-30.20000", "2008-05-31": "9.50000", "2007-05-31": "-14.20000", "2006-05-31": "37.00000", "2005-05-31": "-35.80000"}, "Change In Accounts Payable": {"2020-05-31": "-68.50000", "2019-05-31": "55.00000", "2018-05-31": "12.60000", "2017-05-31": "-9.00000", "2016-05-31": "45.60000", "2015-05-31": "-20.90000", "2014-05-31": "27.20000", "2013-05-31": "4.40000", "2012-05-31": "10.00000", "2011-05-31": "5.50000", "2010-05-31": "27.60000", "2009-05-31": "-25.20000", "2008-05-31": "38.60000", "2007-05-31": "-23.60000", "2006-05-31": "29.40000", "2005-05-31": "8.80000"}, "Change In Assets/Liabilities": {"2020-05-31": "202.60000", "2019-05-31": "51.50000", "2018-05-31": "40.70000", "2017-05-31": "121.00000", "2016-05-31": "35.10000", "2015-05-31": "39.20000", "2014-05-31": "58.60000", "2013-05-31": "12.60000", "2012-05-31": "1.90000", "2011-05-31": "69.80000", "2010-05-31": "25.50000", "2009-05-31": "47.30000", "2008-05-31": "42.20000", "2007-05-31": "21.50000", "2006-05-31": "39.40000", "2005-05-31": "44.50000"}, "Total Change In Assets/Liabilities": {"2020-05-31": "115.50000", "2019-05-31": "87.70000", "2018-05-31": "37.10000", "2017-05-31": "153.10000", "2016-05-31": "54.30000", "2015-05-31": "102.40000", "2014-05-31": "45.20000", "2013-05-31": "28.40000", "2012-05-31": "-80.10000", "2011-05-31": "2.40000", "2010-05-31": "141.60000", "2009-05-31": "-18.50000", "2008-05-31": "60.30000", "2007-05-31": "-18.60000", "2006-05-31": "162.20000", "2005-05-31": "72.90000"}, "Cash Flow From Operating Activities": {"2020-05-31": "717.40000", "2019-05-31": "1267.60000", "2018-05-31": "1019.80000", "2017-05-31": "916.30000", "2016-05-31": "820.40000", "2015-05-31": "874.30000", "2014-05-31": "555.40000", "2013-05-31": "594.40000", "2012-05-31": "513.50000", "2011-05-31": "894.70000", "2010-05-31": "903.40000", "2009-05-31": "783.50000", "2008-05-31": "766.80000", "2007-05-31": "569.80000", "2006-05-31": "699.10000", "2005-05-31": "550.00000"}, "Net Change In Property, Plant, And Equipment": {"2020-05-31": "-478.70000", "2019-05-31": "-464.70000", "2018-05-31": "-415.50000", "2017-05-31": "-310.00000", "2016-05-31": "73.60000", "2015-05-31": "-244.80000", "2014-05-31": "-410.40000", "2013-05-31": "-509.80000", "2012-05-31": "-454.50000", "2011-05-31": "-540.70000", "2010-05-31": "-419.60000", "2009-05-31": "-530.70000", "2008-05-31": "-423.30000", "2007-05-31": "-287.30000", "2006-05-31": "-252.90000", "2005-05-31": "-192.40000"}, "Net Change In Intangible Assets": {"2020-05-31": "", "2019-05-31": "", "2018-05-31": "", "2017-05-31": "", "2016-05-31": "", "2015-05-31": "", "2014-05-31": "", "2013-05-31": "", "2012-05-31": "", "2011-05-31": "", "2010-05-31": "", "2009-05-31": "", "2008-05-31": "", "2007-05-31": "", "2006-05-31": "", "2005-05-31": ""}, "Net Acquisitions/Divestitures": {"2020-05-31": "-55.80000", "2019-05-31": "", "2018-05-31": "-40.40000", "2017-05-31": "-764.40000", "2016-05-31": "", "2015-05-31": "", "2014-05-31": "", "2013-05-31": "-577.40000", "2012-05-31": "-58.50000", "2011-05-31": "", "2010-05-31": "", "2009-05-31": "", "2008-05-31": "-1198.10000", "2007-05-31": "", "2006-05-31": "", "2005-05-31": ""}, "Net Change In Short-term Investments": {"2020-05-31": "", "2019-05-31": "", "2018-05-31": "", "2017-05-31": "", "2016-05-31": "", "2015-05-31": "9.70000", "2014-05-31": "5.70000", "2013-05-31": "13.10000", "2012-05-31": "-10.80000", "2011-05-31": "-1.40000", "2010-05-31": "-2.70000", "2009-05-31": "-28.10000", "2008-05-31": "8.20000", "2007-05-31": "", "2006-05-31": "", "2005-05-31": ""}, "Net Change In Long-Term Investments": {"2020-05-31": "", "2019-05-31": "", "2018-05-31": "", "2017-05-31": "", "2016-05-31": "", "2015-05-31": "", "2014-05-31": "", "2013-05-31": "", "2012-05-31": "", "2011-05-31": "", "2010-05-31": "", "2009-05-31": "", "2008-05-31": "", "2007-05-31": "", "2006-05-31": "", "2005-05-31": ""}, "Net Change In Investments - Total": {"2020-05-31": "", "2019-05-31": "", "2018-05-31": "", "2017-05-31": "", "2016-05-31": "", "2015-05-31": "9.70000", "2014-05-31": "5.70000", "2013-05-31": "13.10000", "2012-05-31": "-10.80000", "2011-05-31": "-1.40000", "2010-05-31": "-2.70000", "2009-05-31": "-28.10000", "2008-05-31": "8.20000", "2007-05-31": "", "2006-05-31": "", "2005-05-31": ""}, "Investing Activities - Other": {"2020-05-31": "-9.50000", "2019-05-31": "2.10000", "2018-05-31": "4.80000", "2017-05-31": "4.70000", "2016-05-31": "1.80000", "2015-05-31": "", "2014-05-31": "-31.60000", "2013-05-31": "-40.50000", "2012-05-31": "-15.30000", "2011-05-31": "-10.60000", "2010-05-31": "-6.40000", "2009-05-31": "-3.60000", "2008-05-31": "-2.50000", "2007-05-31": "-2.20000", "2006-05-31": "-5.40000", "2005-05-31": "-1.20000"}, "Cash Flow From Investing Activities": {"2020-05-31": "-544.00000", "2019-05-31": "-462.60000", "2018-05-31": "-451.10000", "2017-05-31": "-1069.70000", "2016-05-31": "75.40000", "2015-05-31": "-235.10000", "2014-05-31": "-436.30000", "2013-05-31": "-1114.60000", "2012-05-31": "-539.10000", "2011-05-31": "-552.70000", "2010-05-31": "-428.70000", "2009-05-31": "-562.40000", "2008-05-31": "-1615.70000", "2007-05-31": "-289.50000", "2006-05-31": "-258.30000", "2005-05-31": "-193.60000"}, "Net Long-Term Debt": {"2020-05-31": "-5.20000", "2019-05-31": "34.70000", "2018-05-31": "-113.60000", "2017-05-31": "501.80000", "2016-05-31": "-1100.20000", "2015-05-31": "-975.00000", "2014-05-31": "-2.00000", "2013-05-31": "692.40000", "2012-05-31": "396.30000", "2011-05-31": "-228.00000", "2010-05-31": "-3.10000", "2009-05-31": "-4.90000", "2008-05-31": "1020.90000", "2007-05-31": "-153.30000", "2006-05-31": "-8.90000", "2005-05-31": "-3.40000"}, "Net Current Debt": {"2020-05-31": "270.00000", "2019-05-31": "", "2018-05-31": "", "2017-05-31": "", "2016-05-31": "", "2015-05-31": "-207.60000", "2014-05-31": "43.10010", "2013-05-31": "-98.09990", "2012-05-31": "77.20000", "2011-05-31": "185.50000", "2010-05-31": "-150.00000", "2009-05-31": "-28.40000", "2008-05-31": "-33.00000", "2007-05-31": "167.40000", "2006-05-31": "44.00000", "2005-05-31": "-14.50000"}, "Debt Issuance/Retirement Net - Total": {"2020-05-31": "264.80000", "2019-05-31": "34.70000", "2018-05-31": "-113.60000", "2017-05-31": "501.80000", "2016-05-31": "-1100.20000", "2015-05-31": "-1182.60000", "2014-05-31": "41.10010", "2013-05-31": "594.30020", "2012-05-31": "473.49990", "2011-05-31": "-42.50000", "2010-05-31": "-153.10000", "2009-05-31": "-33.30000", "2008-05-31": "987.90000", "2007-05-31": "14.10000", "2006-05-31": "35.10000", "2005-05-31": "-17.90000"}, "Net Common Equity Issued/Repurchased": {"2020-05-31": "195.60000", "2019-05-31": "-148.20000", "2018-05-31": "-197.00000", "2017-05-31": "-117.10000", "2016-05-31": "-85.50000", "2015-05-31": "-342.60000", "2014-05-31": "57.60000", "2013-05-31": "12.00000", "2012-05-31": "-304.90000", "2011-05-31": "-322.50000", "2010-05-31": "-18.80000", "2009-05-31": "-87.40000", "2008-05-31": "-92.60000", "2007-05-31": "-314.60000", "2006-05-31": "-372.40000", "2005-05-31": "-237.00000"}, "Net Total Equity Issued/Repurchased": {"2020-05-31": "195.60000", "2019-05-31": "-148.20000", "2018-05-31": "-197.00000", "2017-05-31": "-117.10000", "2016-05-31": "-85.50000", "2015-05-31": "-342.60000", "2014-05-31": "57.60000", "2013-05-31": "12.00000", "2012-05-31": "-304.90000", "2011-05-31": "-322.50000", "2010-05-31": "-18.80000", "2009-05-31": "-87.40000", "2008-05-31": "-92.60000", "2007-05-31": "-314.60000", "2006-05-31": "-372.40000", "2005-05-31": "-237.00000"}, "Total Common And Preferred Stock Dividends Paid": {"2020-05-31": "-322.30000", "2019-05-31": "-370.80000", "2018-05-31": "-313.50000", "2017-05-31": "-279.10000", "2016-05-31": "-268.20000", "2015-05-31": "-278.90000", "2014-05-31": "-288.30000", "2013-05-31": "-258.20000", "2012-05-31": "-223.90000", "2011-05-31": "-175.50000", "2010-05-31": "-140.00000", "2009-05-31": "-110.20000", "2008-05-31": "-100.90000", "2007-05-31": "-65.70000", "2006-05-31": "-59.20000", "2005-05-31": "-12.50000"}, "Financial Activities - Other": {"2020-05-31": "0.60000", "2019-05-31": "0.10000", "2018-05-31": "-12.50000", "2017-05-31": "23.60000", "2016-05-31": "333.10000", "2015-05-31": "19.60000", "2014-05-31": "10.40000", "2013-05-31": "7.30000", "2012-05-31": "14.90000", "2011-05-31": "19.50000", "2010-05-31": "21.90000", "2009-05-31": "26.10000", "2008-05-31": "11.10000", "2007-05-31": "43.30000", "2006-05-31": "3.60000", "2005-05-31": "3.40000"}, "Cash Flow From Financial Activities": {"2020-05-31": "138.70000", "2019-05-31": "-484.20000", "2018-05-31": "-636.60000", "2017-05-31": "129.20000", "2016-05-31": "-1120.80000", "2015-05-31": "-1784.50000", "2014-05-31": "-179.20000", "2013-05-31": "355.40000", "2012-05-31": "-40.40000", "2011-05-31": "-521.00000", "2010-05-31": "-290.00000", "2009-05-31": "-204.80000", "2008-05-31": "805.50000", "2007-05-31": "-322.90000", "2006-05-31": "-392.90000", "2005-05-31": "-264.00000"}, "Net Cash Flow": {"2020-05-31": "306.00000", "2019-05-31": "310.40000", "2018-05-31": "-86.20000", "2017-05-31": "-41.70000", "2016-05-31": "-261.10000", "2015-05-31": "437.60000", "2014-05-31": "10.10000", "2013-05-31": "17.70000", "2012-05-31": "0.00000", "2011-05-31": "-178.30000", "2010-05-31": "185.90000", "2009-05-31": "19.70000", "2008-05-31": "13.00000", "2007-05-31": "-12.10000", "2006-05-31": "-0.50000", "2005-05-31": "6.10000"}, "Stock-Based Compensation": {"2020-05-31": "53.00000", "2019-05-31": "59.80000", "2018-05-31": "42.80000", "2017-05-31": "40.70000", "2016-05-31": "37.30000", "2015-05-31": "53.70000", "2014-05-31": "38.70000", "2013-05-31": "40.00000", "2012-05-31": "46.70000", "2011-05-31": "66.60000", "2010-05-31": "53.50000", "2009-05-31": "41.50000", "2008-05-31": "48.90000", "2007-05-31": "31.60000", "2006-05-31": "12.50000", "2005-05-31": "9.90000"}, "Common Stock Dividends Paid": {"2020-05-31": "-322.30000", "2019-05-31": "-370.80000", "2018-05-31": "-313.50000", "2017-05-31": "-279.10000", "2016-05-31": "-268.20000", "2015-05-31": "-278.90000", "2014-05-31": "-288.30000", "2013-05-31": "-258.20000", "2012-05-31": "-223.90000", "2011-05-31": "-175.50000", "2010-05-31": "-140.00000", "2009-05-31": "-110.20000", "2008-05-31": "-100.90000", "2007-05-31": "-65.70000", "2006-05-31": "-59.20000", "2005-05-31": "-12.50000"}}, "cash flow statement, quarterly": {"Net Income/Loss": {"2020-11-30": 96, "2020-08-31": "36.10000", "2020-05-31": -480, "2020-02-29": 232.3, "2019-11-30": 24.7, "2019-08-31": "170.60000", "2019-05-31": 208, "2019-02-28": 223.6, "2018-11-30": 115.6, "2018-08-31": "166.20000", "2018-05-31": 174.5, "2018-02-28": 217.8, "2017-11-30": 84.7, "2017-08-31": "119.00000", "2017-05-31": 123.8, "2017-02-28": 165.6, "2016-11-30": 79.5, "2016-08-31": "110.20000", "2016-05-31": 139.6, "2016-02-29": 105.8, "2015-11-30": 43.2, "2015-08-31": "86.40000", "2015-05-31": 105.3, "2015-02-28": 133.8, "2014-11-30": -32.8, "2014-08-31": "503.20000", "2014-05-31": 86.5, "2014-02-28": 109.7, "2013-11-30": 19.8, "2013-08-31": "70.20000", "2013-05-31": 133.1, "2013-02-28": 134.4, "2012-11-30": 33.6, "2012-08-31": "110.80000", "2012-05-31": 151.2, "2012-02-29": 164, "2011-11-30": 53.7, "2011-08-31": "106.60000", "2011-05-31": 137.5, "2011-02-28": 151.2, "2010-11-30": 74.5, "2010-08-31": "113.10000", "2010-05-31": 115.6, "2010-02-28": 134.3, "2009-11-30": 60.3, "2009-08-31": "94.30000", "2009-05-31": 123, "2009-02-28": 107.5, "2008-11-30": 59.6, "2008-08-31": "82.10000", "2008-05-31": 101.8, "2008-02-29": 126, "2007-11-30": 43.5, "2007-08-31": "105.90000", "2007-05-31": -55.2, "2007-02-28": 106.4, "2006-11-30": 61.7, "2006-08-31": "88.50000", "2006-05-31": 92.3, "2006-02-28": 105.329, "2005-11-30": 55.057, "2005-08-31": "85.51400", "2005-05-31": 83.983, "2005-02-28": 206.617}, "Total Depreciation And Amortization - Cash Flow": {"2020-11-30": 86, "2020-08-31": "87.60000", "2020-05-31": 94.4, "2020-02-29": 87.7, "2019-11-30": 87.6, "2019-08-31": "86.20000", "2019-05-31": 87.9, "2019-02-28": 85.3, "2018-11-30": 82.8, "2018-08-31": "80.70000", "2018-05-31": 79, "2018-02-28": 79.2, "2017-11-30": 78.8, "2017-08-31": "76.10000", "2017-05-31": 69.7, "2017-02-28": 68.1, "2016-11-30": 68, "2016-08-31": "67.10000", "2016-05-31": 67, "2016-02-29": 67.3, "2015-11-30": 76.6, "2015-08-31": "82.90000", "2015-05-31": 82.8, "2015-02-28": 81.4, "2014-11-30": 82, "2014-08-31": "81.70000", "2014-05-31": 81.9, "2014-02-28": 79.8, "2013-11-30": 78.9, "2013-08-31": "77.60000", "2013-05-31": -10.8, "2013-02-28": 104.8, "2012-11-30": 102.4, "2012-08-31": "94.90000", "2012-05-31": -15.2, "2012-02-29": 91.3, "2011-11-30": 87.2, "2011-08-31": "84.70000", "2011-05-31": 82.2, "2011-02-28": 81.2, "2010-11-30": 78.7, "2010-08-31": "77.50000", "2010-05-31": 76.9, "2010-02-28": 79, "2009-11-30": 74.7, "2009-08-31": "73.60000", "2009-05-31": 73.2, "2009-02-28": 72, "2008-11-30": 71.3, "2008-08-31": "69.90000", "2008-05-31": 68.3, "2008-02-29": 68.2, "2007-11-30": 60.5, "2007-08-31": "51.00000", "2007-05-31": 51.3, "2007-02-28": 50.2, "2006-11-30": 50.3, "2006-08-31": "50.30000", "2006-05-31": 32.5, "2006-02-28": 56.8, "2005-11-30": 55.67, "2005-08-31": "55.03000", "2005-05-31": 31.5, "2005-02-28": 166.8}, "Other Non-Cash Items": {"2020-11-30": 24.9, "2020-08-31": "9.90000", "2020-05-31": 268.6, "2020-02-29": 21.4, "2019-11-30": -13.6, "2019-08-31": "22.00000", "2019-05-31": 61, "2019-02-28": 21.5, "2018-11-30": 23.2, "2018-08-31": "24.10000", "2018-05-31": 24, "2018-02-28": 8.8, "2017-11-30": 8.9, "2017-08-31": "31.90000", "2017-05-31": 4.6, "2017-02-28": 1.8, "2016-11-30": 9.4, "2016-08-31": "-4.60000", "2016-05-31": 40.2, "2016-02-29": 76.3, "2015-11-30": 2, "2015-08-31": "-21.20000", "2015-05-31": 82.2001, "2015-02-28": 40.7, "2014-11-30": 63.8, "2014-08-31": "-452.20000", "2014-05-31": -46.6, "2014-02-28": -19.3, "2013-11-30": -3.9, "2013-08-31": "-24.40000", "2013-05-31": -192.1, "2013-02-28": 35, "2012-11-30": 21.6, "2012-08-31": "-1.70000", "2012-05-31": -178.1, "2012-02-29": 17.1, "2011-11-30": 30.4, "2011-08-31": "0.70000", "2011-05-31": 20.3, "2011-02-28": 51.1, "2010-11-30": 22.5, "2010-08-31": "2.50000", "2010-05-31": 26.3, "2010-02-28": -3.8, "2009-11-30": 18.9, "2009-08-31": "11.70000", "2009-05-31": 92.4, "2009-02-28": 27.7, "2008-11-30": 11.4, "2008-08-31": "11.90000", "2008-05-31": 49.3, "2008-02-29": 26.9, "2007-11-30": 16.4, "2007-08-31": "-11.30000", "2007-05-31": 156.7, "2007-02-28": 12.1, "2006-11-30": 8.9, "2006-08-31": "7.20000", "2006-05-31": -3.2, "2006-02-28": 6.448, "2005-11-30": 2.525, "2005-08-31": "-7.07300", "2005-05-31": 1.044, "2005-02-28": -12.844}, "Total Non-Cash Items": {"2020-11-30": 110.9, "2020-08-31": "97.50000", "2020-05-31": 363, "2020-02-29": 109.1, "2019-11-30": 74, "2019-08-31": "108.20000", "2019-05-31": 148.9, "2019-02-28": 106.8, "2018-11-30": 106, "2018-08-31": "104.80000", "2018-05-31": 103, "2018-02-28": 88, "2017-11-30": 87.7, "2017-08-31": "108.00000", "2017-05-31": 74.3, "2017-02-28": 69.9, "2016-11-30": 77.4, "2016-08-31": "62.50000", "2016-05-31": 107.2, "2016-02-29": 143.6, "2015-11-30": 78.6, "2015-08-31": "61.70000", "2015-05-31": 165, "2015-02-28": 122.1, "2014-11-30": 145.8, "2014-08-31": "-370.50000", "2014-05-31": 35.3, "2014-02-28": 60.5, "2013-11-30": 75, "2013-08-31": "53.20000", "2013-05-31": -202.9, "2013-02-28": 139.8, "2012-11-30": 124, "2012-08-31": "93.20000", "2012-05-31": -193.3, "2012-02-29": 108.4, "2011-11-30": 117.6, "2011-08-31": "85.40000", "2011-05-31": 102.5, "2011-02-28": 132.3, "2010-11-30": 101.2, "2010-08-31": "80.00000", "2010-05-31": 103.2, "2010-02-28": 75.2, "2009-11-30": 93.6, "2009-08-31": "85.30000", "2009-05-31": 165.6, "2009-02-28": 99.7, "2008-11-30": 82.7, "2008-08-31": "81.80000", "2008-05-31": 117.6, "2008-02-29": 95.1, "2007-11-30": 76.9, "2007-08-31": "39.70000", "2007-05-31": 208, "2007-02-28": 62.3, "2006-11-30": 59.2, "2006-08-31": "57.50000", "2006-05-31": 29.3, "2006-02-28": 63.248, "2005-11-30": 58.195, "2005-08-31": "47.95700", "2005-05-31": 32.544, "2005-02-28": 153.956}, "Change In Accounts Receivable": {"2020-11-30": -2.6, "2020-08-31": "2.60000", "2020-05-31": 0.9, "2020-02-29": 12.8, "2019-11-30": -13, "2019-08-31": "13.00000", "2019-05-31": -14.4, "2019-02-28": 13.3, "2018-11-30": -11.6, "2018-08-31": "14.80000", "2018-05-31": -33, "2018-02-28": 16.3, "2017-11-30": -9.4, "2017-08-31": "18.90000", "2017-05-31": -31, "2017-02-28": 26.2, "2016-11-30": -13.5, "2016-08-31": "11.80000", "2016-05-31": 14, "2016-02-29": 0, "2015-11-30": -18.4, "2015-08-31": "18.40000", "2015-05-31": -10.9, "2015-02-28": 2.5, "2014-11-30": 3.7, "2014-08-31": "12.50000", "2014-05-31": -18.2, "2014-02-28": 15.9, "2013-11-30": -3.1, "2013-08-31": "3.90000", "2013-05-31": -15, "2013-02-28": -1.9, "2012-11-30": -6.6, "2012-08-31": "12.40000", "2012-05-31": -20.6, "2012-02-29": 20.3, "2011-11-30": -11.4, "2011-08-31": "1.00000", "2011-05-31": 13.6, "2011-02-28": -18.8, "2010-11-30": -5.7, "2010-08-31": "5.00000", "2010-05-31": 3.1, "2010-02-28": -8.4, "2009-11-30": -5.1, "2009-08-31": "-5.40000", "2009-05-31": 12.7, "2009-02-28": -11.3, "2008-11-30": -1.6, "2008-08-31": "32.00000", "2008-05-31": -6.3, "2008-02-29": 7.9, "2007-11-30": -17.7, "2007-08-31": "14.60000", "2007-05-31": 0.5, "2007-02-28": -6.7, "2006-11-30": -7.9, "2006-08-31": "8.20000", "2006-05-31": 2, "2006-02-28": -1.064, "2005-11-30": 1.923, "2005-08-31": "-3.55900", "2005-05-31": 11.952, "2005-02-28": -17.352}, "Change In Inventories": {"2020-11-30": -16.8, "2020-08-31": "16.80000", "2020-05-31": 8.2, "2020-02-29": -22.1, "2019-11-30": -8.4, "2019-08-31": "8.40000", "2019-05-31": 2.1, "2019-02-28": -0.1, "2018-11-30": -14.8, "2018-08-31": "10.70000", "2018-05-31": 2.5, "2018-02-28": -9, "2017-11-30": -22.7, "2017-08-31": "2.60000", "2017-05-31": -2.3, "2017-02-28": 15.6, "2016-11-30": -21.9, "2016-08-31": "13.60000", "2016-05-31": -11.8, "2016-02-29": 0, "2015-11-30": -1.3, "2015-08-31": "1.30000", "2015-05-31": 8.9, "2015-02-28": 20.7, "2014-11-30": 8.1, "2014-08-31": "26.80000", "2014-05-31": 8.6, "2014-02-28": -39.6, "2013-11-30": -0.2, "2013-08-31": "5.60000", "2013-05-31": 23.3, "2013-02-28": -7.3, "2012-11-30": -17.9, "2012-08-31": "0.10000", "2012-05-31": 99.1, "2012-02-29": -57, "2011-11-30": -52.6, "2011-08-31": "-42.90000", "2011-05-31": 26.8, "2011-02-28": -52.9, "2010-11-30": -64, "2010-08-31": "10.80000", "2010-05-31": -2.7, "2010-02-28": 33.3, "2009-11-30": -20.9, "2009-08-31": "16.50000", "2009-05-31": 62.9, "2009-02-28": 14.3, "2008-11-30": -48.3, "2008-08-31": "-59.10000", "2008-05-31": 68.6, "2008-02-29": 9, "2007-11-30": -51.3, "2007-08-31": "-16.80000", "2007-05-31": 69.6, "2007-02-28": 1.6, "2006-11-30": -75.3, "2006-08-31": "-10.10000", "2006-05-31": 46.8, "2006-02-28": 2.109, "2005-11-30": -21.636, "2005-08-31": "9.72700", "2005-05-31": 36.507, "2005-02-28": -72.307}, "Change In Accounts Payable": {"2020-11-30": 4.4, "2020-08-31": "-4.40000", "2020-05-31": -89.2, "2020-02-29": 20.7, "2019-11-30": -3.3, "2019-08-31": "3.30000", "2019-05-31": 28.7, "2019-02-28": 15.8, "2018-11-30": 31.8, "2018-08-31": "-21.30000", "2018-05-31": -16.3, "2018-02-28": 37.9, "2017-11-30": -3.3, "2017-08-31": "-5.70000", "2017-05-31": 37.8, "2017-02-28": -43.3, "2016-11-30": 24.2, "2016-08-31": "-27.70000", "2016-05-31": 45.6, "2016-02-29": 0, "2015-11-30": -9.8, "2015-08-31": "9.80000", "2015-05-31": 22.6, "2015-02-28": -6.6, "2014-11-30": 2.9, "2014-08-31": "-39.80000", "2014-05-31": 3.9, "2014-02-28": 28.6, "2013-11-30": -14.6, "2013-08-31": "9.30000", "2013-05-31": -31.1, "2013-02-28": 22.9, "2012-11-30": -28.3, "2012-08-31": "40.90000", "2012-05-31": -18.9, "2012-02-29": 34.3, "2011-11-30": -29.3, "2011-08-31": "23.90000", "2011-05-31": -18.7, "2011-02-28": 17.3, "2010-11-30": 2.7, "2010-08-31": "4.20000", "2010-05-31": -8.5, "2010-02-28": 38.6, "2009-11-30": -3.3, "2009-08-31": "0.80000", "2009-05-31": -54.7, "2009-02-28": -4.5, "2008-11-30": 3.5, "2008-08-31": "30.50000", "2008-05-31": -11.9, "2008-02-29": -18.3, "2007-11-30": 36.6, "2007-08-31": "32.20000", "2007-05-31": -33.6, "2007-02-28": 5.9, "2006-11-30": 20.5, "2006-08-31": "-16.40000", "2006-05-31": -1.9, "2006-02-28": 12.73, "2005-11-30": -19.224, "2005-08-31": "37.79400", "2005-05-31": -3.058, "2005-02-28": 11.858}, "Change In Assets/Liabilities": {"2020-11-30": 19.7, "2020-08-31": "68.40000", "2020-05-31": 4, "2020-02-29": 133, "2019-11-30": 132.6, "2019-08-31": "-67.00000", "2019-05-31": -9.3, "2019-02-28": 91.2, "2018-11-30": 5.5, "2018-08-31": "-35.90000", "2018-05-31": -32.5, "2018-02-28": 122.1, "2017-11-30": 9.3, "2017-08-31": "-58.20000", "2017-05-31": 12.8, "2017-02-28": 105.1, "2016-11-30": 23.8, "2016-08-31": "-20.70000", "2016-05-31": -42.8, "2016-02-29": 157.2, "2015-11-30": -40.8, "2015-08-31": "-38.50000", "2015-05-31": -34.4, "2015-02-28": 96.4, "2014-11-30": 0.6, "2014-08-31": "-23.40000", "2014-05-31": -59.9, "2014-02-28": 114.9, "2013-11-30": 24.4, "2013-08-31": "-20.80000", "2013-05-31": -30.2, "2013-02-28": 104.5, "2012-11-30": -35.7, "2012-08-31": "-26.00000", "2012-05-31": -43.5, "2012-02-29": 128.7, "2011-11-30": -52.6, "2011-08-31": "-30.70000", "2011-05-31": -41, "2011-02-28": 104.1, "2010-11-30": 13.8, "2010-08-31": "-7.10000", "2010-05-31": -24.8, "2010-02-28": 84.6, "2009-11-30": -8, "2009-08-31": "-26.30000", "2009-05-31": -23.9, "2009-02-28": 116.3, "2008-11-30": -45.7, "2008-08-31": "0.60000", "2008-05-31": -48.1, "2008-02-29": 94.6, "2007-11-30": 29.4, "2007-08-31": "-33.70000", "2007-05-31": -25.1, "2007-02-28": 63.8, "2006-11-30": 9, "2006-08-31": "-26.20000", "2006-05-31": -10.4, "2006-02-28": 45.636, "2005-11-30": 12.253, "2005-08-31": "-8.08900", "2005-05-31": -24.432, "2005-02-28": 68.932}, "Total Change In Assets/Liabilities": {"2020-11-30": 15, "2020-08-31": "73.10000", "2020-05-31": -88, "2020-02-29": 137.9, "2019-11-30": 90.6, "2019-08-31": "-25.00000", "2019-05-31": -9.3, "2019-02-28": 155.7, "2018-11-30": 5.9, "2018-08-31": "-64.60000", "2018-05-31": -8.7, "2018-02-28": 131.1, "2017-11-30": -37.7, "2017-08-31": "-47.60000", "2017-05-31": 16.9, "2017-02-28": 171.5, "2016-11-30": -35.7, "2016-08-31": "0.40000", "2016-05-31": -23.6, "2016-02-29": 157.2, "2015-11-30": -69.2, "2015-08-31": "-10.10000", "2015-05-31": 48, "2015-02-28": 102.2, "2014-11-30": 7.9, "2014-08-31": "-55.70000", "2014-05-31": -72.8, "2014-02-28": 118.3, "2013-11-30": 0.7, "2013-08-31": "-1.00000", "2013-05-31": -25.8, "2013-02-28": 148.2, "2012-11-30": -143.2, "2012-08-31": "49.20000", "2012-05-31": 5.1, "2012-02-29": 197.8, "2011-11-30": -209.3, "2011-08-31": "-73.70000", "2011-05-31": -8, "2011-02-28": 97.1, "2010-11-30": -108.5, "2010-08-31": "21.80000", "2010-05-31": -68, "2010-02-28": 232.6, "2009-11-30": -21.3, "2009-08-31": "-1.70000", "2009-05-31": -49, "2009-02-28": 127.1, "2008-11-30": -94.1, "2008-08-31": "-2.50000", "2008-05-31": -28.4, "2008-02-29": 118.8, "2007-11-30": -45.6, "2007-08-31": "15.50000", "2007-05-31": 12.2, "2007-02-28": 91.4, "2006-11-30": -83.8, "2006-08-31": "-38.40000", "2006-05-31": 60.7, "2006-02-28": 101.166, "2005-11-30": -71.202, "2005-08-31": "71.53600", "2005-05-31": 13.891, "2005-02-28": 59.009}, "Cash Flow From Operating Activities": {"2020-11-30": 221.9, "2020-08-31": "206.70000", "2020-05-31": -205, "2020-02-29": 479.3, "2019-11-30": 189.3, "2019-08-31": "253.80000", "2019-05-31": 347.6, "2019-02-28": 486.1, "2018-11-30": 227.5, "2018-08-31": "206.40000", "2018-05-31": 268.8, "2018-02-28": 436.9, "2017-11-30": 134.7, "2017-08-31": "179.40000", "2017-05-31": 215, "2017-02-28": 407, "2016-11-30": 121.2, "2016-08-31": "173.10000", "2016-05-31": 223.2, "2016-02-29": 406.6, "2015-11-30": 52.6, "2015-08-31": "138.00000", "2015-05-31": 318.3, "2015-02-28": 358.1, "2014-11-30": 120.9, "2014-08-31": "77.00000", "2014-05-31": 49, "2014-02-28": 288.5, "2013-11-30": 95.5, "2013-08-31": "122.40000", "2013-05-31": -95.6, "2013-02-28": 422.4, "2012-11-30": 14.4, "2012-08-31": "253.20000", "2012-05-31": -37, "2012-02-29": 470.2, "2011-11-30": -38, "2011-08-31": "118.30000", "2011-05-31": 232, "2011-02-28": 380.6, "2010-11-30": 67.2, "2010-08-31": "214.90000", "2010-05-31": 150.8, "2010-02-28": 442.1, "2009-11-30": 132.6, "2009-08-31": "177.90000", "2009-05-31": 239.6, "2009-02-28": 334.3, "2008-11-30": 48.2, "2008-08-31": "161.40000", "2008-05-31": 191, "2008-02-29": 339.9, "2007-11-30": 74.8, "2007-08-31": "161.10000", "2007-05-31": 165, "2007-02-28": 260.1, "2006-11-30": 37.1, "2006-08-31": "107.60000", "2006-05-31": 182.3, "2006-02-28": 269.743, "2005-11-30": 42.05, "2005-08-31": "205.00700", "2005-05-31": 130.418, "2005-02-28": 419.582}, "Net Change In Property, Plant, And Equipment": {"2020-11-30": -71.2, "2020-08-31": "-43.60000", "2020-05-31": -91.6, "2020-02-29": -119.8, "2019-11-30": -147.4, "2019-08-31": "-119.90000", "2019-05-31": -113.1, "2019-02-28": -107.9, "2018-11-30": -132.7, "2018-08-31": "-111.00000", "2018-05-31": -109.2, "2018-02-28": -101.5, "2017-11-30": -107.1, "2017-08-31": "-97.70000", "2017-05-31": -85.4, "2017-02-28": -82.8, "2016-11-30": -78.7, "2016-08-31": "-63.10000", "2016-05-31": -62.2, "2016-02-29": -53.4, "2015-11-30": 123.9, "2015-08-31": "65.30000", "2015-05-31": -39.5, "2015-02-28": -48.6, "2014-11-30": -75, "2014-08-31": "-81.70000", "2014-05-31": -74.5, "2014-02-28": -102.5, "2013-11-30": -114.6, "2013-08-31": "-118.80000", "2013-05-31": 8.7, "2013-02-28": -163.3, "2012-11-30": -205.9, "2012-08-31": "-149.30000", "2012-05-31": 25.6, "2012-02-29": -143.8, "2011-11-30": -199.7, "2011-08-31": "-136.60000", "2011-05-31": -156.4, "2011-02-28": -112.4, "2010-11-30": -163, "2010-08-31": "-108.90000", "2010-05-31": -106.8, "2010-02-28": -107.2, "2009-11-30": -115.3, "2009-08-31": "-90.30000", "2009-05-31": -111.7, "2009-02-28": -124.1, "2008-11-30": -160.1, "2008-08-31": "-134.80000", "2008-05-31": -103.3, "2008-02-29": -119.2, "2007-11-30": -114.3, "2007-08-31": "-86.50000", "2007-05-31": -78.2, "2007-02-28": -80.6, "2006-11-30": -48.7, "2006-08-31": "-79.80000", "2006-05-31": -27.8, "2006-02-28": -65.182, "2005-11-30": -78.817, "2005-08-31": "-81.10100", "2005-05-31": 30.794, "2005-02-28": -223.194}, "Net Change In Intangible Assets": {"2020-11-30": 0, "2020-08-31": "", "2020-05-31": 0, "2020-02-29": 0, "2019-11-30": 0, "2019-08-31": "", "2019-05-31": 0, "2019-02-28": 0, "2018-11-30": 0, "2018-08-31": "", "2018-05-31": 0, "2018-02-28": 0, "2017-11-30": 0, "2017-08-31": "", "2017-05-31": 0, "2017-02-28": 0, "2016-11-30": 0, "2016-08-31": "", "2016-05-31": 0, "2016-02-29": 10.5, "2015-11-30": -6.8, "2015-08-31": "-3.70000", "2015-05-31": 0, "2015-02-28": 0, "2014-11-30": 0, "2014-08-31": "", "2014-05-31": 0, "2014-02-28": 0, "2013-11-30": 0, "2013-08-31": "", "2013-05-31": 0, "2013-02-28": 0, "2012-11-30": 0, "2012-08-31": "", "2012-05-31": 0, "2012-02-29": 0, "2011-11-30": 0, "2011-08-31": "", "2011-05-31": 0, "2011-02-28": 0, "2010-11-30": 0, "2010-08-31": "", "2010-05-31": 0, "2010-02-28": 0, "2009-11-30": 0, "2009-08-31": "", "2009-05-31": 0, "2009-02-28": 0, "2008-11-30": 0, "2008-08-31": "", "2008-05-31": 0, "2008-02-29": 0, "2007-11-30": 0, "2007-08-31": "", "2007-05-31": 0, "2007-02-28": 0, "2006-11-30": 0, "2006-08-31": "", "2006-05-31": 0, "2006-02-28": 0, "2005-11-30": 0, "2005-08-31": "", "2005-05-31": 0, "2005-02-28": 0}, "Net Acquisitions/Divestitures": {"2020-11-30": 5.4, "2020-08-31": "", "2020-05-31": -5.7, "2020-02-29": -17.4, "2019-11-30": 4.3, "2019-08-31": "-37.00000", "2019-05-31": 0, "2019-02-28": 0, "2018-11-30": 0, "2018-08-31": "", "2018-05-31": 0, "2018-02-28": 0, "2017-11-30": -40.4, "2017-08-31": "", "2017-05-31": -764.4, "2017-02-28": 0, "2016-11-30": 0, "2016-08-31": "", "2016-05-31": 0, "2016-02-29": 0, "2015-11-30": 0, "2015-08-31": "", "2015-05-31": 0, "2015-02-28": 0, "2014-11-30": 0, "2014-08-31": "", "2014-05-31": 0, "2014-02-28": 0, "2013-11-30": 0, "2013-08-31": "", "2013-05-31": 0, "2013-02-28": 1, "2012-11-30": -578.4, "2012-08-31": "", "2012-05-31": 0.1, "2012-02-29": 0.6, "2011-11-30": -59.2, "2011-08-31": "", "2011-05-31": 0, "2011-02-28": 0, "2010-11-30": 0, "2010-08-31": "", "2010-05-31": 0, "2010-02-28": 0, "2009-11-30": 0, "2009-08-31": "", "2009-05-31": 0, "2009-02-28": 0, "2008-11-30": 0, "2008-08-31": "", "2008-05-31": 0.2, "2008-02-29": 1.7, "2007-11-30": -1200, "2007-08-31": "", "2007-05-31": 0, "2007-02-28": 0, "2006-11-30": 0, "2006-08-31": "", "2006-05-31": 0, "2006-02-28": 0, "2005-11-30": 0, "2005-08-31": "", "2005-05-31": 0, "2005-02-28": 0}, "Net Change In Short-term Investments": {"2020-11-30": 0, "2020-08-31": "", "2020-05-31": 0, "2020-02-29": 0, "2019-11-30": 0, "2019-08-31": "", "2019-05-31": 0, "2019-02-28": 0, "2018-11-30": 0, "2018-08-31": "", "2018-05-31": 0, "2018-02-28": 0, "2017-11-30": 0, "2017-08-31": "", "2017-05-31": 0, "2017-02-28": -1.1, "2016-11-30": 1.1, "2016-08-31": "", "2016-05-31": -0.8, "2016-02-29": 0, "2015-11-30": 0.8, "2015-08-31": "", "2015-05-31": 0, "2015-02-28": 2, "2014-11-30": 2.6, "2014-08-31": "5.10000", "2014-05-31": 0, "2014-02-28": 2.4, "2013-11-30": 3.3, "2013-08-31": "", "2013-05-31": 4.3, "2013-02-28": 4.9, "2012-11-30": -0.1, "2012-08-31": "4.00000", "2012-05-31": 0, "2012-02-29": -4.1, "2011-11-30": -3.6, "2011-08-31": "-3.10000", "2011-05-31": -3.7, "2011-02-28": 0.2, "2010-11-30": 0, "2010-08-31": "2.10000", "2010-05-31": 0, "2010-02-28": -4.4, "2009-11-30": 1.7, "2009-08-31": "", "2009-05-31": -14.3, "2009-02-28": -13.8, "2008-11-30": 0, "2008-08-31": "", "2008-05-31": 1.9, "2008-02-29": 6.3, "2007-11-30": 0, "2007-08-31": "", "2007-05-31": 0, "2007-02-28": 0, "2006-11-30": 0, "2006-08-31": "", "2006-05-31": 0, "2006-02-28": 10, "2005-11-30": 90, "2005-08-31": "-100.00000", "2005-05-31": 0, "2005-02-28": 0}, "Net Change In Long-Term Investments": {"2020-11-30": 0, "2020-08-31": "", "2020-05-31": 0, "2020-02-29": 0, "2019-11-30": 0, "2019-08-31": "", "2019-05-31": 0, "2019-02-28": 0, "2018-11-30": 0, "2018-08-31": "", "2018-05-31": 0, "2018-02-28": 0, "2017-11-30": 0, "2017-08-31": "", "2017-05-31": 0, "2017-02-28": 0, "2016-11-30": 0, "2016-08-31": "", "2016-05-31": 0, "2016-02-29": 0, "2015-11-30": 0, "2015-08-31": "", "2015-05-31": 0, "2015-02-28": 0, "2014-11-30": 0, "2014-08-31": "", "2014-05-31": 0, "2014-02-28": 0, "2013-11-30": 0, "2013-08-31": "", "2013-05-31": 0, "2013-02-28": 0, "2012-11-30": 0, "2012-08-31": "", "2012-05-31": 0, "2012-02-29": 0, "2011-11-30": 0, "2011-08-31": "", "2011-05-31": 0, "2011-02-28": 0, "2010-11-30": 0, "2010-08-31": "", "2010-05-31": 0, "2010-02-28": 0, "2009-11-30": 0, "2009-08-31": "", "2009-05-31": 0, "2009-02-28": 25.1, "2008-11-30": -25.1, "2008-08-31": "", "2008-05-31": 0, "2008-02-29": 0, "2007-11-30": 0, "2007-08-31": "", "2007-05-31": 0, "2007-02-28": 0, "2006-11-30": 0, "2006-08-31": "", "2006-05-31": 0, "2006-02-28": 0, "2005-11-30": 0, "2005-08-31": "", "2005-05-31": 0, "2005-02-28": 0}, "Net Change In Investments - Total": {"2020-11-30": 0, "2020-08-31": "", "2020-05-31": 0, "2020-02-29": 0, "2019-11-30": 0, "2019-08-31": "", "2019-05-31": 0, "2019-02-28": 0, "2018-11-30": 0, "2018-08-31": "", "2018-05-31": 0, "2018-02-28": 0, "2017-11-30": 0, "2017-08-31": "", "2017-05-31": 0, "2017-02-28": -1.1, "2016-11-30": 1.1, "2016-08-31": "", "2016-05-31": -0.8, "2016-02-29": 0, "2015-11-30": 0.8, "2015-08-31": "", "2015-05-31": 0, "2015-02-28": 2, "2014-11-30": 2.6, "2014-08-31": "5.10000", "2014-05-31": 0, "2014-02-28": 2.4, "2013-11-30": 3.3, "2013-08-31": "", "2013-05-31": 4.3, "2013-02-28": 4.9, "2012-11-30": -0.1, "2012-08-31": "4.00000", "2012-05-31": 0, "2012-02-29": -4.1, "2011-11-30": -3.6, "2011-08-31": "-3.10000", "2011-05-31": -3.7, "2011-02-28": 0.2, "2010-11-30": 0, "2010-08-31": "2.10000", "2010-05-31": 0, "2010-02-28": -4.4, "2009-11-30": 1.7, "2009-08-31": "", "2009-05-31": -14.3, "2009-02-28": 11.3, "2008-11-30": -25.1, "2008-08-31": "", "2008-05-31": 1.9, "2008-02-29": 6.3, "2007-11-30": 0, "2007-08-31": "", "2007-05-31": 0, "2007-02-28": 0, "2006-11-30": 0, "2006-08-31": "", "2006-05-31": 0, "2006-02-28": 10, "2005-11-30": 90, "2005-08-31": "-100.00000", "2005-05-31": 0, "2005-02-28": 0}, "Investing Activities - Other": {"2020-11-30": 0.1, "2020-08-31": "-0.40000", "2020-05-31": 0.7, "2020-02-29": -0.5, "2019-11-30": 0.3, "2019-08-31": "-10.00000", "2019-05-31": 0.2, "2019-02-28": 0, "2018-11-30": 0.1, "2018-08-31": "1.80000", "2018-05-31": 0.4, "2018-02-28": 0, "2017-11-30": 3.4, "2017-08-31": "1.00000", "2017-05-31": 0.4, "2017-02-28": 4.3, "2016-11-30": 0, "2016-08-31": "", "2016-05-31": 1.8, "2016-02-29": 0, "2015-11-30": 0, "2015-08-31": "", "2015-05-31": 13.2, "2015-02-28": -5.8, "2014-11-30": -3.5, "2014-08-31": "-3.90000", "2014-05-31": -11.9, "2014-02-28": -5.6, "2013-11-30": -5.5, "2013-08-31": "-8.60000", "2013-05-31": -8.7, "2013-02-28": -12.1, "2012-11-30": -6.2, "2012-08-31": "-13.50000", "2012-05-31": -5, "2012-02-29": -4.4, "2011-11-30": -5.5, "2011-08-31": "-0.40000", "2011-05-31": -2.1, "2011-02-28": -2.4, "2010-11-30": -3.2, "2010-08-31": "-2.90000", "2010-05-31": -1.2, "2010-02-28": -2.5, "2009-11-30": -0.8, "2009-08-31": "-1.90000", "2009-05-31": -1.7, "2009-02-28": -1.9, "2008-11-30": -1.5, "2008-08-31": "1.50000", "2008-05-31": 4, "2008-02-29": -3.8, "2007-11-30": 2.8, "2007-08-31": "-5.50000", "2007-05-31": -2.7, "2007-02-28": 1.3, "2006-11-30": -1.2, "2006-08-31": "0.40000", "2006-05-31": 0.5, "2006-02-28": 0.122, "2005-11-30": -3.446, "2005-08-31": "-2.57600", "2005-05-31": -0.472, "2005-02-28": -0.728}, "Cash Flow From Investing Activities": {"2020-11-30": -65.7, "2020-08-31": "-44.00000", "2020-05-31": -96.6, "2020-02-29": -137.7, "2019-11-30": -142.8, "2019-08-31": "-166.90000", "2019-05-31": -112.9, "2019-02-28": -107.9, "2018-11-30": -132.6, "2018-08-31": "-109.20000", "2018-05-31": -108.8, "2018-02-28": -101.5, "2017-11-30": -144.1, "2017-08-31": "-96.70000", "2017-05-31": -849.4, "2017-02-28": -79.6, "2016-11-30": -77.6, "2016-08-31": "-63.10000", "2016-05-31": -61.2, "2016-02-29": -42.9, "2015-11-30": 117.9, "2015-08-31": "61.60000", "2015-05-31": -26.3, "2015-02-28": -52.4, "2014-11-30": -75.9, "2014-08-31": "-80.50000", "2014-05-31": -86.4, "2014-02-28": -105.7, "2013-11-30": -116.8, "2013-08-31": "-127.40000", "2013-05-31": 4.3, "2013-02-28": -169.5, "2012-11-30": -790.6, "2012-08-31": "-158.80000", "2012-05-31": 20.7, "2012-02-29": -151.7, "2011-11-30": -268, "2011-08-31": "-140.10000", "2011-05-31": -162.2, "2011-02-28": -114.6, "2010-11-30": -166.2, "2010-08-31": "-109.70000", "2010-05-31": -108, "2010-02-28": -114.1, "2009-11-30": -114.4, "2009-08-31": "-92.20000", "2009-05-31": -127.7, "2009-02-28": -114.7, "2008-11-30": -186.7, "2008-08-31": "-133.30000", "2008-05-31": -97.2, "2008-02-29": -115, "2007-11-30": -1311.5, "2007-08-31": "-92.00000", "2007-05-31": -80.9, "2007-02-28": -79.3, "2006-11-30": -49.9, "2006-08-31": "-79.40000", "2006-05-31": -27.3, "2006-02-28": -55.06, "2005-11-30": 7.737, "2005-08-31": "-183.67700", "2005-05-31": 30.322, "2005-02-28": -223.922}, "Net Long-Term Debt": {"2020-11-30": -271.7, "2020-08-31": "-1.20000", "2020-05-31": -1.4, "2020-02-29": -1.3, "2019-11-30": -1.2, "2019-08-31": "-1.30000", "2019-05-31": 39.6, "2019-02-28": -1.7, "2018-11-30": -1.6, "2018-08-31": "-1.60000", "2018-05-31": -1.5, "2018-02-28": -109.8, "2017-11-30": -1.3, "2017-08-31": "-1.00000", "2017-05-31": 504.8, "2017-02-28": -1.2, "2016-11-30": -0.8, "2016-08-31": "-1.00000", "2016-05-31": -8.9, "2016-02-29": -819.7, "2015-11-30": -255.8, "2015-08-31": "-15.80000", "2015-05-31": -0.5, "2015-02-28": -7, "2014-11-30": -110.2, "2014-08-31": "-857.30000", "2014-05-31": -0.5, "2014-02-28": -0.5, "2013-11-30": -0.5, "2013-08-31": "-0.50000", "2013-05-31": -5.5, "2013-02-28": -0.4, "2012-11-30": 699.3, "2012-08-31": "-1.00000", "2012-05-31": -1, "2012-02-29": -0.7, "2011-11-30": 399.2, "2011-08-31": "-1.20000", "2011-05-31": -75.5, "2011-02-28": -1, "2010-11-30": -0.8, "2010-08-31": "-150.70000", "2010-05-31": -1, "2010-02-28": -0.6, "2009-11-30": -0.9, "2009-08-31": "-0.60000", "2009-05-31": -0.4, "2009-02-28": -0.9, "2008-11-30": -1.4, "2008-08-31": "-2.20000", "2008-05-31": -1.4, "2008-02-29": 13.8, "2007-11-30": 1009.2, "2007-08-31": "-0.70000", "2007-05-31": -150.7, "2007-02-28": -1, "2006-11-30": -0.7, "2006-08-31": "-0.90000", "2006-05-31": -0.6, "2006-02-28": -150.794, "2005-11-30": -151.187, "2005-08-31": "293.68100", "2005-05-31": -1.132, "2005-02-28": -2.268}, "Net Current Debt": {"2020-11-30": 270, "2020-08-31": "-270.00000", "2020-05-31": 270, "2020-02-29": 0, "2019-11-30": 0, "2019-08-31": "", "2019-05-31": 0, "2019-02-28": -45, "2018-11-30": 45, "2018-08-31": "", "2018-05-31": -50.6, "2018-02-28": -102.9, "2017-11-30": 153.5, "2017-08-31": "", "2017-05-31": 0, "2017-02-28": 0, "2016-11-30": 0, "2016-08-31": "", "2016-05-31": 0, "2016-02-29": 0, "2015-11-30": 0, "2015-08-31": "", "2015-05-31": 0, "2015-02-28": -20, "2014-11-30": 20, "2014-08-31": "-207.60000", "2014-05-31": 26.1001, "2014-02-28": -142.7001, "2013-11-30": 112.2001, "2013-08-31": "47.50000", "2013-05-31": -52.3997, "2013-02-28": -159.1002, "2012-11-30": 130.3, "2012-08-31": "-16.90000", "2012-05-31": -25, "2012-02-29": -167.3001, "2011-11-30": 124.5001, "2011-08-31": "145.00000", "2011-05-31": 121.5, "2011-02-28": -104, "2010-11-30": 162, "2010-08-31": "6.00000", "2010-05-31": 0, "2010-02-28": -102.3, "2009-11-30": -10.9, "2009-08-31": "-36.80000", "2009-05-31": -173.1, "2009-02-28": -139.1, "2008-11-30": 224.9, "2008-08-31": "58.90000", "2008-05-31": -70.1, "2008-02-29": -143.5, "2007-11-30": 212.5, "2007-08-31": "-31.90000", "2007-05-31": 90.1, "2007-02-28": -18.7, "2006-11-30": 60, "2006-08-31": "36.00000", "2006-05-31": 0, "2006-02-28": 44, "2005-11-30": 0, "2005-08-31": "", "2005-05-31": 0, "2005-02-28": -14.5}, "Debt Issuance/Retirement Net - Total": {"2020-11-30": -1.7, "2020-08-31": "-271.20000", "2020-05-31": 268.6, "2020-02-29": -1.3, "2019-11-30": -1.2, "2019-08-31": "-1.30000", "2019-05-31": 39.6, "2019-02-28": -46.7, "2018-11-30": 43.4, "2018-08-31": "-1.60000", "2018-05-31": -52.1, "2018-02-28": -212.7, "2017-11-30": 152.2, "2017-08-31": "-1.00000", "2017-05-31": 504.8, "2017-02-28": -1.2, "2016-11-30": -0.8, "2016-08-31": "-1.00000", "2016-05-31": -8.9, "2016-02-29": -819.7, "2015-11-30": -255.8, "2015-08-31": "-15.80000", "2015-05-31": -0.5, "2015-02-28": -27, "2014-11-30": -90.2, "2014-08-31": "-1064.90000", "2014-05-31": 25.6001, "2014-02-28": -143.2001, "2013-11-30": 111.7001, "2013-08-31": "47.00000", "2013-05-31": -57.8996, "2013-02-28": -159.5003, "2012-11-30": 829.6001, "2012-08-31": "-17.90000", "2012-05-31": -26, "2012-02-29": -168.0002, "2011-11-30": 523.7001, "2011-08-31": "143.80000", "2011-05-31": 46, "2011-02-28": -105, "2010-11-30": 161.2, "2010-08-31": "-144.70000", "2010-05-31": -1, "2010-02-28": -102.9, "2009-11-30": -11.8, "2009-08-31": "-37.40000", "2009-05-31": -173.5, "2009-02-28": -140, "2008-11-30": 223.5, "2008-08-31": "56.70000", "2008-05-31": -71.5, "2008-02-29": -129.7, "2007-11-30": 1221.7, "2007-08-31": "-32.60000", "2007-05-31": -60.6, "2007-02-28": -19.7, "2006-11-30": 59.3, "2006-08-31": "35.10000", "2006-05-31": -0.6, "2006-02-28": -106.794, "2005-11-30": -151.187, "2005-08-31": "293.68100", "2005-05-31": -1.132, "2005-02-28": -16.768}, "Net Common Equity Issued/Repurchased": {"2020-11-30": 6, "2020-08-31": "-2.40000", "2020-05-31": 478.2, "2020-02-29": -66.5, "2019-11-30": -132.5, "2019-08-31": "-83.60000", "2019-05-31": -27.6, "2019-02-28": -70, "2018-11-30": -52.6, "2018-08-31": "2.00000", "2018-05-31": -24.9, "2018-02-28": -0.6, "2017-11-30": -87.1, "2017-08-31": "-84.40000", "2017-05-31": 35.3, "2017-02-28": 16.3, "2016-11-30": 23.6, "2016-08-31": "-192.30000", "2016-05-31": -24.5, "2016-02-29": -122.7, "2015-11-30": 4.8, "2015-08-31": "56.90000", "2015-05-31": 52.6, "2015-02-28": 55.9, "2014-11-30": 40.2, "2014-08-31": "-491.30000", "2014-05-31": 14.3, "2014-02-28": 16.6, "2013-11-30": 18.9, "2013-08-31": "7.80000", "2013-05-31": 15, "2013-02-28": 11.9, "2012-11-30": 22.6, "2012-08-31": "-37.50000", "2012-05-31": 7, "2012-02-29": -61.1, "2011-11-30": -182.2, "2011-08-31": "-68.60000", "2011-05-31": -96.5, "2011-02-28": -86, "2010-11-30": -50.1, "2010-08-31": "-89.90000", "2010-05-31": -30.9, "2010-02-28": 5.7, "2009-11-30": 4.4, "2009-08-31": "2.00000", "2009-05-31": 26.5, "2009-02-28": 1.4, "2008-11-30": -55.6, "2008-08-31": "-59.70000", "2008-05-31": 1.6, "2008-02-29": -99.3, "2007-11-30": 2.7, "2007-08-31": "2.40000", "2007-05-31": -36.3, "2007-02-28": -165.4, "2006-11-30": -40.1, "2006-08-31": "-72.80000", "2006-05-31": -88.1, "2006-02-28": -128.103, "2005-11-30": -42.118, "2005-08-31": "-114.07900", "2005-05-31": -113.179, "2005-02-28": -123.821}, "Net Total Equity Issued/Repurchased": {"2020-11-30": 6, "2020-08-31": "-2.40000", "2020-05-31": 478.2, "2020-02-29": -66.5, "2019-11-30": -132.5, "2019-08-31": "-83.60000", "2019-05-31": -27.6, "2019-02-28": -70, "2018-11-30": -52.6, "2018-08-31": "2.00000", "2018-05-31": -24.9, "2018-02-28": -0.6, "2017-11-30": -87.1, "2017-08-31": "-84.40000", "2017-05-31": 35.3, "2017-02-28": 16.3, "2016-11-30": 23.6, "2016-08-31": "-192.30000", "2016-05-31": -24.5, "2016-02-29": -122.7, "2015-11-30": 4.8, "2015-08-31": "56.90000", "2015-05-31": 52.6, "2015-02-28": 55.9, "2014-11-30": 40.2, "2014-08-31": "-491.30000", "2014-05-31": 14.3, "2014-02-28": 16.6, "2013-11-30": 18.9, "2013-08-31": "7.80000", "2013-05-31": 15, "2013-02-28": 11.9, "2012-11-30": 22.6, "2012-08-31": "-37.50000", "2012-05-31": 7, "2012-02-29": -61.1, "2011-11-30": -182.2, "2011-08-31": "-68.60000", "2011-05-31": -96.5, "2011-02-28": -86, "2010-11-30": -50.1, "2010-08-31": "-89.90000", "2010-05-31": -30.9, "2010-02-28": 5.7, "2009-11-30": 4.4, "2009-08-31": "2.00000", "2009-05-31": 26.5, "2009-02-28": 1.4, "2008-11-30": -55.6, "2008-08-31": "-59.70000", "2008-05-31": 1.6, "2008-02-29": -99.3, "2007-11-30": 2.7, "2007-08-31": "2.40000", "2007-05-31": -36.3, "2007-02-28": -165.4, "2006-11-30": -40.1, "2006-08-31": "-72.80000", "2006-05-31": -88.1, "2006-02-28": -128.103, "2005-11-30": -42.118, "2005-08-31": "-114.07900", "2005-05-31": -113.179, "2005-02-28": -123.821}, "Total Common And Preferred Stock Dividends Paid": {"2020-11-30": -39.1, "2020-08-31": "", "2020-05-31": 0, "2020-02-29": -106.6, "2019-11-30": -107.6, "2019-08-31": "-108.10000", "2019-05-31": -92.4, "2019-02-28": -92.4, "2018-11-30": -93, "2018-08-31": "-93.00000", "2018-05-31": -78.6, "2018-02-28": -77.9, "2017-11-30": -77.9, "2017-08-31": "-79.10000", "2017-05-31": -70.2, "2017-02-28": -69.4, "2016-11-30": -69, "2016-08-31": "-70.50000", "2016-05-31": -63.4, "2016-02-29": -64.2, "2015-11-30": -70.6, "2015-08-31": "-70.00000", "2015-05-31": -69.6, "2015-02-28": -68.4, "2014-11-30": -68.1, "2014-08-31": "-72.80000", "2014-05-31": -72.6, "2014-02-28": -72.4, "2013-11-30": -71.6, "2013-08-31": "-71.70000", "2013-05-31": -65, "2013-02-28": -64.7, "2012-11-30": -64.5, "2012-08-31": "-64.00000", "2012-05-31": -55.3, "2012-02-29": -55, "2011-11-30": -55.9, "2011-08-31": "-57.70000", "2011-05-31": -43.5, "2011-02-28": -43.7, "2010-11-30": -43.9, "2010-08-31": "-44.40000", "2010-05-31": -35.3, "2010-02-28": -34.8, "2009-11-30": -35.2, "2009-08-31": "-34.70000", "2009-05-31": -27.6, "2009-02-28": -27.2, "2008-11-30": -27.5, "2008-08-31": "-27.90000", "2008-05-31": -25, "2008-02-29": -25.1, "2007-11-30": -25.4, "2007-08-31": "-25.40000", "2007-05-31": -32.2, "2007-02-28": 0, "2006-11-30": -33.5, "2006-08-31": "", "2006-05-31": -29.3, "2006-02-28": -0.046, "2005-11-30": -29.854, "2005-08-31": "", "2005-05-31": -6.249, "2005-02-28": -6.251}, "Financial Activities - Other": {"2020-11-30": 0, "2020-08-31": "", "2020-05-31": 0, "2020-02-29": 0.1, "2019-11-30": 0.2, "2019-08-31": "0.30000", "2019-05-31": 0, "2019-02-28": 0, "2018-11-30": -0.1, "2018-08-31": "0.20000", "2018-05-31": -1, "2018-02-28": -3.3, "2017-11-30": -8.3, "2017-08-31": "0.10000", "2017-05-31": 10.7, "2017-02-28": 4.1, "2016-11-30": 8.1, "2016-08-31": "0.70000", "2016-05-31": 3, "2016-02-29": 2.7, "2015-11-30": 315.5, "2015-08-31": "11.90000", "2015-05-31": 9.7, "2015-02-28": 5.6, "2014-11-30": 3, "2014-08-31": "1.30000", "2014-05-31": 1.6, "2014-02-28": 4.2, "2013-11-30": 2.7, "2013-08-31": "1.90000", "2013-05-31": 3.4, "2013-02-28": 2, "2012-11-30": -1.4, "2012-08-31": "3.30000", "2012-05-31": 6.5, "2012-02-29": 3.7, "2011-11-30": -3.5, "2011-08-31": "8.20000", "2011-05-31": 5.3, "2011-02-28": 6, "2010-11-30": 7.1, "2010-08-31": "1.10000", "2010-05-31": 12.2, "2010-02-28": 6.9, "2009-11-30": 1.5, "2009-08-31": "1.30000", "2009-05-31": 17.8, "2009-02-28": 2.1, "2008-11-30": 1.4, "2008-08-31": "4.80000", "2008-05-31": -1.7, "2008-02-29": -14.4, "2007-11-30": 20.7, "2007-08-31": "6.50000", "2007-05-31": 7.8, "2007-02-28": 5.6, "2006-11-30": 20, "2006-08-31": "9.90000", "2006-05-31": 0.6, "2006-02-28": 0.825, "2005-11-30": 1.187, "2005-08-31": "0.98800", "2005-05-31": 1.132, "2005-02-28": 2.268}, "Cash Flow From Financial Activities": {"2020-11-30": -34.8, "2020-08-31": "-273.60000", "2020-05-31": 746.8, "2020-02-29": -174.3, "2019-11-30": -241.1, "2019-08-31": "-192.70000", "2019-05-31": -80.4, "2019-02-28": -209.1, "2018-11-30": -102.3, "2018-08-31": "-92.40000", "2018-05-31": -156.6, "2018-02-28": -294.5, "2017-11-30": -21.1, "2017-08-31": "-164.40000", "2017-05-31": 480.6, "2017-02-28": -50.2, "2016-11-30": -38.1, "2016-08-31": "-263.10000", "2016-05-31": -93.8, "2016-02-29": -1003.9, "2015-11-30": -6.1, "2015-08-31": "-17.00000", "2015-05-31": -7.8, "2015-02-28": -33.9, "2014-11-30": -115.1, "2014-08-31": "-1627.70000", "2014-05-31": -31.1, "2014-02-28": -194.8, "2013-11-30": 61.7, "2013-08-31": "-15.00000", "2013-05-31": -104.5, "2013-02-28": -210.3, "2012-11-30": 786.3, "2012-08-31": "-116.10000", "2012-05-31": -67.8, "2012-02-29": -280.4, "2011-11-30": 282.1, "2011-08-31": "25.70000", "2011-05-31": -88.7, "2011-02-28": -228.7, "2010-11-30": 74.3, "2010-08-31": "-277.90000", "2010-05-31": -55, "2010-02-28": -125.1, "2009-11-30": -41.1, "2009-08-31": "-68.80000", "2009-05-31": -156.8, "2009-02-28": -163.7, "2008-11-30": 141.8, "2008-08-31": "-26.10000", "2008-05-31": -96.6, "2008-02-29": -268.5, "2007-11-30": 1219.7, "2007-08-31": "-49.10000", "2007-05-31": -121.3, "2007-02-28": -179.5, "2006-11-30": 5.7, "2006-08-31": "-27.80000", "2006-05-31": -117.4, "2006-02-28": -234.118, "2005-11-30": -221.972, "2005-08-31": "180.59000", "2005-05-31": -119.428, "2005-02-28": -144.572}, "Net Cash Flow": {"2020-11-30": 122.7, "2020-08-31": "-108.70000", "2020-05-31": 441.6, "2020-02-29": 164.4, "2019-11-30": -193.5, "2019-08-31": "-106.50000", "2019-05-31": 154.4, "2019-02-28": 163.2, "2018-11-30": -12.1, "2018-08-31": "4.90000", "2018-05-31": 0.1, "2018-02-28": 32.1, "2017-11-30": -32.1, "2017-08-31": "-86.30000", "2017-05-31": -158.3, "2017-02-28": 274.6, "2016-11-30": 2.1, "2016-08-31": "-160.10000", "2016-05-31": 59, "2016-02-29": -641.8, "2015-11-30": 167.5, "2015-08-31": "154.20000", "2015-05-31": 99.7, "2015-02-28": 278.7, "2014-11-30": -256.2, "2014-08-31": "315.40000", "2014-05-31": -28.7, "2014-02-28": 42.4, "2013-11-30": -24.3, "2013-08-31": "20.70000", "2013-05-31": -15.7, "2013-02-28": 42.5, "2012-11-30": 9.9, "2012-08-31": "-19.00000", "2012-05-31": -18, "2012-02-29": 38.3, "2011-11-30": -24, "2011-08-31": "3.70000", "2011-05-31": -19.2, "2011-02-28": 36.8, "2010-11-30": -24.6, "2010-08-31": "-171.30000", "2010-05-31": -11.5, "2010-02-28": 203.4, "2009-11-30": -22.5, "2009-08-31": "16.50000", "2009-05-31": -44.4, "2009-02-28": 56, "2008-11-30": 5.8, "2008-08-31": "2.30000", "2008-05-31": -3.8, "2008-02-29": 17.7, "2007-11-30": -18, "2007-08-31": "17.10000", "2007-05-31": -23.6, "2007-02-28": 15.4, "2006-11-30": -7.1, "2006-08-31": "3.20000", "2006-05-31": -10.8, "2006-02-28": -19.435, "2005-11-30": -172.185, "2005-08-31": "201.92000", "2005-05-31": -44.988, "2005-02-28": 51.088}, "Stock-Based Compensation": {"2020-11-30": 22.3, "2020-08-31": "19.10000", "2020-05-31": 10.4, "2020-02-29": 14.6, "2019-11-30": 13.8, "2019-08-31": "14.20000", "2019-05-31": 14.5, "2019-02-28": 13.7, "2018-11-30": 13.7, "2018-08-31": "17.90000", "2018-05-31": 10.6, "2018-02-28": 14.1, "2017-11-30": 9.7, "2017-08-31": "8.40000", "2017-05-31": 13.4, "2017-02-28": 9.3, "2016-11-30": 11.8, "2016-08-31": "6.20000", "2016-05-31": 8.1, "2016-02-29": 11.9, "2015-11-30": 7.1, "2015-08-31": "10.20000", "2015-05-31": 12.4, "2015-02-28": 11.4, "2014-11-30": 23.7, "2014-08-31": "6.20000", "2014-05-31": 5.5, "2014-02-28": 6.3, "2013-11-30": 18.2, "2013-08-31": "8.70000", "2013-05-31": 4, "2013-02-28": 7.3, "2012-11-30": 14.3, "2012-08-31": "14.40000", "2012-05-31": 5.4, "2012-02-29": 16.6, "2011-11-30": 13.2, "2011-08-31": "11.50000", "2011-05-31": 17.9, "2011-02-28": 17.6, "2010-11-30": 17.9, "2010-08-31": "13.20000", "2010-05-31": 15.8, "2010-02-28": 14.7, "2009-11-30": 13.2, "2009-08-31": "9.80000", "2009-05-31": 11.3, "2009-02-28": 13.1, "2008-11-30": 6.1, "2008-08-31": "11.00000", "2008-05-31": 12.7, "2008-02-29": 6.9, "2007-11-30": 20.9, "2007-08-31": "8.40000", "2007-05-31": 6.4, "2007-02-28": 8, "2006-11-30": 8.8, "2006-08-31": "8.40000", "2006-05-31": 1.7, "2006-02-28": 4.386, "2005-11-30": 4.268, "2005-08-31": "2.14600", "2005-05-31": 8.895, "2005-02-28": 1.005}, "Common Stock Dividends Paid": {"2020-11-30": -39.1, "2020-08-31": "", "2020-05-31": 0, "2020-02-29": -106.6, "2019-11-30": -107.6, "2019-08-31": "-108.10000", "2019-05-31": -92.4, "2019-02-28": -92.4, "2018-11-30": -93, "2018-08-31": "-93.00000", "2018-05-31": -78.6, "2018-02-28": -77.9, "2017-11-30": -77.9, "2017-08-31": "-79.10000", "2017-05-31": -70.2, "2017-02-28": -69.4, "2016-11-30": -69, "2016-08-31": "-70.50000", "2016-05-31": -63.4, "2016-02-29": -64.2, "2015-11-30": -70.6, "2015-08-31": "-70.00000", "2015-05-31": -69.6, "2015-02-28": -68.4, "2014-11-30": -68.1, "2014-08-31": "-72.80000", "2014-05-31": -72.6, "2014-02-28": -72.4, "2013-11-30": -71.6, "2013-08-31": "-71.70000", "2013-05-31": -65, "2013-02-28": -64.7, "2012-11-30": -64.5, "2012-08-31": "-64.00000", "2012-05-31": -55.3, "2012-02-29": -55, "2011-11-30": -55.9, "2011-08-31": "-57.70000", "2011-05-31": -43.5, "2011-02-28": -43.7, "2010-11-30": -43.9, "2010-08-31": "-44.40000", "2010-05-31": -35.3, "2010-02-28": -34.8, "2009-11-30": -35.2, "2009-08-31": "-34.70000", "2009-05-31": -27.6, "2009-02-28": -27.2, "2008-11-30": -27.5, "2008-08-31": "-27.90000", "2008-05-31": -25, "2008-02-29": -25.1, "2007-11-30": -25.4, "2007-08-31": "-25.40000", "2007-05-31": -32.2, "2007-02-28": 0, "2006-11-30": -33.5, "2006-08-31": "", "2006-05-31": -29.3, "2006-02-28": -0.046, "2005-11-30": -29.854, "2005-08-31": "", "2005-05-31": -6.249, "2005-02-28": -6.251}}, "financial ratios": {"Current Ratio": {"2020-05-31": "0.61430", "2019-05-31": "0.60550", "2018-05-31": "0.39990", "2017-05-31": "0.45600", "2016-05-31": "0.69100", "2015-05-31": "0.88280", "2014-05-31": "1.22080", "2013-05-31": "0.54000", "2012-05-31": "0.42700", "2011-05-31": "0.51590", "2010-05-31": "0.57050", "2009-05-31": "0.50620", "2008-05-31": "0.41180", "2007-05-31": "0.50760", "2006-05-31": "0.36800", "2005-05-31": "0.38990"}, "Long-term Debt / Capital": {"2020-05-31": "0.28490", "2019-05-31": "0.27940", "2018-05-31": "0.29680", "2017-05-31": "0.30830", "2016-05-31": "0.18390", "2015-05-31": "0.38360", "2014-05-31": "0.53320", "2013-05-31": "0.55310", "2012-05-31": "0.45020", "2011-05-31": "0.43040", "2010-05-31": "0.43640", "2009-05-31": "0.51290", "2008-05-31": "0.54590", "2007-05-31": "0.30990", "2006-05-31": "0.28690", "2005-05-31": "0.21580"}, "Debt/Equity Ratio": {"2020-05-31": "0.51420", "2019-05-31": "0.38770", "2018-05-31": "0.42210", "2017-05-31": "0.44560", "2016-05-31": "0.22540", "2015-05-31": "0.62880", "2014-05-31": "1.24530", "2013-05-31": "1.31740", "2012-05-31": "1.15130", "2011-05-31": "0.85160", "2010-05-31": "0.89300", "2009-05-31": "1.14650", "2008-05-31": "1.32890", "2007-05-31": "0.64230", "2006-05-31": "0.55990", "2005-05-31": "0.51080"}, "Gross Margin": {"2020-05-31": "18.04050", "2019-05-31": "21.72640", "2018-05-31": "21.60120", "2017-05-31": "21.88780", "2016-05-31": "22.22690", "2015-05-31": "21.03050", "2014-05-31": "20.60420", "2013-05-31": "22.03010", "2012-05-31": "23.25470", "2011-05-31": "24.00870", "2010-05-31": "22.90280", "2009-05-31": "21.89960", "2008-05-31": "22.45230", "2007-05-31": "23.50060", "2006-05-31": "23.44400", "2005-05-31": "23.10950"}, "Operating Margin": {"2020-05-31": "0.61360", "2019-05-31": "9.78220", "2018-05-31": "9.49000", "2017-05-31": "9.44880", "2016-05-31": "8.97380", "2015-05-31": "5.43470", "2014-05-31": "4.91440", "2013-05-31": "6.75560", "2012-05-31": "8.58630", "2011-05-31": "9.88240", "2010-05-31": "8.96230", "2009-05-31": "8.75510", "2008-05-31": "9.06060", "2007-05-31": "10.29800", "2006-05-31": "10.31080", "2005-05-31": "9.81000"}, "EBIT Margin": {"2020-05-31": "0.61360", "2019-05-31": "9.78220", "2018-05-31": "9.49000", "2017-05-31": "9.44880", "2016-05-31": "8.97380", "2015-05-31": "5.43470", "2014-05-31": "4.91440", "2013-05-31": "6.75560", "2012-05-31": "8.58630", "2011-05-31": "9.88240", "2010-05-31": "8.96230", "2009-05-31": "8.75510", "2008-05-31": "9.06060", "2007-05-31": "10.29800", "2006-05-31": "10.31080", "2005-05-31": "9.81000"}, "EBITDA Margin": {"2020-05-31": "5.17230", "2019-05-31": "13.73850", "2018-05-31": "13.36490", "2017-05-31": "13.25490", "2016-05-31": "13.21120", "2015-05-31": "10.28240", "2014-05-31": "9.97680", "2013-05-31": "11.67540", "2012-05-31": "13.24170", "2011-05-31": "14.14360", "2010-05-31": "13.23900", "2009-05-31": "12.72320", "2008-05-31": "12.80310", "2007-05-31": "13.92830", "2006-05-31": "14.04660", "2005-05-31": "13.79380"}, "Pre-Tax Profit Margin": {"2020-05-31": "-2.06230", "2019-05-31": "9.19230", "2018-05-31": "7.49620", "2017-05-31": "8.88820", "2016-05-31": "6.48590", "2015-05-31": "2.59170", "2014-05-31": "2.77780", "2013-05-31": "4.62760", "2012-05-31": "6.66590", "2011-05-31": "8.63440", "2010-05-31": "7.64220", "2009-05-31": "7.10080", "2008-05-31": "7.76730", "2007-05-31": "9.53460", "2006-05-31": "9.49080", "2005-05-31": "8.87170"}, "Net Profit Margin": {"2020-05-31": "-0.67120", "2019-05-31": "8.38270", "2018-05-31": "7.37610", "2017-05-31": "6.68180", "2016-05-31": "5.40850", "2015-05-31": "10.48940", "2014-05-31": "4.55330", "2013-05-31": "6.95660", "2012-05-31": "8.92610", "2011-05-31": "6.35050", "2010-05-31": "5.68670", "2009-05-31": "5.15690", "2008-05-31": "5.69230", "2007-05-31": "3.61770", "2006-05-31": "6.31720", "2005-05-31": "5.83820"}, "Asset Turnover": {"2020-05-31": "0.78490", "2019-05-31": "1.44420", "2018-05-31": "1.47730", "2017-05-31": "1.35480", "2016-05-31": "1.51300", "2015-05-31": "1.12830", "2014-05-31": "0.88750", "2013-05-31": "0.85360", "2012-05-31": "0.89620", "2011-05-31": "1.37200", "2010-05-31": "1.34820", "2009-05-31": "1.43630", "2008-05-31": "1.40080", "2007-05-31": "1.93250", "2006-05-31": "1.77850", "2005-05-31": "1.69430"}, "Inventory Turnover Ratio": {"2020-05-31": "30.92560", "2019-05-31": "32.13410", "2018-05-31": "30.85580", "2017-05-31": "31.30690", "2016-05-31": "30.74340", "2015-05-31": "32.59000", "2014-05-31": "25.35820", "2013-05-31": "12.93530", "2012-05-31": "10.11710", "2011-05-31": "18.99200", "2010-05-31": "24.83700", "2009-05-31": "22.82150", "2008-05-31": "23.71340", "2007-05-31": "20.31870", "2006-05-31": "20.62660", "2005-05-31": "16.25570"}, "Receiveable Turnover": {"2020-05-31": "156.76510", "2019-05-31": "96.38050", "2018-05-31": "96.53650", "2017-05-31": "94.46900", "2016-05-31": "108.33590", "2015-05-31": "86.71800", "2014-05-31": "75.00720", "2013-05-31": "69.33260", "2012-05-31": "74.60930", "2011-05-31": "114.68200", "2010-05-31": "119.74920", "2009-05-31": "194.54180", "2008-05-31": "95.34530", "2007-05-31": "119.98060", "2006-05-31": "144.30190", "2005-05-31": "136.33530"}, "Days Sales In Receivables": {"2020-05-31": "2.32830", "2019-05-31": "3.78710", "2018-05-31": "3.78100", "2017-05-31": "3.86370", "2016-05-31": "3.36920", "2015-05-31": "4.20900", "2014-05-31": "4.86620", "2013-05-31": "5.26450", "2012-05-31": "4.89220", "2011-05-31": "3.18270", "2010-05-31": "3.04800", "2009-05-31": "1.87620", "2008-05-31": "3.82820", "2007-05-31": "3.04220", "2006-05-31": "2.52940", "2005-05-31": "2.67720"}, "ROE - Return On Equity": {"2020-05-31": "-2.11050", "2019-05-31": "30.03430", "2018-05-31": "27.51050", "2017-05-31": "22.95760", "2016-05-31": "18.42730", "2015-05-31": "8.41650", "2014-05-31": "8.49370", "2013-05-31": "11.52220", "2012-05-31": "15.15740", "2011-05-31": "24.72370", "2010-05-31": "21.48890", "2009-05-31": "23.15070", "2008-05-31": "26.22240", "2007-05-31": "34.45410", "2006-05-31": "28.60630", "2005-05-31": "23.55820"}, "Return On Tangible Equity": {"2020-05-31": "-10.08400", "2019-05-31": "278.41940", "2018-05-31": "1001.32600", "2017-05-31": "-961.15160", "2016-05-31": "71.21360", "2015-05-31": "22.15450", "2014-05-31": "25.81010", "2013-05-31": "41.09800", "2012-05-31": "33.29760", "2011-05-31": "49.60110", "2010-05-31": "44.10970", "2009-05-31": "58.74540", "2008-05-31": "85.09900", "2007-05-31": "34.45410", "2006-05-31": "28.60630", "2005-05-31": "23.55820"}, "ROA - Return On Assets": {"2020-05-31": "-0.49470", "2019-05-31": "12.19450", "2018-05-31": "11.03920", "2017-05-31": "9.11700", "2016-05-31": "7.84930", "2015-05-31": "3.27620", "2014-05-31": "2.58660", "2013-05-31": "3.42080", "2012-05-31": "4.69700", "2011-05-31": "8.75680", "2010-05-31": "7.71400", "2009-05-31": "7.39870", "2008-05-31": "7.81080", "2007-05-31": "13.09010", "2006-05-31": "11.68690", "2005-05-31": "10.20840"}, "ROI - Return On Investment": {"2020-05-31": "-1.50920", "2019-05-31": "21.64260", "2018-05-31": "19.34450", "2017-05-31": "15.88060", "2016-05-31": "15.03760", "2015-05-31": "5.18780", "2014-05-31": "3.96510", "2013-05-31": "5.14950", "2012-05-31": "8.33410", "2011-05-31": "14.08150", "2010-05-31": "12.11200", "2009-05-31": "11.27620", "2008-05-31": "11.90670", "2007-05-31": "23.77530", "2006-05-31": "20.40010", "2005-05-31": "18.47430"}, "Book Value Per Share": {"2020-05-31": "17.94610", "2019-05-31": "19.43620", "2018-05-31": "17.77170", "2017-05-31": "16.76000", "2016-05-31": "15.46750", "2015-05-31": "18.41750", "2014-05-31": "16.30310", "2013-05-31": "15.80580", "2012-05-31": "14.27910", "2011-05-31": "14.38480", "2010-05-31": "13.47080", "2009-05-31": "11.52910", "2008-05-31": "10.02920", "2007-05-31": "7.74050", "2006-05-31": "8.36600", "2005-05-31": "8.24540"}, "Operating Cash Flow Per Share": {"2020-05-31": -4.2617, "2019-05-31": 2.0148, "2018-05-31": 0.8215, "2017-05-31": 0.9273, "2016-05-31": -0.396, "2015-05-31": 2.5712, "2014-05-31": -0.347, "2013-05-31": 0.6616, "2012-05-31": -2.5219, "2011-05-31": 0.0329, "2010-05-31": 0.7636, "2009-05-31": 0.2959, "2008-05-31": 1.4553, "2007-05-31": -0.6264, "2006-05-31": 1.0897, "2005-05-31": 3.366}, "Free Cash Flow Per Share": {"2020-05-31": -4.4573, "2019-05-31": 1.6067, "2018-05-31": -0.0159, "2017-05-31": -2.1023, "2016-05-31": 2.0607, "2015-05-31": 3.7649, "2014-05-31": 0.4457, "2013-05-31": 0.2, "2012-05-31": -2.0803, "2011-05-31": -0.8743, "2010-05-31": 1.5969, "2009-05-31": -0.5667, "2008-05-31": 0.4688, "2007-05-31": -0.9454, "2006-05-31": 0.6554, "2005-05-31": 2.1885}}, "financial ratios, quarterly": {"Current Ratio": {"2020-11-30": "0.71770", "2020-08-31": "0.62890", "2020-05-31": "0.61430", "2020-02-29": "0.40760", "2019-11-30": "0.34380", "2019-08-31": "0.43280", "2019-05-31": "0.60550", "2019-02-28": "0.47630", "2018-11-30": "0.40510", "2018-08-31": "0.41120", "2018-05-31": "0.39990", "2018-02-28": "0.38810", "2017-11-30": "0.34220", "2017-08-31": "0.38390", "2017-05-31": "0.45600", "2017-02-28": "0.71820", "2016-11-30": "0.59360", "2016-08-31": "0.53950", "2016-05-31": "0.69100", "2016-02-29": "0.60770", "2015-11-30": "0.76210", "2015-08-31": "1.05430", "2015-05-31": "0.88280", "2015-02-28": "0.72690", "2014-11-30": "0.55080", "2014-08-31": "0.62670", "2014-05-31": "1.22080", "2014-02-28": "0.55390", "2013-11-30": "0.50670", "2013-08-31": "0.51800", "2013-05-31": "0.54000", "2013-02-28": "0.55580", "2012-11-30": "0.51870", "2012-08-31": "0.39060", "2012-05-31": "0.42700", "2012-02-29": "0.42420", "2011-11-30": "0.42790", "2011-08-31": "0.50410", "2011-05-31": "0.51590", "2011-02-28": "0.52480", "2010-11-30": "0.44850", "2010-08-31": "0.43870", "2010-05-31": "0.57050", "2010-02-28": "0.55890", "2009-11-30": "0.45730", "2009-08-31": "0.45690", "2009-05-31": "0.50620", "2009-02-28": "0.44290", "2008-11-30": "0.40920", "2008-08-31": "0.41190", "2008-05-31": "0.41180", "2008-02-29": "0.43460", "2007-11-30": "0.48460", "2007-08-31": "0.55530", "2007-05-31": "0.50760", "2007-02-28": "0.41430", "2006-11-30": "0.42680", "2006-08-31": "0.41130", "2006-05-31": "0.36800", "2006-02-28": "0.49990", "2005-11-30": "0.52140", "2005-08-31": "0.64650", "2005-05-31": "0.38990", "2005-02-28": "0.45700"}, "Long-term Debt / Capital": {"2020-11-30": "0.27460", "2020-08-31": "0.28120", "2020-05-31": "0.28490", "2020-02-29": "0.28400", "2019-11-30": "0.28990", "2019-08-31": "0.28040", "2019-05-31": "0.27940", "2019-02-28": "0.28600", "2018-11-30": "0.29180", "2018-08-31": "0.28940", "2018-05-31": "0.29680", "2018-02-28": "0.30360", "2017-11-30": "0.32130", "2017-08-31": "0.31270", "2017-05-31": "0.30830", "2017-02-28": "0.18260", "2016-11-30": "0.19200", "2016-08-31": "0.19640", "2016-05-31": "0.18390", "2016-02-29": "0.18650", "2015-11-30": "0.18090", "2015-08-31": "0.37230", "2015-05-31": "0.38360", "2015-02-28": "0.40320", "2014-11-30": "0.41910", "2014-08-31": "0.41670", "2014-05-31": "0.53320", "2014-02-28": "0.54420", "2013-11-30": "0.55160", "2013-08-31": "0.54980", "2013-05-31": "0.55310", "2013-02-28": "0.56710", "2012-11-30": "0.57850", "2012-08-31": "0.44770", "2012-05-31": "0.45020", "2012-02-29": "0.45910", "2011-11-30": "0.46810", "2011-08-31": "0.43430", "2011-05-31": "0.43040", "2011-02-28": "0.43220", "2010-11-30": "0.43830", "2010-08-31": "0.43960", "2010-05-31": "0.43640", "2010-02-28": "0.45560", "2009-11-30": "0.47360", "2009-08-31": "0.47910", "2009-05-31": "0.51290", "2009-02-28": "0.53360", "2008-11-30": "0.54960", "2008-08-31": "0.54490", "2008-05-31": "0.54590", "2008-02-29": "0.56350", "2007-11-30": "0.56430", "2007-08-31": "0.29210", "2007-05-31": "0.30990", "2007-02-28": "0.28530", "2006-11-30": "0.27830", "2006-08-31": "0.28080", "2006-05-31": "0.28690", "2006-02-28": "0.34040", "2005-11-30": "0.33980", "2005-08-31": "0.33900", "2005-05-31": "0.21580", "2005-02-28": "0.21440"}, "Debt/Equity Ratio": {"2020-11-30": "0.37860", "2020-08-31": "0.39120", "2020-05-31": "0.51420", "2020-02-29": "0.39660", "2019-11-30": "0.40820", "2019-08-31": "0.38970", "2019-05-31": "0.38770", "2019-02-28": "0.40050", "2018-11-30": "0.43200", "2018-08-31": "0.40730", "2018-05-31": "0.42210", "2018-02-28": "0.45980", "2017-11-30": "0.55110", "2017-08-31": "0.45490", "2017-05-31": "0.44560", "2017-02-28": "0.22340", "2016-11-30": "0.23770", "2016-08-31": "0.24440", "2016-05-31": "0.22540", "2016-02-29": "0.23340", "2015-11-30": "0.60250", "2015-08-31": "0.59920", "2015-05-31": "0.62880", "2015-02-28": "0.68230", "2014-11-30": "0.73820", "2014-08-31": "0.76830", "2014-05-31": "1.24530", "2014-02-28": "1.28680", "2013-11-30": "1.39500", "2013-08-31": "1.33100", "2013-05-31": "1.31740", "2013-02-28": "1.42150", "2012-11-30": "1.57400", "2012-08-31": "1.13090", "2012-05-31": "1.15130", "2012-02-29": "1.20770", "2011-11-30": "1.34980", "2011-08-31": "0.94150", "2011-05-31": "0.85160", "2011-02-28": "0.83340", "2010-11-30": "0.90960", "2010-08-31": "0.82770", "2010-05-31": "0.89300", "2010-02-28": "0.91810", "2009-11-30": "1.04650", "2009-08-31": "1.07680", "2009-05-31": "1.14650", "2009-02-28": "1.36260", "2008-11-30": "1.55360", "2008-08-31": "1.36530", "2008-05-31": "1.32890", "2008-02-29": "1.48020", "2007-11-30": "1.59630", "2007-08-31": "0.56340", "2007-05-31": "0.64230", "2007-02-28": "0.61910", "2006-11-30": "0.61230", "2006-08-31": "0.57240", "2006-05-31": "0.55990", "2006-02-28": "0.55130", "2005-11-30": "0.63420", "2005-08-31": "0.75070", "2005-05-31": "0.51080", "2005-02-28": "0.50580"}, "Gross Margin": {"2020-11-30": "19.04020", "2020-08-31": "19.72630", "2020-05-31": "0.82670", "2020-02-29": "22.92780", "2019-11-30": "19.71890", "2019-08-31": "21.29430", "2019-05-31": "22.60110", "2019-02-28": "23.04030", "2018-11-30": "19.59560", "2018-08-31": "21.38840", "2018-05-31": "22.75430", "2018-02-28": "22.61320", "2017-11-30": "19.38350", "2017-08-31": "21.37290", "2017-05-31": "22.65070", "2017-02-28": "23.34060", "2016-11-30": "19.54340", "2016-08-31": "21.68110", "2016-05-31": "22.78520", "2016-02-29": "23.38300", "2015-11-30": "20.19520", "2015-08-31": "22.30590", "2015-05-31": "22.96760", "2015-02-28": "22.45080", "2014-11-30": "18.55680", "2014-08-31": "19.62650", "2014-05-31": "20.23640", "2014-02-28": "21.79180", "2013-11-30": "19.19090", "2013-08-31": "21.11660", "2013-05-31": "21.91660", "2013-02-28": "22.40280", "2012-11-30": "19.96430", "2012-08-31": "23.83530", "2012-05-31": "24.05110", "2012-02-29": "24.65160", "2011-11-30": "20.25120", "2011-08-31": "22.43050", "2011-05-31": "23.92870", "2011-02-28": "25.21250", "2010-11-30": "22.28590", "2010-08-31": "24.42580", "2010-05-31": "23.50580", "2010-02-28": "23.68200", "2009-11-30": "21.25750", "2009-08-31": "22.97000", "2009-05-31": "23.63960", "2009-02-28": "22.50820", "2008-11-30": "19.62970", "2008-08-31": "21.48010", "2008-05-31": "22.28860", "2008-02-29": "22.81110", "2007-11-30": "20.53220", "2007-08-31": "24.20440", "2007-05-31": "22.81670", "2007-02-28": "24.27040", "2006-11-30": "22.34810", "2006-08-31": "24.51460", "2006-05-31": "26.63430", "2006-02-28": "23.36860", "2005-11-30": "21.09140", "2005-08-31": "23.14270", "2005-05-31": "26.07070", "2005-02-28": "23.28970"}, "Operating Margin": {"2020-11-30": "7.28650", "2020-08-31": "3.70570", "2020-05-31": "-46.61840", "2020-02-29": "11.86020", "2019-11-30": "7.79030", "2019-08-31": "9.44280", "2019-05-31": "10.30910", "2019-02-28": "11.81840", "2018-11-30": "7.50480", "2018-08-31": "9.17340", "2018-05-31": "10.77740", "2018-02-28": "10.96600", "2017-11-30": "6.85090", "2017-08-31": "9.01300", "2017-05-31": "8.79770", "2017-02-28": "12.21590", "2016-11-30": "7.09280", "2016-08-31": "9.40850", "2016-05-31": "10.33960", "2016-02-29": "11.97290", "2015-11-30": "5.07830", "2015-08-31": "7.95490", "2015-05-31": "8.01260", "2015-02-28": "9.84460", "2014-11-30": "-1.34060", "2014-08-31": "4.23610", "2014-05-31": "4.13340", "2014-02-28": "7.55020", "2013-11-30": "2.34920", "2013-08-31": "5.45870", "2013-05-31": "7.30340", "2013-02-28": "9.08250", "2012-11-30": "3.87760", "2012-08-31": "8.56100", "2012-05-31": "11.02830", "2012-02-29": "11.36730", "2011-11-30": "5.33440", "2011-08-31": "8.68690", "2011-05-31": "10.43460", "2011-02-28": "11.28590", "2010-11-30": "7.33980", "2010-08-31": "10.16770", "2010-05-31": "9.77040", "2010-02-28": "10.46960", "2009-11-30": "6.40960", "2009-08-31": "8.88120", "2009-05-31": "10.41760", "2009-02-28": "9.67260", "2008-11-30": "6.60910", "2008-08-31": "7.99230", "2008-05-31": "9.49280", "2008-02-29": "10.14130", "2007-11-30": "5.37450", "2007-08-31": "11.01190", "2007-05-31": "10.21300", "2007-02-28": "11.56260", "2006-11-30": "8.23510", "2006-08-31": "11.01060", "2006-05-31": "14.09070", "2006-02-28": "10.70410", "2005-11-30": "7.08120", "2005-08-31": "9.86460", "2005-05-31": "14.04830", "2005-02-28": "10.26460"}, "EBIT Margin": {"2020-11-30": "7.28650", "2020-08-31": "3.70570", "2020-05-31": "-46.61840", "2020-02-29": "11.86020", "2019-11-30": "7.79030", "2019-08-31": "9.44280", "2019-05-31": "10.30910", "2019-02-28": "11.81840", "2018-11-30": "7.50480", "2018-08-31": "9.17340", "2018-05-31": "10.77740", "2018-02-28": "10.96600", "2017-11-30": "6.85090", "2017-08-31": "9.01300", "2017-05-31": "8.79770", "2017-02-28": "12.21590", "2016-11-30": "7.09280", "2016-08-31": "9.40850", "2016-05-31": "10.33960", "2016-02-29": "11.97290", "2015-11-30": "5.07830", "2015-08-31": "7.95490", "2015-05-31": "8.01260", "2015-02-28": "9.84460", "2014-11-30": "-1.34060", "2014-08-31": "4.23610", "2014-05-31": "4.13340", "2014-02-28": "7.55020", "2013-11-30": "2.34920", "2013-08-31": "5.45870", "2013-05-31": "7.30340", "2013-02-28": "9.08250", "2012-11-30": "3.87760", "2012-08-31": "8.56100", "2012-05-31": "11.02830", "2012-02-29": "11.36730", "2011-11-30": "5.33440", "2011-08-31": "8.68690", "2011-05-31": "10.43460", "2011-02-28": "11.28590", "2010-11-30": "7.33980", "2010-08-31": "10.16770", "2010-05-31": "9.77040", "2010-02-28": "10.46960", "2009-11-30": "6.40960", "2009-08-31": "8.88120", "2009-05-31": "10.41760", "2009-02-28": "9.67260", "2008-11-30": "6.60910", "2008-08-31": "7.99230", "2008-05-31": "9.49280", "2008-02-29": "10.14130", "2007-11-30": "5.37450", "2007-08-31": "11.01190", "2007-05-31": "10.21310", "2007-02-28": "11.56260", "2006-11-30": "8.23510", "2006-08-31": "11.01060", "2006-05-31": "14.09070", "2006-02-28": "10.70410", "2005-11-30": "7.08120", "2005-08-31": "9.86460", "2005-05-31": "14.04830", "2005-02-28": "10.26460"}, "EBITDA Margin": {"2020-11-30": "", "2020-08-31": "", "2020-05-31": "", "2020-02-29": "", "2019-11-30": "", "2019-08-31": "", "2019-05-31": "", "2019-02-28": "", "2018-11-30": "", "2018-08-31": "", "2018-05-31": "", "2018-02-28": "", "2017-11-30": "", "2017-08-31": "", "2017-05-31": "", "2017-02-28": "", "2016-11-30": "", "2016-08-31": "", "2016-05-31": "", "2016-02-29": "", "2015-11-30": "", "2015-08-31": "", "2015-05-31": "", "2015-02-28": "", "2014-11-30": "", "2014-08-31": "", "2014-05-31": "", "2014-02-28": "", "2013-11-30": "", "2013-08-31": "", "2013-05-31": "", "2013-02-28": "", "2012-11-30": "", "2012-08-31": "", "2012-05-31": "", "2012-02-29": "", "2011-11-30": "", "2011-08-31": "", "2011-05-31": "", "2011-02-28": "", "2010-11-30": "", "2010-08-31": "", "2010-05-31": "", "2010-02-28": "", "2009-11-30": "", "2009-08-31": "", "2009-05-31": "", "2009-02-28": "", "2008-11-30": "", "2008-08-31": "", "2008-05-31": "", "2008-02-29": "", "2007-11-30": "", "2007-08-31": "", "2007-05-31": "", "2007-02-28": "", "2006-11-30": "", "2006-08-31": "", "2006-05-31": "", "2006-02-28": "", "2005-11-30": "", "2005-08-31": "", "2005-05-31": "", "2005-02-28": ""}, "Pre-Tax Profit Margin": {"2020-11-30": "6.38090", "2020-08-31": "2.12780", "2020-05-31": "-48.05130", "2020-02-29": "11.29770", "2019-11-30": "-0.30150", "2019-08-31": "8.92260", "2019-05-31": "9.77520", "2019-02-28": "11.26640", "2018-11-30": "6.85620", "2018-08-31": "8.53790", "2018-05-31": "10.15890", "2018-02-28": "5.45010", "2017-11-30": "6.02710", "2017-08-31": "8.23820", "2017-05-31": "8.20320", "2017-02-28": "11.72090", "2016-11-30": "6.51450", "2016-08-31": "8.83110", "2016-05-31": "9.79780", "2016-02-29": "7.47500", "2015-11-30": "1.51670", "2015-08-31": "6.62710", "2015-05-31": "6.73480", "2015-02-28": "8.49850", "2014-11-30": "-3.50220", "2014-08-31": "-2.73840", "2014-05-31": "2.05450", "2014-02-28": "5.50510", "2013-11-30": "0.12120", "2013-08-31": "3.25170", "2013-05-31": "5.21850", "2013-02-28": "7.66980", "2012-11-30": "2.19900", "2012-08-31": "7.18990", "2012-05-31": "9.71630", "2012-02-29": "10.08470", "2011-11-30": "3.95850", "2011-08-31": "7.56950", "2011-05-31": "9.35440", "2011-02-28": "10.07180", "2010-11-30": "5.97850", "2010-08-31": "8.80610", "2010-05-31": "8.43440", "2010-02-28": "9.35970", "2009-11-30": "4.91680", "2009-08-31": "7.51440", "2009-05-31": "8.45860", "2009-02-28": "8.25500", "2008-11-30": "4.94340", "2008-08-31": "6.44800", "2008-05-31": "8.03570", "2008-02-29": "8.66180", "2007-11-30": "3.88960", "2007-08-31": "10.35090", "2007-05-31": "9.41160", "2007-02-28": "10.85890", "2006-11-30": "7.44160", "2006-08-31": "10.25300", "2006-05-31": "13.98370", "2006-02-28": "9.43560", "2005-11-30": "6.10290", "2005-08-31": "9.08320", "2005-05-31": "12.73860", "2005-02-28": "9.50840"}, "Net Profit Margin": {"2020-11-30": "5.79540", "2020-08-31": "2.36350", "2020-05-31": "-37.79230", "2020-02-29": "9.89990", "2019-11-30": "1.20110", "2019-08-31": "7.99480", "2019-05-31": "9.33110", "2019-02-28": "9.95330", "2018-11-30": "5.85790", "2018-08-31": "8.06250", "2018-05-31": "8.17670", "2018-02-28": "10.23300", "2017-11-30": "4.50170", "2017-08-31": "6.14640", "2017-05-31": "6.39930", "2017-02-28": "8.81460", "2016-11-30": "4.84020", "2016-08-31": "6.42790", "2016-05-31": "7.79800", "2016-02-29": "5.72670", "2015-11-30": "2.68520", "2015-08-31": "5.12150", "2015-05-31": "5.60610", "2015-02-28": "7.73010", "2014-11-30": "-2.10390", "2014-08-31": "31.53280", "2014-05-31": "5.24240", "2014-02-28": "6.77790", "2013-11-30": "1.33280", "2013-08-31": "4.58370", "2013-05-31": "8.36470", "2013-02-28": "5.95160", "2012-11-30": "1.71430", "2012-08-31": "5.44530", "2012-05-31": "7.31990", "2012-02-29": "7.59830", "2011-11-30": "2.93200", "2011-08-31": "5.48920", "2011-05-31": "6.90780", "2011-02-28": "7.64870", "2010-11-30": "4.31580", "2010-08-31": "6.26000", "2010-05-31": "6.20240", "2010-02-28": "7.16650", "2009-11-30": "3.67390", "2009-08-31": "5.43830", "2009-05-31": "6.22120", "2009-02-28": "5.97590", "2008-11-30": "3.57720", "2008-08-31": "4.62740", "2008-05-31": "5.57620", "2008-02-29": "6.95590", "2007-11-30": "2.85810", "2007-08-31": "7.21640", "2007-05-31": "-3.78110", "2007-02-28": "7.34050", "2006-11-30": "4.75310", "2006-08-31": "6.50930", "2006-05-31": "8.06270", "2006-02-28": "7.14290", "2005-11-30": "4.15500", "2005-08-31": "6.06840", "2005-05-31": "7.67880", "2005-02-28": "6.73240"}, "Asset Turnover": {"2020-11-30": "0.16690", "2020-08-31": "0.15600", "2020-05-31": "0.12770", "2020-02-29": "0.23530", "2019-11-30": "0.21110", "2019-08-31": "0.21950", "2019-05-31": "0.37830", "2019-02-28": "0.39430", "2018-11-30": "0.35560", "2018-08-31": "0.37500", "2018-05-31": "0.39020", "2018-02-28": "0.39020", "2017-11-30": "0.35380", "2017-08-31": "0.37070", "2017-05-31": "0.36560", "2017-02-28": "0.40140", "2016-11-30": "0.36810", "2016-08-31": "0.39230", "2016-05-31": "0.39070", "2016-02-29": "0.41040", "2015-11-30": "0.31040", "2015-08-31": "0.27990", "2015-05-31": "0.31330", "2015-02-28": "0.28830", "2014-11-30": "0.26940", "2014-08-31": "0.26060", "2014-05-31": "0.23300", "2014-02-28": "0.22400", "2013-11-30": "0.20760", "2013-08-31": "0.21680", "2013-05-31": "0.22960", "2013-02-28": "0.32460", "2012-11-30": "0.28690", "2012-08-31": "0.33800", "2012-05-31": "0.34750", "2012-02-29": "0.36440", "2011-11-30": "0.31230", "2011-08-31": "0.34710", "2011-05-31": "0.36410", "2011-02-28": "0.36510", "2010-11-30": "0.32870", "2010-08-31": "0.35360", "2010-05-31": "0.35330", "2010-02-28": "0.35750", "2009-11-30": "0.32550", "2009-08-31": "0.34520", "2009-05-31": "0.39310", "2009-02-28": "0.35580", "2008-11-30": "0.33600", "2008-08-31": "0.36820", "2008-05-31": "0.38590", "2008-02-29": "0.38330", "2007-11-30": "0.32010", "2007-08-31": "0.50050", "2007-05-31": "0.50680", "2007-02-28": "0.45880", "2006-11-30": "0.41470", "2006-08-31": "0.44430", "2006-05-31": "0.38040", "2006-02-28": "0.48650", "2005-11-30": "0.43370", "2005-08-31": "0.43020", "2005-05-31": "0.37230", "2005-02-28": "0.45930"}, "Inventory Turnover Ratio": {"2020-11-30": "6.60640", "2020-08-31": "6.44980", "2020-05-31": "6.08800", "2020-02-29": "7.87670", "2019-11-30": "7.77990", "2019-08-31": "8.43970", "2019-05-31": "8.32270", "2019-02-28": "8.25250", "2018-11-30": "7.57740", "2018-08-31": "8.32730", "2018-05-31": "8.02970", "2018-02-28": "7.91880", "2017-11-30": "7.61830", "2017-08-31": "8.63470", "2017-05-31": "8.36450", "2017-02-28": "8.57260", "2016-11-30": "7.19770", "2016-08-31": "8.29850", "2016-05-31": "7.88080", "2016-02-29": "7.91220", "2015-11-30": "7.55240", "2015-08-31": "8.06090", "2015-05-31": "8.82790", "2015-02-28": "7.76790", "2014-11-30": "6.56180", "2014-08-31": "6.36210", "2014-05-31": "6.68750", "2014-02-28": "2.74580", "2013-11-30": "2.87200", "2013-08-31": "3.23630", "2013-05-31": "3.48390", "2013-02-28": "4.05060", "2012-11-30": "3.68850", "2012-08-31": "3.83610", "2012-05-31": "3.88220", "2012-02-29": "3.58750", "2011-11-30": "3.68280", "2011-08-31": "4.39180", "2011-05-31": "5.04570", "2011-02-28": "4.52250", "2010-11-30": "4.89780", "2010-08-31": "6.50190", "2010-05-31": "6.45700", "2010-02-28": "6.55750", "2009-11-30": "5.14290", "2009-08-31": "5.79480", "2009-05-31": "6.10730", "2009-02-28": "4.49680", "2008-11-30": "4.13850", "2008-08-31": "5.05110", "2008-05-31": "6.54680", "2008-02-29": "4.89050", "2007-11-30": "4.10140", "2007-08-31": "4.91080", "2007-05-31": "5.37600", "2007-02-28": "3.88700", "2006-11-30": "3.54820", "2006-08-31": "4.91870", "2006-05-31": "4.22820", "2006-02-28": "4.60620", "2005-11-30": "4.22720", "2005-08-31": "4.79830", "2005-05-31": "3.43420", "2005-02-28": "3.89340"}, "Receiveable Turnover": {"2020-11-30": "35.85500", "2020-08-31": "32.36020", "2020-05-31": "25.50400", "2020-02-29": "45.83010", "2019-11-30": "36.20420", "2019-08-31": "41.75930", "2019-05-31": "25.24460", "2019-02-28": "30.39920", "2018-11-30": "24.51430", "2018-08-31": "29.96220", "2018-05-31": "25.49700", "2018-02-28": "42.06320", "2017-11-30": "28.20840", "2017-08-31": "33.61290", "2017-05-31": "25.48880", "2017-02-28": "43.08950", "2016-11-30": "23.53150", "2016-08-31": "30.45120", "2016-05-31": "27.97190", "2016-02-29": "34.34020", "2015-11-30": "25.41550", "2015-08-31": "27.74670", "2015-05-31": "24.08080", "2015-02-28": "27.04530", "2014-11-30": "23.37330", "2014-08-31": "18.51280", "2014-05-31": "19.68970", "2014-02-28": "23.45650", "2013-11-30": "17.89880", "2013-08-31": "19.07220", "2013-05-31": "18.64640", "2013-02-28": "33.16010", "2012-11-30": "29.38530", "2012-08-31": "34.48810", "2012-05-31": "28.93000", "2012-02-29": "38.91350", "2011-11-30": "24.16230", "2011-08-31": "30.15530", "2011-05-31": "30.43580", "2011-02-28": "27.34160", "2010-11-30": "30.82500", "2010-08-31": "38.44040", "2010-05-31": "31.37710", "2010-02-28": "33.46430", "2009-11-30": "34.48110", "2009-08-31": "40.80000", "2009-05-31": "53.24800", "2009-02-28": "35.83470", "2008-11-30": "42.68290", "2008-08-31": "47.31200", "2008-05-31": "26.26760", "2008-02-29": "41.64140", "2007-11-30": "24.31310", "2007-08-31": "46.88500", "2007-05-31": "31.46340", "2007-02-28": "33.16930", "2006-11-30": "35.24480", "2006-08-31": "21.98650", "2006-05-31": "30.86630", "2006-02-28": "37.57360", "2005-11-30": "34.81040", "2005-08-31": "35.16850", "2005-05-31": "29.95630", "2005-02-28": "28.89900"}, "Days Sales In Receivables": {"2020-11-30": "2.51010", "2020-08-31": "2.78120", "2020-05-31": "3.52890", "2020-02-29": "1.96380", "2019-11-30": "2.48590", "2019-08-31": "2.15520", "2019-05-31": "3.56510", "2019-02-28": "2.96060", "2018-11-30": "3.67130", "2018-08-31": "3.00380", "2018-05-31": "3.52980", "2018-02-28": "2.13960", "2017-11-30": "3.19050", "2017-08-31": "2.67750", "2017-05-31": "3.53100", "2017-02-28": "2.08870", "2016-11-30": "3.82470", "2016-08-31": "2.95560", "2016-05-31": "3.21750", "2016-02-29": "2.62080", "2015-11-30": "3.54110", "2015-08-31": "3.24360", "2015-05-31": "3.73740", "2015-02-28": "3.32770", "2014-11-30": "3.85050", "2014-08-31": "4.86150", "2014-05-31": "4.57090", "2014-02-28": "3.83690", "2013-11-30": "5.02830", "2013-08-31": "4.71890", "2013-05-31": "4.82670", "2013-02-28": "2.71410", "2012-11-30": "3.06280", "2012-08-31": "2.60960", "2012-05-31": "3.11100", "2012-02-29": "2.31280", "2011-11-30": "3.72480", "2011-08-31": "2.98460", "2011-05-31": "2.95700", "2011-02-28": "3.29170", "2010-11-30": "2.91970", "2010-08-31": "2.34130", "2010-05-31": "2.86830", "2010-02-28": "2.68940", "2009-11-30": "2.61010", "2009-08-31": "2.20590", "2009-05-31": "1.69020", "2009-02-28": "2.51150", "2008-11-30": "2.10860", "2008-08-31": "1.90230", "2008-05-31": "3.42630", "2008-02-29": "2.16130", "2007-11-30": "3.70170", "2007-08-31": "1.91960", "2007-05-31": "2.86050", "2007-02-28": "2.71340", "2006-11-30": "2.55360", "2006-08-31": "4.09340", "2006-05-31": "2.91580", "2006-02-28": "2.39530", "2005-11-30": "2.58540", "2005-08-31": "2.55910", "2005-05-31": "3.00440", "2005-02-28": "3.11430"}, "ROE - Return On Equity": {"2020-11-30": "3.94690", "2020-08-31": "1.57050", "2020-05-31": "-20.57740", "2020-02-29": "9.96500", "2019-11-30": "1.11710", "2019-08-31": "7.21450", "2019-05-31": "8.72270", "2019-02-28": "9.72060", "2018-11-30": "5.15040", "2018-08-31": "7.42350", "2018-05-31": "7.99160", "2018-02-28": "10.28280", "2017-11-30": "4.48360", "2017-08-31": "5.89210", "2017-05-31": "5.96660", "2017-02-28": "8.42960", "2016-11-30": "4.30020", "2016-08-31": "6.16780", "2016-05-31": "7.19260", "2016-02-29": "5.64070", "2015-11-30": "1.51270", "2015-08-31": "3.34140", "2015-05-31": "5.06110", "2015-02-28": "5.73780", "2014-11-30": "-1.46280", "2014-08-31": "-0.90700", "2014-05-31": "2.24400", "2014-02-28": "4.08160", "2013-11-30": "0.29140", "2013-08-31": "2.03720", "2013-05-31": "3.81160", "2013-02-28": "6.89640", "2012-11-30": "1.80850", "2012-08-31": "5.96770", "2012-05-31": "8.23020", "2012-02-29": "9.23830", "2011-11-30": "3.15650", "2011-08-31": "5.61130", "2011-05-31": "7.12220", "2011-02-28": "7.88670", "2010-11-30": "4.03490", "2010-08-31": "6.05750", "2010-05-31": "6.12460", "2010-02-28": "7.31100", "2009-11-30": "3.56640", "2009-08-31": "5.66560", "2009-05-31": "7.64630", "2009-02-28": "7.31100", "2008-11-30": "4.21740", "2008-08-31": "5.82830", "2008-05-31": "7.32380", "2008-02-29": "8.80290", "2007-11-30": "3.38760", "2007-08-31": "8.95720", "2007-05-31": "8.99950", "2007-02-28": "9.54200", "2006-11-30": "5.28540", "2006-08-31": "7.37790", "2006-05-31": "8.61350", "2006-02-28": "8.42480", "2005-11-30": "4.38770", "2005-08-31": "6.77940", "2005-05-31": "7.32770", "2005-02-28": "7.19330"}, "Return On Tangible Equity": {"2020-11-30": "15.84890", "2020-08-31": "7.02050", "2020-05-31": "-98.31940", "2020-02-29": "126.17650", "2019-11-30": "20.56680", "2019-08-31": "74.43680", "2019-05-31": "80.86020", "2019-02-28": "124.22760", "2018-11-30": "100.08610", "2018-08-31": "120.04270", "2018-05-31": "290.87870", "2018-02-28": "-2993.23100", "2017-11-30": "-60.19020", "2017-08-31": "-190.42400", "2017-05-31": "-249.79990", "2017-02-28": "31.65810", "2016-11-30": "19.63540", "2016-08-31": "31.34880", "2016-05-31": "27.79650", "2016-02-29": "22.95780", "2015-11-30": "5.54530", "2015-08-31": "8.28980", "2015-05-31": "13.32210", "2015-02-28": "16.23670", "2014-11-30": "-4.67800", "2014-08-31": "-2.83490", "2014-05-31": "6.81880", "2014-02-28": "13.54180", "2013-11-30": "1.04000", "2013-08-31": "7.16230", "2013-05-31": "13.59540", "2013-02-28": "28.51990", "2012-11-30": "8.76920", "2012-08-31": "12.95970", "2012-05-31": "18.07990", "2012-02-29": "21.24820", "2011-11-30": "7.62720", "2011-08-31": "11.45430", "2011-05-31": "14.28870", "2011-02-28": "15.92990", "2010-11-30": "8.35450", "2010-08-31": "12.60150", "2010-05-31": "12.57180", "2010-02-28": "15.46760", "2009-11-30": "8.23130", "2009-08-31": "13.48860", "2009-05-31": "19.40270", "2009-02-28": "21.43990", "2008-11-30": "14.17500", "2008-08-31": "18.75280", "2008-05-31": "23.76780", "2008-02-29": "34.17080", "2007-11-30": "13.50690", "2007-08-31": "8.95720", "2007-05-31": "8.99950", "2007-02-28": "9.54200", "2006-11-30": "5.28540", "2006-08-31": "7.37790", "2006-05-31": "8.61350", "2006-02-28": "8.42480", "2005-11-30": "4.38770", "2005-08-31": "6.77940", "2005-05-31": "7.32770", "2005-02-28": "7.19330"}, "ROA - Return On Assets": {"2020-11-30": "0.97610", "2020-08-31": "0.38100", "2020-05-31": "-4.82300", "2020-02-29": "2.33920", "2019-11-30": "0.26070", "2019-08-31": "1.76760", "2019-05-31": "3.54160", "2019-02-28": "3.95060", "2018-11-30": "2.08860", "2018-08-31": "3.07260", "2018-05-31": "3.20680", "2018-02-28": "4.00570", "2017-11-30": "1.66620", "2017-08-31": "2.32220", "2017-05-31": "2.36950", "2017-02-28": "3.55360", "2016-11-30": "1.78620", "2016-08-31": "2.54220", "2016-05-31": "3.06380", "2016-02-29": "2.40340", "2015-11-30": "0.58080", "2015-08-31": "1.34410", "2015-05-31": "1.97010", "2015-02-28": "2.13900", "2014-11-30": "-0.53210", "2014-08-31": "-0.31510", "2014-05-31": "0.68340", "2014-02-28": "1.19860", "2013-11-30": "0.08380", "2013-08-31": "0.59740", "2013-05-31": "1.13160", "2013-02-28": "1.93310", "2012-11-30": "0.49320", "2012-08-31": "1.84370", "2012-05-31": "2.55040", "2012-02-29": "2.76850", "2011-11-30": "0.92250", "2011-08-31": "1.90910", "2011-05-31": "2.52260", "2011-02-28": "2.80160", "2010-11-30": "1.44320", "2010-08-31": "2.21730", "2010-05-31": "2.19860", "2010-02-28": "2.57130", "2009-11-30": "1.21360", "2009-08-31": "1.89140", "2009-05-31": "2.44370", "2009-02-28": "2.13790", "2008-11-30": "1.17790", "2008-08-31": "1.71030", "2008-05-31": "2.18150", "2008-02-29": "2.44630", "2007-11-30": "0.92760", "2007-08-31": "3.63600", "2007-05-31": "3.41920", "2007-02-28": "3.72550", "2006-11-30": "2.15940", "2006-08-31": "3.04880", "2006-05-31": "3.51900", "2006-02-28": "3.47480", "2005-11-30": "1.80190", "2005-08-31": "2.61040", "2005-05-31": "3.17530", "2005-02-28": "3.09200"}, "ROI - Return On Investment": {"2020-11-30": "2.86310", "2020-08-31": "1.12890", "2020-05-31": "-14.71470", "2020-02-29": "7.13520", "2019-11-30": "0.79330", "2019-08-31": "5.19140", "2019-05-31": "6.28560", "2019-02-28": "6.94090", "2018-11-30": "3.64760", "2018-08-31": "5.27480", "2018-05-31": "5.61950", "2018-02-28": "7.16090", "2017-11-30": "3.04290", "2017-08-31": "4.04970", "2017-05-31": "4.12730", "2017-02-28": "6.89040", "2016-11-30": "3.47440", "2016-08-31": "4.95650", "2016-05-31": "5.86960", "2016-02-29": "4.58880", "2015-11-30": "1.23900", "2015-08-31": "2.09750", "2015-05-31": "3.11960", "2015-02-28": "3.42440", "2014-11-30": "-0.84970", "2014-08-31": "-0.52910", "2014-05-31": "1.04760", "2014-02-28": "1.86020", "2013-11-30": "0.13060", "2013-08-31": "0.91710", "2013-05-31": "1.70350", "2013-02-28": "2.98510", "2012-11-30": "0.76240", "2012-08-31": "3.29590", "2012-05-31": "4.52520", "2012-02-29": "4.99710", "2011-11-30": "1.67890", "2011-08-31": "3.17400", "2011-05-31": "4.05650", "2011-02-28": "4.47820", "2010-11-30": "2.26650", "2010-08-31": "3.39480", "2010-05-31": "3.45210", "2010-02-28": "3.98030", "2009-11-30": "1.87750", "2009-08-31": "2.95100", "2009-05-31": "3.72440", "2009-02-28": "3.40980", "2008-11-30": "1.89940", "2008-08-31": "2.65230", "2008-05-31": "3.32550", "2008-02-29": "3.84240", "2007-11-30": "1.47600", "2007-08-31": "6.34110", "2007-05-31": "6.21020", "2007-02-28": "6.82000", "2006-11-30": "3.81450", "2006-08-31": "5.30580", "2006-05-31": "6.14260", "2006-02-28": "5.55670", "2005-11-30": "2.89680", "2005-08-31": "4.48110", "2005-05-31": "5.74640", "2005-02-28": "5.65120"}, "Book Value Per Share": {"2020-11-30": "18.83790", "2020-08-31": "18.24120", "2020-05-31": "17.94610", "2020-02-29": "19.37710", "2019-11-30": "18.71200", "2019-08-31": "19.42300", "2019-05-31": "19.43620", "2019-02-28": "18.83050", "2018-11-30": "18.21970", "2018-08-31": "18.33210", "2018-05-31": "17.77170", "2018-02-28": "17.16400", "2017-11-30": "16.00080", "2017-08-31": "16.64630", "2017-05-31": "16.76000", "2017-02-28": "15.87130", "2016-11-30": "14.92690", "2016-08-31": "14.63510", "2016-05-31": "15.46750", "2016-02-29": "15.13660", "2015-11-30": "15.51670", "2015-08-31": "18.91770", "2015-05-31": "18.41750", "2015-02-28": "17.78970", "2014-11-30": "16.97350", "2014-08-31": "16.04180", "2014-05-31": "16.30310", "2014-02-28": "16.08200", "2013-11-30": "15.68750", "2013-08-31": "15.86140", "2013-05-31": "15.80580", "2013-02-28": "15.02400", "2012-11-30": "14.40510", "2012-08-31": "14.46270", "2012-05-31": "14.27910", "2012-02-29": "13.80680", "2011-11-30": "13.34360", "2011-08-31": "14.43820", "2011-05-31": "14.38480", "2011-02-28": "14.09880", "2010-11-30": "13.60400", "2010-08-31": "13.51300", "2010-05-31": "13.47080", "2010-02-28": "13.11430", "2009-11-30": "12.27240", "2009-08-31": "12.01010", "2009-05-31": "11.52910", "2009-02-28": "10.78280", "2008-11-30": "10.12570", "2008-08-31": "10.19140", "2008-05-31": "10.02920", "2008-02-29": "9.37680", "2007-11-30": "9.08560", "2007-08-31": "8.38720", "2007-05-31": "7.74050", "2007-02-28": "8.72460", "2006-11-30": "8.80920", "2006-08-31": "8.61290", "2006-05-31": "8.36600", "2006-02-28": "8.43310", "2005-11-30": "8.30060", "2005-08-31": "8.38000", "2005-05-31": "8.24540", "2005-02-28": "8.21960"}, "Operating Cash Flow Per Share": {"2020-11-30": 1.6802, "2020-08-31": "1.57910", "2020-05-31": -1.6646, "2020-02-29": 3.9293, "2019-11-30": 1.5452, "2019-08-31": "2.03690", "2019-05-31": 2.7485, "2019-02-28": 3.9109, "2018-11-30": 1.8084, "2018-08-31": "1.64070", "2018-05-31": 2.1192, "2018-02-28": 3.4717, "2017-11-30": 1.0935, "2017-08-31": "1.40930", "2017-05-31": 1.7019, "2017-02-28": 3.214, "2016-11-30": 0.9901, "2016-08-31": "1.36620", "2016-05-31": 1.7298, "2016-02-29": 3.1478, "2015-11-30": 0.4, "2015-08-31": "1.06730", "2015-05-31": 2.3595, "2015-02-28": 2.8317, "2014-11-30": 0.9672, "2014-08-31": "0.58250", "2014-05-31": 0.3736, "2014-02-28": 2.1553, "2013-11-30": 0.7177, "2013-08-31": "0.92310", "2013-05-31": -0.7509, "2013-02-28": 3.2152, "2012-11-30": 0.0991, "2012-08-31": "1.93280", "2012-05-31": -0.3035, "2012-02-29": 3.6026, "2011-11-30": -0.2593, "2011-08-31": "0.86220", "2011-05-31": 1.6434, "2011-02-28": 2.7357, "2010-11-30": 0.4813, "2010-08-31": "1.51660", "2010-05-31": 1.0553, "2010-02-28": 3.0976, "2009-11-30": 0.9322, "2009-08-31": "1.25900", "2009-05-31": 1.6563, "2009-02-28": 2.4206, "2008-11-30": 0.3733, "2008-08-31": "1.13030", "2008-05-31": 1.2776, "2008-02-29": 2.4011, "2007-11-30": 0.504, "2007-08-31": "1.10190", "2007-05-31": 1.0997, "2007-02-28": 1.7694, "2006-11-30": 0.2443, "2006-08-31": "0.71590", "2006-05-31": 1.1619, "2006-02-28": 1.7121, "2005-11-30": 0.3036, "2005-08-31": "1.27810", "2005-05-31": 0.8153, "2005-02-28": 2.5507}, "Free Cash Flow Per Share": {"2020-11-30": 1.1403, "2020-08-31": "1.24600", "2020-05-31": -2.4137, "2020-02-29": 2.9379, "2019-11-30": 0.3466, "2019-08-31": "1.07460", "2019-05-31": 1.8555, "2019-02-28": 3.0353, "2018-11-30": 0.7536, "2018-08-31": "0.75830", "2018-05-31": 1.2582, "2018-02-28": 2.6669, "2017-11-30": 0.2291, "2017-08-31": "0.64180", "2017-05-31": 1.0256, "2017-02-28": 2.5653, "2016-11-30": 0.3528, "2016-08-31": "0.86820", "2016-05-31": 1.2496, "2016-02-29": 2.7408, "2015-11-30": 1.3515, "2015-08-31": "1.57230", "2015-05-31": 2.0899, "2015-02-28": 2.441, "2014-11-30": 0.3582, "2014-08-31": "-0.03560", "2014-05-31": -0.1895, "2014-02-28": 1.3948, "2013-11-30": -0.1438, "2013-08-31": "0.02710", "2013-05-31": -0.6643, "2013-02-28": 1.9693, "2012-11-30": -1.4582, "2012-08-31": "0.79310", "2012-05-31": -0.0895, "2012-02-29": 2.4597, "2011-11-30": -1.7885, "2011-08-31": "-0.13340", "2011-05-31": 0.5346, "2011-02-28": 1.9164, "2010-11-30": -0.6759, "2010-08-31": "0.74810", "2010-05-31": 0.3068, "2010-02-28": 2.3504, "2009-11-30": 0.1203, "2009-08-31": "0.62000", "2009-05-31": 0.8994, "2009-02-28": 1.5131, "2008-11-30": -0.7982, "2008-08-31": "0.18630", "2008-05-31": 0.5872, "2008-02-29": 1.5412, "2007-11-30": -0.2714, "2007-08-31": "0.51030", "2007-05-31": 0.5789, "2007-02-28": 1.2121, "2006-11-30": -0.0775, "2006-08-31": "0.18500", "2006-05-31": 0.9848, "2006-02-28": 1.3012, "2005-11-30": -0.2146, "2005-08-31": "0.77250", "2005-05-31": 0.9947, "2005-02-28": 1.1938}}, "revenue": {"Darden Restaurants Annual Revenue (Millions of US $)": {"2020": "$7,807", "2019": "$8,510", "2018": "$8,080", "2017": "$7,170", "2016": "$6,934", "2015": "$6,764", "2014": "$6,286", "2013": "$5,921", "2012": "$5,327", "2011": "$7,500", "2010": "$7,113", "2009": "$7,218", "2008": "$6,627", "2007": "$5,567", "2006": "$5,354", "2005": "$4,978"}, "Darden Restaurants Quarterly Revenue (Millions of US $)": {"2020-11-30": "$1,657", "2020-08-31": "$1,527", "2020-05-31": "$1,270", "2020-02-29": "$2,347", "2019-11-30": "$2,056", "2019-08-31": "$2,134", "2019-05-31": "$2,229", "2019-02-28": "$2,247", "2018-11-30": "$1,973", "2018-08-31": "$2,061", "2018-05-31": "$2,134", "2018-02-28": "$2,128", "2017-11-30": "$1,882", "2017-08-31": "$1,936", "2017-05-31": "$1,935", "2017-02-28": "$1,879", "2016-11-30": "$1,643", "2016-08-31": "$1,714", "2016-05-31": "$1,790", "2016-02-29": "$1,848", "2015-11-30": "$1,609", "2015-08-31": "$1,687", "2015-05-31": "$1,878", "2015-02-28": "$1,731", "2014-11-30": "$1,559", "2014-08-31": "$1,596", "2014-05-31": "$1,650", "2014-02-28": "$1,619", "2013-11-30": "$1,486", "2013-08-31": "$1,532", "2013-05-31": "$1,592", "2013-02-28": "$2,258", "2012-11-30": "$1,960", "2012-08-31": "$2,035", "2012-05-31": "$2,066", "2012-02-29": "$2,160", "2011-11-30": "$1,832", "2011-08-31": "$1,942", "2011-05-31": "$1,991", "2011-02-28": "$1,977", "2010-11-30": "$1,726", "2010-08-31": "$1,807", "2010-05-31": "$1,864", "2010-02-28": "$1,874", "2009-11-30": "$1,641", "2009-08-31": "$1,734", "2009-05-31": "$1,976", "2009-02-28": "$1,799", "2008-11-30": "$1,669", "2008-08-31": "$1,774", "2008-05-31": "$1,826", "2008-02-29": "$1,811", "2007-11-30": "$1,522", "2007-08-31": "$1,468", "2007-05-31": "$1,460", "2007-02-28": "$1,450", "2006-11-30": "$1,298", "2006-08-31": "$1,360", "2006-05-31": "$1,145", "2006-02-28": "$1,474", "2005-11-30": "$1,325", "2005-08-31": "$1,409", "2005-05-31": "$1,094", "2005-02-28": "$1,376"}}, "gross-profit": {"Darden Restaurants Annual Gross Profit (Millions of US $)": {"2020": "$1,408", "2019": "$1,849", "2018": "$1,745", "2017": "$1,569", "2016": "$1,541", "2015": "$1,423", "2014": "$1,295", "2013": "$1,304", "2012": "$1,239", "2011": "$1,801", "2010": "$1,629", "2009": "$1,581", "2008": "$1,488", "2007": "$1,308", "2006": "$1,255", "2005": "$1,150"}, "Darden Restaurants Quarterly Gross Profit (Millions of US $)": {"2020-11-30": "$315", "2020-08-31": "$301", "2020-05-31": "$11", "2020-02-29": "$538", "2019-11-30": "$406", "2019-08-31": "$454", "2019-05-31": "$504", "2019-02-28": "$518", "2018-11-30": "$387", "2018-08-31": "$441", "2018-05-31": "$486", "2018-02-28": "$481", "2017-11-30": "$365", "2017-08-31": "$414", "2017-05-31": "$438", "2017-02-28": "$439", "2016-11-30": "$321", "2016-08-31": "$372", "2016-05-31": "$408", "2016-02-29": "$432", "2015-11-30": "$325", "2015-08-31": "$376", "2015-05-31": "$431", "2015-02-28": "$389", "2014-11-30": "$289", "2014-08-31": "$313", "2014-05-31": "$334", "2014-02-28": "$353", "2013-11-30": "$285", "2013-08-31": "$323", "2013-05-31": "$349", "2013-02-28": "$506", "2012-11-30": "$391", "2012-08-31": "$485", "2012-05-31": "$497", "2012-02-29": "$532", "2011-11-30": "$371", "2011-08-31": "$436", "2011-05-31": "$476", "2011-02-28": "$498", "2010-11-30": "$385", "2010-08-31": "$441", "2010-05-31": "$438", "2010-02-28": "$444", "2009-11-30": "$349", "2009-08-31": "$398", "2009-05-31": "$467", "2009-02-28": "$405", "2008-11-30": "$328", "2008-08-31": "$381", "2008-05-31": "$407", "2008-02-29": "$413", "2007-11-30": "$313", "2007-08-31": "$355", "2007-05-31": "$333", "2007-02-28": "$352", "2006-11-30": "$290", "2006-08-31": "$333", "2006-05-31": "$305", "2006-02-28": "$345", "2005-11-30": "$279", "2005-08-31": "$326", "2005-05-31": "$285", "2005-02-28": "$320"}}, "operating-income": {"Darden Restaurants Annual Operating Income (Millions of US $)": {"2020": "$48", "2019": "$833", "2018": "$767", "2017": "$678", "2016": "$622", "2015": "$368", "2014": "$309", "2013": "$400", "2012": "$457", "2011": "$741", "2010": "$638", "2009": "$632", "2008": "$600", "2007": "$573", "2006": "$552", "2005": "$488"}, "Darden Restaurants Quarterly Operating Income (Millions of US $)": {"2020-11-30": "$121", "2020-08-31": "$57", "2020-05-31": "$-592", "2020-02-29": "$278", "2019-11-30": "$160", "2019-08-31": "$202", "2019-05-31": "$230", "2019-02-28": "$266", "2018-11-30": "$148", "2018-08-31": "$189", "2018-05-31": "$230", "2018-02-28": "$233", "2017-11-30": "$129", "2017-08-31": "$175", "2017-05-31": "$170", "2017-02-28": "$230", "2016-11-30": "$117", "2016-08-31": "$161", "2016-05-31": "$185", "2016-02-29": "$221", "2015-11-30": "$82", "2015-08-31": "$134", "2015-05-31": "$151", "2015-02-28": "$170", "2014-11-30": "$-21", "2014-08-31": "$68", "2014-05-31": "$68", "2014-02-28": "$122", "2013-11-30": "$35", "2013-08-31": "$84", "2013-05-31": "$116", "2013-02-28": "$205", "2012-11-30": "$76", "2012-08-31": "$174", "2012-05-31": "$228", "2012-02-29": "$246", "2011-11-30": "$98", "2011-08-31": "$169", "2011-05-31": "$208", "2011-02-28": "$223", "2010-11-30": "$127", "2010-08-31": "$184", "2010-05-31": "$182", "2010-02-28": "$196", "2009-11-30": "$105", "2009-08-31": "$154", "2009-05-31": "$206", "2009-02-28": "$174", "2008-11-30": "$110", "2008-08-31": "$142", "2008-05-31": "$173", "2008-02-29": "$184", "2007-11-30": "$82", "2007-08-31": "$162", "2007-05-31": "$149", "2007-02-28": "$168", "2006-11-30": "$107", "2006-08-31": "$150", "2006-05-31": "$161", "2006-02-28": "$158", "2005-11-30": "$94", "2005-08-31": "$139", "2005-05-31": "$154", "2005-02-28": "$141"}}, "ebitda": {"Darden Restaurants Annual EBITDA (Millions of US $)": {"2020": "$404", "2019": "$1,169", "2018": "$1,080", "2017": "$950", "2016": "$916", "2015": "$696", "2014": "$627", "2013": "$691", "2012": "$705", "2011": "$1,061", "2010": "$942", "2009": "$918", "2008": "$848", "2007": "$775", "2006": "$752", "2005": "$687"}, "Darden Restaurants Quarterly EBITDA (Millions of US $)": {"2020-11-30": "$207", "2020-08-31": "$144", "2020-05-31": "$-498", "2020-02-29": "$366", "2019-11-30": "$248", "2019-08-31": "$288", "2019-05-31": "$318", "2019-02-28": "$351", "2018-11-30": "$231", "2018-08-31": "$270", "2018-05-31": "$309", "2018-02-28": "$313", "2017-11-30": "$208", "2017-08-31": "$251", "2017-05-31": "$240", "2017-02-28": "$298", "2016-11-30": "$185", "2016-08-31": "$228", "2016-05-31": "$252", "2016-02-29": "$289", "2015-11-30": "$158", "2015-08-31": "$217", "2015-05-31": "$233", "2015-02-28": "$252", "2014-11-30": "$61", "2014-08-31": "$149", "2014-05-31": "$150", "2014-02-28": "$202", "2013-11-30": "$114", "2013-08-31": "$161", "2013-05-31": "$106", "2013-02-28": "$310", "2012-11-30": "$178", "2012-08-31": "$269", "2012-05-31": "$213", "2012-02-29": "$337", "2011-11-30": "$185", "2011-08-31": "$253", "2011-05-31": "$290", "2011-02-28": "$304", "2010-11-30": "$205", "2010-08-31": "$261", "2010-05-31": "$259", "2010-02-28": "$275", "2009-11-30": "$180", "2009-08-31": "$228", "2009-05-31": "$279", "2009-02-28": "$246", "2008-11-30": "$182", "2008-08-31": "$212", "2008-05-31": "$242", "2008-02-29": "$252", "2007-11-30": "$142", "2007-08-31": "$213", "2007-05-31": "$200", "2007-02-28": "$218", "2006-11-30": "$157", "2006-08-31": "$200", "2006-05-31": "$194", "2006-02-28": "$215", "2005-11-30": "$150", "2005-08-31": "$194", "2005-05-31": "$185", "2005-02-28": "$197"}}, "net-income": {"Darden Restaurants Annual Net Income (Millions of US $)": {"2020": "$-52", "2019": "$713", "2018": "$596", "2017": "$479", "2016": "$375", "2015": "$710", "2014": "$286", "2013": "$412", "2012": "$476", "2011": "$476", "2010": "$405", "2009": "$372", "2008": "$377", "2007": "$201", "2006": "$338", "2005": "$291"}, "Darden Restaurants Quarterly Net Income (Millions of US $)": {"2020-11-30": "$96", "2020-08-31": "$36", "2020-05-31": "$-480", "2020-02-29": "$232", "2019-11-30": "$25", "2019-08-31": "$171", "2019-05-31": "$208", "2019-02-28": "$224", "2018-11-30": "$116", "2018-08-31": "$166", "2018-05-31": "$175", "2018-02-28": "$218", "2017-11-30": "$85", "2017-08-31": "$119", "2017-05-31": "$124", "2017-02-28": "$166", "2016-11-30": "$80", "2016-08-31": "$110", "2016-05-31": "$140", "2016-02-29": "$106", "2015-11-30": "$43", "2015-08-31": "$86", "2015-05-31": "$105", "2015-02-28": "$134", "2014-11-30": "$-33", "2014-08-31": "$503", "2014-05-31": "$87", "2014-02-28": "$110", "2013-11-30": "$20", "2013-08-31": "$70", "2013-05-31": "$133", "2013-02-28": "$134", "2012-11-30": "$34", "2012-08-31": "$111", "2012-05-31": "$151", "2012-02-29": "$164", "2011-11-30": "$54", "2011-08-31": "$107", "2011-05-31": "$138", "2011-02-28": "$151", "2010-11-30": "$75", "2010-08-31": "$113", "2010-05-31": "$116", "2010-02-28": "$134", "2009-11-30": "$60", "2009-08-31": "$94", "2009-05-31": "$123", "2009-02-28": "$108", "2008-11-30": "$60", "2008-08-31": "$82", "2008-05-31": "$102", "2008-02-29": "$126", "2007-11-30": "$44", "2007-08-31": "$106", "2007-05-31": "$-55", "2007-02-28": "$106", "2006-11-30": "$62", "2006-08-31": "$89", "2006-05-31": "$92", "2006-02-28": "$105", "2005-11-30": "$55", "2005-08-31": "$86", "2005-05-31": "$84", "2005-02-28": "$93"}}, "eps-earnings-per-share-diluted": {"Darden Restaurants Annual EPS": {"2020": "$-0.43", "2019": "$5.69", "2018": "$4.73", "2017": "$3.80", "2016": "$2.90", "2015": "$5.47", "2014": "$2.15", "2013": "$3.13", "2012": "$3.57", "2011": "$3.39", "2010": "$2.84", "2009": "$2.65", "2008": "$2.60", "2007": "$1.35", "2006": "$2.16", "2005": "$1.78"}, "Darden Restaurants Quarterly EPS": {"2020-11-30": "$0.73", "2020-08-31": "$0.28", "2020-05-31": "$-3.89", "2020-02-29": "$1.89", "2019-11-30": "$0.20", "2019-08-31": "$1.37", "2019-05-31": "$1.66", "2019-02-28": "$1.79", "2018-11-30": "$0.92", "2018-08-31": "$1.32", "2018-05-31": "$1.40", "2018-02-28": "$1.73", "2017-11-30": "$0.67", "2017-08-31": "$0.93", "2017-05-31": "$0.97", "2017-02-28": "$1.32", "2016-11-30": "$0.64", "2016-08-31": "$0.87", "2016-05-31": "$1.08", "2016-02-29": "$0.82", "2015-11-30": "$0.33", "2015-08-31": "$0.67", "2015-05-31": "$0.87", "2015-02-28": "$1.05", "2014-11-30": "$-0.26", "2014-08-31": "$3.81", "2014-05-31": "$0.65", "2014-02-28": "$0.82", "2013-11-30": "$0.15", "2013-08-31": "$0.53", "2013-05-31": "$1.01", "2013-02-28": "$1.02", "2012-11-30": "$0.26", "2012-08-31": "$0.85", "2012-05-31": "$1.15", "2012-02-29": "$1.25", "2011-11-30": "$0.40", "2011-08-31": "$0.78", "2011-05-31": "$0.98", "2011-02-28": "$1.08", "2010-11-30": "$0.53", "2010-08-31": "$0.80", "2010-05-31": "$0.80", "2010-02-28": "$0.94", "2009-11-30": "$0.43", "2009-08-31": "$0.67", "2009-05-31": "$0.86", "2009-02-28": "$0.78", "2008-11-30": "$0.43", "2008-08-31": "$0.58", "2008-05-31": "$0.70", "2008-02-29": "$0.88", "2007-11-30": "$0.30", "2007-08-31": "$0.72", "2007-05-31": "$-0.37", "2007-02-28": "$0.72", "2006-11-30": "$0.41", "2006-08-31": "$0.59", "2006-05-31": "$0.61", "2006-02-28": "$0.67", "2005-11-30": "$0.35", "2005-08-31": "$0.53", "2005-05-31": "$0.52", "2005-02-28": "$0.56"}}, "shares-outstanding": {"Darden Restaurants Annual Shares Outstanding (Millions of Shares)": {"2020": "123", "2019": "125", "2018": "126", "2017": "126", "2016": "129", "2015": "130", "2014": "133", "2013": "132", "2012": "133", "2011": "140", "2010": "142", "2009": "140", "2008": "145", "2007": "149", "2006": "157", "2005": "163"}, "Darden Restaurants Quarterly Shares Outstanding (Millions of Shares)": {"2020-11-30": "132", "2020-08-31": "131", "2020-05-31": "123", "2020-02-29": "123", "2019-11-30": "124", "2019-08-31": "125", "2019-05-31": "125", "2019-02-28": "125", "2018-11-30": "126", "2018-08-31": "126", "2018-05-31": "126", "2018-02-28": "126", "2017-11-30": "126", "2017-08-31": "127", "2017-05-31": "126", "2017-02-28": "126", "2016-11-30": "125", "2016-08-31": "127", "2016-05-31": "129", "2016-02-29": "129", "2015-11-30": "130", "2015-08-31": "129", "2015-05-31": "130", "2015-02-28": "127", "2014-11-30": "128", "2014-08-31": "132", "2014-05-31": "133", "2014-02-28": "133", "2013-11-30": "133", "2013-08-31": "133", "2013-05-31": "132", "2013-02-28": "132", "2012-11-30": "132", "2012-08-31": "131", "2012-05-31": "132", "2012-02-29": "131", "2011-11-30": "133", "2011-08-31": "137", "2011-05-31": "140", "2011-02-28": "140", "2010-11-30": "141", "2010-08-31": "142", "2010-05-31": "142", "2010-02-28": "142", "2009-11-30": "142", "2009-08-31": "141", "2009-05-31": "140", "2009-02-28": "139", "2008-11-30": "139", "2008-08-31": "143", "2008-05-31": "145", "2008-02-29": "144", "2007-11-30": "147", "2007-08-31": "146", "2007-05-31": "149", "2007-02-28": "148", "2006-11-30": "151", "2006-08-31": "150", "2006-05-31": "157", "2006-02-28": "157", "2005-11-30": "156", "2005-08-31": "160", "2005-05-31": "163", "2005-02-28": "165"}}, "total-assets": {"Darden Restaurants Annual Total Assets (Millions of US $)": {"2020": "$9,946", "2019": "$5,893", "2018": "$5,470", "2017": "$5,292", "2016": "$4,583", "2015": "$5,995", "2014": "$7,083", "2013": "$6,937", "2012": "$5,944", "2011": "$5,467", "2010": "$5,276", "2009": "$5,025", "2008": "$4,731", "2007": "$2,881", "2006": "$3,010", "2005": "$2,938"}, "Darden Restaurants Quarterly Total Assets (Millions of US $)": {"2020-11-30": "$9,928", "2020-08-31": "$9,790", "2020-05-31": "$9,946", "2020-02-29": "$9,973", "2019-11-30": "$9,743", "2019-08-31": "$9,720", "2019-05-31": "$5,893", "2019-02-28": "$5,698", "2018-11-30": "$5,549", "2018-08-31": "$5,497", "2018-05-31": "$5,470", "2018-02-28": "$5,455", "2017-11-30": "$5,318", "2017-08-31": "$5,224", "2017-05-31": "$5,292", "2017-02-28": "$4,680", "2016-11-30": "$4,462", "2016-08-31": "$4,370", "2016-05-31": "$4,583", "2016-02-29": "$4,502", "2015-11-30": "$5,182", "2015-08-31": "$6,027", "2015-05-31": "$5,995", "2015-02-28": "$6,003", "2014-11-30": "$5,788", "2014-08-31": "$6,124", "2014-05-31": "$7,083", "2014-02-28": "$7,225", "2013-11-30": "$7,157", "2013-08-31": "$7,064", "2013-05-31": "$6,937", "2013-02-28": "$6,958", "2012-11-30": "$6,833", "2012-08-31": "$6,020", "2012-05-31": "$5,944", "2012-02-29": "$5,927", "2011-11-30": "$5,865", "2011-08-31": "$5,594", "2011-05-31": "$5,467", "2011-02-28": "$5,415", "2010-11-30": "$5,252", "2010-08-31": "$5,110", "2010-05-31": "$5,276", "2010-02-28": "$5,242", "2009-11-30": "$5,043", "2009-08-31": "$5,023", "2009-05-31": "$5,025", "2009-02-28": "$5,056", "2008-11-30": "$4,966", "2008-08-31": "$4,818", "2008-05-31": "$4,731", "2008-02-29": "$4,726", "2007-11-30": "$4,754", "2007-08-31": "$2,932", "2007-05-31": "$2,881", "2007-02-28": "$3,159", "2006-11-30": "$3,130", "2006-08-31": "$3,060", "2006-05-31": "$3,010", "2006-02-28": "$3,030", "2005-11-30": "$3,056", "2005-08-31": "$3,276", "2005-05-31": "$2,938", "2005-02-28": "$2,996"}}, "cash-on-hand": {"Darden Restaurants Annual Cash on Hand (Millions of US $)": {"2020": "$763", "2019": "$457", "2018": "$147", "2017": "$233", "2016": "$275", "2015": "$536", "2014": "$98", "2013": "$88", "2012": "$71", "2011": "$71", "2010": "$249", "2009": "$63", "2008": "$43", "2007": "$30", "2006": "$42", "2005": "$43"}, "Darden Restaurants Quarterly Cash on Hand (Millions of US $)": {"2020-11-30": "$777", "2020-08-31": "$655", "2020-05-31": "$763", "2020-02-29": "$322", "2019-11-30": "$157", "2019-08-31": "$351", "2019-05-31": "$457", "2019-02-28": "$303", "2018-11-30": "$140", "2018-08-31": "$152", "2018-05-31": "$147", "2018-02-28": "$147", "2017-11-30": "$115", "2017-08-31": "$147", "2017-05-31": "$233", "2017-02-28": "$391", "2016-11-30": "$117", "2016-08-31": "$115", "2016-05-31": "$275", "2016-02-29": "$216", "2015-11-30": "$858", "2015-08-31": "$690", "2015-05-31": "$536", "2015-02-28": "$436", "2014-11-30": "$158", "2014-08-31": "$414", "2014-05-31": "$98", "2014-02-28": "$127", "2013-11-30": "$85", "2013-08-31": "$109", "2013-05-31": "$88", "2013-02-28": "$104", "2012-11-30": "$61", "2012-08-31": "$52", "2012-05-31": "$71", "2012-02-29": "$89", "2011-11-30": "$50", "2011-08-31": "$74", "2011-05-31": "$71", "2011-02-28": "$90", "2010-11-30": "$53", "2010-08-31": "$78", "2010-05-31": "$249", "2010-02-28": "$260", "2009-11-30": "$57", "2009-08-31": "$79", "2009-05-31": "$63", "2009-02-28": "$107", "2008-11-30": "$51", "2008-08-31": "$46", "2008-05-31": "$43", "2008-02-29": "$47", "2007-11-30": "$36", "2007-08-31": "$47", "2007-05-31": "$30", "2007-02-28": "$54", "2006-11-30": "$38", "2006-08-31": "$46", "2006-05-31": "$42", "2006-02-28": "$53", "2005-11-30": "$83", "2005-08-31": "$345", "2005-05-31": "$43", "2005-02-28": "$88"}}, "long-term-debt": {"Darden Restaurants Annual Long Term Debt (Millions of US $)": {"2020": "$929", "2019": "$928", "2018": "$927", "2017": "$937", "2016": "$440", "2015": "$1,452", "2014": "$2,463", "2013": "$2,549", "2012": "$1,508", "2011": "$1,463", "2010": "$1,466", "2009": "$1,691", "2008": "$1,694", "2007": "$492", "2006": "$495", "2005": "$350"}, "Darden Restaurants Quarterly Long Term Debt (Millions of US $)": {"2020-11-30": "$929", "2020-08-31": "$929", "2020-05-31": "$929", "2020-02-29": "$929", "2019-11-30": "$928", "2019-08-31": "$928", "2019-05-31": "$928", "2019-02-28": "$927", "2018-11-30": "$927", "2018-08-31": "$927", "2018-05-31": "$927", "2018-02-28": "$926", "2017-11-30": "$936", "2017-08-31": "$937", "2017-05-31": "$937", "2017-02-28": "$441", "2016-11-30": "$441", "2016-08-31": "$440", "2016-05-31": "$440", "2016-02-29": "$440", "2015-11-30": "$440", "2015-08-31": "$1,438", "2015-05-31": "$1,452", "2015-02-28": "$1,512", "2014-11-30": "$1,519", "2014-08-31": "$1,520", "2014-05-31": "$2,463", "2014-02-28": "$2,534", "2013-11-30": "$2,533", "2013-08-31": "$2,530", "2013-05-31": "$2,549", "2013-02-28": "$2,555", "2012-11-30": "$2,557", "2012-08-31": "$1,508", "2012-05-31": "$1,508", "2012-02-29": "$1,508", "2011-11-30": "$1,509", "2011-08-31": "$1,462", "2011-05-31": "$1,463", "2011-02-28": "$1,464", "2010-11-30": "$1,466", "2010-08-31": "$1,467", "2010-05-31": "$1,466", "2010-02-28": "$1,543", "2009-11-30": "$1,544", "2009-08-31": "$1,543", "2009-05-31": "$1,691", "2009-02-28": "$1,692", "2008-11-30": "$1,693", "2008-08-31": "$1,693", "2008-05-31": "$1,694", "2008-02-29": "$1,695", "2007-11-30": "$1,686", "2007-08-31": "$491", "2007-05-31": "$492", "2007-02-28": "$492", "2006-11-30": "$493", "2006-08-31": "$494", "2006-05-31": "$495", "2006-02-28": "$645", "2005-11-30": "$646", "2005-08-31": "$647", "2005-05-31": "$350", "2005-02-28": "$351"}}, "total-liabilities": {"Darden Restaurants Annual Total Liabilities (Millions of US $)": {"2020": "$7,615", "2019": "$3,500", "2018": "$3,275", "2017": "$3,191", "2016": "$2,631", "2015": "$3,661", "2014": "$4,926", "2013": "$4,877", "2012": "$4,102", "2011": "$3,530", "2010": "$3,382", "2009": "$3,419", "2008": "$3,322", "2007": "$1,786", "2006": "$1,780", "2005": "$1,665"}, "Darden Restaurants Quarterly Total Liabilities (Millions of US $)": {"2020-11-30": "$7,473", "2020-08-31": "$7,415", "2020-05-31": "$7,615", "2020-02-29": "$7,632", "2019-11-30": "$7,469", "2019-08-31": "$7,338", "2019-05-31": "$3,500", "2019-02-28": "$3,382", "2018-11-30": "$3,299", "2018-08-31": "$3,222", "2018-05-31": "$3,275", "2018-02-28": "$3,330", "2017-11-30": "$3,342", "2017-08-31": "$3,165", "2017-05-31": "$3,191", "2017-02-28": "$2,707", "2016-11-30": "$2,609", "2016-08-31": "$2,569", "2016-05-31": "$2,631", "2016-02-29": "$2,584", "2015-11-30": "$3,193", "2015-08-31": "$3,602", "2015-05-31": "$3,661", "2015-02-28": "$3,765", "2014-11-30": "$3,682", "2014-08-31": "$3,996", "2014-05-31": "$4,926", "2014-02-28": "$5,103", "2013-11-30": "$5,098", "2013-08-31": "$4,993", "2013-05-31": "$4,877", "2013-02-28": "$5,008", "2012-11-30": "$4,969", "2012-08-31": "$4,160", "2012-05-31": "$4,102", "2012-02-29": "$4,151", "2011-11-30": "$4,151", "2011-08-31": "$3,691", "2011-05-31": "$3,530", "2011-02-28": "$3,491", "2010-11-30": "$3,374", "2010-08-31": "$3,240", "2010-05-31": "$3,382", "2010-02-28": "$3,399", "2009-11-30": "$3,327", "2009-08-31": "$3,346", "2009-05-31": "$3,419", "2009-02-28": "$3,578", "2008-11-30": "$3,579", "2008-08-31": "$3,404", "2008-05-31": "$3,322", "2008-02-29": "$3,412", "2007-11-30": "$3,453", "2007-08-31": "$1,742", "2007-05-31": "$1,786", "2007-02-28": "$1,926", "2006-11-30": "$1,851", "2006-08-31": "$1,796", "2006-05-31": "$1,780", "2006-02-28": "$1,781", "2005-11-30": "$1,801", "2005-08-31": "$2,015", "2005-05-31": "$1,665", "2005-02-28": "$1,708"}}, "total-share-holder-equity": {"Darden Restaurants Annual Share Holder Equity (Millions of US $)": {"2020": "$2,331", "2019": "$2,393", "2018": "$2,195", "2017": "$2,102", "2016": "$1,952", "2015": "$2,334", "2014": "$2,157", "2013": "$2,060", "2012": "$1,842", "2011": "$1,936", "2010": "$1,894", "2009": "$1,606", "2008": "$1,409", "2007": "$1,095", "2006": "$1,230", "2005": "$1,273"}, "Darden Restaurants Quarterly Share Holder Equity (Millions of US $)": {"2020-11-30": "$2,455", "2020-08-31": "$2,375", "2020-05-31": "$2,331", "2020-02-29": "$2,341", "2019-11-30": "$2,274", "2019-08-31": "$2,381", "2019-05-31": "$2,393", "2019-02-28": "$2,316", "2018-11-30": "$2,250", "2018-08-31": "$2,275", "2018-05-31": "$2,195", "2018-02-28": "$2,125", "2017-11-30": "$1,976", "2017-08-31": "$2,059", "2017-05-31": "$2,102", "2017-02-28": "$1,973", "2016-11-30": "$1,853", "2016-08-31": "$1,801", "2016-05-31": "$1,952", "2016-02-29": "$1,918", "2015-11-30": "$1,990", "2015-08-31": "$2,424", "2015-05-31": "$2,334", "2015-02-28": "$2,238", "2014-11-30": "$2,106", "2014-08-31": "$2,128", "2014-05-31": "$2,157", "2014-02-28": "$2,122", "2013-11-30": "$2,059", "2013-08-31": "$2,072", "2013-05-31": "$2,060", "2013-02-28": "$1,950", "2012-11-30": "$1,863", "2012-08-31": "$1,860", "2012-05-31": "$1,842", "2012-02-29": "$1,776", "2011-11-30": "$1,714", "2011-08-31": "$1,903", "2011-05-31": "$1,936", "2011-02-28": "$1,924", "2010-11-30": "$1,879", "2010-08-31": "$1,870", "2010-05-31": "$1,894", "2010-02-28": "$1,844", "2009-11-30": "$1,716", "2009-08-31": "$1,677", "2009-05-31": "$1,606", "2009-02-28": "$1,479", "2008-11-30": "$1,387", "2008-08-31": "$1,414", "2008-05-31": "$1,409", "2008-02-29": "$1,313", "2007-11-30": "$1,302", "2007-08-31": "$1,190", "2007-05-31": "$1,095", "2007-02-28": "$1,234", "2006-11-30": "$1,279", "2006-08-31": "$1,265", "2006-05-31": "$1,230", "2006-02-28": "$1,250", "2005-11-30": "$1,255", "2005-08-31": "$1,261", "2005-05-31": "$1,273", "2005-02-28": "$1,288"}}, "profit-margins": {"current": "-1.7%"}, "gross margin": {"2020-11-30": "17.13%", "2020-08-31": "17.43%", "2020-05-31": "18.04%", "2020-02-29": "21.69%", "2019-11-30": "21.71%", "2019-08-31": "21.71%", "2019-05-31": "21.74%", "2019-02-28": "21.77%", "2018-11-30": "21.64%", "2018-08-31": "21.61%", "2018-05-31": "21.61%", "2018-02-28": "21.55%", "2017-11-30": "21.69%", "2017-08-31": "21.79%", "2017-05-31": "21.88%", "2017-02-28": "21.90%", "2016-11-30": "21.92%", "2016-08-31": "22.08%", "2016-05-31": "22.22%", "2016-02-29": "22.27%", "2015-11-30": "22.03%", "2015-08-31": "21.66%", "2015-05-31": "21.02%", "2015-02-28": "20.27%", "2014-11-30": "20.07%", "2014-08-31": "20.23%", "2014-05-31": "20.60%", "2014-02-28": "21.03%", "2013-11-30": "21.30%", "2013-08-31": "21.37%", "2013-05-31": "22.07%", "2013-02-28": "22.59%", "2012-11-30": "23.17%", "2012-08-31": "23.29%", "2012-05-31": "22.95%", "2012-02-29": "22.90%", "2011-11-30": "23.00%", "2011-08-31": "23.51%", "2011-05-31": "24.00%", "2011-02-28": "23.89%", "2010-11-30": "23.49%", "2010-08-31": "23.27%", "2010-05-31": "22.90%", "2010-02-28": "22.95%", "2009-11-30": "22.64%", "2009-08-31": "22.26%", "2009-05-31": "21.90%", "2009-02-28": "21.52%", "2008-11-30": "21.60%", "2008-08-31": "21.84%", "2008-05-31": "22.45%", "2008-02-29": "22.58%", "2007-11-30": "22.93%", "2007-08-31": "23.43%", "2007-05-31": "23.49%", "2007-02-28": "24.37%", "2006-11-30": "24.12%", "2006-08-31": "23.79%", "2006-05-31": "23.44%", "2006-02-28": "23.29%", "2005-11-30": "23.25%"}, "operating margin": {"2020-11-30": "-2.00%", "2020-08-31": "-1.35%", "2020-05-31": "0.61%", "2020-02-29": "9.92%", "2019-11-30": "9.90%", "2019-08-31": "9.86%", "2019-05-31": "9.79%", "2019-02-28": "9.90%", "2018-11-30": "9.64%", "2018-08-31": "9.52%", "2018-05-31": "9.49%", "2018-02-28": "8.97%", "2017-11-30": "9.21%", "2017-08-31": "9.35%", "2017-05-31": "9.44%", "2017-02-28": "9.85%", "2016-11-30": "9.78%", "2016-08-31": "9.32%", "2016-05-31": "8.97%", "2016-02-29": "8.37%", "2015-11-30": "7.78%", "2015-08-31": "6.33%", "2015-05-31": "5.44%", "2015-02-28": "4.36%", "2014-11-30": "3.69%", "2014-08-31": "4.61%", "2014-05-31": "4.91%", "2014-02-28": "5.73%", "2013-11-30": "6.41%", "2013-08-31": "6.55%", "2013-05-31": "7.28%", "2013-02-28": "8.21%", "2012-11-30": "8.79%", "2012-08-31": "9.21%", "2012-05-31": "9.25%", "2012-02-29": "9.09%", "2011-11-30": "9.02%", "2011-08-31": "9.52%", "2011-05-31": "9.89%", "2011-02-28": "9.71%", "2010-11-30": "9.48%", "2010-08-31": "9.28%", "2010-05-31": "8.96%", "2010-02-28": "9.15%", "2009-11-30": "8.94%", "2009-08-31": "8.97%", "2009-05-31": "8.76%", "2009-02-28": "8.47%", "2008-11-30": "8.60%", "2008-08-31": "8.38%", "2008-05-31": "9.07%", "2008-02-29": "9.22%", "2007-11-30": "9.51%", "2007-08-31": "10.32%", "2007-05-31": "10.31%", "2007-02-28": "11.16%", "2006-11-30": "10.92%", "2006-08-31": "10.61%", "2006-05-31": "10.31%", "2006-02-28": "10.28%", "2005-11-30": "10.15%"}, "ebitda margin": {"2020-11-30": "3.22%", "2020-08-31": "3.61%", "2020-05-31": "5.17%", "2020-02-29": "13.92%", "2019-11-30": "13.90%", "2019-08-31": "13.84%", "2019-05-31": "13.75%", "2019-02-28": "13.80%", "2018-11-30": "13.54%", "2018-08-31": "13.41%", "2018-05-31": "13.38%", "2018-02-28": "12.84%", "2017-11-30": "13.06%", "2017-08-31": "13.17%", "2017-05-31": "13.26%", "2017-02-28": "13.71%", "2016-11-30": "13.62%", "2016-08-31": "13.30%", "2016-05-31": "13.20%", "2016-02-29": "12.76%", "2015-11-30": "12.45%", "2015-08-31": "11.13%", "2015-05-31": "10.27%", "2015-02-28": "9.36%", "2014-11-30": "8.75%", "2014-08-31": "9.68%", "2014-05-31": "9.97%", "2014-02-28": "9.36%", "2013-11-30": "10.06%", "2013-08-31": "10.28%", "2013-05-31": "11.00%", "2013-02-28": "11.66%", "2012-11-30": "12.13%", "2012-08-31": "12.41%", "2012-05-31": "12.35%", "2012-02-29": "13.44%", "2011-11-30": "13.33%", "2011-08-31": "13.78%", "2011-05-31": "14.13%", "2011-02-28": "13.95%", "2010-11-30": "13.75%", "2010-08-31": "13.57%", "2010-05-31": "13.24%", "2010-02-28": "13.31%", "2009-11-30": "13.05%", "2009-08-31": "13.03%", "2009-05-31": "12.73%", "2009-02-28": "12.48%", "2008-11-30": "12.54%", "2008-08-31": "12.23%", "2008-05-31": "12.81%", "2008-02-29": "12.89%", "2007-11-30": "13.10%", "2007-08-31": "13.88%", "2007-05-31": "13.92%", "2007-02-28": "14.64%", "2006-11-30": "14.52%", "2006-08-31": "14.31%", "2006-05-31": "14.07%", "2006-02-28": "14.03%", "2005-11-30": "13.95%"}, "pre tax profit margin": {"2020-11-30": "-3.03%", "2020-08-31": "-4.42%", "2020-05-31": "-2.06%", "2020-02-29": "7.61%", "2019-11-30": "7.56%", "2019-08-31": "9.27%", "2019-05-31": "9.19%", "2019-02-28": "9.28%", "2018-11-30": "7.76%", "2018-08-31": "7.58%", "2018-05-31": "7.50%", "2018-02-28": "6.95%", "2017-11-30": "8.54%", "2017-08-31": "8.74%", "2017-05-31": "8.88%", "2017-02-28": "9.29%", "2016-11-30": "8.16%", "2016-08-31": "7.01%", "2016-05-31": "6.48%", "2016-02-29": "5.71%", "2015-11-30": "5.94%", "2015-08-31": "4.83%", "2015-05-31": "2.59%", "2015-02-28": "1.25%", "2014-11-30": "0.37%", "2014-08-31": "1.28%", "2014-05-31": "2.78%", "2014-02-28": "3.60%", "2013-11-30": "4.48%", "2013-08-31": "4.75%", "2013-05-31": "5.67%", "2013-02-28": "6.77%", "2012-11-30": "7.40%", "2012-08-31": "7.88%", "2012-05-31": "7.99%", "2012-02-29": "7.87%", "2011-11-30": "7.81%", "2011-08-31": "8.32%", "2011-05-31": "8.63%", "2011-02-28": "8.38%", "2010-11-30": "8.17%", "2010-08-31": "7.96%", "2010-05-31": "7.63%", "2010-02-28": "7.65%", "2009-11-30": "7.37%", "2009-08-31": "7.37%", "2009-05-31": "7.11%", "2009-02-28": "6.98%", "2008-11-30": "7.08%", "2008-08-31": "6.88%", "2008-05-31": "7.77%", "2008-02-29": "8.07%", "2007-11-30": "8.56%", "2007-08-31": "9.57%", "2007-05-31": "9.52%", "2007-02-28": "10.53%", "2006-11-30": "10.14%", "2006-08-31": "9.79%", "2006-05-31": "9.49%", "2006-02-28": "9.19%", "2005-11-30": "9.20%"}, "net profit margin": {"2020-11-30": "-1.71%", "2020-08-31": "-2.60%", "2020-05-31": "-0.67%", "2020-02-29": "7.26%", "2019-11-30": "7.25%", "2019-08-31": "8.38%", "2019-05-31": "8.39%", "2019-02-28": "8.09%", "2018-11-30": "8.14%", "2018-08-31": "7.85%", "2018-05-31": "7.39%", "2018-02-28": "6.93%", "2017-11-30": "6.47%", "2017-08-31": "6.61%", "2017-05-31": "6.69%", "2017-02-28": "7.06%", "2016-11-30": "6.23%", "2016-08-31": "5.73%", "2016-05-31": "5.41%", "2016-02-29": "4.84%", "2015-11-30": "5.33%", "2015-08-31": "4.26%", "2015-05-31": "10.48%", "2015-02-28": "10.57%", "2014-11-30": "10.38%", "2014-08-31": "11.34%", "2014-05-31": "4.56%", "2014-02-28": "5.35%", "2013-11-30": "5.20%", "2013-08-31": "5.05%", "2013-05-31": "5.25%", "2013-02-28": "5.17%", "2012-11-30": "5.60%", "2012-08-31": "5.93%", "2012-05-31": "5.95%", "2012-02-29": "5.84%", "2011-11-30": "5.81%", "2011-08-31": "6.17%", "2011-05-31": "6.36%", "2011-02-28": "6.17%", "2010-11-30": "6.02%", "2010-08-31": "5.89%", "2010-05-31": "5.68%", "2010-02-28": "5.69%", "2009-11-30": "5.38%", "2009-08-31": "5.36%", "2009-05-31": "5.17%", "2009-02-28": "4.98%", "2008-11-30": "5.23%", "2008-08-31": "5.11%", "2008-05-31": "5.70%", "2008-02-29": "3.53%", "2007-11-30": "3.41%", "2007-08-31": "3.86%", "2007-05-31": "3.63%", "2007-02-28": "6.64%", "2006-11-30": "6.59%", "2006-08-31": "6.43%", "2006-05-31": "6.31%", "2006-02-28": "6.22%", "2005-11-30": "6.11%"}, "pe ratio": {"current": "67.34", "2021-02-05": "0.00", "2020-11-30": "0.00", "2020-08-31": "0.00", "2020-05-31": "0.00", "2020-02-29": "18.89", "2019-11-30": "23.23", "2019-08-31": "20.60", "2019-05-31": "19.83", "2019-02-28": "19.98", "2018-11-30": "19.77", "2018-08-31": "21.63", "2018-05-31": "17.52", "2018-02-28": "20.09", "2017-11-30": "20.17", "2017-08-31": "19.64", "2017-05-31": "21.46", "2017-02-28": "17.40", "2016-11-30": "19.42", "2016-08-31": "17.80", "2016-05-31": "20.74", "2016-02-29": "21.37", "2015-11-30": "17.15", "2015-08-31": "23.14", "2015-05-31": "34.33", "2015-02-28": "37.60", "2014-11-30": "40.31", "2014-08-31": "23.93", "2014-05-31": "17.24", "2014-02-28": "14.88", "2013-11-30": "14.24", "2013-08-31": "11.72", "2013-05-31": "11.68", "2013-02-28": "9.88", "2012-11-30": "10.44", "2012-08-31": "9.78", "2012-05-31": "9.83", "2012-02-29": "10.05", "2011-11-30": "9.80", "2011-08-31": "9.41", "2011-05-31": "9.77", "2011-02-28": "9.57", "2010-11-30": "10.32", "2010-08-31": "8.93", "2010-05-31": "9.63", "2010-02-28": "8.83", "2009-11-30": "7.19", "2009-08-31": "7.48", "2009-05-31": "8.43", "2009-02-28": "6.69", "2008-11-30": "4.30", "2008-08-31": "7.19", "2008-05-31": "7.91", "2008-02-29": "12.16", "2007-11-30": "17.41", "2007-08-31": "16.78", "2007-05-31": "20.08", "2007-02-28": "10.37", "2006-11-30": "10.39"}, "price sales": {"2021-02-05": "2.46", "2020-11-30": "2.00", "2020-08-31": "1.49", "2020-05-31": "1.21", "2020-02-29": "1.37", "2019-11-30": "1.68", "2019-08-31": "1.73", "2019-05-31": "1.67", "2019-02-28": "1.62", "2018-11-30": "1.61", "2018-08-31": "1.69", "2018-05-31": "1.29", "2018-02-28": "1.39", "2017-11-30": "1.30", "2017-08-31": "1.30", "2017-05-31": "1.44", "2017-02-28": "1.23", "2016-11-30": "1.21", "2016-08-31": "1.02", "2016-05-31": "1.13", "2016-02-29": "1.04", "2015-11-30": "0.92", "2015-08-31": "0.99", "2015-05-31": "0.96", "2015-02-28": "0.97", "2014-11-30": "0.88", "2014-08-31": "0.74", "2014-05-31": "0.78", "2014-02-28": "0.80", "2013-11-30": "0.74", "2013-08-31": "0.59", "2013-05-31": "0.61", "2013-02-28": "0.51", "2012-11-30": "0.59", "2012-08-31": "0.58", "2012-05-31": "0.59", "2012-02-29": "0.59", "2011-11-30": "0.57", "2011-08-31": "0.58", "2011-05-31": "0.62", "2011-02-28": "0.59", "2010-11-30": "0.62", "2010-08-31": "0.52", "2010-05-31": "0.55", "2010-02-28": "0.50", "2009-11-30": "0.39", "2009-08-31": "0.40", "2009-05-31": "0.44", "2009-02-28": "0.33", "2008-11-30": "0.23", "2008-08-31": "0.37", "2008-05-31": "0.45", "2008-02-29": "0.43", "2007-11-30": "0.59", "2007-08-31": "0.64", "2007-05-31": "0.72", "2007-02-28": "0.69", "2006-11-30": "0.69"}, "price book": {"current": "7.01", "2021-02-05": "7.01", "2020-11-30": "5.72", "2020-08-31": "4.72", "2020-05-31": "4.26", "2020-02-29": "5.00", "2019-11-30": "6.24", "2019-08-31": "6.10", "2019-05-31": "5.82", "2019-02-28": "5.75", "2018-11-30": "5.82", "2018-08-31": "6.03", "2018-05-31": "4.65", "2018-02-28": "5.04", "2017-11-30": "4.92", "2017-08-31": "4.57", "2017-05-31": "4.88", "2017-02-28": "4.30", "2016-11-30": "4.45", "2016-08-31": "3.78", "2016-05-31": "3.90", "2016-02-29": "3.73", "2015-11-30": "3.17", "2015-08-31": "2.79", "2015-05-31": "2.74", "2015-02-28": "2.75", "2014-11-30": "2.54", "2014-08-31": "2.21", "2014-05-31": "2.27", "2014-02-28": "2.32", "2013-11-30": "2.46", "2013-08-31": "2.08", "2013-05-31": "2.32", "2013-02-28": "2.16", "2012-11-30": "2.54", "2012-08-31": "2.47", "2012-05-31": "2.46", "2012-02-29": "2.49", "2011-11-30": "2.39", "2011-08-31": "2.20", "2011-05-31": "2.31", "2011-02-28": "2.18", "2010-11-30": "2.33", "2010-08-31": "1.96", "2010-05-31": "2.03", "2010-02-28": "1.96", "2009-11-30": "1.61", "2009-08-31": "1.71", "2009-05-31": "1.94", "2009-02-28": "1.55", "2008-11-30": "1.10", "2008-08-31": "1.74", "2008-05-31": "2.06", "2008-02-29": "1.97", "2007-11-30": "2.61", "2007-08-31": "2.94", "2007-05-31": "3.48", "2007-02-28": "2.76", "2006-11-30": "2.68", "2006-08-31": "2.40", "2006-05-31": "2.47", "2006-02-28": "2.89"}, "price fcf": {"2021-02-05": "", "2020-11-30": "$2.91", "2020-08-31": "$2.12", "2020-05-31": "$1.95", "2020-02-29": "$6.21", "2019-11-30": "$6.31", "2019-08-31": "$6.72", "2019-05-31": "$6.40", "2019-02-28": "$5.81", "2018-11-30": "$5.44", "2018-08-31": "$4.91", "2018-05-31": "$4.80", "2018-02-28": "$4.56", "2017-11-30": "$4.46", "2017-08-31": "$4.59", "2017-05-31": "$4.81", "2017-02-28": "$5.04", "2016-11-30": "$5.21", "2016-08-31": "$6.21", "2016-05-31": "$6.91", "2016-02-29": "$7.75", "2015-11-30": "$7.45", "2015-08-31": "$6.46", "2015-05-31": "$4.85", "2015-02-28": "$2.57", "2014-11-30": "$1.53", "2014-08-31": "$1.03", "2014-05-31": "$1.09", "2014-02-28": "$0.61", "2013-11-30": "$1.19", "2013-08-31": "$-0.13", "2013-05-31": "$0.64", "2013-02-28": "$1.21", "2012-11-30": "$1.71", "2012-08-31": "$1.37", "2012-05-31": "$0.45", "2012-02-29": "$1.07", "2011-11-30": "$0.53", "2011-08-31": "$1.64", "2011-05-31": "$2.52", "2011-02-28": "$2.30", "2010-11-30": "$2.73", "2010-08-31": "$3.53", "2010-05-31": "$3.40", "2010-02-28": "$3.99", "2009-11-30": "$3.15", "2009-08-31": "$2.23", "2009-05-31": "$1.80", "2009-02-28": "$1.49", "2008-11-30": "$1.52", "2008-08-31": "$2.04", "2008-05-31": "$2.37", "2008-02-29": "$2.36", "2007-11-30": "$2.03", "2007-08-31": "$2.22", "2007-05-31": "$1.90", "2007-02-28": "$2.30", "2006-11-30": "$2.95"}, "net worth": {"value": "$17.2B"}, "current ratio": {"current": "0.72", "2020-11-30": "0.72", "2020-08-31": "0.63", "2020-05-31": "0.61", "2020-02-29": "0.41", "2019-11-30": "0.34", "2019-08-31": "0.43", "2019-05-31": "0.61", "2019-02-28": "0.48", "2018-11-30": "0.41", "2018-08-31": "0.41", "2018-05-31": "0.40", "2018-02-28": "0.39", "2017-11-30": "0.34", "2017-08-31": "0.38", "2017-05-31": "0.46", "2017-02-28": "0.72", "2016-11-30": "0.59", "2016-08-31": "0.54", "2016-05-31": "0.69", "2016-02-29": "0.61", "2015-11-30": "0.76", "2015-08-31": "1.05", "2015-05-31": "0.88", "2015-02-28": "0.73", "2014-11-30": "0.55", "2014-08-31": "0.63", "2014-05-31": "1.22", "2014-02-28": "0.55", "2013-11-30": "0.51", "2013-08-31": "0.52", "2013-05-31": "0.54", "2013-02-28": "0.56", "2012-11-30": "0.52", "2012-08-31": "0.39", "2012-05-31": "0.43", "2012-02-29": "0.42", "2011-11-30": "0.43", "2011-08-31": "0.50", "2011-05-31": "0.52", "2011-02-28": "0.53", "2010-11-30": "0.45", "2010-08-31": "0.44", "2010-05-31": "0.57", "2010-02-28": "0.56", "2009-11-30": "0.46", "2009-08-31": "0.46", "2009-05-31": "0.51", "2009-02-28": "0.44", "2008-11-30": "0.41", "2008-08-31": "0.41", "2008-05-31": "0.41", "2008-02-29": "0.44", "2007-11-30": "0.49", "2007-08-31": "0.56", "2007-05-31": "0.51", "2007-02-28": "0.41", "2006-11-30": "0.43", "2006-08-31": "0.41", "2006-05-31": "0.37", "2006-02-28": "0.50", "2005-11-30": "0.52", "2005-08-31": "0.65", "2005-05-31": "0.39", "2005-02-28": "0.46"}, "quick ratio": {"2020-11-30": "0.59", "2020-08-31": "0.51", "2020-05-31": "0.50", "2020-02-29": "0.27", "2019-11-30": "0.21", "2019-08-31": "0.30", "2019-05-31": "0.47", "2019-02-28": "0.33", "2018-11-30": "0.25", "2018-08-31": "0.26", "2018-05-31": "0.25", "2018-02-28": "0.25", "2017-11-30": "0.20", "2017-08-31": "0.24", "2017-05-31": "0.32", "2017-02-28": "0.58", "2016-11-30": "0.43", "2016-08-31": "0.40", "2016-05-31": "0.54", "2016-02-29": "0.46", "2015-11-30": "0.67", "2015-08-31": "0.91", "2015-05-31": "0.75", "2015-02-28": "0.60", "2014-11-30": "0.40", "2014-08-31": "0.50", "2014-05-31": "1.10", "2014-02-28": "0.27", "2013-11-30": "0.25", "2013-08-31": "0.28", "2013-05-31": "0.29", "2013-02-28": "0.27", "2012-11-30": "0.24", "2012-08-31": "0.17", "2012-05-31": "0.20", "2012-02-29": "0.19", "2011-11-30": "0.22", "2011-08-31": "0.27", "2011-05-31": "0.28", "2011-02-28": "0.28", "2010-11-30": "0.23", "2010-08-31": "0.26", "2010-05-31": "0.39", "2010-02-28": "0.38", "2009-11-30": "0.24", "2009-08-31": "0.26", "2009-05-31": "0.28", "2009-02-28": "0.22", "2008-11-30": "0.17", "2008-08-31": "0.18", "2008-05-31": "0.22", "2008-02-29": "0.21", "2007-11-30": "0.26", "2007-08-31": "0.33", "2007-05-31": "0.31", "2007-02-28": "0.18", "2006-11-30": "0.17", "2006-08-31": "0.21", "2006-05-31": "0.17", "2006-02-28": "0.22", "2005-11-30": "0.24", "2005-08-31": "0.44", "2005-05-31": "0.16", "2005-02-28": "0.21"}, "debt equity ratio": {"current": "0.38", "2020-11-30": "3.04", "2020-08-31": "3.12", "2020-05-31": "3.27", "2020-02-29": "3.26", "2019-11-30": "3.29", "2019-08-31": "3.08", "2019-05-31": "1.46", "2019-02-28": "1.46", "2018-11-30": "1.47", "2018-08-31": "1.42", "2018-05-31": "1.49", "2018-02-28": "1.57", "2017-11-30": "1.69", "2017-08-31": "1.54", "2017-05-31": "1.52", "2017-02-28": "1.37", "2016-11-30": "1.41", "2016-08-31": "1.43", "2016-05-31": "1.35", "2016-02-29": "1.35", "2015-11-30": "1.60", "2015-08-31": "1.49", "2015-05-31": "1.57", "2015-02-28": "1.68", "2014-11-30": "1.75", "2014-08-31": "1.88", "2014-05-31": "2.28", "2014-02-28": "2.41", "2013-11-30": "2.48", "2013-08-31": "2.41", "2013-05-31": "2.37", "2013-02-28": "2.57", "2012-11-30": "2.67", "2012-08-31": "2.24", "2012-05-31": "2.23", "2012-02-29": "2.34", "2011-11-30": "2.42", "2011-08-31": "1.94", "2011-05-31": "1.82", "2011-02-28": "1.82", "2010-11-30": "1.80", "2010-08-31": "1.73", "2010-05-31": "1.79", "2010-02-28": "1.84", "2009-11-30": "1.94", "2009-08-31": "2.00", "2009-05-31": "2.13", "2009-02-28": "2.42", "2008-11-30": "2.58", "2008-08-31": "2.41", "2008-05-31": "2.36", "2008-02-29": "2.60", "2007-11-30": "2.65", "2007-08-31": "1.46", "2007-05-31": "1.63", "2007-02-28": "1.56", "2006-11-30": "1.45", "2006-08-31": "1.42", "2006-05-31": "1.45", "2006-02-28": "1.43", "2005-11-30": "1.44", "2005-08-31": "1.60", "2005-05-31": "1.31", "2005-02-28": "1.33"}, "return on equity": {"2020-11-30": "-4.88%", "2020-08-31": "-8.02%", "2020-05-31": "-2.23%", "2020-02-29": "27.10%", "2019-11-30": "26.83%", "2019-08-31": "30.79%", "2019-05-31": "30.93%", "2019-02-28": "30.15%", "2018-11-30": "30.53%", "2018-08-31": "30.05%", "2018-05-31": "28.58%", "2018-02-28": "26.43%", "2017-11-30": "24.36%", "2017-08-31": "24.49%", "2017-05-31": "24.84%", "2017-02-28": "26.18%", "2016-11-30": "23.18%", "2016-08-31": "20.83%", "2016-05-31": "18.11%", "2016-02-29": "15.69%", "2015-11-30": "16.38%", "2015-08-31": "12.83%", "2015-05-31": "32.21%", "2015-02-28": "32.03%", "2014-11-30": "31.34%", "2014-08-31": "34.02%", "2014-05-31": "13.65%", "2014-02-28": "16.02%", "2013-11-30": "17.54%", "2013-08-31": "18.68%", "2013-05-31": "21.31%", "2013-02-28": "22.89%", "2012-11-30": "25.06%", "2012-08-31": "26.70%", "2012-05-31": "26.32%", "2012-02-29": "25.27%", "2011-11-30": "24.07%", "2011-08-31": "24.65%", "2011-05-31": "25.08%", "2011-02-28": "24.05%", "2010-11-30": "23.40%", "2010-08-31": "23.10%", "2010-05-31": "22.66%", "2010-02-28": "24.02%", "2009-11-30": "23.77%", "2009-08-31": "25.04%", "2009-05-31": "25.35%", "2009-02-28": "24.75%", "2008-11-30": "26.80%", "2008-08-31": "26.04%", "2008-05-31": "29.00%", "2008-02-29": "18.04%", "2007-11-30": "16.68%", "2007-08-31": "18.26%", "2007-05-31": "16.58%", "2007-02-28": "27.88%", "2006-11-30": "27.71%", "2006-08-31": "27.28%", "2006-05-31": "27.06%", "2006-02-28": "26.20%", "2005-11-30": "25.05%"}, "return on assets": {"2020-11-30": "-1.17%", "2020-08-31": "-1.90%", "2020-05-31": "-0.53%", "2020-02-29": "7.20%", "2019-11-30": "8.09%", "2019-08-31": "10.71%", "2019-05-31": "12.62%", "2019-02-28": "12.26%", "2018-11-30": "12.29%", "2018-08-31": "11.85%", "2018-05-31": "11.12%", "2018-02-28": "10.26%", "2017-11-30": "9.63%", "2017-08-31": "9.95%", "2017-05-31": "10.21%", "2017-02-28": "10.96%", "2016-11-30": "9.73%", "2016-08-31": "8.56%", "2016-05-31": "7.39%", "2016-02-29": "6.27%", "2015-11-30": "6.34%", "2015-08-31": "4.90%", "2015-05-31": "11.86%", "2015-02-28": "11.06%", "2014-11-30": "10.18%", "2014-08-31": "10.44%", "2014-05-31": "4.02%", "2014-02-28": "4.69%", "2013-11-30": "5.08%", "2013-08-31": "5.34%", "2013-05-31": "6.16%", "2013-02-28": "6.68%", "2012-11-30": "7.44%", "2012-08-31": "8.08%", "2012-05-31": "8.16%", "2012-02-29": "8.10%", "2011-11-30": "8.06%", "2011-08-31": "8.67%", "2011-05-31": "8.98%", "2011-02-28": "8.64%", "2010-11-30": "8.39%", "2010-08-31": "8.19%", "2010-05-31": "7.85%", "2010-02-28": "8.09%", "2009-11-30": "7.64%", "2009-08-31": "7.67%", "2009-05-31": "7.51%", "2009-02-28": "7.19%", "2008-11-30": "7.69%", "2008-08-31": "7.44%", "2008-05-31": "8.82%", "2008-02-29": "5.78%", "2007-11-30": "5.86%", "2007-08-31": "7.24%", "2007-05-31": "6.61%", "2007-02-28": "11.30%", "2006-11-30": "11.38%", "2006-08-31": "11.22%", "2006-05-31": "10.93%", "2006-02-28": "10.73%", "2005-11-30": "10.37%"}, "return on investments": {"2020-11-30": "-4.12%", "2020-08-31": "-2.98%", "2020-05-31": "1.47%", "2020-02-29": "26.56%", "2019-11-30": "26.25%", "2019-08-31": "25.93%", "2019-05-31": "25.75%", "2019-02-28": "26.15%", "2018-11-30": "25.50%", "2018-08-31": "25.43%", "2018-05-31": "25.40%", "2018-02-28": "23.57%", "2017-11-30": "24.76%", "2017-08-31": "25.73%", "2017-05-31": "27.11%", "2017-02-28": "29.63%", "2016-11-30": "29.46%", "2016-08-31": "27.56%", "2016-05-31": "22.53%", "2016-02-29": "18.91%", "2015-11-30": "15.53%", "2015-08-31": "11.56%", "2015-05-31": "9.94%", "2015-02-28": "7.29%", "2014-11-30": "5.73%", "2014-08-31": "6.69%", "2014-05-31": "6.69%", "2014-02-28": "7.74%", "2013-11-30": "9.61%", "2013-08-31": "10.61%", "2013-05-31": "13.51%", "2013-02-28": "17.46%", "2012-11-30": "20.05%", "2012-08-31": "22.53%", "2012-05-31": "22.39%", "2012-02-29": "21.70%", "2011-11-30": "20.87%", "2011-08-31": "21.55%", "2011-05-31": "22.03%", "2011-02-28": "21.33%", "2010-11-30": "20.52%", "2010-08-31": "19.99%", "2010-05-31": "19.27%", "2010-02-28": "20.09%", "2009-11-30": "19.74%", "2009-08-31": "20.18%", "2009-05-31": "19.98%", "2009-02-28": "19.23%", "2008-11-30": "19.81%", "2008-08-31": "19.04%", "2008-05-31": "22.30%", "2008-02-29": "24.91%", "2007-11-30": "28.12%", "2007-08-31": "34.65%", "2007-05-31": "33.56%", "2007-02-28": "33.58%", "2006-11-30": "32.22%", "2006-08-31": "30.94%", "2006-05-31": "29.72%", "2006-02-28": "29.75%", "2005-11-30": "29.87%"}, "return on tangible equity": {"2020-11-30": "-25.56%", "2020-08-31": "-56.33%", "2020-05-31": "-20.23%", "2020-02-29": "318.80%", "2019-11-30": "316.37%", "2019-08-31": "365.90%", "2019-05-31": "410.34%", "2019-02-28": "546.99%", "2018-11-30": "870.97%", "2018-08-31": "5480.85%", "2018-05-31": "-1511.39%", "2018-02-28": "-814.93%", "2017-11-30": "748.48%", "2017-08-31": "239.41%", "2017-05-31": "155.47%", "2017-02-28": "110.84%", "2016-11-30": "100.46%", "2016-08-31": "85.21%", "2016-05-31": "60.10%", "2016-02-29": "47.26%", "2015-11-30": "46.03%", "2015-08-31": "35.26%", "2015-05-31": "94.00%", "2015-02-28": "97.32%", "2014-11-30": "99.26%", "2014-08-31": "110.47%", "2014-05-31": "45.65%", "2014-02-28": "55.92%", "2013-11-30": "64.47%", "2013-08-31": "73.39%", "2013-05-31": "71.97%", "2013-02-28": "67.40%", "2012-11-30": "64.52%", "2012-08-31": "60.43%", "2012-05-31": "58.55%", "2012-02-29": "54.83%", "2011-11-30": "50.59%", "2011-08-31": "50.16%", "2011-05-31": "51.25%", "2011-02-28": "49.44%", "2010-11-30": "48.67%", "2010-08-31": "49.23%", "2010-05-31": "49.85%", "2010-02-28": "55.69%", "2009-11-30": "59.57%", "2009-08-31": "68.32%", "2009-05-31": "75.01%", "2009-02-28": "78.66%", "2008-11-30": "91.13%", "2008-08-31": "92.13%", "2008-05-31": "66.08%", "2008-02-29": "29.98%", "2007-11-30": "20.91%", "2007-08-31": "18.26%", "2007-05-31": "16.58%", "2007-02-28": "27.88%", "2006-11-30": "27.71%", "2006-08-31": "27.28%", "2006-05-31": "27.06%", "2006-02-28": "26.20%", "2005-11-30": "25.05%"}, "dividend yield history": {"last payout": "$1.48", "last yield": "1.12%"}}