{"ticker": "DVA", "price": {"title": "DaVita Historical Annual Stock Price Data", "value": 109.18, "historical": {"2021": {"Average Stock Price": "118.0704", "Year Open": "116.5000", "Year High": "123.8900", "Year Low": "109.1800", "Year Close": "109.1800", "Annual % Change": "-7.00%"}, "2020": {"Average Stock Price": "86.0846", "Year Open": "75.2500", "Year High": "117.4000", "Year Low": "64.9900", "Year Close": "117.4000", "Annual % Change": "56.47%"}, "2019": {"Average Stock Price": "57.9482", "Year Open": "51.7300", "Year High": "75.0300", "Year Low": "43.4200", "Year Close": "75.0300", "Annual % Change": "45.80%"}, "2018": {"Average Stock Price": "68.7052", "Year Open": "72.5400", "Year High": "80.0300", "Year Low": "48.7300", "Year Close": "51.4600", "Annual % Change": "-28.78%"}, "2017": {"Average Stock Price": "63.5263", "Year Open": "65.0900", "Year High": "72.3600", "Year Low": "53.8900", "Year Close": "72.2500", "Annual % Change": "12.54%"}, "2016": {"Average Stock Price": "68.9896", "Year Open": "68.6700", "Year High": "78.4400", "Year Low": "55.1600", "Year Close": "64.2000", "Annual % Change": "-7.90%"}, "2015": {"Average Stock Price": "77.4037", "Year Open": "75.8300", "Year High": "84.2300", "Year Low": "67.7900", "Year Close": "69.7100", "Annual % Change": "-7.96%"}, "2014": {"Average Stock Price": "71.1832", "Year Open": "64.7800", "Year High": "78.0700", "Year Low": "62.7400", "Year Close": "75.7400", "Annual % Change": "19.52%"}, "2013": {"Average Stock Price": "59.1146", "Year Open": "54.6000", "Year High": "65.5950", "Year Low": "53.7550", "Year Close": "63.3700", "Annual % Change": "14.67%"}, "2012": {"Average Stock Price": "47.3399", "Year Open": "38.5650", "Year High": "57.4900", "Year Low": "38.5650", "Year Close": "55.2650", "Annual % Change": "45.80%"}, "2011": {"Average Stock Price": "38.8146", "Year Open": "34.6550", "Year High": "44.6800", "Year Low": "30.3200", "Year Close": "37.9050", "Annual % Change": "9.09%"}, "2010": {"Average Stock Price": "32.5314", "Year Open": "29.9600", "Year High": "37.0550", "Year Low": "28.4150", "Year Close": "34.7450", "Annual % Change": "18.30%"}, "2009": {"Average Stock Price": "25.4078", "Year Open": "24.5500", "Year High": "30.7750", "Year Low": "21.1700", "Year Close": "29.3700", "Annual % Change": "18.50%"}, "2008": {"Average Stock Price": "26.0378", "Year Open": "27.7450", "Year High": "30.0050", "Year Low": "21.2400", "Year Close": "24.7850", "Annual % Change": "-12.03%"}, "2007": {"Average Stock Price": "28.3093", "Year Open": "27.7150", "Year High": "33.2650", "Year Low": "25.7700", "Year Close": "28.1750", "Annual % Change": "-0.93%"}, "2006": {"Average Stock Price": "27.4269", "Year Open": "25.7600", "Year High": "30.1350", "Year Low": "23.7950", "Year Close": "28.4400", "Annual % Change": "12.32%"}, "2005": {"Average Stock Price": "22.7992", "Year Open": "19.6800", "Year High": "26.7950", "Year Low": "19.6300", "Year Close": "25.3200", "Annual % Change": "28.11%"}, "2004": {"Average Stock Price": "15.5025", "Year Open": "13.1700", "Year High": "19.8100", "Year Low": "12.6667", "Year Close": "19.7650", "Annual % Change": "52.04%"}, "2003": {"Average Stock Price": "9.3698", "Year Open": "8.3633", "Year High": "13.3333", "Year Low": "6.5067", "Year Close": "13.0000", "Annual % Change": "58.09%"}, "2002": {"Average Stock Price": "7.8740", "Year Open": "7.9167", "Year High": "8.7100", "Year Low": "6.4867", "Year Close": "8.2233", "Annual % Change": "0.90%"}, "2001": {"Average Stock Price": "6.3435", "Year Open": "5.3533", "Year High": "8.1500", "Year Low": "4.8667", "Year Close": "8.1500", "Annual % Change": "42.73%"}, "2000": {"Average Stock Price": "2.2286", "Year Open": "2.2933", "Year High": "5.8333", "Year Low": "0.8533", "Year Close": "5.7100", "Annual % Change": "156.05%"}, "1999": {"Average Stock Price": "3.8755", "Year Open": "9.3333", "Year High": "9.3333", "Year Low": "1.9567", "Year Close": "2.2300", "Annual % Change": "-77.37%"}, "1998": {"Average Stock Price": "9.4793", "Year Open": "9.0433", "Year High": "12.0433", "Year Low": "6.3333", "Year Close": "9.8533", "Annual % Change": "7.49%"}, "1997": {"Average Stock Price": "8.0779", "Year Open": "7.1759", "Year High": "11.1467", "Year Low": "5.6239", "Year Close": "9.1667", "Annual % Change": "26.44%"}, "1996": {"Average Stock Price": "7.1853", "Year Open": "5.8499", "Year High": "9.2258", "Year Low": "5.4739", "Year Close": "7.2499", "Annual % Change": "20.83%"}}}, "market cap": {"value": "$12.23B"}, "income statement": {"Revenue": {"2019-12-31": "11388.48000", "2018-12-31": "11404.85000", "2017-12-31": "10876.63000", "2016-12-31": "10707.47000", "2015-12-31": "9982.24500", "2014-12-31": "12795.11000", "2013-12-31": "11764.05000", "2012-12-31": "8186.28000", "2011-12-31": "6731.80600", "2010-12-31": "6219.61000", "2009-12-31": "6100.64800", "2008-12-31": "5660.17300", "2007-12-31": "5264.15100", "2006-12-31": "4880.66200", "2005-12-31": "2973.91800"}, "Cost Of Goods Sold": {"2019-12-31": "7914.48500", "2018-12-31": "8195.51300", "2017-12-31": "7640.00500", "2016-12-31": "7431.58200", "2015-12-31": "6856.06200", "2014-12-31": "9119.30500", "2013-12-31": "8198.37700", "2012-12-31": "5583.54900", "2011-12-31": "4633.62000", "2010-12-31": "4427.86200", "2009-12-31": "4242.14700", "2008-12-31": "3920.48700", "2007-12-31": "3590.34400", "2006-12-31": "3390.35100", "2005-12-31": "2035.24300"}, "Gross Profit": {"2019-12-31": "3473.99400", "2018-12-31": "3209.33800", "2017-12-31": "3236.62900", "2016-12-31": "3275.88500", "2015-12-31": "3126.18300", "2014-12-31": "3675.80200", "2013-12-31": "3565.67300", "2012-12-31": "2602.73100", "2011-12-31": "2098.18600", "2010-12-31": "1791.74800", "2009-12-31": "1858.50100", "2008-12-31": "1739.68600", "2007-12-31": "1673.80700", "2006-12-31": "1490.31100", "2005-12-31": "938.67490"}, "Research And Development Expenses": {"2019-12-31": "", "2018-12-31": "", "2017-12-31": "", "2016-12-31": "", "2015-12-31": "", "2014-12-31": "", "2013-12-31": "", "2012-12-31": "", "2011-12-31": "", "2010-12-31": "", "2009-12-31": "", "2008-12-31": "", "2007-12-31": "", "2006-12-31": "", "2005-12-31": ""}, "SG&A Expenses": {"2019-12-31": "1103.31200", "2018-12-31": "1135.45400", "2017-12-31": "1064.02600", "2016-12-31": "1072.84100", "2015-12-31": "1031.12500", "2014-12-31": "1261.50600", "2013-12-31": "1176.48500", "2012-12-31": "889.87900", "2011-12-31": "684.71500", "2010-12-31": "571.82500", "2009-12-31": "531.53100", "2008-12-31": "508.24000", "2007-12-31": "491.23600", "2006-12-31": "453.51600", "2005-12-31": "272.46300"}, "Other Operating Income Or Expenses": {"2019-12-31": "12.67900", "2018-12-31": "46.08100", "2017-12-31": "236.25900", "2016-12-31": "364.57800", "2015-12-31": "-490.32100", "2014-12-31": "-8.21900", "2013-12-31": "-310.31700", "2012-12-31": "-73.79900", "2011-12-31": "5.46700", "2010-12-31": "5.43300", "2009-12-31": "-158.94600", "2008-12-31": "-145.43300", "2007-12-31": "-80.19000", "2006-12-31": "-124.06800", "2005-12-31": "-84.00500"}, "Operating Expenses": {"2019-12-31": "9745.16300", "2018-12-31": "9879.02600", "2017-12-31": "9063.88000", "2016-12-31": "8677.75700", "2015-12-31": "8845.47900", "2014-12-31": "10979.96000", "2013-12-31": "10213.92000", "2012-12-31": "6889.19500", "2011-12-31": "5577.09300", "2010-12-31": "5225.80200", "2009-12-31": "5161.02000", "2008-12-31": "4791.07800", "2007-12-31": "4355.24000", "2006-12-31": "4141.23000", "2005-12-31": "2508.54700"}, "Operating Income": {"2019-12-31": "1643.31500", "2018-12-31": "1525.82400", "2017-12-31": "1812.75400", "2016-12-31": "2029.71000", "2015-12-31": "1136.76600", "2014-12-31": "1815.14300", "2013-12-31": "1550.13300", "2012-12-31": "1297.08400", "2011-12-31": "1154.71300", "2010-12-31": "993.80810", "2009-12-31": "939.62790", "2008-12-31": "869.09520", "2007-12-31": "908.91110", "2006-12-31": "739.43210", "2005-12-31": "465.37110"}, "Total Non-Operating Income/Expense": {"2019-12-31": "-447.87800", "2018-12-31": "-477.34600", "2017-12-31": "-412.96900", "2016-12-31": "-406.60500", "2015-12-31": "-448.37900", "2014-12-31": "-505.46800", "2013-12-31": "-425.15600", "2012-12-31": "-295.78000", "2011-12-31": "-238.10800", "2010-12-31": "-252.57000", "2009-12-31": "-182.04900", "2008-12-31": "-212.30500", "2007-12-31": "-234.68700", "2006-12-31": "-263.67300", "2005-12-31": "-134.27400"}, "Pre-Tax Income": {"2019-12-31": "1195.43900", "2018-12-31": "1048.47800", "2017-12-31": "1399.78600", "2016-12-31": "1623.10500", "2015-12-31": "688.38700", "2014-12-31": "1309.67300", "2013-12-31": "1124.97800", "2012-12-31": "1001.30400", "2011-12-31": "916.60500", "2010-12-31": "741.23800", "2009-12-31": "757.57900", "2008-12-31": "656.79100", "2007-12-31": "674.22400", "2006-12-31": "475.75900", "2005-12-31": "331.09700"}, "Income Taxes": {"2019-12-31": "279.62800", "2018-12-31": "258.40000", "2017-12-31": "323.85900", "2016-12-31": "431.76100", "2015-12-31": "207.51000", "2014-12-31": "446.34300", "2013-12-31": "381.01300", "2012-12-31": "359.84500", "2011-12-31": "325.29200", "2010-12-31": "258.87400", "2009-12-31": "278.21300", "2008-12-31": "235.47100", "2007-12-31": "245.58100", "2006-12-31": "186.43000", "2005-12-31": "123.67500"}, "Income After Taxes": {"2019-12-31": "915.81100", "2018-12-31": "790.07800", "2017-12-31": "1075.92700", "2016-12-31": "1191.34400", "2015-12-31": "480.87700", "2014-12-31": "863.33000", "2013-12-31": "743.96500", "2012-12-31": "641.45900", "2011-12-31": "591.31300", "2010-12-31": "482.36400", "2009-12-31": "479.36600", "2008-12-31": "421.32000", "2007-12-31": "428.64300", "2006-12-31": "289.32900", "2005-12-31": "207.42200"}, "Other Income": {"2019-12-31": "", "2018-12-31": "", "2017-12-31": "", "2016-12-31": "", "2015-12-31": "", "2014-12-31": "", "2013-12-31": "", "2012-12-31": "", "2011-12-31": "", "2010-12-31": "", "2009-12-31": "", "2008-12-31": "", "2007-12-31": "", "2006-12-31": "", "2005-12-31": ""}, "Income From Continuous Operations": {"2019-12-31": "915.81100", "2018-12-31": "790.07800", "2017-12-31": "1075.92700", "2016-12-31": "1191.34400", "2015-12-31": "480.87700", "2014-12-31": "863.33000", "2013-12-31": "743.96500", "2012-12-31": "641.45900", "2011-12-31": "591.31300", "2010-12-31": "482.36400", "2009-12-31": "479.36600", "2008-12-31": "421.32000", "2007-12-31": "428.64300", "2006-12-31": "289.32900", "2005-12-31": "207.42200"}, "Income From Discontinued Operations": {"2019-12-31": "105.48300", "2018-12-31": "-457.03800", "2017-12-31": "-245.37200", "2016-12-31": "-158.26200", "2015-12-31": "-53.46700", "2014-12-31": "", "2013-12-31": "13.23600", "2012-12-31": "-0.22200", "2011-12-31": "-17.91800", "2010-12-31": "1.85500", "2009-12-31": "0.39300", "2008-12-31": "", "2007-12-31": "", "2006-12-31": "0.36200", "2005-12-31": "21.22100"}, "Net Income": {"2019-12-31": "810.98100", "2018-12-31": "159.39400", "2017-12-31": "663.61800", "2016-12-31": "879.87400", "2015-12-31": "269.73200", "2014-12-31": "723.11400", "2013-12-31": "633.44600", "2012-12-31": "536.01700", "2011-12-31": "478.00100", "2010-12-31": "405.68300", "2009-12-31": "422.68400", "2008-12-31": "374.16000", "2007-12-31": "381.77800", "2006-12-31": "289.69100", "2005-12-31": "228.64300"}, "EBITDA": {"2019-12-31": "2258.46700", "2018-12-31": "2116.85900", "2017-12-31": "2590.23900", "2016-12-31": "2749.96200", "2015-12-31": "1774.79000", "2014-12-31": "2406.07800", "2013-12-31": "2078.25200", "2012-12-31": "1640.99200", "2011-12-31": "1422.02800", "2010-12-31": "1228.18600", "2009-12-31": "1168.61400", "2008-12-31": "1086.01200", "2007-12-31": "1102.38100", "2006-12-31": "912.72710", "2005-12-31": "585.09010"}, "EBIT": {"2019-12-31": "1643.31500", "2018-12-31": "1525.82400", "2017-12-31": "1812.75400", "2016-12-31": "2029.71000", "2015-12-31": "1136.76600", "2014-12-31": "1815.14300", "2013-12-31": "1550.13300", "2012-12-31": "1297.08400", "2011-12-31": "1154.71300", "2010-12-31": "993.80810", "2009-12-31": "939.62790", "2008-12-31": "869.09520", "2007-12-31": "908.91110", "2006-12-31": "739.43210", "2005-12-31": "465.37110"}, "Basic Shares Outstanding": {"2019-12-31": "153.18100", "2018-12-31": "170.78600", "2017-12-31": "188.62600", "2016-12-31": "201.64100", "2015-12-31": "211.86800", "2014-12-31": "212.30200", "2013-12-31": "209.93900", "2012-12-31": "192.03600", "2011-12-31": "189.31600", "2010-12-31": "203.00800", "2009-12-31": "207.20800", "2008-12-31": "210.29800", "2007-12-31": "211.78600", "2006-12-31": "207.04000", "2005-12-31": "201.52400"}, "Shares Outstanding": {"2019-12-31": "153.81200", "2018-12-31": "172.36500", "2017-12-31": "191.34900", "2016-12-31": "204.90500", "2015-12-31": "216.25200", "2014-12-31": "216.92800", "2013-12-31": "214.76400", "2012-12-31": "195.94200", "2011-12-31": "193.06400", "2010-12-31": "206.11800", "2009-12-31": "208.33600", "2008-12-31": "211.88000", "2007-12-31": "214.83600", "2006-12-31": "211.58600", "2005-12-31": "208.13600"}, "Basic EPS": {"2019-12-31": "5.29000", "2018-12-31": "0.93000", "2017-12-31": "3.52000", "2016-12-31": "4.36000", "2015-12-31": "1.27000", "2014-12-31": "3.41000", "2013-12-31": "3.02000", "2012-12-31": "2.79000", "2011-12-31": "2.53000", "2010-12-31": "2.00000", "2009-12-31": "2.04000", "2008-12-31": "1.78000", "2007-12-31": "1.80500", "2006-12-31": "1.40000", "2005-12-31": "1.13500"}, "EPS - Earnings Per Share": {"2019-12-31": "5.27000", "2018-12-31": "0.92000", "2017-12-31": "3.47000", "2016-12-31": "4.29000", "2015-12-31": "1.25000", "2014-12-31": "3.33000", "2013-12-31": "2.95000", "2012-12-31": "2.74000", "2011-12-31": "2.48000", "2010-12-31": "1.97000", "2009-12-31": "2.03000", "2008-12-31": "1.76500", "2007-12-31": "1.77500", "2006-12-31": "1.37000", "2005-12-31": "1.10000"}}, "income statement, quarterly": {"Revenue": {"2020-09-30": "2924.06600", "2020-06-30": "2879.97900", "2020-03-31": "2841.23700", "2019-12-31": "2898.58300", "2019-09-30": "2904.07800", "2019-06-30": "2842.70500", "2019-03-31": "2743.11200", "2018-12-31": "2821.12300", "2018-09-30": "2847.33000", "2018-06-30": "2886.95300", "2018-03-31": "2849.44400", "2017-12-31": "2780.91300", "2017-09-30": "2765.07100", "2017-06-30": "2699.39900", "2017-03-31": "2631.25100", "2016-12-31": "-321.89620", "2016-09-30": "3730.57600", "2016-06-30": "3717.65100", "2016-03-31": "3581.13600", "2015-12-31": "-266.00290", "2015-09-30": "3525.66500", "2015-06-30": "3434.61800", "2015-03-31": "3287.96500", "2014-12-31": "3328.01700", "2014-09-30": "3251.82400", "2014-06-30": "3172.48900", "2014-03-31": "3042.77600", "2013-12-31": "3063.20900", "2013-09-30": "2999.58600", "2013-06-30": "2871.67300", "2013-03-31": "2829.58200", "2012-12-31": "2477.85300", "2012-09-30": "1945.88800", "2012-06-30": "1913.00600", "2012-03-31": "1849.53300", "2011-12-31": "1750.43000", "2011-09-30": "1757.83000", "2011-06-30": "1661.23300", "2011-03-31": "1562.31300", "2010-12-31": "1423.72800", "2010-09-30": "1649.55700", "2010-06-30": "1586.90700", "2010-03-31": "1559.41800", "2009-12-31": "1560.05200", "2009-09-30": "1573.91500", "2009-06-30": "1519.04100", "2009-03-31": "1447.64000", "2008-12-31": "1461.01000", "2008-09-30": "1447.13500", "2008-06-30": "1407.30400", "2008-03-31": "1344.72400", "2007-12-31": "1354.86900", "2007-09-30": "1318.38100", "2007-06-30": "1312.73500", "2007-03-31": "1278.16600", "2006-12-31": "1272.61700", "2006-09-30": "1237.04100", "2006-06-30": "1207.81600", "2006-03-31": "1163.18800", "2005-12-31": "1133.31500", "2005-09-30": "644.89200", "2005-06-30": "617.08500", "2005-03-31": "578.62600"}, "Cost Of Goods Sold": {"2020-09-30": "1971.71900", "2020-06-30": "1984.56400", "2020-03-31": "1975.44900", "2019-12-31": "2000.62500", "2019-09-30": "1991.17200", "2019-06-30": "1957.75300", "2019-03-31": "1964.93500", "2018-12-31": "2027.06900", "2018-09-30": "2063.77000", "2018-06-30": "2069.08900", "2018-03-31": "2035.58500", "2017-12-31": "1941.68700", "2017-09-30": "1951.60900", "2017-06-30": "1894.66400", "2017-03-31": "1852.04500", "2016-12-31": "-519.40480", "2016-09-30": "2697.62900", "2016-06-30": "2671.02500", "2016-03-31": "2582.33300", "2015-12-31": "-453.64110", "2015-09-30": "2501.01500", "2015-06-30": "2446.07600", "2015-03-31": "2362.61200", "2014-12-31": "2366.46000", "2014-09-30": "2326.53400", "2014-06-30": "2246.53800", "2014-03-31": "2179.77200", "2013-12-31": "2127.83200", "2013-09-30": "2095.33400", "2013-06-30": "2014.32000", "2013-03-31": "1960.89100", "2012-12-31": "1707.45900", "2012-09-30": "1327.37300", "2012-06-30": "1299.32200", "2012-03-31": "1249.39500", "2011-12-31": "1166.76000", "2011-09-30": "1189.63800", "2011-06-30": "1163.13600", "2011-03-31": "1114.08600", "2010-12-31": "1090.04700", "2010-09-30": "1144.47400", "2010-06-30": "1110.55200", "2010-03-31": "1082.78900", "2009-12-31": "1088.52500", "2009-09-30": "1095.85700", "2009-06-30": "1051.87900", "2009-03-31": "1005.88600", "2008-12-31": "1011.34400", "2008-09-30": "1005.64800", "2008-06-30": "973.28600", "2008-03-31": "930.20900", "2007-12-31": "927.50310", "2007-09-30": "890.24300", "2007-06-30": "891.01300", "2007-03-31": "881.58500", "2006-12-31": "872.55600", "2006-09-30": "857.04900", "2006-06-30": "842.97300", "2006-03-31": "817.77300", "2005-12-31": "799.29100", "2005-09-30": "435.21200", "2005-06-30": "413.22500", "2005-03-31": "387.51500"}, "Gross Profit": {"2020-09-30": "952.34690", "2020-06-30": "895.41500", "2020-03-31": "865.78810", "2019-12-31": "897.95830", "2019-09-30": "912.90590", "2019-06-30": "884.95200", "2019-03-31": "778.17700", "2018-12-31": "794.05470", "2018-09-30": "783.56010", "2018-06-30": "817.86380", "2018-03-31": "813.85910", "2017-12-31": "839.22570", "2017-09-30": "813.46200", "2017-06-30": "804.73500", "2017-03-31": "779.20590", "2016-12-31": "197.50850", "2016-09-30": "1032.94700", "2016-06-30": "1046.62600", "2016-03-31": "998.80300", "2015-12-31": "187.63820", "2015-09-30": "1024.65000", "2015-06-30": "988.54200", "2015-03-31": "925.35300", "2014-12-31": "961.55660", "2014-09-30": "925.29000", "2014-06-30": "925.95090", "2014-03-31": "863.00390", "2013-12-31": "935.37700", "2013-09-30": "904.25200", "2013-06-30": "857.35310", "2013-03-31": "868.69100", "2012-12-31": "770.39400", "2012-09-30": "618.51490", "2012-06-30": "613.68400", "2012-03-31": "600.13790", "2011-12-31": "583.67000", "2011-09-30": "568.19200", "2011-06-30": "498.09700", "2011-03-31": "448.22690", "2010-12-31": "333.68100", "2010-09-30": "505.08300", "2010-06-30": "476.35500", "2010-03-31": "476.62900", "2009-12-31": "471.52670", "2009-09-30": "478.05800", "2009-06-30": "467.16200", "2009-03-31": "441.75400", "2008-12-31": "449.66600", "2008-09-30": "441.48700", "2008-06-30": "434.01790", "2008-03-31": "414.51500", "2007-12-31": "427.36600", "2007-09-30": "428.13800", "2007-06-30": "421.72200", "2007-03-31": "396.58100", "2006-12-31": "400.06120", "2006-09-30": "379.99200", "2006-06-30": "364.84300", "2006-03-31": "345.41500", "2005-12-31": "334.02390", "2005-09-30": "209.68000", "2005-06-30": "203.86000", "2005-03-31": "191.11100"}, "Research And Development Expenses": {"2020-09-30": "", "2020-06-30": "", "2020-03-31": "", "2019-12-31": "", "2019-09-30": "", "2019-06-30": "", "2019-03-31": "", "2018-12-31": "", "2018-09-30": "", "2018-06-30": "", "2018-03-31": "", "2017-12-31": "", "2017-09-30": "", "2017-06-30": "", "2017-03-31": "", "2016-12-31": "", "2016-09-30": "", "2016-06-30": "", "2016-03-31": "", "2015-12-31": "", "2015-09-30": "", "2015-06-30": "", "2015-03-31": "", "2014-12-31": "", "2014-09-30": "", "2014-06-30": "", "2014-03-31": "", "2013-12-31": "", "2013-09-30": "", "2013-06-30": "", "2013-03-31": "", "2012-12-31": "", "2012-09-30": "", "2012-06-30": "", "2012-03-31": "", "2011-12-31": "", "2011-09-30": "", "2011-06-30": "", "2011-03-31": "", "2010-12-31": "", "2010-09-30": "", "2010-06-30": "", "2010-03-31": "", "2009-12-31": "", "2009-09-30": "", "2009-06-30": "", "2009-03-31": "", "2008-12-31": "", "2008-09-30": "", "2008-06-30": "", "2008-03-31": "", "2007-12-31": "", "2007-09-30": "", "2007-06-30": "", "2007-03-31": "", "2006-12-31": "", "2006-09-30": "", "2006-06-30": "", "2006-03-31": "", "2005-12-31": "", "2005-09-30": "", "2005-06-30": "", "2005-03-31": ""}, "SG&A Expenses": {"2020-09-30": "363.28000", "2020-06-30": "316.20900", "2020-03-31": "263.57600", "2019-12-31": "278.42500", "2019-09-30": "298.73600", "2019-06-30": "275.33800", "2019-03-31": "250.81300", "2018-12-31": "268.53200", "2018-09-30": "336.29900", "2018-06-30": "264.09400", "2018-03-31": "266.52900", "2017-12-31": "265.42400", "2017-09-30": "272.91100", "2017-06-30": "262.79600", "2017-03-31": "262.89500", "2016-12-31": "-107.37300", "2016-09-30": "406.89000", "2016-06-30": "386.89500", "2016-03-31": "386.42900", "2015-12-31": "-12.12800", "2015-09-30": "353.49200", "2015-06-30": "347.96000", "2015-03-31": "341.80100", "2014-12-31": "355.98700", "2014-09-30": "322.82200", "2014-06-30": "298.63600", "2014-03-31": "284.06100", "2013-12-31": "318.82700", "2013-09-30": "305.13800", "2013-06-30": "268.11000", "2013-03-31": "284.41000", "2012-12-31": "273.77300", "2012-09-30": "197.91200", "2012-06-30": "212.79300", "2012-03-31": "205.40100", "2011-12-31": "186.68200", "2011-09-30": "182.63800", "2011-06-30": "163.79300", "2011-03-31": "151.60200", "2010-12-31": "150.40300", "2010-09-30": "148.04100", "2010-06-30": "136.10400", "2010-03-31": "137.27700", "2009-12-31": "137.16100", "2009-09-30": "134.93100", "2009-06-30": "132.16600", "2009-03-31": "127.27300", "2008-12-31": "133.65900", "2008-09-30": "128.61700", "2008-06-30": "125.19900", "2008-03-31": "120.76500", "2007-12-31": "134.98700", "2007-09-30": "120.59600", "2007-06-30": "122.43200", "2007-03-31": "113.22100", "2006-12-31": "124.45700", "2006-09-30": "113.44700", "2006-06-30": "111.44400", "2006-03-31": "104.16800", "2005-12-31": "97.52400", "2005-09-30": "60.82000", "2005-06-30": "59.85600", "2005-03-31": "54.26300"}, "Other Operating Income Or Expenses": {"2020-09-30": "5.49600", "2020-06-30": "-11.91000", "2020-03-31": "17.84300", "2019-12-31": "1.52100", "2019-09-30": "3.93600", "2019-06-30": "4.51400", "2019-03-31": "2.70800", "2018-12-31": "17.54200", "2018-09-30": "-12.22300", "2018-06-30": "34.60700", "2018-03-31": "6.15500", "2017-12-31": "-277.59800", "2017-09-30": "-2.62300", "2017-06-30": "-0.21900", "2017-03-31": "516.69900", "2016-12-31": "-34.85000", "2016-09-30": "374.83800", "2016-06-30": "25.72000", "2016-03-31": "-1.13000", "2015-12-31": "0.45200", "2015-09-30": "0.27200", "2015-06-30": "2.87400", "2015-03-31": "-493.91900", "2014-12-31": "-0.23100", "2014-09-30": "-15.73600", "2014-06-30": "2.88700", "2014-03-31": "4.86100", "2013-12-31": "7.10300", "2013-09-30": "-89.27500", "2013-06-30": "63.36600", "2013-03-31": "-291.51100", "2012-12-31": "0.71300", "2012-09-30": "0.38200", "2012-06-30": "-76.42000", "2012-03-31": "1.52600", "2011-12-31": "3.63900", "2011-09-30": "0.71600", "2011-06-30": "0.56500", "2011-03-31": "0.54700", "2010-12-31": "126.15600", "2010-09-30": "-41.97200", "2010-06-30": "-39.53300", "2010-03-31": "-39.21800", "2009-12-31": "-40.02200", "2009-09-30": "-41.31300", "2009-06-30": "-40.85700", "2009-03-31": "-36.75400", "2008-12-31": "-36.65400", "2008-09-30": "-36.12800", "2008-06-30": "-37.49300", "2008-03-31": "-35.15800", "2007-12-31": "0.97800", "2007-09-30": "-45.90000", "2007-06-30": "8.98500", "2007-03-31": "-44.25300", "2006-12-31": "-41.88400", "2006-09-30": "-4.97300", "2006-06-30": "-39.93000", "2006-03-31": "-37.28100", "2005-12-31": "-35.07000", "2005-09-30": "-18.15200", "2005-06-30": "-16.64000", "2005-03-31": "-14.14300"}, "Operating Expenses": {"2020-09-30": "2486.39700", "2020-06-30": "2470.05900", "2020-03-31": "2375.86100", "2019-12-31": "2435.99700", "2019-09-30": "2525.74200", "2019-06-30": "2380.81900", "2019-03-31": "2402.60500", "2018-12-31": "2433.21500", "2018-09-30": "2558.29200", "2018-06-30": "2448.76100", "2018-03-31": "2438.75800", "2017-12-31": "2630.57700", "2017-09-30": "2369.77700", "2017-06-30": "2308.20300", "2017-03-31": "1755.32300", "2016-12-31": "-838.49070", "2016-09-30": "2911.42000", "2016-06-30": "3388.58100", "2016-03-31": "3216.24700", "2015-12-31": "-477.00830", "2015-09-30": "3016.29700", "2015-06-30": "2954.07000", "2015-03-31": "3352.12100", "2014-12-31": "2875.93000", "2014-09-30": "2814.28800", "2014-06-30": "2688.19400", "2014-03-31": "2601.55100", "2013-12-31": "2579.03100", "2013-09-30": "2622.51200", "2013-06-30": "2349.65300", "2013-03-31": "2662.72100", "2012-12-31": "2089.79600", "2012-09-30": "1605.00300", "2012-06-30": "1665.74500", "2012-03-31": "1528.65100", "2011-12-31": "1396.38700", "2011-09-30": "1439.11800", "2011-06-30": "1414.60900", "2011-03-31": "1326.97900", "2010-12-31": "1171.69600", "2010-09-30": "1392.81200", "2010-06-30": "1344.54200", "2010-03-31": "1316.75200", "2009-12-31": "1321.98300", "2009-09-30": "1328.91400", "2009-06-30": "1283.08700", "2009-03-31": "1227.03600", "2008-12-31": "1237.90100", "2008-09-30": "1225.36300", "2008-06-30": "1188.87000", "2008-03-31": "1138.94300", "2007-12-31": "1112.90400", "2007-09-30": "1105.96900", "2007-06-30": "1051.51800", "2007-03-31": "1084.84900", "2006-12-31": "1084.10600", "2006-09-30": "1019.94700", "2006-06-30": "1036.06400", "2006-03-31": "1001.11300", "2005-12-31": "974.53280", "2005-09-30": "539.59400", "2005-06-30": "514.65400", "2005-03-31": "479.76600"}, "Operating Income": {"2020-09-30": "437.66890", "2020-06-30": "409.92020", "2020-03-31": "465.37620", "2019-12-31": "462.58670", "2019-09-30": "378.33590", "2019-06-30": "461.88600", "2019-03-31": "340.50710", "2018-12-31": "387.90820", "2018-09-30": "289.03810", "2018-06-30": "438.19170", "2018-03-31": "410.68600", "2017-12-31": "150.33520", "2017-09-30": "395.29420", "2017-06-30": "391.19600", "2017-03-31": "875.92800", "2016-12-31": "516.59450", "2016-09-30": "819.15600", "2016-06-30": "329.07010", "2016-03-31": "364.88920", "2015-12-31": "211.00540", "2015-09-30": "509.36820", "2015-06-30": "480.54810", "2015-03-31": "-64.15600", "2014-12-31": "452.08670", "2014-09-30": "437.53590", "2014-06-30": "484.29490", "2014-03-31": "441.22490", "2013-12-31": "484.17800", "2013-09-30": "377.07420", "2013-06-30": "522.02000", "2013-03-31": "166.86110", "2012-12-31": "388.05640", "2012-09-30": "340.88490", "2012-06-30": "247.26100", "2012-03-31": "320.88200", "2011-12-31": "354.04310", "2011-09-30": "318.71190", "2011-06-30": "246.62400", "2011-03-31": "235.33390", "2010-12-31": "252.03200", "2010-09-30": "256.74500", "2010-06-30": "242.36500", "2010-03-31": "242.66600", "2009-12-31": "238.06910", "2009-09-30": "245.00100", "2009-06-30": "235.95390", "2009-03-31": "220.60400", "2008-12-31": "223.10880", "2008-09-30": "221.77190", "2008-06-30": "218.43400", "2008-03-31": "205.78110", "2007-12-31": "241.96520", "2007-09-30": "212.41200", "2007-06-30": "261.21700", "2007-03-31": "193.31700", "2006-12-31": "188.51150", "2006-09-30": "217.09390", "2006-06-30": "171.75200", "2006-03-31": "162.07500", "2005-12-31": "158.78210", "2005-09-30": "105.29800", "2005-06-30": "102.43100", "2005-03-31": "98.86000"}, "Total Non-Operating Income/Expense": {"2020-09-30": "-154.33700", "2020-06-30": "-71.83600", "2020-03-31": "-95.90100", "2019-12-31": "-80.56500", "2019-09-30": "-104.55100", "2019-06-30": "-138.18300", "2019-03-31": "-124.57900", "2018-12-31": "-128.79400", "2018-09-30": "-121.92000", "2018-06-30": "-117.69800", "2018-03-31": "-108.93400", "2017-12-31": "-103.51200", "2017-09-30": "-105.91000", "2017-06-30": "-103.13600", "2017-03-31": "-100.41100", "2016-12-31": "-104.31300", "2016-09-30": "-102.70500", "2016-06-30": "-99.67900", "2016-03-31": "-99.90800", "2015-12-31": "-99.44800", "2015-09-30": "-100.99700", "2015-06-30": "-150.00900", "2015-03-31": "-97.92500", "2014-12-31": "-97.72000", "2014-09-30": "-101.12400", "2014-06-30": "-201.98700", "2014-03-31": "-104.63700", "2013-12-31": "-104.15900", "2013-09-30": "-106.30800", "2013-06-30": "-109.47000", "2013-03-31": "-105.21900", "2012-12-31": "-105.89400", "2012-09-30": "-69.67500", "2012-06-30": "-59.86900", "2012-03-31": "-60.34200", "2011-12-31": "-60.96300", "2011-09-30": "-60.05000", "2011-06-30": "-59.34100", "2011-03-31": "-57.75400", "2010-12-31": "-123.04400", "2010-09-30": "-38.73100", "2010-06-30": "-47.04300", "2010-03-31": "-43.75200", "2009-12-31": "-44.15100", "2009-09-30": "-44.53600", "2009-06-30": "-45.81500", "2009-03-31": "-47.54700", "2008-12-31": "-53.74500", "2008-09-30": "-52.02400", "2008-06-30": "-52.33300", "2008-03-31": "-54.20300", "2007-12-31": "-57.32200", "2007-09-30": "-56.43700", "2007-06-30": "-55.25300", "2007-03-31": "-65.67500", "2006-12-31": "-66.99200", "2006-09-30": "-64.63300", "2006-06-30": "-65.46300", "2006-03-31": "-66.58500", "2005-12-31": "-70.98600", "2005-09-30": "-23.94300", "2005-06-30": "-24.95100", "2005-03-31": "-14.39400"}, "Pre-Tax Income": {"2020-09-30": "283.33200", "2020-06-30": "338.08400", "2020-03-31": "369.47500", "2019-12-31": "382.02290", "2019-09-30": "273.78500", "2019-06-30": "323.70300", "2019-03-31": "215.92800", "2018-12-31": "259.11410", "2018-09-30": "167.11800", "2018-06-30": "320.49400", "2018-03-31": "301.75200", "2017-12-31": "46.82500", "2017-09-30": "289.38400", "2017-06-30": "288.06000", "2017-03-31": "775.51700", "2016-12-31": "412.28200", "2016-09-30": "716.45100", "2016-06-30": "229.39100", "2016-03-31": "264.98100", "2015-12-31": "111.55800", "2015-09-30": "408.37100", "2015-06-30": "330.53900", "2015-03-31": "-162.08100", "2014-12-31": "354.36500", "2014-09-30": "336.41200", "2014-06-30": "282.30800", "2014-03-31": "336.58800", "2013-12-31": "380.02010", "2013-09-30": "270.76600", "2013-06-30": "412.55000", "2013-03-31": "61.64200", "2012-12-31": "282.16200", "2012-09-30": "271.21000", "2012-06-30": "187.39200", "2012-03-31": "260.54000", "2011-12-31": "293.08000", "2011-09-30": "258.66200", "2011-06-30": "187.28300", "2011-03-31": "177.58000", "2010-12-31": "128.98800", "2010-09-30": "218.01400", "2010-06-30": "195.32200", "2010-03-31": "198.91400", "2009-12-31": "193.91800", "2009-09-30": "200.46500", "2009-06-30": "190.13900", "2009-03-31": "173.05700", "2008-12-31": "169.36400", "2008-09-30": "169.74800", "2008-06-30": "166.10100", "2008-03-31": "151.57800", "2007-12-31": "184.64300", "2007-09-30": "155.97500", "2007-06-30": "205.96400", "2007-03-31": "127.64200", "2006-12-31": "121.51900", "2006-09-30": "152.46100", "2006-06-30": "106.28900", "2006-03-31": "95.49000", "2005-12-31": "87.79600", "2005-09-30": "81.35500", "2005-06-30": "77.48000", "2005-03-31": "84.46600"}, "Income Taxes": {"2020-09-30": "65.79200", "2020-06-30": "83.21200", "2020-03-31": "91.56000", "2019-12-31": "81.69000", "2019-09-30": "65.25400", "2019-06-30": "75.93800", "2019-03-31": "56.74600", "2018-12-31": "51.74800", "2018-09-30": "52.04700", "2018-06-30": "83.86800", "2018-03-31": "70.73700", "2017-12-31": "-150.26700", "2017-09-30": "90.54600", "2017-06-30": "101.91500", "2017-03-31": "281.66500", "2016-12-31": "65.75000", "2016-09-30": "104.30100", "2016-06-30": "134.88800", "2016-03-31": "126.82200", "2015-12-31": "23.61700", "2015-09-30": "147.06400", "2015-06-30": "122.76200", "2015-03-31": "-85.93300", "2014-12-31": "103.97700", "2014-09-30": "116.62800", "2014-06-30": "100.88700", "2014-03-31": "124.85100", "2013-12-31": "135.74700", "2013-09-30": "100.93000", "2013-06-30": "129.19200", "2013-03-31": "15.14400", "2012-12-31": "97.90200", "2012-09-30": "98.64700", "2012-06-30": "67.74000", "2012-03-31": "95.55600", "2011-12-31": "101.25800", "2011-09-30": "94.20400", "2011-06-30": "66.87100", "2011-03-31": "62.95900", "2010-12-31": "38.49300", "2010-09-30": "75.03800", "2010-06-30": "71.42900", "2010-03-31": "73.91400", "2009-12-31": "68.72800", "2009-09-30": "74.19500", "2009-06-30": "70.50700", "2009-03-31": "64.78300", "2008-12-31": "59.61800", "2008-09-30": "62.01000", "2008-06-30": "58.27300", "2008-03-31": "55.57000", "2007-12-31": "52.06100", "2007-09-30": "61.52000", "2007-06-30": "80.94000", "2007-03-31": "51.06000", "2006-12-31": "47.39000", "2006-09-30": "59.37000", "2006-06-30": "41.96000", "2006-03-31": "37.71000", "2005-12-31": "31.38500", "2005-09-30": "30.44100", "2005-06-30": "29.35300", "2005-03-31": "32.49600"}, "Income After Taxes": {"2020-09-30": "217.54000", "2020-06-30": "254.87200", "2020-03-31": "277.91500", "2019-12-31": "300.33290", "2019-09-30": "208.53100", "2019-06-30": "247.76500", "2019-03-31": "159.18200", "2018-12-31": "207.36600", "2018-09-30": "115.07100", "2018-06-30": "236.62600", "2018-03-31": "231.01500", "2017-12-31": "197.09190", "2017-09-30": "198.83800", "2017-06-30": "186.14500", "2017-03-31": "493.85200", "2016-12-31": "346.53200", "2016-09-30": "612.15000", "2016-06-30": "94.50300", "2016-03-31": "138.15900", "2015-12-31": "87.94100", "2015-09-30": "261.30700", "2015-06-30": "207.77700", "2015-03-31": "-76.14800", "2014-12-31": "250.38790", "2014-09-30": "219.78400", "2014-06-30": "181.42100", "2014-03-31": "211.73700", "2013-12-31": "244.27310", "2013-09-30": "169.83600", "2013-06-30": "283.35800", "2013-03-31": "46.49800", "2012-12-31": "184.26000", "2012-09-30": "172.56300", "2012-06-30": "119.65200", "2012-03-31": "164.98400", "2011-12-31": "191.82200", "2011-09-30": "164.45800", "2011-06-30": "120.41200", "2011-03-31": "114.62100", "2010-12-31": "90.49500", "2010-09-30": "142.97600", "2010-06-30": "123.89300", "2010-03-31": "125.00000", "2009-12-31": "125.19000", "2009-09-30": "126.27000", "2009-06-30": "119.63200", "2009-03-31": "108.27400", "2008-12-31": "109.74600", "2008-09-30": "107.73800", "2008-06-30": "107.82800", "2008-03-31": "96.00800", "2007-12-31": "132.58200", "2007-09-30": "94.45500", "2007-06-30": "125.02400", "2007-03-31": "76.58200", "2006-12-31": "74.12900", "2006-09-30": "93.09100", "2006-06-30": "64.32900", "2006-03-31": "57.78000", "2005-12-31": "56.41100", "2005-09-30": "50.91400", "2005-06-30": "48.12700", "2005-03-31": "51.97000"}, "Other Income": {"2020-09-30": "", "2020-06-30": "", "2020-03-31": "", "2019-12-31": "", "2019-09-30": "", "2019-06-30": "", "2019-03-31": "", "2018-12-31": "", "2018-09-30": "", "2018-06-30": "", "2018-03-31": "", "2017-12-31": "", "2017-09-30": "", "2017-06-30": "", "2017-03-31": "", "2016-12-31": "", "2016-09-30": "", "2016-06-30": "", "2016-03-31": "", "2015-12-31": "", "2015-09-30": "", "2015-06-30": "", "2015-03-31": "", "2014-12-31": "", "2014-09-30": "", "2014-06-30": "", "2014-03-31": "", "2013-12-31": "", "2013-09-30": "", "2013-06-30": "", "2013-03-31": "", "2012-12-31": "", "2012-09-30": "", "2012-06-30": "", "2012-03-31": "", "2011-12-31": "", "2011-09-30": "", "2011-06-30": "", "2011-03-31": "", "2010-12-31": "", "2010-09-30": "", "2010-06-30": "", "2010-03-31": "", "2009-12-31": "", "2009-09-30": "", "2009-06-30": "", "2009-03-31": "", "2008-12-31": "", "2008-09-30": "", "2008-06-30": "", "2008-03-31": "", "2007-12-31": "", "2007-09-30": "", "2007-06-30": "", "2007-03-31": "", "2006-12-31": "", "2006-09-30": "", "2006-06-30": "", "2006-03-31": "", "2005-12-31": "", "2005-09-30": "", "2005-06-30": "", "2005-03-31": ""}, "Income From Continuous Operations": {"2020-09-30": "217.54000", "2020-06-30": "254.87200", "2020-03-31": "277.91500", "2019-12-31": "300.33290", "2019-09-30": "208.53100", "2019-06-30": "247.76500", "2019-03-31": "159.18200", "2018-12-31": "207.36600", "2018-09-30": "115.07100", "2018-06-30": "236.62600", "2018-03-31": "231.01500", "2017-12-31": "197.09200", "2017-09-30": "198.83800", "2017-06-30": "186.14500", "2017-03-31": "493.85200", "2016-12-31": "346.53200", "2016-09-30": "612.15000", "2016-06-30": "94.50300", "2016-03-31": "138.15900", "2015-12-31": "87.94100", "2015-09-30": "261.30700", "2015-06-30": "207.77700", "2015-03-31": "-76.14800", "2014-12-31": "250.38800", "2014-09-30": "219.78400", "2014-06-30": "181.42100", "2014-03-31": "211.73700", "2013-12-31": "244.27300", "2013-09-30": "169.83600", "2013-06-30": "283.35800", "2013-03-31": "46.49800", "2012-12-31": "184.26000", "2012-09-30": "172.56300", "2012-06-30": "119.65200", "2012-03-31": "164.98400", "2011-12-31": "191.82200", "2011-09-30": "164.45800", "2011-06-30": "120.41200", "2011-03-31": "114.62100", "2010-12-31": "90.49500", "2010-09-30": "142.97600", "2010-06-30": "123.89300", "2010-03-31": "125.00000", "2009-12-31": "125.19000", "2009-09-30": "126.27000", "2009-06-30": "119.63200", "2009-03-31": "108.27400", "2008-12-31": "109.74600", "2008-09-30": "107.73800", "2008-06-30": "107.82800", "2008-03-31": "96.00800", "2007-12-31": "132.58200", "2007-09-30": "94.45500", "2007-06-30": "125.02400", "2007-03-31": "76.58200", "2006-12-31": "74.12900", "2006-09-30": "93.09100", "2006-06-30": "64.32900", "2006-03-31": "57.78000", "2005-12-31": "56.41100", "2005-09-30": "50.91400", "2005-06-30": "48.12700", "2005-03-31": "51.97000"}, "Income From Discontinued Operations": {"2020-09-30": "", "2020-06-30": "", "2020-03-31": "9.98000", "2019-12-31": "2.62900", "2019-09-30": "-6.84300", "2019-06-30": "79.39200", "2019-03-31": "30.30500", "2018-12-31": "-309.20900", "2018-09-30": "-211.73900", "2018-06-30": "69.69600", "2018-03-31": "-5.78600", "2017-12-31": "143.58700", "2017-09-30": "-370.87200", "2017-06-30": "-24.52000", "2017-03-31": "6.43300", "2016-12-31": "", "2016-09-30": "", "2016-06-30": "", "2016-03-31": "", "2015-12-31": "", "2015-09-30": "", "2015-06-30": "", "2015-03-31": "", "2014-12-31": "", "2014-09-30": "", "2014-06-30": "", "2014-03-31": "", "2013-12-31": "", "2013-09-30": "", "2013-06-30": "", "2013-03-31": "13.23600", "2012-12-31": "-0.46000", "2012-09-30": "-0.01300", "2012-06-30": "0.35200", "2012-03-31": "-0.10100", "2011-12-31": "-15.69000", "2011-09-30": "-2.61200", "2011-06-30": "0.25300", "2011-03-31": "0.13100", "2010-12-31": "1.95000", "2010-09-30": "-0.09500", "2010-06-30": "", "2010-03-31": "", "2009-12-31": "", "2009-09-30": "", "2009-06-30": "", "2009-03-31": "", "2008-12-31": "", "2008-09-30": "", "2008-06-30": "", "2008-03-31": "", "2007-12-31": "", "2007-09-30": "", "2007-06-30": "", "2007-03-31": "", "2006-12-31": "", "2006-09-30": "1.76500", "2006-06-30": "-1.09200", "2006-03-31": "-0.31100", "2005-12-31": "7.73800", "2005-09-30": "4.30300", "2005-06-30": "4.81600", "2005-03-31": "4.36400"}, "Net Income": {"2020-09-30": "158.67400", "2020-06-30": "201.60200", "2020-03-31": "239.59300", "2019-12-31": "244.87100", "2019-09-30": "143.27000", "2019-06-30": "273.55100", "2019-03-31": "149.28900", "2018-12-31": "-149.77200", "2018-09-30": "-136.79600", "2018-06-30": "267.27600", "2018-03-31": "178.68600", "2017-12-31": "303.39600", "2017-09-30": "-214.47600", "2017-06-30": "127.00100", "2017-03-31": "447.69700", "2016-12-31": "157.72600", "2016-09-30": "571.33200", "2016-06-30": "53.38200", "2016-03-31": "97.43400", "2015-12-31": "-6.00000", "2015-09-30": "215.87200", "2015-06-30": "170.47700", "2015-03-31": "-110.61700", "2014-12-31": "208.02000", "2014-09-30": "184.12200", "2014-06-30": "147.68300", "2014-03-31": "183.28900", "2013-12-31": "212.27800", "2013-09-30": "136.62800", "2013-06-30": "254.37600", "2013-03-31": "30.16400", "2012-12-31": "155.83900", "2012-09-30": "144.72100", "2012-06-30": "95.33700", "2012-03-31": "140.12000", "2011-12-31": "148.12300", "2011-09-30": "135.36100", "2011-06-30": "100.01500", "2011-03-31": "94.50200", "2010-12-31": "69.02000", "2010-09-30": "119.38700", "2010-06-30": "107.85300", "2010-03-31": "109.42300", "2009-12-31": "109.72400", "2009-09-30": "110.93000", "2009-06-30": "105.81900", "2009-03-31": "96.21100", "2008-12-31": "98.36500", "2008-09-30": "93.91000", "2008-06-30": "94.95100", "2008-03-31": "86.93400", "2007-12-31": "85.71700", "2007-09-30": "94.45500", "2007-06-30": "125.02400", "2007-03-31": "76.58200", "2006-12-31": "74.12900", "2006-09-30": "94.85600", "2006-06-30": "63.23700", "2006-03-31": "57.46900", "2005-12-31": "64.14900", "2005-09-30": "55.21700", "2005-06-30": "52.94300", "2005-03-31": "56.33400"}, "EBITDA": {"2020-09-30": "594.56300", "2020-06-30": "567.29610", "2020-03-31": "620.05520", "2019-12-31": "621.05360", "2019-09-30": "534.25100", "2019-06-30": "614.12800", "2019-03-31": "489.03510", "2018-12-31": "543.06520", "2018-09-30": "435.03810", "2018-06-30": "585.27060", "2018-03-31": "553.48500", "2017-12-31": "334.29320", "2017-09-30": "598.57710", "2017-06-30": "591.23400", "2017-03-31": "1066.13400", "2016-12-31": "705.37150", "2016-09-30": "1000.89500", "2016-06-30": "509.45100", "2016-03-31": "534.24410", "2015-12-31": "374.33540", "2015-09-30": "671.43020", "2015-06-30": "639.39110", "2015-03-31": "89.63300", "2014-12-31": "605.68660", "2014-09-30": "586.40090", "2014-06-30": "630.20000", "2014-03-31": "583.78990", "2013-12-31": "622.91000", "2013-09-30": "510.07920", "2013-06-30": "652.64600", "2013-03-31": "292.61710", "2012-12-31": "497.59640", "2012-09-30": "421.47090", "2012-06-30": "325.06800", "2012-03-31": "396.85700", "2011-12-31": "427.03010", "2011-09-30": "386.53290", "2011-06-30": "311.09400", "2011-03-31": "297.37080", "2010-12-31": "312.10300", "2010-09-30": "315.23100", "2010-06-30": "300.71800", "2010-03-31": "300.13400", "2009-12-31": "294.93410", "2009-09-30": "301.81400", "2009-06-30": "294.13890", "2009-03-31": "277.72700", "2008-12-31": "279.35280", "2008-09-30": "276.74190", "2008-06-30": "271.32600", "2008-03-31": "258.59210", "2007-12-31": "293.35720", "2007-09-30": "261.64200", "2007-06-30": "308.27500", "2007-03-31": "239.10700", "2006-12-31": "233.72050", "2006-09-30": "261.57190", "2006-06-30": "213.46900", "2006-03-31": "203.96590", "2005-12-31": "201.42110", "2005-09-30": "131.67000", "2005-06-30": "128.29100", "2005-03-31": "123.70800"}, "EBIT": {"2020-09-30": "437.66890", "2020-06-30": "409.92020", "2020-03-31": "465.37620", "2019-12-31": "462.58640", "2019-09-30": "378.33590", "2019-06-30": "461.88600", "2019-03-31": "340.50710", "2018-12-31": "387.90840", "2018-09-30": "289.03810", "2018-06-30": "438.19170", "2018-03-31": "410.68600", "2017-12-31": "150.33570", "2017-09-30": "395.29420", "2017-06-30": "391.19600", "2017-03-31": "875.92800", "2016-12-31": "516.59470", "2016-09-30": "819.15600", "2016-06-30": "329.07010", "2016-03-31": "364.88920", "2015-12-31": "211.00540", "2015-09-30": "509.36820", "2015-06-30": "480.54810", "2015-03-31": "-64.15600", "2014-12-31": "452.08690", "2014-09-30": "437.53590", "2014-06-30": "484.29490", "2014-03-31": "441.22490", "2013-12-31": "484.17750", "2013-09-30": "377.07420", "2013-06-30": "522.02000", "2013-03-31": "166.86110", "2012-12-31": "388.05660", "2012-09-30": "340.88490", "2012-06-30": "247.26100", "2012-03-31": "320.88200", "2011-12-31": "354.04310", "2011-09-30": "318.71190", "2011-06-30": "246.62400", "2011-03-31": "235.33390", "2010-12-31": "252.03210", "2010-09-30": "256.74500", "2010-06-30": "242.36500", "2010-03-31": "242.66600", "2009-12-31": "238.06910", "2009-09-30": "245.00100", "2009-06-30": "235.95390", "2009-03-31": "220.60400", "2008-12-31": "223.10830", "2008-09-30": "221.77190", "2008-06-30": "218.43400", "2008-03-31": "205.78110", "2007-12-31": "241.96510", "2007-09-30": "212.41200", "2007-06-30": "261.21700", "2007-03-31": "193.31700", "2006-12-31": "188.51130", "2006-09-30": "217.09390", "2006-06-30": "171.75200", "2006-03-31": "162.07500", "2005-12-31": "158.78210", "2005-09-30": "105.29800", "2005-06-30": "102.43100", "2005-03-31": "98.86000"}, "Basic Shares Outstanding": {"2020-09-30": "120.90500", "2020-06-30": "122.07400", "2020-03-31": "124.90200", "2019-12-31": "153.18100", "2019-09-30": "150.67500", "2019-06-30": "166.34600", "2019-03-31": "166.38800", "2018-12-31": "170.78600", "2018-09-30": "166.77100", "2018-06-30": "171.61700", "2018-03-31": "178.95800", "2017-12-31": "188.62600", "2017-09-30": "188.88400", "2017-06-30": "191.08800", "2017-03-31": "192.37700", "2016-12-31": "201.64100", "2016-09-30": "203.76100", "2016-06-30": "204.49800", "2016-03-31": "204.36700", "2015-12-31": "211.86800", "2015-09-30": "212.37500", "2015-06-30": "212.99200", "2015-03-31": "213.38700", "2014-12-31": "212.30200", "2014-09-30": "212.61700", "2014-06-30": "212.25900", "2014-03-31": "211.37500", "2013-12-31": "209.93900", "2013-09-30": "210.39500", "2013-06-30": "209.79700", "2013-03-31": "208.96900", "2012-12-31": "192.03600", "2012-09-30": "189.96000", "2012-06-30": "188.34400", "2012-03-31": "187.53800", "2011-12-31": "189.31600", "2011-09-30": "186.88400", "2011-06-30": "190.97600", "2011-03-31": "192.52800", "2010-12-31": "203.00800", "2010-09-30": "205.21800", "2010-06-30": "206.00800", "2010-03-31": "206.73000", "2009-12-31": "207.20800", "2009-09-30": "208.25400", "2009-06-30": "207.41200", "2009-03-31": "207.75600", "2008-12-31": "210.29800", "2008-09-30": "209.11400", "2008-06-30": "209.63000", "2008-03-31": "214.73400", "2007-12-31": "211.78600", "2007-09-30": "212.34200", "2007-06-30": "210.90200", "2007-03-31": "210.02600", "2006-12-31": "207.04000", "2006-09-30": "207.57000", "2006-06-30": "206.95800", "2006-03-31": "205.16200", "2005-12-31": "201.52400", "2005-09-30": "202.61400", "2005-06-30": "200.95400", "2005-03-31": "198.80000"}, "Shares Outstanding": {"2020-09-30": "123.95400", "2020-06-30": "124.06800", "2020-03-31": "126.89500", "2019-12-31": "153.81200", "2019-09-30": "151.29600", "2019-06-30": "166.78000", "2019-03-31": "166.78100", "2018-12-31": "172.36500", "2018-09-30": "167.26200", "2018-06-30": "174.10600", "2018-03-31": "181.83500", "2017-12-31": "191.34900", "2017-09-30": "191.40800", "2017-06-30": "193.98800", "2017-03-31": "195.28100", "2016-12-31": "204.90500", "2016-09-30": "206.96100", "2016-06-30": "208.04700", "2016-03-31": "207.92800", "2015-12-31": "216.25200", "2015-09-30": "216.69100", "2015-06-30": "217.60600", "2015-03-31": "213.38700", "2014-12-31": "216.92800", "2014-09-30": "217.23600", "2014-06-30": "216.72100", "2014-03-31": "216.11900", "2013-12-31": "214.76400", "2013-09-30": "214.90300", "2013-06-30": "214.84900", "2013-03-31": "214.12700", "2012-12-31": "195.94200", "2012-09-30": "193.26900", "2012-06-30": "192.00400", "2012-03-31": "191.45800", "2011-12-31": "193.06400", "2011-09-30": "190.34200", "2011-06-30": "195.31600", "2011-03-31": "196.75600", "2010-12-31": "206.11800", "2010-09-30": "208.04400", "2010-06-30": "208.89800", "2010-03-31": "209.53200", "2009-12-31": "208.33600", "2009-09-30": "209.21400", "2009-06-30": "207.85200", "2009-03-31": "208.81800", "2008-12-31": "211.88000", "2008-09-30": "211.15600", "2008-06-30": "211.23400", "2008-03-31": "216.47800", "2007-12-31": "214.83600", "2007-09-30": "215.12200", "2007-06-30": "214.02200", "2007-03-31": "213.47800", "2006-12-31": "211.58600", "2006-09-30": "211.84800", "2006-06-30": "211.29000", "2006-03-31": "210.77600", "2005-12-31": "208.13600", "2005-09-30": "208.74400", "2005-06-30": "207.69000", "2005-03-31": "206.30000"}, "Basic EPS": {"2020-09-30": "1.31000", "2020-06-30": "1.65000", "2020-03-31": "1.92000", "2019-12-31": "1.80000", "2019-09-30": "0.95000", "2019-06-30": "1.64000", "2019-03-31": "0.90000", "2018-12-31": "-0.81000", "2018-09-30": "-0.82000", "2018-06-30": "1.56000", "2018-03-31": "1.00000", "2017-12-31": "1.67000", "2017-09-30": "-1.14000", "2017-06-30": "0.66000", "2017-03-31": "2.33000", "2016-12-31": "0.82000", "2016-09-30": "2.80000", "2016-06-30": "0.26000", "2016-03-31": "0.48000", "2015-12-31": "-0.03000", "2015-09-30": "1.02000", "2015-06-30": "0.80000", "2015-03-31": "-0.52000", "2014-12-31": "0.97000", "2014-09-30": "0.87000", "2014-06-30": "0.70000", "2014-03-31": "0.87000", "2013-12-31": "1.02000", "2013-09-30": "0.65000", "2013-06-30": "1.21000", "2013-03-31": "0.14000", "2012-12-31": "0.78000", "2012-09-30": "0.76000", "2012-06-30": "0.50500", "2012-03-31": "0.74500", "2011-12-31": "0.79000", "2011-09-30": "0.72500", "2011-06-30": "0.52500", "2011-03-31": "0.49000", "2010-12-31": "0.37000", "2010-09-30": "0.58000", "2010-06-30": "0.52500", "2010-03-31": "0.52500", "2009-12-31": "0.53000", "2009-09-30": "0.53500", "2009-06-30": "0.51000", "2009-03-31": "0.46500", "2008-12-31": "0.47000", "2008-09-30": "0.45000", "2008-06-30": "0.45500", "2008-03-31": "0.40500", "2007-12-31": "0.40000", "2007-09-30": "0.44500", "2007-06-30": "0.59500", "2007-03-31": "0.36500", "2006-12-31": "0.36000", "2006-09-30": "0.45500", "2006-06-30": "0.30500", "2006-03-31": "0.28000", "2005-12-31": "0.31000", "2005-09-30": "0.27500", "2005-06-30": "0.26500", "2005-03-31": "0.28500"}, "EPS - Earnings Per Share": {"2020-09-30": "1.28000", "2020-06-30": "1.62000", "2020-03-31": "1.89000", "2019-12-31": "1.78000", "2019-09-30": "0.95000", "2019-06-30": "1.64000", "2019-03-31": "0.90000", "2018-12-31": "-0.77000", "2018-09-30": "-0.82000", "2018-06-30": "1.53000", "2018-03-31": "0.98000", "2017-12-31": "1.65000", "2017-09-30": "-1.12000", "2017-06-30": "0.65000", "2017-03-31": "2.29000", "2016-12-31": "0.80000", "2016-09-30": "2.76000", "2016-06-30": "0.26000", "2016-03-31": "0.47000", "2015-12-31": "-0.01000", "2015-09-30": "1.00000", "2015-06-30": "0.78000", "2015-03-31": "-0.52000", "2014-12-31": "0.95000", "2014-09-30": "0.85000", "2014-06-30": "0.68000", "2014-03-31": "0.85000", "2013-12-31": "0.99000", "2013-09-30": "0.64000", "2013-06-30": "1.18000", "2013-03-31": "0.14000", "2012-12-31": "0.76500", "2012-09-30": "0.75000", "2012-06-30": "0.49500", "2012-03-31": "0.73000", "2011-12-31": "0.77500", "2011-09-30": "0.71000", "2011-06-30": "0.51500", "2011-03-31": "0.48000", "2010-12-31": "0.35500", "2010-09-30": "0.57500", "2010-06-30": "0.52000", "2010-03-31": "0.52000", "2009-12-31": "0.53000", "2009-09-30": "0.53000", "2009-06-30": "0.51000", "2009-03-31": "0.46000", "2008-12-31": "0.47000", "2008-09-30": "0.44500", "2008-06-30": "0.45000", "2008-03-31": "0.40000", "2007-12-31": "0.39000", "2007-09-30": "0.44000", "2007-06-30": "0.58500", "2007-03-31": "0.36000", "2006-12-31": "0.34500", "2006-09-30": "0.45000", "2006-06-30": "0.30000", "2006-03-31": "0.27500", "2005-12-31": "0.30500", "2005-09-30": "0.26500", "2005-06-30": "0.25500", "2005-03-31": "0.27500"}}, "balance sheet": {"Cash On Hand": {"2019-12-31": "1220.29000", "2018-12-31": "418.35500", "2017-12-31": "551.75000", "2016-12-31": "981.75700", "2015-12-31": "1907.20000", "2014-12-31": "1302.64000", "2013-12-31": "953.05000", "2012-12-31": "540.88600", "2011-12-31": "411.15100", "2010-12-31": "883.12000", "2009-12-31": "565.93400", "2008-12-31": "446.41300", "2007-12-31": "487.32400", "2006-12-31": "314.93600", "2005-12-31": "431.81100"}, "Receivables": {"2019-12-31": "2305.06500", "2018-12-31": "2397.01800", "2017-12-31": "2163.45200", "2016-12-31": "1792.10600", "2015-12-31": "2220.18300", "2014-12-31": "2010.60400", "2013-12-31": "1844.56800", "2012-12-31": "1742.31900", "2011-12-31": "1476.63100", "2010-12-31": "1393.67200", "2009-12-31": "1369.35900", "2008-12-31": "1346.75200", "2007-12-31": "1126.69300", "2006-12-31": "1081.22700", "2005-12-31": "970.18000"}, "Inventory": {"2019-12-31": "97.94900", "2018-12-31": "107.38100", "2017-12-31": "181.79900", "2016-12-31": "160.41900", "2015-12-31": "185.57500", "2014-12-31": "136.08400", "2013-12-31": "88.80500", "2012-12-31": "78.12600", "2011-12-31": "75.73100", "2010-12-31": "76.00800", "2009-12-31": "70.04100", "2008-12-31": "84.17400", "2007-12-31": "80.17300", "2006-12-31": "89.11900", "2005-12-31": "69.13000"}, "Pre-Paid Expenses": {"2019-12-31": "66.86600", "2018-12-31": "111.84000", "2017-12-31": "112.05800", "2016-12-31": "99.51000", "2015-12-31": "", "2014-12-31": "", "2013-12-31": "", "2012-12-31": "", "2011-12-31": "", "2010-12-31": "", "2009-12-31": "", "2008-12-31": "", "2007-12-31": "", "2006-12-31": "", "2005-12-31": ""}, "Other Current Assets": {"2019-12-31": "", "2018-12-31": "5389.56500", "2017-12-31": "5761.64200", "2016-12-31": "960.95600", "2015-12-31": "190.32200", "2014-12-31": "186.84200", "2013-12-31": "176.41400", "2012-12-31": "201.57200", "2011-12-31": "49.34900", "2010-12-31": "43.99400", "2009-12-31": "40.23400", "2008-12-31": "33.76100", "2007-12-31": "34.48200", "2006-12-31": "25.12400", "2005-12-31": "38.46300"}, "Total Current Assets": {"2019-12-31": "3690.17000", "2018-12-31": "8424.15900", "2017-12-31": "8770.70100", "2016-12-31": "3994.74800", "2015-12-31": "4503.28000", "2014-12-31": "3636.17000", "2013-12-31": "3472.27800", "2012-12-31": "2887.05000", "2011-12-31": "2293.24400", "2010-12-31": "2622.85400", "2009-12-31": "2302.52100", "2008-12-31": "2128.29600", "2007-12-31": "1976.25000", "2006-12-31": "1709.49600", "2005-12-31": "1654.40800"}, "Property, Plant, And Equipment": {"2019-12-31": "3473.38400", "2018-12-31": "3393.66900", "2017-12-31": "3149.21300", "2016-12-31": "2864.12100", "2015-12-31": "2788.74000", "2014-12-31": "2469.09900", "2013-12-31": "2189.41100", "2012-12-31": "1872.37000", "2011-12-31": "1432.65100", "2010-12-31": "1170.80800", "2009-12-31": "1104.92500", "2008-12-31": "1048.07500", "2007-12-31": "939.32600", "2006-12-31": "849.96600", "2005-12-31": "750.07800"}, "Long-Term Investments": {"2019-12-31": "278.50200", "2018-12-31": "260.03500", "2017-12-31": "283.22900", "2016-12-31": "522.03600", "2015-12-31": "167.49000", "2014-12-31": "155.02600", "2013-12-31": "120.24300", "2012-12-31": "94.49100", "2011-12-31": "37.21500", "2010-12-31": "34.76600", "2009-12-31": "30.24700", "2008-12-31": "24.93000", "2007-12-31": "42.00800", "2006-12-31": "14.98700", "2005-12-31": "3.18100"}, "Goodwill And Intangible Assets": {"2019-12-31": "6923.31900", "2018-12-31": "6960.80600", "2017-12-31": "6724.10600", "2016-12-31": "6088.87900", "2015-12-31": "10981.80000", "2014-12-31": "11280.14000", "2013-12-31": "11237.35000", "2012-12-31": "11080.87000", "2011-12-31": "5106.46700", "2010-12-31": "4253.94200", "2009-12-31": "4087.92800", "2008-12-31": "4037.45200", "2007-12-31": "3950.97500", "2006-12-31": "3871.57400", "2005-12-31": "3830.32700"}, "Other Long-Term Assets": {"2019-12-31": "115.97190", "2018-12-31": "71.58300", "2017-12-31": "47.28700", "2016-12-31": "5285.99200", "2015-12-31": "73.56000", "2014-12-31": "77.00000", "2013-12-31": "79.59800", "2012-12-31": "79.85400", "2011-12-31": "34.23100", "2010-12-31": "32.05400", "2009-12-31": "32.61500", "2008-12-31": "47.33000", "2007-12-31": "35.40100", "2006-12-31": "45.79300", "2005-12-31": "41.76800"}, "Total Long-Term Assets": {"2019-12-31": "13621.22000", "2018-12-31": "10686.09000", "2017-12-31": "10203.83000", "2016-12-31": "14761.03000", "2015-12-31": "14011.59000", "2014-12-31": "13981.26000", "2013-12-31": "13626.60000", "2012-12-31": "13127.58000", "2011-12-31": "6610.56400", "2010-12-31": "5491.57000", "2009-12-31": "5255.71500", "2008-12-31": "5157.78700", "2007-12-31": "4967.71000", "2006-12-31": "4782.32000", "2005-12-31": "4625.35400"}, "Total Assets": {"2019-12-31": "17311.39000", "2018-12-31": "19110.25000", "2017-12-31": "18974.54000", "2016-12-31": "18755.78000", "2015-12-31": "18514.88000", "2014-12-31": "17617.43000", "2013-12-31": "17098.88000", "2012-12-31": "16014.63000", "2011-12-31": "8903.80800", "2010-12-31": "8114.42400", "2009-12-31": "7558.23600", "2008-12-31": "7286.08300", "2007-12-31": "6943.96000", "2006-12-31": "6491.81600", "2005-12-31": "6279.76200"}, "Total Current Liabilities": {"2019-12-31": "2372.09800", "2018-12-31": "4891.16100", "2017-12-31": "3067.52000", "2016-12-31": "2710.96400", "2015-12-31": "2399.13800", "2014-12-31": "2088.65100", "2013-12-31": "2462.04900", "2012-12-31": "2016.42500", "2011-12-31": "1164.75200", "2010-12-31": "924.34500", "2009-12-31": "1046.94100", "2008-12-31": "1163.06300", "2007-12-31": "1086.49600", "2006-12-31": "1112.17200", "2005-12-31": "989.73300"}, "Long Term Debt": {"2019-12-31": "7977.52600", "2018-12-31": "8172.84700", "2017-12-31": "9158.01800", "2016-12-31": "8944.67600", "2015-12-31": "9001.30800", "2014-12-31": "8298.62400", "2013-12-31": "8141.23100", "2012-12-31": "8326.53400", "2011-12-31": "4417.62400", "2010-12-31": "4233.85000", "2009-12-31": "3532.21700", "2008-12-31": "3622.42100", "2007-12-31": "3683.88700", "2006-12-31": "3730.38000", "2005-12-31": "4085.43500"}, "Other Non-Current Liabilities": {"2019-12-31": "160.80900", "2018-12-31": "450.66900", "2017-12-31": "365.32500", "2016-12-31": "746.26800", "2015-12-31": "439.22900", "2014-12-31": "389.80600", "2013-12-31": "380.33700", "2012-12-31": "458.40000", "2011-12-31": "151.99300", "2010-12-31": "114.60700", "2009-12-31": "118.33900", "2008-12-31": "137.41900", "2007-12-31": "124.75500", "2006-12-31": "155.33900", "2005-12-31": "189.84700"}, "Total Long Term Liabilities": {"2019-12-31": "12620.05000", "2018-12-31": "10310.69000", "2017-12-31": "11020.95000", "2016-12-31": "11195.07000", "2015-12-31": "11031.56000", "2014-12-31": "10168.47000", "2013-12-31": "10031.29000", "2012-12-31": "10081.28000", "2011-12-31": "5470.93100", "2010-12-31": "5152.94500", "2009-12-31": "4317.13600", "2008-12-31": "4296.12100", "2007-12-31": "4125.21400", "2006-12-31": "4133.72000", "2005-12-31": "4439.42000"}, "Total Liabilities": {"2019-12-31": "14992.15000", "2018-12-31": "15201.85000", "2017-12-31": "14088.47000", "2016-12-31": "13906.04000", "2015-12-31": "13430.70000", "2014-12-31": "12257.12000", "2013-12-31": "12493.34000", "2012-12-31": "12097.71000", "2011-12-31": "6635.68300", "2010-12-31": "6077.29000", "2009-12-31": "5364.07700", "2008-12-31": "5459.18400", "2007-12-31": "5211.71000", "2006-12-31": "5245.89200", "2005-12-31": "5429.15300"}, "Common Stock Net": {"2019-12-31": "0.12600", "2018-12-31": "0.16600", "2017-12-31": "0.18200", "2016-12-31": "0.19500", "2015-12-31": "0.21700", "2014-12-31": "0.21600", "2013-12-31": "0.21300", "2012-12-31": "0.27000", "2011-12-31": "0.13500", "2010-12-31": "0.13500", "2009-12-31": "0.13500", "2008-12-31": "0.13500", "2007-12-31": "0.13500", "2006-12-31": "0.13500", "2005-12-31": "0.13500"}, "Retained Earnings (Accumulated Deficit)": {"2019-12-31": "1431.73800", "2018-12-31": "2743.19400", "2017-12-31": "3633.71300", "2016-12-31": "3710.31300", "2015-12-31": "4356.83500", "2014-12-31": "4087.10300", "2013-12-31": "3363.98900", "2012-12-31": "3731.83500", "2011-12-31": "3195.81800", "2010-12-31": "2717.81700", "2009-12-31": "2312.13400", "2008-12-31": "1889.45000", "2007-12-31": "1515.29000", "2006-12-31": "1129.62100", "2005-12-31": "839.93000"}, "Comprehensive Income": {"2019-12-31": "-47.49800", "2018-12-31": "-34.92400", "2017-12-31": "13.23500", "2016-12-31": "-89.64300", "2015-12-31": "-59.82600", "2014-12-31": "-25.01700", "2013-12-31": "-2.64500", "2012-12-31": "-15.29700", "2011-12-31": "-19.48400", "2010-12-31": "0.50300", "2009-12-31": "-5.54800", "2008-12-31": "-14.33900", "2007-12-31": "-2.51100", "2006-12-31": "12.99700", "2005-12-31": "14.80600"}, "Other Share Holders Equity": {"2019-12-31": "", "2018-12-31": "", "2017-12-31": "", "2016-12-31": "", "2015-12-31": "", "2014-12-31": "", "2013-12-31": "", "2012-12-31": "", "2011-12-31": "", "2010-12-31": "", "2009-12-31": "", "2008-12-31": "", "2007-12-31": "", "2006-12-31": "", "2005-12-31": ""}, "Share Holder Equity": {"2019-12-31": "2319.24200", "2018-12-31": "3908.39800", "2017-12-31": "4886.06600", "2016-12-31": "4849.74100", "2015-12-31": "5084.17200", "2014-12-31": "5360.31100", "2013-12-31": "4605.54100", "2012-12-31": "3916.92500", "2011-12-31": "2268.12500", "2010-12-31": "2037.13400", "2009-12-31": "2194.15900", "2008-12-31": "1826.89900", "2007-12-31": "1732.25000", "2006-12-31": "1245.92400", "2005-12-31": "850.60900"}, "Total Liabilities And Share Holders Equity": {"2019-12-31": "17311.39000", "2018-12-31": "19110.25000", "2017-12-31": "18974.54000", "2016-12-31": "18755.78000", "2015-12-31": "18514.88000", "2014-12-31": "17617.43000", "2013-12-31": "17098.88000", "2012-12-31": "16014.63000", "2011-12-31": "8903.80800", "2010-12-31": "8114.42400", "2009-12-31": "7558.23600", "2008-12-31": "7286.08300", "2007-12-31": "6943.96000", "2006-12-31": "6491.81600", "2005-12-31": "6279.76200"}}, "balance sheet, quarterly": {"Cash On Hand": {"2020-09-30": "836.69700", "2020-06-30": "3189.83400", "2020-03-31": "1497.86400", "2019-12-31": "1220.29000", "2019-09-30": "1457.85400", "2019-06-30": "3687.62300", "2019-03-31": "565.46900", "2018-12-31": "418.35500", "2018-09-30": "544.88490", "2018-06-30": "484.67600", "2018-03-31": "452.22000", "2017-12-31": "551.75000", "2017-09-30": "983.46800", "2017-06-30": "923.43300", "2017-03-31": "1785.49700", "2016-12-31": "981.75700", "2016-09-30": "1572.97400", "2016-06-30": "1677.58200", "2016-03-31": "1437.89500", "2015-12-31": "1907.20000", "2015-09-30": "1970.26700", "2015-06-30": "1875.87600", "2015-03-31": "1433.63600", "2014-12-31": "1302.64000", "2014-09-30": "1669.15700", "2014-06-30": "1484.80800", "2014-03-31": "1116.14900", "2013-12-31": "953.05000", "2013-09-30": "977.49000", "2013-06-30": "624.69800", "2013-03-31": "706.81300", "2012-12-31": "540.88600", "2012-09-30": "388.03000", "2012-06-30": "282.07400", "2012-03-31": "457.90600", "2011-12-31": "411.15100", "2011-09-30": "565.86700", "2011-06-30": "752.83900", "2011-03-31": "1029.01600", "2010-12-31": "883.12000", "2010-09-30": "557.51000", "2010-06-30": "597.64200", "2010-03-31": "778.81600", "2009-12-31": "565.93400", "2009-09-30": "602.36000", "2009-06-30": "563.22200", "2009-03-31": "431.09600", "2008-12-31": "446.41300", "2008-09-30": "439.56100", "2008-06-30": "378.12400", "2008-03-31": "525.17500", "2007-12-31": "487.32400", "2007-09-30": "413.47700", "2007-06-30": "418.84900", "2007-03-31": "362.19900", "2006-12-31": "314.93600", "2006-09-30": "260.27800", "2006-06-30": "339.31900", "2006-03-31": "279.14600", "2005-12-31": "431.81100", "2005-09-30": "337.19600", "2005-06-30": "312.76100", "2005-03-31": "317.87900"}, "Receivables": {"2020-09-30": "2428.21200", "2020-06-30": "2428.82800", "2020-03-31": "2370.53700", "2019-12-31": "2305.06500", "2019-09-30": "2391.60600", "2019-06-30": "2551.58800", "2019-03-31": "2485.65300", "2018-12-31": "2397.01800", "2018-09-30": "2256.87100", "2018-06-30": "2337.45000", "2018-03-31": "2265.16400", "2017-12-31": "2163.45200", "2017-09-30": "2690.44800", "2017-06-30": "2698.56700", "2017-03-31": "2440.21700", "2016-12-31": "1792.10600", "2016-09-30": "2310.57400", "2016-06-30": "2433.48400", "2016-03-31": "2381.68900", "2015-12-31": "2220.18300", "2015-09-30": "2165.78700", "2015-06-30": "2317.15200", "2015-03-31": "2098.89500", "2014-12-31": "2010.60400", "2014-09-30": "1815.27500", "2014-06-30": "2012.83700", "2014-03-31": "1913.74500", "2013-12-31": "1844.56800", "2013-09-30": "1763.94100", "2013-06-30": "1844.88700", "2013-03-31": "1815.51300", "2012-12-31": "1742.31900", "2012-09-30": "1489.11400", "2012-06-30": "1473.06800", "2012-03-31": "1483.36200", "2011-12-31": "1476.63100", "2011-09-30": "1407.22800", "2011-06-30": "1412.28500", "2011-03-31": "1356.92100", "2010-12-31": "1393.67200", "2010-09-30": "1376.40500", "2010-06-30": "1302.24700", "2010-03-31": "1328.82400", "2009-12-31": "1369.35900", "2009-09-30": "1378.64600", "2009-06-30": "1355.26100", "2009-03-31": "1283.22100", "2008-12-31": "1346.75200", "2008-09-30": "1286.76400", "2008-06-30": "1267.00800", "2008-03-31": "1145.07500", "2007-12-31": "1126.69300", "2007-09-30": "1162.56700", "2007-06-30": "1132.11100", "2007-03-31": "1052.69000", "2006-12-31": "1081.22700", "2006-09-30": "1032.54000", "2006-06-30": "994.89600", "2006-03-31": "995.11200", "2005-12-31": "970.18000", "2005-09-30": "502.88700", "2005-06-30": "489.97000", "2005-03-31": "472.98300"}, "Inventory": {"2020-09-30": "106.25400", "2020-06-30": "97.90200", "2020-03-31": "95.68500", "2019-12-31": "97.94900", "2019-09-30": "98.64100", "2019-06-30": "96.81900", "2019-03-31": "104.23600", "2018-12-31": "107.38100", "2018-09-30": "91.10200", "2018-06-30": "112.72900", "2018-03-31": "125.55500", "2017-12-31": "181.79900", "2017-09-30": "154.42200", "2017-06-30": "199.30400", "2017-03-31": "174.15900", "2016-12-31": "160.41900", "2016-09-30": "200.56300", "2016-06-30": "197.38800", "2016-03-31": "192.68900", "2015-12-31": "185.57500", "2015-09-30": "173.05000", "2015-06-30": "159.35300", "2015-03-31": "145.74000", "2014-12-31": "136.08400", "2014-09-30": "114.67700", "2014-06-30": "99.65000", "2014-03-31": "101.17300", "2013-12-31": "88.80500", "2013-09-30": "84.89900", "2013-06-30": "77.99700", "2013-03-31": "76.58200", "2012-12-31": "78.12600", "2012-09-30": "78.32200", "2012-06-30": "77.68400", "2012-03-31": "72.28500", "2011-12-31": "75.73100", "2011-09-30": "73.29300", "2011-06-30": "68.62900", "2011-03-31": "69.64100", "2010-12-31": "76.00800", "2010-09-30": "68.95000", "2010-06-30": "69.38600", "2010-03-31": "68.03800", "2009-12-31": "70.04100", "2009-09-30": "69.01400", "2009-06-30": "65.35400", "2009-03-31": "71.35300", "2008-12-31": "84.17400", "2008-09-30": "82.49400", "2008-06-30": "81.22200", "2008-03-31": "76.80700", "2007-12-31": "80.17300", "2007-09-30": "75.61100", "2007-06-30": "69.86000", "2007-03-31": "69.45200", "2006-12-31": "89.11900", "2006-09-30": "99.33600", "2006-06-30": "93.36200", "2006-03-31": "88.25500", "2005-12-31": "69.13000", "2005-09-30": "36.03200", "2005-06-30": "35.48000", "2005-03-31": "34.69700"}, "Pre-Paid Expenses": {"2020-09-30": "58.51200", "2020-06-30": "63.26600", "2020-03-31": "59.85300", "2019-12-31": "66.86600", "2019-09-30": "50.61700", "2019-06-30": "54.59900", "2019-03-31": "64.77000", "2018-12-31": "111.84000", "2018-09-30": "88.85700", "2018-06-30": "97.42600", "2018-03-31": "106.35100", "2017-12-31": "112.05800", "2017-09-30": "", "2017-06-30": "", "2017-03-31": "", "2016-12-31": "99.51000", "2016-09-30": "", "2016-06-30": "", "2016-03-31": "", "2015-12-31": "", "2015-09-30": "", "2015-06-30": "", "2015-03-31": "", "2014-12-31": "", "2014-09-30": "", "2014-06-30": "", "2014-03-31": "", "2013-12-31": "", "2013-09-30": "", "2013-06-30": "", "2013-03-31": "", "2012-12-31": "", "2012-09-30": "", "2012-06-30": "", "2012-03-31": "", "2011-12-31": "", "2011-09-30": "", "2011-06-30": "", "2011-03-31": "", "2010-12-31": "", "2010-09-30": "", "2010-06-30": "", "2010-03-31": "", "2009-12-31": "", "2009-09-30": "", "2009-06-30": "", "2009-03-31": "", "2008-12-31": "", "2008-09-30": "", "2008-06-30": "", "2008-03-31": "", "2007-12-31": "", "2007-09-30": "", "2007-06-30": "", "2007-03-31": "", "2006-12-31": "", "2006-09-30": "", "2006-06-30": "", "2006-03-31": "", "2005-12-31": "", "2005-09-30": "", "2005-06-30": "", "2005-03-31": ""}, "Other Current Assets": {"2020-09-30": "", "2020-06-30": "", "2020-03-31": "", "2019-12-31": "", "2019-09-30": "", "2019-06-30": "", "2019-03-31": "6004.94800", "2018-12-31": "5389.56500", "2018-09-30": "5947.78600", "2018-06-30": "6053.08100", "2018-03-31": "5724.26500", "2017-12-31": "5761.64200", "2017-09-30": "205.21100", "2017-06-30": "202.46400", "2017-03-31": "204.02700", "2016-12-31": "960.95600", "2016-09-30": "177.24800", "2016-06-30": "187.76300", "2016-03-31": "187.28700", "2015-12-31": "190.32200", "2015-09-30": "175.71500", "2015-06-30": "189.52800", "2015-03-31": "186.16500", "2014-12-31": "186.84200", "2014-09-30": "172.25500", "2014-06-30": "164.59100", "2014-03-31": "169.62800", "2013-12-31": "176.41400", "2013-09-30": "156.94000", "2013-06-30": "150.21700", "2013-03-31": "150.43200", "2012-12-31": "201.57200", "2012-09-30": "46.98900", "2012-06-30": "45.64900", "2012-03-31": "47.49200", "2011-12-31": "49.34900", "2011-09-30": "67.45400", "2011-06-30": "49.78400", "2011-03-31": "46.34200", "2010-12-31": "43.99400", "2010-09-30": "38.79800", "2010-06-30": "39.22200", "2010-03-31": "34.48500", "2009-12-31": "40.23400", "2009-09-30": "34.81600", "2009-06-30": "37.85100", "2009-03-31": "32.45400", "2008-12-31": "33.76100", "2008-09-30": "36.01000", "2008-06-30": "34.75600", "2008-03-31": "29.60400", "2007-12-31": "34.48200", "2007-09-30": "27.65300", "2007-06-30": "33.32600", "2007-03-31": "28.50000", "2006-12-31": "25.12400", "2006-09-30": "22.23200", "2006-06-30": "24.62000", "2006-03-31": "22.62200", "2005-12-31": "38.46300", "2005-09-30": "48.29400", "2005-06-30": "45.01700", "2005-03-31": "44.44100"}, "Total Current Assets": {"2020-09-30": "3429.67500", "2020-06-30": "5779.83000", "2020-03-31": "4023.93900", "2019-12-31": "3690.17000", "2019-09-30": "3998.71800", "2019-06-30": "6390.62900", "2019-03-31": "9225.07600", "2018-12-31": "8424.15900", "2018-09-30": "8929.50100", "2018-06-30": "9085.36200", "2018-03-31": "8673.55500", "2017-12-31": "8770.70100", "2017-09-30": "4033.54900", "2017-06-30": "4023.76800", "2017-03-31": "4603.90000", "2016-12-31": "3994.74800", "2016-09-30": "4261.35900", "2016-06-30": "4496.21700", "2016-03-31": "4199.56000", "2015-12-31": "4503.28000", "2015-09-30": "4737.88600", "2015-06-30": "4780.92100", "2015-03-31": "4300.79500", "2014-12-31": "3636.17000", "2014-09-30": "4178.43500", "2014-06-30": "4161.24700", "2014-03-31": "3707.23300", "2013-12-31": "3472.27800", "2013-09-30": "3381.40800", "2013-06-30": "3131.83400", "2013-03-31": "3191.16800", "2012-12-31": "2887.05000", "2012-09-30": "2325.67400", "2012-06-30": "2178.75100", "2012-03-31": "2374.40000", "2011-12-31": "2293.24400", "2011-09-30": "2370.16700", "2011-06-30": "2513.36400", "2011-03-31": "2726.91600", "2010-12-31": "2622.85400", "2010-09-30": "2262.00500", "2010-06-30": "2265.15000", "2010-03-31": "2461.25100", "2009-12-31": "2302.52100", "2009-09-30": "2308.53300", "2009-06-30": "2233.39700", "2009-03-31": "2031.46300", "2008-12-31": "2128.29600", "2008-09-30": "2063.98900", "2008-06-30": "1989.23900", "2008-03-31": "2018.47700", "2007-12-31": "1976.25000", "2007-09-30": "1920.52000", "2007-06-30": "1887.48000", "2007-03-31": "1748.03200", "2006-12-31": "1709.49600", "2006-09-30": "1612.75800", "2006-06-30": "1629.62300", "2006-03-31": "1537.43900", "2005-12-31": "1654.40800", "2005-09-30": "1029.18100", "2005-06-30": "979.20800", "2005-03-31": "961.91700"}, "Property, Plant, And Equipment": {"2020-09-30": "3417.91900", "2020-06-30": "3417.91800", "2020-03-31": "3445.42300", "2019-12-31": "3473.38400", "2019-09-30": "3419.23800", "2019-06-30": "3405.31500", "2019-03-31": "3392.26600", "2018-12-31": "3393.66900", "2018-09-30": "3275.63600", "2018-06-30": "3229.09800", "2018-03-31": "3185.22300", "2017-12-31": "3149.21300", "2017-09-30": "3386.05600", "2017-06-30": "3248.03000", "2017-03-31": "3171.19900", "2016-12-31": "2864.12100", "2016-09-30": "3044.98800", "2016-06-30": "2972.40700", "2016-03-31": "2911.20500", "2015-12-31": "2788.74000", "2015-09-30": "2621.91800", "2015-06-30": "2564.70800", "2015-03-31": "2500.59600", "2014-12-31": "2469.09900", "2014-09-30": "2359.20300", "2014-06-30": "2290.84400", "2014-03-31": "2224.43900", "2013-12-31": "2189.41100", "2013-09-30": "2048.23500", "2013-06-30": "1990.96300", "2013-03-31": "1915.45300", "2012-12-31": "1872.37000", "2012-09-30": "1654.65700", "2012-06-30": "1586.46000", "2012-03-31": "1490.57200", "2011-12-31": "1432.65100", "2011-09-30": "1335.78900", "2011-06-30": "1223.66200", "2011-03-31": "1183.74400", "2010-12-31": "1170.80800", "2010-09-30": "1121.60400", "2010-06-30": "1106.02800", "2010-03-31": "1093.85000", "2009-12-31": "1104.92500", "2009-09-30": "1088.44600", "2009-06-30": "1075.34900", "2009-03-31": "1067.28900", "2008-12-31": "1048.07500", "2008-09-30": "1011.70200", "2008-06-30": "985.50300", "2008-03-31": "954.85800", "2007-12-31": "939.32600", "2007-09-30": "894.16400", "2007-06-30": "866.37000", "2007-03-31": "854.79700", "2006-12-31": "849.96600", "2006-09-30": "813.05500", "2006-06-30": "787.37800", "2006-03-31": "759.85300", "2005-12-31": "750.07800", "2005-09-30": "452.03300", "2005-06-30": "440.60100", "2005-03-31": "415.71300"}, "Long-Term Investments": {"2020-09-30": "282.35000", "2020-06-30": "283.82900", "2020-03-31": "289.15600", "2019-12-31": "278.50200", "2019-09-30": "254.42700", "2019-06-30": "260.72800", "2019-03-31": "260.72300", "2018-12-31": "260.03500", "2018-09-30": "275.86700", "2018-06-30": "283.22000", "2018-03-31": "279.90800", "2017-12-31": "283.22900", "2017-09-30": "665.18200", "2017-06-30": "657.16100", "2017-03-31": "630.21600", "2016-12-31": "522.03600", "2016-09-30": "617.16900", "2016-06-30": "166.79400", "2016-03-31": "172.82900", "2015-12-31": "167.49000", "2015-09-30": "158.27600", "2015-06-30": "160.03700", "2015-03-31": "161.45800", "2014-12-31": "155.02600", "2014-09-30": "154.03500", "2014-06-30": "130.45600", "2014-03-31": "121.76000", "2013-12-31": "120.24300", "2013-09-30": "114.03300", "2013-06-30": "101.29500", "2013-03-31": "100.97100", "2012-12-31": "94.49100", "2012-09-30": "41.95400", "2012-06-30": "39.72100", "2012-03-31": "36.85300", "2011-12-31": "37.21500", "2011-09-30": "39.19700", "2011-06-30": "40.18900", "2011-03-31": "32.93200", "2010-12-31": "34.76600", "2010-09-30": "33.72800", "2010-06-30": "32.60200", "2010-03-31": "31.54900", "2009-12-31": "30.24700", "2009-09-30": "31.57800", "2009-06-30": "30.97100", "2009-03-31": "29.06800", "2008-12-31": "24.93000", "2008-09-30": "26.16900", "2008-06-30": "26.24600", "2008-03-31": "31.09200", "2007-12-31": "42.00800", "2007-09-30": "10.07100", "2007-06-30": "16.16300", "2007-03-31": "35.60100", "2006-12-31": "14.98700", "2006-09-30": "2.17900", "2006-06-30": "1.93600", "2006-03-31": "3.02800", "2005-12-31": "3.18100", "2005-09-30": "2.52600", "2005-06-30": "2.05400", "2005-03-31": "3.35600"}, "Goodwill And Intangible Assets": {"2020-09-30": "6986.45500", "2020-06-30": "6903.98500", "2020-03-31": "6895.97600", "2019-12-31": "6923.31900", "2019-09-30": "6883.32500", "2019-06-30": "6985.96000", "2019-03-31": "6917.69200", "2018-12-31": "6960.80600", "2018-09-30": "6800.26800", "2018-06-30": "6778.81400", "2018-03-31": "6751.95800", "2017-12-31": "6724.10600", "2017-09-30": "10866.91000", "2017-06-30": "11352.69000", "2017-03-31": "10939.50000", "2016-12-31": "6088.87900", "2016-09-30": "10959.15000", "2016-06-30": "10991.96000", "2016-03-31": "11164.33000", "2015-12-31": "10981.80000", "2015-09-30": "11314.36000", "2015-06-30": "11319.38000", "2015-03-31": "11335.57000", "2014-12-31": "11280.14000", "2014-09-30": "11342.41000", "2014-06-30": "11276.92000", "2014-03-31": "11268.00000", "2013-12-31": "11237.35000", "2013-09-30": "11203.81000", "2013-06-30": "11133.52000", "2013-03-31": "11119.08000", "2012-12-31": "11080.87000", "2012-09-30": "5502.50200", "2012-06-30": "5420.37800", "2012-03-31": "5225.19400", "2011-12-31": "5106.46700", "2011-09-30": "4929.75400", "2011-06-30": "4380.24200", "2011-03-31": "4338.69000", "2010-12-31": "4253.94200", "2010-09-30": "4177.34000", "2010-06-30": "4140.69900", "2010-03-31": "4071.67100", "2009-12-31": "4087.92800", "2009-09-30": "4074.88900", "2009-06-30": "4057.21300", "2009-03-31": "4061.58500", "2008-12-31": "4037.45200", "2008-09-30": "4021.87100", "2008-06-30": "4002.82700", "2008-03-31": "3950.06700", "2007-12-31": "3950.97500", "2007-09-30": "3914.58300", "2007-06-30": "3853.88200", "2007-03-31": "3857.83200", "2006-12-31": "3871.57400", "2006-09-30": "3871.84900", "2006-06-30": "3864.91200", "2006-03-31": "3836.38200", "2005-12-31": "3830.32700", "2005-09-30": "1339.90600", "2005-06-30": "1317.39100", "2005-03-31": "1240.20000"}, "Other Long-Term Assets": {"2020-09-30": "96.11000", "2020-06-30": "92.90890", "2020-03-31": "94.03000", "2019-12-31": "115.97200", "2019-09-30": "114.83400", "2019-06-30": "97.44290", "2019-03-31": "73.65110", "2018-12-31": "71.58300", "2018-09-30": "76.51700", "2018-06-30": "59.07000", "2018-03-31": "51.72800", "2017-12-31": "47.28700", "2017-09-30": "61.64200", "2017-06-30": "60.14000", "2017-03-31": "43.45000", "2016-12-31": "5285.99200", "2016-09-30": "42.98400", "2016-06-30": "64.25400", "2016-03-31": "66.26900", "2015-12-31": "73.56000", "2015-09-30": "62.38700", "2015-06-30": "121.77400", "2015-03-31": "68.24800", "2014-12-31": "77.00000", "2014-09-30": "67.33000", "2014-06-30": "66.10600", "2014-03-31": "76.90900", "2013-12-31": "79.59800", "2013-09-30": "79.83300", "2013-06-30": "97.89500", "2013-03-31": "86.80600", "2012-12-31": "79.85400", "2012-09-30": "1299.32500", "2012-06-30": "29.62300", "2012-03-31": "30.06500", "2011-12-31": "34.23100", "2011-09-30": "31.76100", "2011-06-30": "35.26400", "2011-03-31": "40.65900", "2010-12-31": "32.05400", "2010-09-30": "32.42800", "2010-06-30": "33.20200", "2010-03-31": "33.39700", "2009-12-31": "32.61500", "2009-09-30": "34.26200", "2009-06-30": "44.10400", "2009-03-31": "46.00600", "2008-12-31": "47.33000", "2008-09-30": "48.16200", "2008-06-30": "45.74500", "2008-03-31": "35.93800", "2007-12-31": "35.40100", "2007-09-30": "42.09700", "2007-06-30": "47.48700", "2007-03-31": "41.73500", "2006-12-31": "45.79300", "2006-09-30": "44.28900", "2006-06-30": "57.56200", "2006-03-31": "52.75200", "2005-12-31": "41.76800", "2005-09-30": "44.88900", "2005-06-30": "12.23900", "2005-03-31": "28.62600"}, "Total Long-Term Assets": {"2020-09-30": "13617.00000", "2020-06-30": "13525.26000", "2020-03-31": "13572.36000", "2019-12-31": "13621.22000", "2019-09-30": "13453.11000", "2019-06-30": "13540.33000", "2019-03-31": "13380.87000", "2018-12-31": "10686.09000", "2018-09-30": "10428.29000", "2018-06-30": "10350.20000", "2018-03-31": "10268.82000", "2017-12-31": "10203.83000", "2017-09-30": "14979.79000", "2017-06-30": "15318.02000", "2017-03-31": "14784.36000", "2016-12-31": "14761.03000", "2016-09-30": "14664.29000", "2016-06-30": "14195.41000", "2016-03-31": "14314.64000", "2015-12-31": "14011.59000", "2015-09-30": "14156.94000", "2015-06-30": "14165.90000", "2015-03-31": "14065.87000", "2014-12-31": "13981.26000", "2014-09-30": "13922.98000", "2014-06-30": "13764.32000", "2014-03-31": "13691.11000", "2013-12-31": "13626.60000", "2013-09-30": "13445.91000", "2013-06-30": "13323.67000", "2013-03-31": "13222.31000", "2012-12-31": "13127.58000", "2012-09-30": "8498.43800", "2012-06-30": "7076.18200", "2012-03-31": "6782.68400", "2011-12-31": "6610.56400", "2011-09-30": "6336.50100", "2011-06-30": "5679.35700", "2011-03-31": "5596.02500", "2010-12-31": "5491.57000", "2010-09-30": "5365.10000", "2010-06-30": "5312.53100", "2010-03-31": "5230.46700", "2009-12-31": "5255.71500", "2009-09-30": "5229.17500", "2009-06-30": "5207.63700", "2009-03-31": "5203.94800", "2008-12-31": "5157.78700", "2008-09-30": "5107.90400", "2008-06-30": "5060.32100", "2008-03-31": "4971.95500", "2007-12-31": "4967.71000", "2007-09-30": "4860.91500", "2007-06-30": "4783.90200", "2007-03-31": "4789.96500", "2006-12-31": "4782.32000", "2006-09-30": "4731.37200", "2006-06-30": "4711.78800", "2006-03-31": "4652.01500", "2005-12-31": "4625.35400", "2005-09-30": "1839.35400", "2005-06-30": "1772.28500", "2005-03-31": "1687.89500"}, "Total Assets": {"2020-09-30": "17046.67000", "2020-06-30": "19305.09000", "2020-03-31": "17596.30000", "2019-12-31": "17311.39000", "2019-09-30": "17451.83000", "2019-06-30": "19930.96000", "2019-03-31": "22605.94000", "2018-12-31": "19110.25000", "2018-09-30": "19357.79000", "2018-06-30": "19435.56000", "2018-03-31": "18942.37000", "2017-12-31": "18974.54000", "2017-09-30": "19013.34000", "2017-06-30": "19341.78000", "2017-03-31": "19388.26000", "2016-12-31": "18755.78000", "2016-09-30": "18925.65000", "2016-06-30": "18691.63000", "2016-03-31": "18514.20000", "2015-12-31": "18514.88000", "2015-09-30": "18894.83000", "2015-06-30": "18946.82000", "2015-03-31": "18366.66000", "2014-12-31": "17617.43000", "2014-09-30": "18101.42000", "2014-06-30": "17925.57000", "2014-03-31": "17398.34000", "2013-12-31": "17098.88000", "2013-09-30": "16827.32000", "2013-06-30": "16455.51000", "2013-03-31": "16413.48000", "2012-12-31": "16014.63000", "2012-09-30": "10824.11000", "2012-06-30": "9254.93300", "2012-03-31": "9157.08400", "2011-12-31": "8903.80800", "2011-09-30": "8706.66800", "2011-06-30": "8192.72100", "2011-03-31": "8322.94100", "2010-12-31": "8114.42400", "2010-09-30": "7627.10500", "2010-06-30": "7577.68100", "2010-03-31": "7691.71800", "2009-12-31": "7558.23600", "2009-09-30": "7537.70800", "2009-06-30": "7441.03400", "2009-03-31": "7235.41100", "2008-12-31": "7286.08300", "2008-09-30": "7171.89300", "2008-06-30": "7049.56000", "2008-03-31": "6990.43200", "2007-12-31": "6943.96000", "2007-09-30": "6781.43500", "2007-06-30": "6671.38200", "2007-03-31": "6537.99700", "2006-12-31": "6491.81600", "2006-09-30": "6344.13000", "2006-06-30": "6341.41100", "2006-03-31": "6189.45400", "2005-12-31": "6279.76200", "2005-09-30": "2868.53500", "2005-06-30": "2751.49300", "2005-03-31": "2649.81200"}, "Total Current Liabilities": {"2020-09-30": "2499.24100", "2020-06-30": "4274.56300", "2020-03-31": "2220.74600", "2019-12-31": "2372.09800", "2019-09-30": "2206.64000", "2019-06-30": "5706.94400", "2019-03-31": "8230.87700", "2018-12-31": "4891.16100", "2018-09-30": "4855.10400", "2018-06-30": "4783.77800", "2018-03-31": "2947.52300", "2017-12-31": "3067.52000", "2017-09-30": "2874.79300", "2017-06-30": "2773.32500", "2017-03-31": "2813.57700", "2016-12-31": "2710.96400", "2016-09-30": "2639.46900", "2016-06-30": "2645.66200", "2016-03-31": "2443.61800", "2015-12-31": "2399.13800", "2015-09-30": "2410.55400", "2015-06-30": "2334.29000", "2015-03-31": "2679.51600", "2014-12-31": "2088.65100", "2014-09-30": "2597.63100", "2014-06-30": "2608.14800", "2014-03-31": "2566.17400", "2013-12-31": "2462.04900", "2013-09-30": "2453.12600", "2013-06-30": "2214.88800", "2013-03-31": "2325.23900", "2012-12-31": "2016.42500", "2012-09-30": "1336.83700", "2012-06-30": "1235.86400", "2012-03-31": "1242.11500", "2011-12-31": "1164.75200", "2011-09-30": "1205.92000", "2011-06-30": "1035.61100", "2011-03-31": "1007.37300", "2010-12-31": "924.34500", "2010-09-30": "1111.78400", "2010-06-30": "1118.81800", "2010-03-31": "1047.47500", "2009-12-31": "1046.94100", "2009-09-30": "1113.50900", "2009-06-30": "1108.84000", "2009-03-31": "1026.60600", "2008-12-31": "1163.06300", "2008-09-30": "1123.75000", "2008-06-30": "1149.46000", "2008-03-31": "1070.73400", "2007-12-31": "1086.49600", "2007-09-30": "1041.58000", "2007-06-30": "1073.46900", "2007-03-31": "1043.04600", "2006-12-31": "1112.17200", "2006-09-30": "1010.35700", "2006-06-30": "981.04700", "2006-03-31": "829.12500", "2005-12-31": "989.73300", "2005-09-30": "470.99100", "2005-06-30": "458.85100", "2005-03-31": "432.86100"}, "Long Term Debt": {"2020-09-30": "7866.54500", "2020-06-30": "7894.67400", "2020-03-31": "8442.13600", "2019-12-31": "7977.52600", "2019-09-30": "8014.47500", "2019-06-30": "5377.79800", "2019-03-31": "5787.01300", "2018-12-31": "8172.84700", "2018-09-30": "8440.67300", "2018-06-30": "8175.57300", "2018-03-31": "9279.88500", "2017-12-31": "9158.01800", "2017-09-30": "8908.70300", "2017-06-30": "8910.81400", "2017-03-31": "8918.87800", "2016-12-31": "8944.67600", "2016-09-30": "8972.00200", "2016-06-30": "8957.25700", "2016-03-31": "8979.85500", "2015-12-31": "9001.30800", "2015-09-30": "9082.09600", "2015-06-30": "9101.05200", "2015-03-31": "8380.15300", "2014-12-31": "8298.62400", "2014-09-30": "8380.90300", "2014-06-30": "8390.57800", "2014-03-31": "8071.62200", "2013-12-31": "8141.23100", "2013-09-30": "8181.43400", "2013-06-30": "8234.29000", "2013-03-31": "8277.25900", "2012-12-31": "8326.53400", "2012-09-30": "5620.71600", "2012-06-30": "4392.90800", "2012-03-31": "4401.86500", "2011-12-31": "4417.62400", "2011-09-30": "4417.46800", "2011-06-30": "4210.82300", "2011-03-31": "4218.20100", "2010-12-31": "4233.85000", "2010-09-30": "3266.19000", "2010-06-30": "3287.52300", "2010-03-31": "3509.71300", "2009-12-31": "3532.21700", "2009-09-30": "3555.85300", "2009-06-30": "3579.41700", "2009-03-31": "3600.23300", "2008-12-31": "3622.42100", "2008-09-30": "3643.27500", "2008-06-30": "3657.11800", "2008-03-31": "3669.80900", "2007-12-31": "3683.88700", "2007-09-30": "3695.58600", "2007-06-30": "3698.40300", "2007-03-31": "3721.37300", "2006-12-31": "3730.38000", "2006-09-30": "3818.11100", "2006-06-30": "3939.04700", "2006-03-31": "4039.33300", "2005-12-31": "4085.43500", "2005-09-30": "1360.66500", "2005-06-30": "1361.38700", "2005-03-31": "1362.00600"}, "Other Non-Current Liabilities": {"2020-09-30": "147.37100", "2020-06-30": "144.12100", "2020-03-31": "161.94000", "2019-12-31": "160.80900", "2019-09-30": "135.08700", "2019-06-30": "134.60500", "2019-03-31": "143.75600", "2018-12-31": "450.66900", "2018-09-30": "452.44500", "2018-06-30": "418.12300", "2018-03-31": "391.15600", "2017-12-31": "365.32500", "2017-09-30": "548.22600", "2017-06-30": "520.88600", "2017-03-31": "504.38000", "2016-12-31": "746.26800", "2016-09-30": "420.93800", "2016-06-30": "420.77600", "2016-03-31": "464.25000", "2015-12-31": "439.22900", "2015-09-30": "406.03500", "2015-06-30": "400.47500", "2015-03-31": "407.06800", "2014-12-31": "389.80600", "2014-09-30": "368.47500", "2014-06-30": "386.03300", "2014-03-31": "407.28800", "2013-12-31": "380.33700", "2013-09-30": "364.38300", "2013-06-30": "372.10200", "2013-03-31": "511.03300", "2012-12-31": "458.40000", "2012-09-30": "161.23600", "2012-06-30": "164.27000", "2012-03-31": "158.31100", "2011-12-31": "151.99300", "2011-09-30": "156.44500", "2011-06-30": "127.29600", "2011-03-31": "110.60000", "2010-12-31": "114.60700", "2010-09-30": "116.56900", "2010-06-30": "117.55400", "2010-03-31": "118.94900", "2009-12-31": "118.33900", "2009-09-30": "132.70200", "2009-06-30": "133.52100", "2009-03-31": "134.73000", "2008-12-31": "137.41900", "2008-09-30": "120.80400", "2008-06-30": "121.98600", "2008-03-31": "138.26100", "2007-12-31": "124.75500", "2007-09-30": "101.95000", "2007-06-30": "101.86000", "2007-03-31": "156.65300", "2006-12-31": "155.33900", "2006-09-30": "135.92000", "2006-06-30": "177.23000", "2006-03-31": "180.36200", "2005-12-31": "189.84700", "2005-09-30": "25.09600", "2005-06-30": "22.80700", "2005-03-31": "22.47300"}, "Total Long Term Liabilities": {"2020-09-30": "12794.09000", "2020-06-30": "12696.71000", "2020-03-31": "13242.21000", "2019-12-31": "12620.05000", "2019-09-30": "12732.67000", "2019-06-30": "9980.94700", "2019-03-31": "10288.39000", "2018-12-31": "10310.69000", "2018-09-30": "10473.42000", "2018-06-30": "10167.28000", "2018-03-31": "11212.77000", "2017-12-31": "11020.95000", "2017-09-30": "11169.42000", "2017-06-30": "11296.56000", "2017-03-31": "11234.10000", "2016-12-31": "11195.07000", "2016-09-30": "11166.79000", "2016-06-30": "11087.27000", "2016-03-31": "11148.85000", "2015-12-31": "11031.56000", "2015-09-30": "11292.08000", "2015-06-30": "11265.61000", "2015-03-31": "10516.43000", "2014-12-31": "10168.47000", "2014-09-30": "10352.31000", "2014-06-30": "10360.60000", "2014-03-31": "9994.53200", "2013-12-31": "10031.29000", "2013-09-30": "9936.76300", "2013-06-30": "9958.33700", "2013-03-31": "10131.71000", "2012-12-31": "10081.28000", "2012-09-30": "6816.89000", "2012-06-30": "5511.12200", "2012-03-31": "5513.04000", "2011-12-31": "5470.93100", "2011-09-30": "5418.35500", "2011-06-30": "5210.98400", "2011-03-31": "5178.66700", "2010-12-31": "5152.94500", "2010-09-30": "4138.84500", "2010-06-30": "4102.05500", "2010-03-31": "4325.60700", "2009-12-31": "4317.13600", "2009-09-30": "4285.86600", "2009-06-30": "4275.69900", "2009-03-31": "4284.65600", "2008-12-31": "4296.12100", "2008-09-30": "4141.46400", "2008-06-30": "4120.22100", "2008-03-31": "4121.37200", "2007-12-31": "4125.21400", "2007-09-30": "4112.58900", "2007-06-30": "4097.25700", "2007-03-31": "4140.80800", "2006-12-31": "4133.72000", "2006-09-30": "4186.96100", "2006-06-30": "4317.52000", "2006-03-31": "4397.79700", "2005-12-31": "4439.42000", "2005-09-30": "1625.01100", "2005-06-30": "1605.81200", "2005-03-31": "1598.53800"}, "Total Liabilities": {"2020-09-30": "15293.33000", "2020-06-30": "16971.27000", "2020-03-31": "15462.96000", "2019-12-31": "14992.15000", "2019-09-30": "14939.31000", "2019-06-30": "15687.89000", "2019-03-31": "18519.27000", "2018-12-31": "15201.85000", "2018-09-30": "15328.53000", "2018-06-30": "14951.05000", "2018-03-31": "14160.29000", "2017-12-31": "14088.47000", "2017-09-30": "14044.21000", "2017-06-30": "14069.89000", "2017-03-31": "14047.67000", "2016-12-31": "13906.04000", "2016-09-30": "13806.26000", "2016-06-30": "13732.93000", "2016-03-31": "13592.46000", "2015-12-31": "13430.70000", "2015-09-30": "13702.63000", "2015-06-30": "13599.90000", "2015-03-31": "13195.95000", "2014-12-31": "12257.12000", "2014-09-30": "12949.94000", "2014-06-30": "12968.75000", "2014-03-31": "12560.71000", "2013-12-31": "12493.34000", "2013-09-30": "12389.89000", "2013-06-30": "12173.22000", "2013-03-31": "12456.95000", "2012-12-31": "12097.71000", "2012-09-30": "8153.72700", "2012-06-30": "6746.98600", "2012-03-31": "6755.15400", "2011-12-31": "6635.68300", "2011-09-30": "6624.27600", "2011-06-30": "6246.59500", "2011-03-31": "6186.04000", "2010-12-31": "6077.29000", "2010-09-30": "5250.62900", "2010-06-30": "5220.87300", "2010-03-31": "5373.08200", "2009-12-31": "5364.07700", "2009-09-30": "5399.37500", "2009-06-30": "5384.53900", "2009-03-31": "5311.26200", "2008-12-31": "5459.18400", "2008-09-30": "5265.21400", "2008-06-30": "5269.68100", "2008-03-31": "5192.10600", "2007-12-31": "5211.71000", "2007-09-30": "5154.16900", "2007-06-30": "5170.72600", "2007-03-31": "5183.85400", "2006-12-31": "5245.89200", "2006-09-30": "5197.31800", "2006-06-30": "5298.56700", "2006-03-31": "5226.92200", "2005-12-31": "5429.15300", "2005-09-30": "2096.00200", "2005-06-30": "2064.66300", "2005-03-31": "2031.39900"}, "Common Stock Net": {"2020-09-30": "0.12600", "2020-06-30": "0.12600", "2020-03-31": "0.12600", "2019-12-31": "0.12600", "2019-09-30": "0.16700", "2019-06-30": "0.16700", "2019-03-31": "0.16600", "2018-12-31": "0.16600", "2018-09-30": "0.18300", "2018-06-30": "0.18300", "2018-03-31": "0.18300", "2017-12-31": "0.18200", "2017-09-30": "0.19500", "2017-06-30": "0.19500", "2017-03-31": "0.19500", "2016-12-31": "0.19500", "2016-09-30": "0.21700", "2016-06-30": "0.21700", "2016-03-31": "0.21700", "2015-12-31": "0.21700", "2015-09-30": "0.21700", "2015-06-30": "0.21700", "2015-03-31": "0.21600", "2014-12-31": "0.21600", "2014-09-30": "0.21500", "2014-06-30": "0.21500", "2014-03-31": "0.21400", "2013-12-31": "0.21300", "2013-09-30": "0.21300", "2013-06-30": "0.13500", "2013-03-31": "0.13500", "2012-12-31": "0.27000", "2012-09-30": "0.13500", "2012-06-30": "0.13500", "2012-03-31": "0.13500", "2011-12-31": "0.13500", "2011-09-30": "0.13500", "2011-06-30": "0.13500", "2011-03-31": "0.13500", "2010-12-31": "0.13500", "2010-09-30": "0.13500", "2010-06-30": "0.13500", "2010-03-31": "0.13500", "2009-12-31": "0.13500", "2009-09-30": "0.13500", "2009-06-30": "0.13500", "2009-03-31": "0.13500", "2008-12-31": "0.13500", "2008-09-30": "0.13500", "2008-06-30": "0.13500", "2008-03-31": "0.13500", "2007-12-31": "0.13500", "2007-09-30": "0.13500", "2007-06-30": "0.13500", "2007-03-31": "0.13500", "2006-12-31": "0.13500", "2006-09-30": "0.13500", "2006-06-30": "0.13500", "2006-03-31": "0.13500", "2005-12-31": "0.13500", "2005-09-30": "0.13500", "2005-06-30": "0.13500", "2005-03-31": "0.13500"}, "Retained Earnings (Accumulated Deficit)": {"2020-09-30": "2031.60700", "2020-06-30": "1872.93300", "2020-03-31": "1671.33100", "2019-12-31": "1431.73800", "2019-09-30": "3349.18000", "2019-06-30": "3205.91000", "2019-03-31": "2932.35900", "2018-12-31": "2743.19400", "2018-09-30": "3951.24700", "2018-06-30": "4088.04300", "2018-03-31": "3820.76700", "2017-12-31": "3633.71300", "2017-09-30": "4070.53500", "2017-06-30": "4285.01100", "2017-03-31": "4158.01000", "2016-12-31": "3710.31300", "2016-09-30": "5078.98300", "2016-06-30": "4507.65100", "2016-03-31": "4454.26900", "2015-12-31": "4356.83500", "2015-09-30": "4362.83500", "2015-06-30": "4146.96300", "2015-03-31": "3976.48600", "2014-12-31": "4087.10300", "2014-09-30": "3879.08300", "2014-06-30": "3694.96100", "2014-03-31": "3547.27800", "2013-12-31": "3363.98900", "2013-09-30": "3151.71100", "2013-06-30": "4016.37500", "2013-03-31": "3761.99900", "2012-12-31": "3731.83500", "2012-09-30": "3575.99600", "2012-06-30": "3431.27500", "2012-03-31": "3335.93800", "2011-12-31": "3195.81800", "2011-09-30": "3047.69500", "2011-06-30": "2912.33400", "2011-03-31": "2812.31900", "2010-12-31": "2717.81700", "2010-09-30": "2648.79700", "2010-06-30": "2529.41000", "2010-03-31": "2421.55700", "2009-12-31": "2312.13400", "2009-09-30": "2202.41000", "2009-06-30": "2091.48000", "2009-03-31": "1985.66100", "2008-12-31": "1889.45000", "2008-09-30": "1791.08500", "2008-06-30": "1697.17500", "2008-03-31": "1602.22400", "2007-12-31": "1515.29000", "2007-09-30": "1429.57300", "2007-06-30": "1335.11800", "2007-03-31": "1210.09400", "2006-12-31": "1129.62100", "2006-09-30": "1055.49200", "2006-06-30": "960.63600", "2006-03-31": "897.39900", "2005-12-31": "839.93000", "2005-09-30": "775.78100", "2005-06-30": "720.56400", "2005-03-31": "667.62100"}, "Comprehensive Income": {"2020-09-30": "-122.53000", "2020-06-30": "-135.10700", "2020-03-31": "-140.52500", "2019-12-31": "-47.49800", "2019-09-30": "-77.60400", "2019-06-30": "-33.61100", "2019-03-31": "-47.55100", "2018-12-31": "-34.92400", "2018-09-30": "-29.10900", "2018-06-30": "-21.92500", "2018-03-31": "27.33500", "2017-12-31": "13.23500", "2017-09-30": "3.47600", "2017-06-30": "-27.30800", "2017-03-31": "-76.88600", "2016-12-31": "-89.64300", "2016-09-30": "-52.22600", "2016-06-30": "-60.03600", "2016-03-31": "-53.51300", "2015-12-31": "-59.82600", "2015-09-30": "-54.33600", "2015-06-30": "-44.37900", "2015-03-31": "-47.62500", "2014-12-31": "-25.01700", "2014-09-30": "-11.62400", "2014-06-30": "0.66600", "2014-03-31": "-1.63900", "2013-12-31": "-2.64500", "2013-09-30": "-4.21400", "2013-06-30": "-3.33400", "2013-03-31": "-16.74100", "2012-12-31": "-15.29700", "2012-09-30": "-18.28300", "2012-06-30": "-19.38200", "2012-03-31": "-18.77300", "2011-12-31": "-19.48400", "2011-09-30": "-20.85600", "2011-06-30": "-11.78700", "2011-03-31": "-1.67700", "2010-12-31": "0.50300", "2010-09-30": "0.11900", "2010-06-30": "-1.46100", "2010-03-31": "-3.32000", "2009-12-31": "-5.54800", "2009-09-30": "-7.83800", "2009-06-30": "-10.03300", "2009-03-31": "-12.11100", "2008-12-31": "-14.33900", "2008-09-30": "-4.84600", "2008-06-30": "-5.05100", "2008-03-31": "-13.64000", "2007-12-31": "-2.51100", "2007-09-30": "5.01000", "2007-06-30": "13.01300", "2007-03-31": "13.76700", "2006-12-31": "12.99700", "2006-09-30": "14.09100", "2006-06-30": "24.43400", "2006-03-31": "21.00400", "2005-12-31": "14.80600", "2005-09-30": "11.00100", "2005-06-30": "-1.33100", "2005-03-31": "7.71000"}, "Other Share Holders Equity": {"2020-09-30": "", "2020-06-30": "", "2020-03-31": "", "2019-12-31": "", "2019-09-30": "", "2019-06-30": "", "2019-03-31": "", "2018-12-31": "", "2018-09-30": "", "2018-06-30": "", "2018-03-31": "", "2017-12-31": "", "2017-09-30": "", "2017-06-30": "", "2017-03-31": "", "2016-12-31": "", "2016-09-30": "", "2016-06-30": "", "2016-03-31": "", "2015-12-31": "", "2015-09-30": "", "2015-06-30": "", "2015-03-31": "", "2014-12-31": "", "2014-09-30": "", "2014-06-30": "", "2014-03-31": "", "2013-12-31": "", "2013-09-30": "", "2013-06-30": "", "2013-03-31": "", "2012-12-31": "", "2012-09-30": "", "2012-06-30": "", "2012-03-31": "", "2011-12-31": "", "2011-09-30": "", "2011-06-30": "", "2011-03-31": "", "2010-12-31": "", "2010-09-30": "", "2010-06-30": "", "2010-03-31": "", "2009-12-31": "", "2009-09-30": "", "2009-06-30": "", "2009-03-31": "", "2008-12-31": "", "2008-09-30": "", "2008-06-30": "", "2008-03-31": "", "2007-12-31": "", "2007-09-30": "", "2007-06-30": "", "2007-03-31": "", "2006-12-31": "", "2006-09-30": "", "2006-06-30": "", "2006-03-31": "", "2005-12-31": "", "2005-09-30": "", "2005-06-30": "", "2005-03-31": ""}, "Share Holder Equity": {"2020-09-30": "1753.34000", "2020-06-30": "2333.81700", "2020-03-31": "2133.34400", "2019-12-31": "2319.24200", "2019-09-30": "2512.52300", "2019-06-30": "4243.06900", "2019-03-31": "4086.67300", "2018-12-31": "3908.39800", "2018-09-30": "4029.26200", "2018-06-30": "4484.50700", "2018-03-31": "4782.08100", "2017-12-31": "4886.06600", "2017-09-30": "4969.12900", "2017-06-30": "5271.89600", "2017-03-31": "5340.59100", "2016-12-31": "4849.74100", "2016-09-30": "5119.39100", "2016-06-30": "4958.70300", "2016-03-31": "4921.73200", "2015-12-31": "5084.17200", "2015-09-30": "5192.19700", "2015-06-30": "5346.91600", "2015-03-31": "5170.71400", "2014-12-31": "5360.31100", "2014-09-30": "5151.47500", "2014-06-30": "4956.82500", "2014-03-31": "4837.63600", "2013-12-31": "4605.54100", "2013-09-30": "4437.43100", "2013-06-30": "4282.28400", "2013-03-31": "3956.53100", "2012-12-31": "3916.92500", "2012-09-30": "2670.38500", "2012-06-30": "2507.94700", "2012-03-31": "2401.93000", "2011-12-31": "2268.12500", "2011-09-30": "2082.39200", "2011-06-30": "1946.12600", "2011-03-31": "2136.90100", "2010-12-31": "2037.13400", "2010-09-30": "2376.47600", "2010-06-30": "2356.80800", "2010-03-31": "2318.63600", "2009-12-31": "2194.15900", "2009-09-30": "2138.33300", "2009-06-30": "2056.49500", "2009-03-31": "1924.14900", "2008-12-31": "1826.89900", "2008-09-30": "1906.67900", "2008-06-30": "1779.87900", "2008-03-31": "1798.32600", "2007-12-31": "1732.25000", "2007-09-30": "1627.26600", "2007-06-30": "1500.65600", "2007-03-31": "1354.14300", "2006-12-31": "1245.92400", "2006-09-30": "1146.81200", "2006-06-30": "1042.84400", "2006-03-31": "962.53200", "2005-12-31": "850.60900", "2005-09-30": "772.53300", "2005-06-30": "686.83000", "2005-03-31": "618.41300"}, "Total Liabilities And Share Holders Equity": {"2020-09-30": "17046.67000", "2020-06-30": "19305.09000", "2020-03-31": "17596.30000", "2019-12-31": "17311.39000", "2019-09-30": "17451.83000", "2019-06-30": "19930.96000", "2019-03-31": "22605.94000", "2018-12-31": "19110.25000", "2018-09-30": "19357.79000", "2018-06-30": "19435.56000", "2018-03-31": "18942.37000", "2017-12-31": "18974.54000", "2017-09-30": "19013.34000", "2017-06-30": "19341.78000", "2017-03-31": "19388.26000", "2016-12-31": "18755.78000", "2016-09-30": "18925.65000", "2016-06-30": "18691.63000", "2016-03-31": "18514.20000", "2015-12-31": "18514.88000", "2015-09-30": "18894.83000", "2015-06-30": "18946.82000", "2015-03-31": "18366.66000", "2014-12-31": "17617.43000", "2014-09-30": "18101.42000", "2014-06-30": "17925.57000", "2014-03-31": "17398.34000", "2013-12-31": "17098.88000", "2013-09-30": "16827.32000", "2013-06-30": "16455.51000", "2013-03-31": "16413.48000", "2012-12-31": "16014.63000", "2012-09-30": "10824.11000", "2012-06-30": "9254.93300", "2012-03-31": "9157.08400", "2011-12-31": "8903.80800", "2011-09-30": "8706.66800", "2011-06-30": "8192.72100", "2011-03-31": "8322.94100", "2010-12-31": "8114.42400", "2010-09-30": "7627.10500", "2010-06-30": "7577.68100", "2010-03-31": "7691.71800", "2009-12-31": "7558.23600", "2009-09-30": "7537.70800", "2009-06-30": "7441.03400", "2009-03-31": "7235.41100", "2008-12-31": "7286.08300", "2008-09-30": "7171.89300", "2008-06-30": "7049.56000", "2008-03-31": "6990.43200", "2007-12-31": "6943.96000", "2007-09-30": "6781.43500", "2007-06-30": "6671.38200", "2007-03-31": "6537.99700", "2006-12-31": "6491.81600", "2006-09-30": "6344.13000", "2006-06-30": "6341.41100", "2006-03-31": "6189.45400", "2005-12-31": "6279.76200", "2005-09-30": "2868.53500", "2005-06-30": "2751.49300", "2005-03-31": "2649.81200"}}, "cash flow statement": {"Net Income/Loss": {"2019-12-31": "1021.29400", "2018-12-31": "333.04000", "2017-12-31": "830.55500", "2016-12-31": "1033.08200", "2015-12-31": "427.41000", "2014-12-31": "863.33000", "2013-12-31": "757.20100", "2012-12-31": "641.23700", "2011-12-31": "573.39500", "2010-12-31": "484.21900", "2009-12-31": "479.75900", "2008-12-31": "421.32000", "2007-12-31": "428.64300", "2006-12-31": "289.69100", "2005-12-31": "228.64300"}, "Total Depreciation And Amortization - Cash Flow": {"2019-12-31": "615.15200", "2018-12-31": "591.03500", "2017-12-31": "777.48500", "2016-12-31": "720.25200", "2015-12-31": "638.02400", "2014-12-31": "590.93500", "2013-12-31": "528.11900", "2012-12-31": "343.90800", "2011-12-31": "267.31500", "2010-12-31": "234.37800", "2009-12-31": "228.98600", "2008-12-31": "216.91700", "2007-12-31": "193.47000", "2006-12-31": "173.29500", "2005-12-31": "119.71900"}, "Other Non-Cash Items": {"2019-12-31": "349.05000", "2018-12-31": "748.66600", "2017-12-31": "693.90700", "2016-12-31": "-6.98600", "2015-12-31": "431.92300", "2014-12-31": "35.13700", "2013-12-31": "413.84000", "2012-12-31": "149.85100", "2011-12-31": "164.20400", "2010-12-31": "222.04200", "2009-12-31": "127.32300", "2008-12-31": "168.33600", "2007-12-31": "13.39300", "2006-12-31": "25.42400", "2005-12-31": "-21.53500"}, "Total Non-Cash Items": {"2019-12-31": "964.20200", "2018-12-31": "1339.70100", "2017-12-31": "1471.39200", "2016-12-31": "713.26610", "2015-12-31": "1069.94700", "2014-12-31": "626.07200", "2013-12-31": "941.95900", "2012-12-31": "493.75900", "2011-12-31": "431.51900", "2010-12-31": "456.42000", "2009-12-31": "356.30900", "2008-12-31": "385.25310", "2007-12-31": "206.86300", "2006-12-31": "198.71900", "2005-12-31": "98.18400"}, "Change In Accounts Receivable": {"2019-12-31": "-79.95700", "2018-12-31": "-81.17600", "2017-12-31": "-156.30500", "2016-12-31": "-152.24000", "2015-12-31": "-202.86700", "2014-12-31": "-40.67600", "2013-12-31": "-59.64000", "2012-12-31": "-47.67300", "2011-12-31": "-88.84800", "2010-12-31": "55.37900", "2009-12-31": "-32.31300", "2008-12-31": "-149.93900", "2007-12-31": "15.91100", "2006-12-31": "-74.73700", "2005-12-31": "-62.02100"}, "Change In Inventories": {"2019-12-31": "10.15800", "2018-12-31": "73.50500", "2017-12-31": "-18.62500", "2016-12-31": "22.92000", "2015-12-31": "-48.31300", "2014-12-31": "-46.39800", "2013-12-31": "-8.97100", "2012-12-31": "4.05200", "2011-12-31": "10.27000", "2010-12-31": "-3.89200", "2009-12-31": "15.11500", "2008-12-31": "-2.71500", "2007-12-31": "11.27100", "2006-12-31": "-18.58700", "2005-12-31": "11.98000"}, "Change In Accounts Payable": {"2019-12-31": "-84.53900", "2018-12-31": "-35.95900", "2017-12-31": "26.87600", "2016-12-31": "11.89700", "2015-12-31": "30.99800", "2014-12-31": "-2.95600", "2013-12-31": "16.66600", "2012-12-31": "40.87800", "2011-12-31": "84.40000", "2010-12-31": "4.22800", "2009-12-31": "-104.87900", "2008-12-31": "57.42200", "2007-12-31": "-9.21600", "2006-12-31": "40.71200", "2005-12-31": "28.86900"}, "Change In Assets/Liabilities": {"2019-12-31": "160.24900", "2018-12-31": "81.99900", "2017-12-31": "-110.31200", "2016-12-31": "197.55300", "2015-12-31": "183.30800", "2014-12-31": "23.24900", "2013-12-31": "54.25900", "2012-12-31": "80.06700", "2011-12-31": "14.81800", "2010-12-31": "-150.52200", "2009-12-31": "-82.72100", "2008-12-31": "-35.95100", "2007-12-31": "-69.15600", "2006-12-31": "49.54700", "2005-12-31": "67.27700"}, "Total Change In Assets/Liabilities": {"2019-12-31": "86.85900", "2018-12-31": "98.89900", "2017-12-31": "-388.78100", "2016-12-31": "225.77800", "2015-12-31": "59.84300", "2014-12-31": "-29.99500", "2013-12-31": "74.18100", "2012-12-31": "-34.14800", "2011-12-31": "175.13200", "2010-12-31": "-100.95600", "2009-12-31": "-169.35800", "2008-12-31": "-192.87200", "2007-12-31": "-54.44100", "2006-12-31": "31.16100", "2005-12-31": "158.72700"}, "Cash Flow From Operating Activities": {"2019-12-31": "2072.35500", "2018-12-31": "1771.64000", "2017-12-31": "1913.16600", "2016-12-31": "1972.12600", "2015-12-31": "1557.20000", "2014-12-31": "1459.40700", "2013-12-31": "1773.34100", "2012-12-31": "1100.84800", "2011-12-31": "1180.04600", "2010-12-31": "839.68300", "2009-12-31": "666.71000", "2008-12-31": "613.70100", "2007-12-31": "581.06500", "2006-12-31": "519.57100", "2005-12-31": "485.55400"}, "Net Change In Property, Plant, And Equipment": {"2019-12-31": "3110.84600", "2018-12-31": "-836.93300", "2017-12-31": "-812.91400", "2016-12-31": "-764.37000", "2015-12-31": "-688.28300", "2014-12-31": "-632.53900", "2013-12-31": "-555.33900", "2012-12-31": "-546.58700", "2011-12-31": "-324.97300", "2010-12-31": "-273.60200", "2009-12-31": "-266.90800", "2008-12-31": "-317.96200", "2007-12-31": "-272.21200", "2006-12-31": "-262.70800", "2005-12-31": "-161.36500"}, "Net Change In Intangible Assets": {"2019-12-31": "", "2018-12-31": "", "2017-12-31": "", "2016-12-31": "", "2015-12-31": "", "2014-12-31": "-1.01800", "2013-12-31": "-2.39100", "2012-12-31": "-0.83000", "2011-12-31": "", "2010-12-31": "", "2009-12-31": "", "2008-12-31": "", "2007-12-31": "-2.29100", "2006-12-31": "-5.59700", "2005-12-31": "-0.75100"}, "Net Acquisitions/Divestitures": {"2019-12-31": "-100.86100", "2018-12-31": "-183.15600", "2017-12-31": "-803.87900", "2016-12-31": "-563.85600", "2015-12-31": "-96.46900", "2014-12-31": "-272.09400", "2013-12-31": "-310.39400", "2012-12-31": "-4294.07700", "2011-12-31": "-1077.44200", "2010-12-31": "-165.77500", "2009-12-31": "-87.61700", "2008-12-31": "-101.42900", "2007-12-31": "-132.35500", "2006-12-31": "-64.32500", "2005-12-31": "-2903.55500"}, "Net Change In Short-term Investments": {"2019-12-31": "-7.86800", "2018-12-31": "29.97700", "2017-12-31": "256.77100", "2016-12-31": "112.73410", "2015-12-31": "-79.25000", "2014-12-31": "-337.52100", "2013-12-31": "-7.95000", "2012-12-31": "10.38800", "2011-12-31": "42.87300", "2010-12-31": "0.90000", "2009-12-31": "8.34700", "2008-12-31": "", "2007-12-31": "", "2006-12-31": "", "2005-12-31": ""}, "Net Change In Long-Term Investments": {"2019-12-31": "-9.36600", "2018-12-31": "-19.17700", "2017-12-31": "-4.81600", "2016-12-31": "13.82400", "2015-12-31": "-17.91100", "2014-12-31": "-35.38200", "2013-12-31": "-1.30500", "2012-12-31": "-1.35200", "2011-12-31": "-40.02600", "2010-12-31": "1.48300", "2009-12-31": "-2.42900", "2008-12-31": "19.52400", "2007-12-31": "-38.07700", "2006-12-31": "-0.69600", "2005-12-31": ""}, "Net Change In Investments - Total": {"2019-12-31": "-17.23400", "2018-12-31": "10.80000", "2017-12-31": "251.95500", "2016-12-31": "126.55810", "2015-12-31": "-97.16100", "2014-12-31": "-372.90300", "2013-12-31": "-9.25500", "2012-12-31": "9.03600", "2011-12-31": "2.84700", "2010-12-31": "2.38300", "2009-12-31": "5.91800", "2008-12-31": "19.52400", "2007-12-31": "-38.07700", "2006-12-31": "-0.69600", "2005-12-31": ""}, "Investing Activities - Other": {"2019-12-31": "2.58900", "2018-12-31": "3.64600", "2017-12-31": "0.10600", "2016-12-31": "", "2015-12-31": "0.12900", "2014-12-31": "0.82500", "2013-12-31": "0.49700", "2012-12-31": "0.00800", "2011-12-31": "0.34000", "2010-12-31": "0.36100", "2009-12-31": "2.54700", "2008-12-31": "2.12800", "2007-12-31": "-1.80800", "2006-12-31": "21.26300", "2005-12-31": "20.30800"}, "Cash Flow From Investing Activities": {"2019-12-31": "2995.34000", "2018-12-31": "-1005.64300", "2017-12-31": "-1364.73200", "2016-12-31": "-1201.66800", "2015-12-31": "-881.78400", "2014-12-31": "-1277.72900", "2013-12-31": "-876.88200", "2012-12-31": "-4832.45000", "2011-12-31": "-1399.22800", "2010-12-31": "-436.63300", "2009-12-31": "-346.06000", "2008-12-31": "-397.73900", "2007-12-31": "-446.74300", "2006-12-31": "-312.06300", "2005-12-31": "-3045.36300"}, "Net Long-Term Debt": {"2019-12-31": "-2080.18800", "2018-12-31": "694.77730", "2017-12-31": "154.84770", "2016-12-31": "-124.63280", "2015-12-31": "543.02730", "2014-12-31": "-7.98050", "2013-12-31": "-437.28910", "2012-12-31": "3962.14800", "2011-12-31": "127.66020", "2010-12-31": "674.75590", "2009-12-31": "-61.23240", "2008-12-31": "-13.55080", "2007-12-31": "-47.30270", "2006-12-31": "-406.95900", "2005-12-31": "2773.60600"}, "Net Current Debt": {"2019-12-31": "", "2018-12-31": "", "2017-12-31": "", "2016-12-31": "", "2015-12-31": "", "2014-12-31": "", "2013-12-31": "", "2012-12-31": "", "2011-12-31": "", "2010-12-31": "", "2009-12-31": "", "2008-12-31": "", "2007-12-31": "", "2006-12-31": "", "2005-12-31": ""}, "Debt Issuance/Retirement Net - Total": {"2019-12-31": "-2080.18800", "2018-12-31": "694.77730", "2017-12-31": "154.84770", "2016-12-31": "-124.63280", "2015-12-31": "543.02730", "2014-12-31": "-7.98050", "2013-12-31": "-437.28910", "2012-12-31": "3962.14800", "2011-12-31": "127.66020", "2010-12-31": "674.75590", "2009-12-31": "-61.23240", "2008-12-31": "-13.55080", "2007-12-31": "-47.30270", "2006-12-31": "-406.95900", "2005-12-31": "2773.60600"}, "Net Common Equity Issued/Repurchased": {"2019-12-31": "-2372.43400", "2018-12-31": "-1147.93400", "2017-12-31": "-781.69700", "2016-12-31": "-1074.27900", "2015-12-31": "-523.78000", "2014-12-31": "19.50000", "2013-12-31": "16.42300", "2012-12-31": "6.64700", "2011-12-31": "-312.03200", "2010-12-31": "-564.73600", "2009-12-31": "-85.58700", "2008-12-31": "-192.46800", "2007-12-31": "56.55200", "2006-12-31": "40.59300", "2005-12-31": "43.91900"}, "Net Total Equity Issued/Repurchased": {"2019-12-31": "-2372.43400", "2018-12-31": "-1147.93400", "2017-12-31": "-781.69700", "2016-12-31": "-1074.27900", "2015-12-31": "-523.78000", "2014-12-31": "19.50000", "2013-12-31": "16.42300", "2012-12-31": "6.64700", "2011-12-31": "-312.03200", "2010-12-31": "-564.73600", "2009-12-31": "-85.58700", "2008-12-31": "-192.46800", "2007-12-31": "56.55200", "2006-12-31": "40.59300", "2005-12-31": "43.91900"}, "Total Common And Preferred Stock Dividends Paid": {"2019-12-31": "", "2018-12-31": "", "2017-12-31": "", "2016-12-31": "", "2015-12-31": "", "2014-12-31": "", "2013-12-31": "", "2012-12-31": "", "2011-12-31": "", "2010-12-31": "", "2009-12-31": "", "2008-12-31": "", "2007-12-31": "", "2006-12-31": "", "2005-12-31": ""}, "Financial Activities - Other": {"2019-12-31": "-243.82500", "2018-12-31": "-172.19700", "2017-12-31": "-139.40800", "2016-12-31": "-153.07200", "2015-12-31": "-158.21600", "2014-12-31": "-176.50000", "2013-12-31": "-62.12600", "2012-12-31": "-96.41100", "2011-12-31": "-62.81100", "2010-12-31": "-192.41200", "2009-12-31": "-45.25300", "2008-12-31": "-46.10800", "2007-12-31": "-6.72800", "2006-12-31": "37.24900", "2005-12-31": "-77.88400"}, "Cash Flow From Financial Activities": {"2019-12-31": "-4696.45000", "2018-12-31": "-625.35400", "2017-12-31": "-766.25700", "2016-12-31": "-1351.98100", "2015-12-31": "-138.97000", "2014-12-31": "-164.97900", "2013-12-31": "-482.99100", "2012-12-31": "3872.38400", "2011-12-31": "-247.18300", "2010-12-31": "-82.39200", "2009-12-31": "-192.07200", "2008-12-31": "-252.12700", "2007-12-31": "2.52200", "2006-12-31": "-329.11700", "2005-12-31": "2739.64100"}, "Net Cash Flow": {"2019-12-31": "793.29800", "2018-12-31": "-103.50000", "2017-12-31": "-164.54300", "2016-12-31": "-561.45400", "2015-12-31": "508.02000", "2014-12-31": "18.99200", "2013-12-31": "412.50100", "2012-12-31": "139.99600", "2011-12-31": "-466.36500", "2010-12-31": "320.65800", "2009-12-31": "128.57800", "2008-12-31": "-36.16500", "2007-12-31": "136.84400", "2006-12-31": "-121.60900", "2005-12-31": "179.83200"}, "Stock-Based Compensation": {"2019-12-31": "67.85000", "2018-12-31": "73.06100", "2017-12-31": "35.09200", "2016-12-31": "38.33800", "2015-12-31": "56.66400", "2014-12-31": "56.74300", "2013-12-31": "59.99800", "2012-12-31": "45.38400", "2011-12-31": "48.71800", "2010-12-31": "45.55100", "2009-12-31": "44.42200", "2008-12-31": "41.23500", "2007-12-31": "34.14900", "2006-12-31": "26.38900", "2005-12-31": "3.35300"}, "Common Stock Dividends Paid": {"2019-12-31": "", "2018-12-31": "", "2017-12-31": "", "2016-12-31": "", "2015-12-31": "", "2014-12-31": "", "2013-12-31": "", "2012-12-31": "", "2011-12-31": "", "2010-12-31": "", "2009-12-31": "", "2008-12-31": "", "2007-12-31": "", "2006-12-31": "", "2005-12-31": ""}}, "cash flow statement, quarterly": {"Net Income/Loss": {"2020-09-30": 217.54, "2020-06-30": 254.872, "2020-03-31": "287.89500", "2019-12-31": 302.962, "2019-09-30": 201.688, "2019-06-30": 327.157, "2019-03-31": "189.48700", "2018-12-31": -101.843, "2018-09-30": -96.668, "2018-06-30": 306.322, "2018-03-31": "225.22900", "2017-12-31": 340.679, "2017-09-30": -172.034, "2017-06-30": 161.625, "2017-03-31": "500.28500", "2016-12-31": 188.27, "2016-09-30": 612.15, "2016-06-30": 94.503, "2016-03-31": "138.15900", "2015-12-31": 34.474, "2015-09-30": 261.307, "2015-06-30": 207.777, "2015-03-31": "-76.14800", "2014-12-31": 250.388, "2014-09-30": 219.784, "2014-06-30": 181.421, "2014-03-31": "211.73700", "2013-12-31": 244.273, "2013-09-30": 169.836, "2013-06-30": 283.358, "2013-03-31": "59.73400", "2012-12-31": 183.8, "2012-09-30": 172.55, "2012-06-30": 120.004, "2012-03-31": "164.88300", "2011-12-31": 176.132, "2011-09-30": 161.846, "2011-06-30": 120.665, "2011-03-31": "114.75200", "2010-12-31": 92.445, "2010-09-30": 142.881, "2010-06-30": 123.893, "2010-03-31": "125.00000", "2009-12-31": 125.583, "2009-09-30": 126.27, "2009-06-30": 119.632, "2009-03-31": "108.27400", "2008-12-31": 109.746, "2008-09-30": 107.738, "2008-06-30": 116.902, "2008-03-31": "86.93400", "2007-12-31": 132.582, "2007-09-30": 94.455, "2007-06-30": 125.024, "2007-03-31": "76.58200", "2006-12-31": 74.129, "2006-09-30": 94.856, "2006-06-30": 63.237, "2006-03-31": "57.46900", "2005-12-31": 64.149, "2005-09-30": 55.217, "2005-06-30": 52.943, "2005-03-31": "56.33400"}, "Total Depreciation And Amortization - Cash Flow": {"2020-09-30": 156.894, "2020-06-30": 157.376, "2020-03-31": "154.67900", "2019-12-31": 158.467, "2019-09-30": 155.915, "2019-06-30": 152.242, "2019-03-31": "148.52800", "2018-12-31": 155.157, "2018-09-30": 146, "2018-06-30": 147.079, "2018-03-31": "142.79900", "2017-12-31": 183.958, "2017-09-30": 203.283, "2017-06-30": 200.038, "2017-03-31": "190.20600", "2016-12-31": 188.777, "2016-09-30": 181.739, "2016-06-30": 180.381, "2016-03-31": "169.35500", "2015-12-31": 163.33, "2015-09-30": 162.062, "2015-06-30": 158.843, "2015-03-31": "153.78900", "2014-12-31": 153.6, "2014-09-30": 148.865, "2014-06-30": 145.905, "2014-03-31": "142.56500", "2013-12-31": 138.732, "2013-09-30": 133.005, "2013-06-30": 130.626, "2013-03-31": "125.75600", "2012-12-31": 109.54, "2012-09-30": 80.586, "2012-06-30": 77.807, "2012-03-31": "75.97500", "2011-12-31": 72.987, "2011-09-30": 67.821, "2011-06-30": 64.47, "2011-03-31": "62.03700", "2010-12-31": 60.071, "2010-09-30": 58.486, "2010-06-30": 58.353, "2010-03-31": "57.46800", "2009-12-31": 56.865, "2009-09-30": 56.813, "2009-06-30": 58.185, "2009-03-31": "57.12300", "2008-12-31": 56.244, "2008-09-30": 54.97, "2008-06-30": 52.892, "2008-03-31": "52.81100", "2007-12-31": 51.392, "2007-09-30": 49.23, "2007-06-30": 47.058, "2007-03-31": "45.79000", "2006-12-31": 45.209, "2006-09-30": 44.478, "2006-06-30": 41.717, "2006-03-31": "41.89100", "2005-12-31": 42.639, "2005-09-30": 26.372, "2005-06-30": 25.86, "2005-03-31": "24.84800"}, "Other Non-Cash Items": {"2020-09-30": 178.272, "2020-06-30": 59.355, "2020-03-31": "119.62800", "2019-12-31": 17.911, "2019-09-30": 148.841, "2019-06-30": 86.396, "2019-03-31": "95.90200", "2018-12-31": 352.641, "2018-09-30": 320.081, "2018-06-30": 9.119, "2018-03-31": "66.82500", "2017-12-31": 59.315, "2017-09-30": 443.962, "2017-06-30": 110.685, "2017-03-31": "79.94500", "2016-12-31": 39.596, "2016-09-30": -350.855, "2016-06-30": 149.912, "2016-03-31": "154.36100", "2015-12-31": 293.166, "2015-09-30": 15.641, "2015-06-30": -192.892, "2015-03-31": "316.00800", "2014-12-31": -171.04, "2014-09-30": 28.114, "2014-06-30": 141.286, "2014-03-31": "36.77700", "2013-12-31": 65.811, "2013-09-30": 179.266, "2013-06-30": -24.456, "2013-03-31": "193.21900", "2012-12-31": 78.208, "2012-09-30": 47.324, "2012-06-30": 12.707, "2012-03-31": "11.61200", "2011-12-31": 33.343, "2011-09-30": 33.508, "2011-06-30": 55.818, "2011-03-31": "41.53500", "2010-12-31": 106.646, "2010-09-30": 88.014, "2010-06-30": 15.994, "2010-03-31": "11.38800", "2009-12-31": 29.48, "2009-09-30": 32.02, "2009-06-30": 29.933, "2009-03-31": "35.89000", "2008-12-31": 58.079, "2008-09-30": 59.723, "2008-06-30": 32.188, "2008-03-31": "18.34600", "2007-12-31": 7.988, "2007-09-30": 10.633, "2007-06-30": -20.627, "2007-03-31": "15.39900", "2006-12-31": 25.757, "2006-09-30": -4.233, "2006-06-30": -7.029, "2006-03-31": "10.92900", "2005-12-31": -57.261, "2005-09-30": 15.564, "2005-06-30": 10.632, "2005-03-31": "9.53000"}, "Total Non-Cash Items": {"2020-09-30": 335.166, "2020-06-30": 216.731, "2020-03-31": "274.30700", "2019-12-31": 176.378, "2019-09-30": 304.756, "2019-06-30": 238.638, "2019-03-31": "244.43000", "2018-12-31": 507.798, "2018-09-30": 466.081, "2018-06-30": 156.198, "2018-03-31": "209.62400", "2017-12-31": 243.273, "2017-09-30": 647.245, "2017-06-30": 310.723, "2017-03-31": "270.15100", "2016-12-31": 228.3731, "2016-09-30": -169.116, "2016-06-30": 330.293, "2016-03-31": "323.71600", "2015-12-31": 456.4961, "2015-09-30": 177.7029, "2015-06-30": -34.049, "2015-03-31": "469.79700", "2014-12-31": -17.44, "2014-09-30": 176.979, "2014-06-30": 287.191, "2014-03-31": "179.34200", "2013-12-31": 204.543, "2013-09-30": 312.271, "2013-06-30": 106.17, "2013-03-31": "318.97500", "2012-12-31": 187.748, "2012-09-30": 127.91, "2012-06-30": 90.514, "2012-03-31": "87.58700", "2011-12-31": 106.33, "2011-09-30": 101.329, "2011-06-30": 120.288, "2011-03-31": "103.57200", "2010-12-31": 166.717, "2010-09-30": 146.5, "2010-06-30": 74.347, "2010-03-31": "68.85600", "2009-12-31": 86.345, "2009-09-30": 88.833, "2009-06-30": 88.118, "2009-03-31": "93.01300", "2008-12-31": 114.3231, "2008-09-30": 114.693, "2008-06-30": 85.08, "2008-03-31": "71.15700", "2007-12-31": 59.38, "2007-09-30": 59.863, "2007-06-30": 26.431, "2007-03-31": "61.18900", "2006-12-31": 70.966, "2006-09-30": 40.245, "2006-06-30": 34.688, "2006-03-31": "52.82000", "2005-12-31": -14.622, "2005-09-30": 41.936, "2005-06-30": 36.492, "2005-03-31": "34.37800"}, "Change In Accounts Receivable": {"2020-09-30": -27.599, "2020-06-30": 48.16, "2020-03-31": "-32.96600", "2019-12-31": 102.727, "2019-09-30": 105.753, "2019-06-30": -156.145, "2019-03-31": "-132.29200", "2018-12-31": -6.554, "2018-09-30": 27.124, "2018-06-30": -38.045, "2018-03-31": "-63.70100", "2017-12-31": -10.281, "2017-09-30": -32.816, "2017-06-30": -129.376, "2017-03-31": "16.16800", "2016-12-31": -66.58, "2016-09-30": 18.345, "2016-06-30": -25.908, "2016-03-31": "-78.09700", "2015-12-31": -24.719, "2015-09-30": -35.198, "2015-06-30": 8.793, "2015-03-31": "-151.74300", "2014-12-31": -57.286, "2014-09-30": 81.689, "2014-06-30": -10.514, "2014-03-31": "-54.56500", "2013-12-31": -80.496, "2013-09-30": 38.685, "2013-06-30": 74.51, "2013-03-31": "-92.33900", "2012-12-31": 3.676, "2012-09-30": 1.945, "2012-06-30": 18.412, "2012-03-31": "-71.70600", "2011-12-31": -27.365, "2011-09-30": 21.592, "2011-06-30": -62.614, "2011-03-31": "-20.46100", "2010-12-31": 33.699, "2010-09-30": -12.044, "2010-06-30": 33.13, "2010-03-31": "0.59400", "2009-12-31": 35.922, "2009-09-30": -14.162, "2009-06-30": -40.316, "2009-03-31": "-13.75700", "2008-12-31": -19.917, "2008-09-30": -10.026, "2008-06-30": -86.828, "2008-03-31": "-33.16800", "2007-12-31": 48.336, "2007-09-30": -4.998, "2007-06-30": -53.302, "2007-03-31": "25.87500", "2006-12-31": -28.602, "2006-09-30": -43.58, "2006-06-30": 3.003, "2006-03-31": "-5.55800", "2005-12-31": -30.737, "2005-09-30": -15.738, "2005-06-30": -5.358, "2005-03-31": "-10.18800"}, "Change In Inventories": {"2020-09-30": -7.749, "2020-06-30": -2.531, "2020-03-31": "1.83500", "2019-12-31": 0.639, "2019-09-30": -2.023, "2019-06-30": 8.218, "2019-03-31": "3.32400", "2018-12-31": -14.85, "2018-09-30": 16.723, "2018-06-30": 14.011, "2018-03-31": "57.62100", "2017-12-31": -32.897, "2017-09-30": 45.339, "2017-06-30": -22.158, "2017-03-31": "-8.90900", "2016-12-31": 35.965, "2016-09-30": -3.832, "2016-06-30": -4.289, "2016-03-31": "-4.92400", "2015-12-31": -12.457, "2015-09-30": -13.076, "2015-06-30": -13.587, "2015-03-31": "-9.19300", "2014-12-31": -21.2, "2014-09-30": -14.467, "2014-06-30": 1.549, "2014-03-31": "-12.28000", "2013-12-31": -3.477, "2013-09-30": -6.418, "2013-06-30": -1.238, "2013-03-31": "2.16200", "2012-12-31": 2.094, "2012-09-30": 0.245, "2012-06-30": -3.138, "2012-03-31": "4.85100", "2011-12-31": -1.497, "2011-09-30": 2.398, "2011-06-30": 1.94, "2011-03-31": "7.42900", "2010-12-31": -6.933, "2010-09-30": 1.036, "2010-06-30": 0.187, "2010-03-31": "1.81800", "2009-12-31": -0.743, "2009-09-30": -3.186, "2009-06-30": 5.989, "2009-03-31": "13.05500", "2008-12-31": -1.467, "2008-09-30": -0.947, "2008-06-30": -3.8, "2008-03-31": "3.49900", "2007-12-31": -3.873, "2007-09-30": -4.359, "2007-06-30": -0.164, "2007-03-31": "19.66700", "2006-12-31": 10.531, "2006-09-30": -5.836, "2006-06-30": -4.371, "2006-03-31": "-18.91100", "2005-12-31": 14.65, "2005-09-30": -0.142, "2005-06-30": 0.292, "2005-03-31": "-2.82000"}, "Change In Accounts Payable": {"2020-09-30": 16.303, "2020-06-30": 8.187, "2020-03-31": "-24.04500", "2019-12-31": 22.123, "2019-09-30": -37.775, "2019-06-30": -30.35, "2019-03-31": "-38.53700", "2018-12-31": -23.159, "2018-09-30": -48.028, "2018-06-30": 98.058, "2018-03-31": "-62.83000", "2017-12-31": 8.281, "2017-09-30": 74.492, "2017-06-30": -29.683, "2017-03-31": "-26.21400", "2016-12-31": 57.404, "2016-09-30": -68.316, "2016-06-30": 15.027, "2016-03-31": "7.78200", "2015-12-31": 19.525, "2015-09-30": -39.35, "2015-06-30": 61.756, "2015-03-31": "-10.93300", "2014-12-31": -5.288, "2014-09-30": 48.354, "2014-06-30": -3.464, "2014-03-31": "-42.55800", "2013-12-31": 88.247, "2013-09-30": 23.313, "2013-06-30": -10.998, "2013-03-31": "-83.89600", "2012-12-31": 59.078, "2012-09-30": -26.378, "2012-06-30": 28.802, "2012-03-31": "-20.62400", "2011-12-31": 27.748, "2011-09-30": 15.216, "2011-06-30": 14.871, "2011-03-31": "26.56500", "2010-12-31": -91.122, "2010-09-30": 33.095, "2010-06-30": 60.455, "2010-03-31": "1.80000", "2009-12-31": -45.884, "2009-09-30": -7.035, "2009-06-30": 13.451, "2009-03-31": "-65.41100", "2008-12-31": 70.222, "2008-09-30": 5.455, "2008-06-30": 20.962, "2008-03-31": "-39.21700", "2007-12-31": -2.758, "2007-09-30": 24.688, "2007-06-30": 15.241, "2007-03-31": "-46.38700", "2006-12-31": 24.155, "2006-09-30": 37.554, "2006-06-30": 11.726, "2006-03-31": "-32.72300", "2005-12-31": 26.116, "2005-09-30": -2.301, "2005-06-30": 9.919, "2005-03-31": "-4.86500"}, "Change In Assets/Liabilities": {"2020-09-30": 37.225, "2020-06-30": 20.784, "2020-03-31": "-17.60100", "2019-12-31": -5.898, "2019-09-30": 38.04, "2019-06-30": 112.134, "2019-03-31": "15.97300", "2018-12-31": 29.444, "2018-09-30": 78.641, "2018-06-30": -54.46, "2018-03-31": "28.37400", "2017-12-31": -111.018, "2017-09-30": 88.171, "2017-06-30": -5.49, "2017-03-31": "-81.97500", "2016-12-31": 60.665, "2016-09-30": 163.635, "2016-06-30": -25.337, "2016-03-31": "-1.41000", "2015-12-31": 25, "2015-09-30": 33.471, "2015-06-30": 74.136, "2015-03-31": "50.70100", "2014-12-31": -36.098, "2014-09-30": 138.506, "2014-06-30": -100.115, "2014-03-31": "20.95600", "2013-12-31": -71.105, "2013-09-30": 72.315, "2013-06-30": -31.911, "2013-03-31": "84.96000", "2012-12-31": -80.696, "2012-09-30": 20.509, "2012-06-30": 58.066, "2012-03-31": "82.18800", "2011-12-31": -75.096, "2011-09-30": 85.535, "2011-06-30": -32.127, "2011-03-31": "36.50600", "2010-12-31": -51.308, "2010-09-30": -106.508, "2010-06-30": 8.481, "2010-03-31": "-1.18700", "2009-12-31": -8.113, "2009-09-30": -26.58, "2009-06-30": -28.167, "2009-03-31": "-19.86100", "2008-12-31": -27.507, "2008-09-30": -47.863, "2008-06-30": 29.794, "2008-03-31": "9.62500", "2007-12-31": 10.52, "2007-09-30": -54.445, "2007-06-30": 16.065, "2007-03-31": "-41.29600", "2006-12-31": 6.668, "2006-09-30": -14.193, "2006-06-30": 75.128, "2006-03-31": "-18.05600", "2005-12-31": 58.202, "2005-09-30": -21.864, "2005-06-30": 26.293, "2005-03-31": "4.64600"}, "Total Change In Assets/Liabilities": {"2020-09-30": -69.979, "2020-06-30": 179.519, "2020-03-31": "-201.82100", "2019-12-31": 201.19, "2019-09-30": 134.266, "2019-06-30": 44.016, "2019-03-31": "-292.61300", "2018-12-31": -16.563, "2018-09-30": 88.26, "2018-06-30": 99.516, "2018-03-31": "-72.31400", "2017-12-31": -238.936, "2017-09-30": 77.882, "2017-06-30": -322.462, "2017-03-31": "94.73500", "2016-12-31": 74.221, "2016-09-30": 92.589, "2016-06-30": 91.841, "2016-03-31": "-32.87300", "2015-12-31": -54.297, "2015-09-30": 239.986, "2015-06-30": -142.286, "2015-03-31": "16.44000", "2014-12-31": -302.939, "2014-09-30": 451.137, "2014-06-30": -206.221, "2014-03-31": "28.02800", "2013-12-31": -94.629, "2013-09-30": 251.021, "2013-06-30": -82.709, "2013-03-31": "0.49800", "2012-12-31": -171.313, "2012-09-30": 66.174, "2012-06-30": -8.413, "2012-03-31": "79.40400", "2011-12-31": -131.803, "2011-09-30": 232.019, "2011-06-30": -36.543, "2011-03-31": "111.45900", "2010-12-31": -138.611, "2010-09-30": -128.015, "2010-06-30": 97.679, "2010-03-31": "67.99100", "2009-12-31": -59.337, "2009-09-30": -47.616, "2009-06-30": 4.633, "2009-03-31": "-67.03800", "2008-12-31": -25.52, "2008-09-30": -62.236, "2008-06-30": -54.937, "2008-03-31": "-50.17900", "2007-12-31": 79.393, "2007-09-30": -58.54, "2007-06-30": -25.554, "2007-03-31": "-49.74000", "2006-12-31": 45.013, "2006-09-30": -38.164, "2006-06-30": 158.165, "2006-03-31": "-133.85300", "2005-12-31": 133.817, "2005-09-30": -12.544, "2005-06-30": 16.76, "2005-03-31": "20.69400"}, "Cash Flow From Operating Activities": {"2020-09-30": 482.727, "2020-06-30": 651.122, "2020-03-31": "360.38100", "2019-12-31": 680.53, "2019-09-30": 640.71, "2019-06-30": 609.811, "2019-03-31": "141.30400", "2018-12-31": 389.392, "2018-09-30": 457.673, "2018-06-30": 562.036, "2018-03-31": "362.53900", "2017-12-31": 345.016, "2017-09-30": 553.093, "2017-06-30": 149.886, "2017-03-31": "865.17100", "2016-12-31": 490.864, "2016-09-30": 535.623, "2016-06-30": 516.637, "2016-03-31": "429.00200", "2015-12-31": 436.673, "2015-09-30": 678.996, "2015-06-30": 31.442, "2015-03-31": "410.08900", "2014-12-31": -69.991, "2014-09-30": 847.9, "2014-06-30": 262.391, "2014-03-31": "419.10700", "2013-12-31": 354.187, "2013-09-30": 733.128, "2013-06-30": 306.819, "2013-03-31": "379.20700", "2012-12-31": 200.235, "2012-09-30": 366.634, "2012-06-30": 202.105, "2012-03-31": "331.87400", "2011-12-31": 150.659, "2011-09-30": 495.194, "2011-06-30": 204.41, "2011-03-31": "329.78300", "2010-12-31": 120.551, "2010-09-30": 161.366, "2010-06-30": 295.919, "2010-03-31": "261.84700", "2009-12-31": 152.591, "2009-09-30": 167.487, "2009-06-30": 212.383, "2009-03-31": "134.24900", "2008-12-31": 198.549, "2008-09-30": 160.195, "2008-06-30": 147.045, "2008-03-31": "107.91200", "2007-12-31": 271.355, "2007-09-30": 95.778, "2007-06-30": 125.901, "2007-03-31": "88.03100", "2006-12-31": 190.108, "2006-09-30": 96.937, "2006-06-30": 256.09, "2006-03-31": "-23.56400", "2005-12-31": 183.344, "2005-09-30": 84.609, "2005-06-30": 106.195, "2005-03-31": "111.40600"}, "Net Change In Property, Plant, And Equipment": {"2020-09-30": -145.505, "2020-06-30": -97.628, "2020-03-31": "-123.42400", "2019-12-31": -205.59, "2019-09-30": -161.027, "2019-06-30": 3662.438, "2019-03-31": "-184.97500", "2018-12-31": -266.542, "2018-09-30": -212.655, "2018-06-30": -143.828, "2018-03-31": "-213.90800", "2017-12-31": -173.085, "2017-09-30": -311.125, "2017-06-30": -160.781, "2017-03-31": "-167.92300", "2016-12-31": -189.127, "2016-09-30": -216.616, "2016-06-30": -185.44, "2016-03-31": "-173.18700", "2015-12-31": -226.07, "2015-09-30": -171.34, "2015-06-30": -169.452, "2015-03-31": "-121.42100", "2014-12-31": -189.032, "2014-09-30": -164.914, "2014-06-30": -152.031, "2014-03-31": "-126.56200", "2013-12-31": -155.812, "2013-09-30": -141.131, "2013-06-30": -141.672, "2013-03-31": "-116.72400", "2012-12-31": -167.638, "2012-09-30": -128.441, "2012-06-30": -138.049, "2012-03-31": "-112.45900", "2011-12-31": -73.094, "2011-09-30": -96.95, "2011-06-30": -87.399, "2011-03-31": "-67.53000", "2010-12-31": -104.226, "2010-09-30": -70.025, "2010-06-30": -56.766, "2010-03-31": "-42.58500", "2009-12-31": -61.255, "2009-09-30": -67.448, "2009-06-30": -65.002, "2009-03-31": "-73.20300", "2008-12-31": -94.111, "2008-09-30": -78.844, "2008-06-30": -80.334, "2008-03-31": "-64.67300", "2007-12-31": -96.134, "2007-09-30": -71.079, "2007-06-30": -55.555, "2007-03-31": "-49.44400", "2006-12-31": -81.283, "2006-09-30": -66.063, "2006-06-30": -67.371, "2006-03-31": "-47.99100", "2005-12-31": -63.836, "2005-09-30": -31.624, "2005-06-30": -40.28, "2005-03-31": "-25.62500"}, "Net Change In Intangible Assets": {"2020-09-30": 0, "2020-06-30": 0, "2020-03-31": "", "2019-12-31": 0, "2019-09-30": 0, "2019-06-30": 0, "2019-03-31": "", "2018-12-31": 0, "2018-09-30": 0, "2018-06-30": 0, "2018-03-31": "", "2017-12-31": 0, "2017-09-30": 0, "2017-06-30": 0, "2017-03-31": "", "2016-12-31": 0.075, "2016-09-30": -0.075, "2016-06-30": 0, "2016-03-31": "", "2015-12-31": 0, "2015-09-30": 0, "2015-06-30": 0, "2015-03-31": "", "2014-12-31": -0.968, "2014-09-30": -0.04, "2014-06-30": 0.001, "2014-03-31": "-0.01100", "2013-12-31": -2.338, "2013-09-30": -0.046, "2013-06-30": 0.13, "2013-03-31": "-0.13700", "2012-12-31": 0.446, "2012-09-30": -1.276, "2012-06-30": 0, "2012-03-31": "0.00000", "2011-12-31": 0, "2011-09-30": 0, "2011-06-30": 0, "2011-03-31": "", "2010-12-31": 0, "2010-09-30": 0, "2010-06-30": 0, "2010-03-31": "", "2009-12-31": 0, "2009-09-30": 0, "2009-06-30": 0, "2009-03-31": "", "2008-12-31": 0.065, "2008-09-30": 0, "2008-06-30": -0.045, "2008-03-31": "-0.02000", "2007-12-31": -1.735, "2007-09-30": 0, "2007-06-30": -0.501, "2007-03-31": "-0.05500", "2006-12-31": 0.152, "2006-09-30": -0.119, "2006-06-30": -0.615, "2006-03-31": "-5.01500", "2005-12-31": 0.028, "2005-09-30": 0.001, "2005-06-30": -0.385, "2005-03-31": "-0.39500"}, "Net Acquisitions/Divestitures": {"2020-09-30": -68.33, "2020-06-30": -10.16, "2020-03-31": "-34.10700", "2019-12-31": -23.513, "2019-09-30": -11.378, "2019-06-30": -54.696, "2019-03-31": "-11.27400", "2018-12-31": -69.63, "2018-09-30": -24.061, "2018-06-30": -72.883, "2018-03-31": "-16.58200", "2017-12-31": -169.87, "2017-09-30": -14.17, "2017-06-30": -542.603, "2017-03-31": "-77.23600", "2016-12-31": -85.516, "2016-09-30": -22.419, "2016-06-30": -55.424, "2016-03-31": "-400.49700", "2015-12-31": -12.625, "2015-09-30": -42.2, "2015-06-30": -3.559, "2015-03-31": "-38.08500", "2014-12-31": -57.597, "2014-09-30": -116.27, "2014-06-30": -30.426, "2014-03-31": "-67.80100", "2013-12-31": -137.874, "2013-09-30": -84.771, "2013-06-30": -58.608, "2013-03-31": "-29.14100", "2012-12-31": -3877.081, "2012-09-30": -72.245, "2012-06-30": -212.877, "2012-03-31": "-131.87400", "2011-12-31": -201.941, "2011-09-30": -727.259, "2011-06-30": -69.531, "2011-03-31": "-78.71100", "2010-12-31": -46.603, "2010-09-30": -45.152, "2010-06-30": -89.215, "2010-03-31": "15.19500", "2009-12-31": -29.872, "2009-09-30": -20.215, "2009-06-30": -1.901, "2009-03-31": "-35.62900", "2008-12-31": -24.723, "2008-09-30": -30.068, "2008-06-30": -40.99, "2008-03-31": "-5.64800", "2007-12-31": -55.216, "2007-09-30": -71.499, "2007-06-30": -5.549, "2007-03-31": "-0.09100", "2006-12-31": -10.093, "2006-09-30": -5.752, "2006-06-30": -43.369, "2006-03-31": "-5.11100", "2005-12-31": -2773.442, "2005-09-30": -41.43, "2005-06-30": -86.182, "2005-03-31": "-2.50100"}, "Net Change In Short-term Investments": {"2020-09-30": 135.016, "2020-06-30": -140.142, "2020-03-31": "5.68400", "2019-12-31": 89.721, "2019-09-30": -95.348, "2019-06-30": -2.253, "2019-03-31": "0.01200", "2018-12-31": 30.713, "2018-09-30": -31.105, "2018-06-30": -0.004, "2018-03-31": "30.37300", "2017-12-31": 85.548, "2017-09-30": -147.498, "2017-06-30": 322.414, "2017-03-31": "-3.69300", "2016-12-31": 345.6091, "2016-09-30": -257.059, "2016-06-30": -1.039, "2016-03-31": "25.22300", "2015-12-31": 511.5109, "2015-09-30": 16.5091, "2015-06-30": -521.915, "2015-03-31": "-85.35500", "2014-12-31": -196.439, "2014-09-30": -79.47, "2014-06-30": -60.047, "2014-03-31": "-1.56500", "2013-12-31": -2.753, "2013-09-30": -4.378, "2013-06-30": -0.694, "2013-03-31": "-0.12500", "2012-12-31": 7.044, "2012-09-30": -0.377, "2012-06-30": -2.581, "2012-03-31": "6.30200", "2011-12-31": 43.842, "2011-09-30": -0.25, "2011-06-30": -1.57, "2011-03-31": "0.85100", "2010-12-31": -25.961, "2010-09-30": 23.293, "2010-06-30": 3.209, "2010-03-31": "0.35900", "2009-12-31": -5.634, "2009-09-30": -1.554, "2009-06-30": 5.366, "2009-03-31": "10.16900", "2008-12-31": -3.351, "2008-09-30": -0.303, "2008-06-30": -0.426, "2008-03-31": "4.08000", "2007-12-31": 5.284, "2007-09-30": 6.374, "2007-06-30": 3.081, "2007-03-31": "-14.73900", "2006-12-31": 0, "2006-09-30": 0, "2006-06-30": 0, "2006-03-31": "", "2005-12-31": 0, "2005-09-30": 0, "2005-06-30": 0, "2005-03-31": ""}, "Net Change In Long-Term Investments": {"2020-09-30": -1.512, "2020-06-30": 3.122, "2020-03-31": "-11.22300", "2019-12-31": -0.596, "2019-09-30": -2.055, "2019-06-30": -2.439, "2019-03-31": "-4.27600", "2018-12-31": -38.931, "2018-09-30": 29.995, "2018-06-30": -7.765, "2018-03-31": "-2.47600", "2017-12-31": -1.802, "2017-09-30": 218.771, "2017-06-30": -220.65, "2017-03-31": "-1.13500", "2016-12-31": -15.467, "2016-09-30": -2.844, "2016-06-30": 37.985, "2016-03-31": "-5.85000", "2015-12-31": -4.288, "2015-09-30": -6.073, "2015-06-30": -0.124, "2015-03-31": "-7.42600", "2014-12-31": -2.899, "2014-09-30": -27.733, "2014-06-30": -4.75, "2014-03-31": "", "2013-12-31": -1.305, "2013-09-30": 1.032, "2013-06-30": -1.032, "2013-03-31": "", "2012-12-31": -8.47, "2012-09-30": 2.793, "2012-06-30": -0.014, "2012-03-31": "4.33900", "2011-12-31": -35.028, "2011-09-30": 0.008, "2011-06-30": -5.008, "2011-03-31": "0.00200", "2010-12-31": 25.459, "2010-09-30": -23.626, "2010-06-30": -3.468, "2010-03-31": "3.11800", "2009-12-31": -2.169, "2009-09-30": 0, "2009-06-30": -0.26, "2009-03-31": "", "2008-12-31": 19.524, "2008-09-30": 0, "2008-06-30": 0, "2008-03-31": "", "2007-12-31": -54.281, "2007-09-30": 2.728, "2007-06-30": 8.826, "2007-03-31": "4.65000", "2006-12-31": -15.301, "2006-09-30": 4.624, "2006-06-30": 7.346, "2006-03-31": "2.63500", "2005-12-31": -14.294, "2005-09-30": 5.573, "2005-06-30": 6.044, "2005-03-31": "2.67700"}, "Net Change In Investments - Total": {"2020-09-30": 133.504, "2020-06-30": -137.02, "2020-03-31": "-5.53900", "2019-12-31": 89.125, "2019-09-30": -97.403, "2019-06-30": -4.692, "2019-03-31": "-4.26400", "2018-12-31": -8.218, "2018-09-30": -1.11, "2018-06-30": -7.769, "2018-03-31": "27.89700", "2017-12-31": 83.746, "2017-09-30": 71.273, "2017-06-30": 101.764, "2017-03-31": "-4.82800", "2016-12-31": 330.1421, "2016-09-30": -259.903, "2016-06-30": 36.946, "2016-03-31": "19.37300", "2015-12-31": 507.2229, "2015-09-30": 10.436, "2015-06-30": -522.0389, "2015-03-31": "-92.78100", "2014-12-31": -199.338, "2014-09-30": -107.203, "2014-06-30": -64.797, "2014-03-31": "-1.56500", "2013-12-31": -4.058, "2013-09-30": -3.346, "2013-06-30": -1.726, "2013-03-31": "-0.12500", "2012-12-31": -1.426, "2012-09-30": 2.416, "2012-06-30": -2.595, "2012-03-31": "10.64100", "2011-12-31": 8.814, "2011-09-30": -0.242, "2011-06-30": -6.578, "2011-03-31": "0.85300", "2010-12-31": -0.502, "2010-09-30": -0.333, "2010-06-30": -0.259, "2010-03-31": "3.47700", "2009-12-31": -7.803, "2009-09-30": -1.554, "2009-06-30": 5.106, "2009-03-31": "10.16900", "2008-12-31": 16.173, "2008-09-30": -0.303, "2008-06-30": -0.426, "2008-03-31": "4.08000", "2007-12-31": -48.997, "2007-09-30": 9.102, "2007-06-30": 11.907, "2007-03-31": "-10.08900", "2006-12-31": -15.301, "2006-09-30": 4.624, "2006-06-30": 7.346, "2006-03-31": "2.63500", "2005-12-31": -14.294, "2005-09-30": 5.573, "2005-06-30": 6.044, "2005-03-31": "2.67700"}, "Investing Activities - Other": {"2020-09-30": 0.163, "2020-06-30": 0.294, "2020-03-31": "0.44500", "2019-12-31": 1.293, "2019-09-30": 1.141, "2019-06-30": 0, "2019-03-31": "0.15500", "2018-12-31": 0.066, "2018-09-30": 0.571, "2018-06-30": 0.544, "2018-03-31": "2.46500", "2017-12-31": 0.026, "2017-09-30": 0.08, "2017-06-30": 0, "2017-03-31": "", "2016-12-31": 0, "2016-09-30": 0, "2016-06-30": 0, "2016-03-31": "", "2015-12-31": 0.072, "2015-09-30": 0.057, "2015-06-30": 0, "2015-03-31": "", "2014-12-31": 0.391, "2014-09-30": 0.097, "2014-06-30": 0.191, "2014-03-31": "0.14600", "2013-12-31": 0.286, "2013-09-30": 0.095, "2013-06-30": 0, "2013-03-31": "0.11600", "2012-12-31": 0.006, "2012-09-30": 0, "2012-06-30": 0, "2012-03-31": "0.00200", "2011-12-31": 0, "2011-09-30": 0, "2011-06-30": 0.34, "2011-03-31": "", "2010-12-31": 0.011, "2010-09-30": 0, "2010-06-30": 0, "2010-03-31": "0.35000", "2009-12-31": 1.618, "2009-09-30": 0.841, "2009-06-30": 0.088, "2009-03-31": "", "2008-12-31": 1.326, "2008-09-30": 0.289, "2008-06-30": 0.513, "2008-03-31": "", "2007-12-31": -1.808, "2007-09-30": 0, "2007-06-30": 0, "2007-03-31": "", "2006-12-31": 21.263, "2006-09-30": 0, "2006-06-30": 0, "2006-03-31": "", "2005-12-31": 20.308, "2005-09-30": 0, "2005-06-30": 0, "2005-03-31": ""}, "Cash Flow From Investing Activities": {"2020-09-30": -80.168, "2020-06-30": -244.514, "2020-03-31": "-162.62500", "2019-12-31": -138.685, "2019-09-30": -268.667, "2019-06-30": 3603.05, "2019-03-31": "-200.35800", "2018-12-31": -344.324, "2018-09-30": -237.255, "2018-06-30": -223.936, "2018-03-31": "-200.12800", "2017-12-31": -259.183, "2017-09-30": -253.942, "2017-06-30": -601.62, "2017-03-31": "-249.98700", "2016-12-31": 55.574, "2016-09-30": -499.013, "2016-06-30": -203.918, "2016-03-31": "-554.31100", "2015-12-31": 268.6, "2015-09-30": -203.047, "2015-06-30": -695.05, "2015-03-31": "-252.28700", "2014-12-31": -446.544, "2014-09-30": -388.33, "2014-06-30": -247.062, "2014-03-31": "-195.79300", "2013-12-31": -299.796, "2013-09-30": -229.199, "2013-06-30": -201.876, "2013-03-31": "-146.01100", "2012-12-31": -4045.693, "2012-09-30": -199.546, "2012-06-30": -353.521, "2012-03-31": "-233.69000", "2011-12-31": -266.221, "2011-09-30": -824.451, "2011-06-30": -163.168, "2011-03-31": "-145.38800", "2010-12-31": -151.32, "2010-09-30": -115.51, "2010-06-30": -146.24, "2010-03-31": "-23.56300", "2009-12-31": -97.312, "2009-09-30": -88.376, "2009-06-30": -61.709, "2009-03-31": "-98.66300", "2008-12-31": -101.27, "2008-09-30": -108.926, "2008-06-30": -121.282, "2008-03-31": "-66.26100", "2007-12-31": -203.89, "2007-09-30": -133.476, "2007-06-30": -49.698, "2007-03-31": "-59.67900", "2006-12-31": -85.262, "2006-09-30": -67.31, "2006-06-30": -104.009, "2006-03-31": "-55.48200", "2005-12-31": -2831.236, "2005-09-30": -67.48, "2005-06-30": -120.803, "2005-03-31": "-25.84400"}, "Net Long-Term Debt": {"2020-09-30": -1789.532, "2020-06-30": 1222.768, "2020-03-31": "465.83700", "2019-12-31": -114.766, "2019-09-30": -804.934, "2019-06-30": -1517.6853, "2019-03-31": "357.19730", "2018-12-31": -151.0586, "2018-09-30": 274.0527, "2018-06-30": 467.1094, "2018-03-31": "104.67380", "2017-12-31": 263.3125, "2017-09-30": -44.4316, "2017-06-30": -27.8916, "2017-03-31": "-36.14160", "2016-12-31": -25.7305, "2016-09-30": -37.4804, "2016-06-30": -41.2337, "2016-03-31": "-20.18820", "2015-12-31": -96.2891, "2015-09-30": -28.6758, "2015-06-30": 696.4287, "2015-03-31": "-28.43650", "2014-12-31": -39.2891, "2014-09-30": -317.125, "2014-06-30": 413.584, "2014-03-31": "-65.15040", "2013-12-31": -53.7188, "2013-09-30": -132.9219, "2013-06-30": -186.9609, "2013-03-31": "-63.68750", "2012-12-31": 2792.039, "2012-09-30": 1207.2086, "2012-06-30": -13.7012, "2012-03-31": "-23.39840", "2011-12-31": -27.8769, "2011-09-30": 187.3184, "2011-06-30": -14.2715, "2011-03-31": "-17.50980", "2010-12-31": 944.9913, "2010-09-30": -21.5821, "2010-06-30": -223.6123, "2010-03-31": "-25.04100", "2009-12-31": -24.207, "2009-09-30": -14.3936, "2009-06-30": -11.4328, "2009-03-31": "-11.19900", "2008-12-31": -12.3008, "2008-09-30": -1.5967, "2008-06-30": 2.0496, "2008-03-31": "-1.70290", "2007-12-31": -0.9677, "2007-09-30": -2.6543, "2007-06-30": -47.9959, "2007-03-31": "4.31520", "2006-12-31": -74.1348, "2006-09-30": -119.3042, "2006-06-30": -100.308, "2006-03-31": "-113.21200", "2005-12-31": 2784.524, "2005-09-30": -0.953, "2005-06-30": -2.485, "2005-03-31": "-7.48000"}, "Net Current Debt": {"2020-09-30": 0, "2020-06-30": 0, "2020-03-31": "", "2019-12-31": 0, "2019-09-30": 0, "2019-06-30": 0, "2019-03-31": "", "2018-12-31": 0, "2018-09-30": 0, "2018-06-30": 0, "2018-03-31": "", "2017-12-31": 0, "2017-09-30": 0, "2017-06-30": 0, "2017-03-31": "", "2016-12-31": 0, "2016-09-30": 0, "2016-06-30": 0, "2016-03-31": "", "2015-12-31": 0, "2015-09-30": 0, "2015-06-30": 0, "2015-03-31": "", "2014-12-31": 0, "2014-09-30": 0, "2014-06-30": 0, "2014-03-31": "", "2013-12-31": 0, "2013-09-30": 0, "2013-06-30": 0, "2013-03-31": "", "2012-12-31": 0, "2012-09-30": 0, "2012-06-30": 0, "2012-03-31": "", "2011-12-31": 0, "2011-09-30": 0, "2011-06-30": 0, "2011-03-31": "", "2010-12-31": 0, "2010-09-30": 0, "2010-06-30": 0, "2010-03-31": "", "2009-12-31": 0, "2009-09-30": 0, "2009-06-30": 0, "2009-03-31": "", "2008-12-31": 0, "2008-09-30": 0, "2008-06-30": 0, "2008-03-31": "", "2007-12-31": 0, "2007-09-30": 0, "2007-06-30": 0, "2007-03-31": "", "2006-12-31": 0, "2006-09-30": 0, "2006-06-30": 0, "2006-03-31": "", "2005-12-31": 0, "2005-09-30": 0, "2005-06-30": 0, "2005-03-31": ""}, "Debt Issuance/Retirement Net - Total": {"2020-09-30": -1789.532, "2020-06-30": 1222.768, "2020-03-31": "465.83700", "2019-12-31": -114.766, "2019-09-30": -804.934, "2019-06-30": -1517.6853, "2019-03-31": "357.19730", "2018-12-31": -151.0586, "2018-09-30": 274.0527, "2018-06-30": 467.1094, "2018-03-31": "104.67380", "2017-12-31": 263.3125, "2017-09-30": -44.4316, "2017-06-30": -27.8916, "2017-03-31": "-36.14160", "2016-12-31": -25.7305, "2016-09-30": -37.4804, "2016-06-30": -41.2337, "2016-03-31": "-20.18820", "2015-12-31": -96.2891, "2015-09-30": -28.6758, "2015-06-30": 696.4287, "2015-03-31": "-28.43650", "2014-12-31": -39.2891, "2014-09-30": -317.125, "2014-06-30": 413.584, "2014-03-31": "-65.15040", "2013-12-31": -53.7188, "2013-09-30": -132.9219, "2013-06-30": -186.9609, "2013-03-31": "-63.68750", "2012-12-31": 2792.039, "2012-09-30": 1207.2086, "2012-06-30": -13.7012, "2012-03-31": "-23.39840", "2011-12-31": -27.8769, "2011-09-30": 187.3184, "2011-06-30": -14.2715, "2011-03-31": "-17.50980", "2010-12-31": 944.9913, "2010-09-30": -21.5821, "2010-06-30": -223.6123, "2010-03-31": "-25.04100", "2009-12-31": -24.207, "2009-09-30": -14.3936, "2009-06-30": -11.4328, "2009-03-31": "-11.19900", "2008-12-31": -12.3008, "2008-09-30": -1.5967, "2008-06-30": 2.0496, "2008-03-31": "-1.70290", "2007-12-31": -0.9677, "2007-09-30": -2.6543, "2007-06-30": -47.9959, "2007-03-31": "4.31520", "2006-12-31": -74.1348, "2006-09-30": -119.3042, "2006-06-30": -100.308, "2006-03-31": "-113.21200", "2005-12-31": 2784.524, "2005-09-30": -0.953, "2005-06-30": -2.485, "2005-03-31": "-7.48000"}, "Net Common Equity Issued/Repurchased": {"2020-09-30": -698.136, "2020-06-30": -326.301, "2020-03-31": "2.39700", "2019-12-31": -542.745, "2019-09-30": -1758.718, "2019-06-30": -72.488, "2019-03-31": "1.51700", "2018-12-31": 4.774, "2018-09-30": -350.661, "2018-06-30": -510.485, "2018-03-31": "-291.56200", "2017-12-31": -476.067, "2017-09-30": -82.119, "2017-06-30": -226.841, "2017-03-31": "3.33000", "2016-12-31": -471.896, "2016-09-30": -336.922, "2016-06-30": 6.298, "2016-03-31": "-271.75900", "2015-12-31": -159.472, "2015-09-30": -284.875, "2015-06-30": -15.018, "2015-03-31": "-64.41500", "2014-12-31": 4.976, "2014-09-30": 7.25, "2014-06-30": 3.824, "2014-03-31": "3.45000", "2013-12-31": 3.991, "2013-09-30": 3.613, "2013-06-30": 2.986, "2013-03-31": "5.83300", "2012-12-31": -1.748, "2012-09-30": 3.55, "2012-06-30": 3.182, "2012-03-31": "1.66300", "2011-12-31": 1.43, "2011-09-30": -30.279, "2011-06-30": -286.593, "2011-03-31": "3.41000", "2010-12-31": -455.483, "2010-09-30": -43.318, "2010-06-30": -87.008, "2010-03-31": "21.07300", "2009-12-31": -54.673, "2009-09-30": -15.589, "2009-06-30": 7.589, "2009-03-31": "-22.91400", "2008-12-31": -56.465, "2008-09-30": 20.9, "2008-06-30": -158.284, "2008-03-31": "1.38100", "2007-12-31": 15.146, "2007-09-30": 21.868, "2007-06-30": 7.401, "2007-03-31": "12.13700", "2006-12-31": 9.406, "2006-09-30": 5.246, "2006-06-30": 4.878, "2006-03-31": "21.06300", "2005-12-31": 5.306, "2005-09-30": 8.841, "2005-06-30": 12.741, "2005-03-31": "17.03100"}, "Net Total Equity Issued/Repurchased": {"2020-09-30": -698.136, "2020-06-30": -326.301, "2020-03-31": "2.39700", "2019-12-31": -542.745, "2019-09-30": -1758.718, "2019-06-30": -72.488, "2019-03-31": "1.51700", "2018-12-31": 4.774, "2018-09-30": -350.661, "2018-06-30": -510.485, "2018-03-31": "-291.56200", "2017-12-31": -476.067, "2017-09-30": -82.119, "2017-06-30": -226.841, "2017-03-31": "3.33000", "2016-12-31": -471.896, "2016-09-30": -336.922, "2016-06-30": 6.298, "2016-03-31": "-271.75900", "2015-12-31": -159.472, "2015-09-30": -284.875, "2015-06-30": -15.018, "2015-03-31": "-64.41500", "2014-12-31": 4.976, "2014-09-30": 7.25, "2014-06-30": 3.824, "2014-03-31": "3.45000", "2013-12-31": 3.991, "2013-09-30": 3.613, "2013-06-30": 2.986, "2013-03-31": "5.83300", "2012-12-31": -1.748, "2012-09-30": 3.55, "2012-06-30": 3.182, "2012-03-31": "1.66300", "2011-12-31": 1.43, "2011-09-30": -30.279, "2011-06-30": -286.593, "2011-03-31": "3.41000", "2010-12-31": -455.483, "2010-09-30": -43.318, "2010-06-30": -87.008, "2010-03-31": "21.07300", "2009-12-31": -54.673, "2009-09-30": -15.589, "2009-06-30": 7.589, "2009-03-31": "-22.91400", "2008-12-31": -56.465, "2008-09-30": 20.9, "2008-06-30": -158.284, "2008-03-31": "1.38100", "2007-12-31": 15.146, "2007-09-30": 21.868, "2007-06-30": 7.401, "2007-03-31": "12.13700", "2006-12-31": 9.406, "2006-09-30": 5.246, "2006-06-30": 4.878, "2006-03-31": "21.06300", "2005-12-31": 5.306, "2005-09-30": 8.841, "2005-06-30": 12.741, "2005-03-31": "17.03100"}, "Total Common And Preferred Stock Dividends Paid": {"2020-09-30": 0, "2020-06-30": 0, "2020-03-31": "", "2019-12-31": 0, "2019-09-30": 0, "2019-06-30": 0, "2019-03-31": "", "2018-12-31": 0, "2018-09-30": 0, "2018-06-30": 0, "2018-03-31": "", "2017-12-31": 0, "2017-09-30": 0, "2017-06-30": 0, "2017-03-31": "", "2016-12-31": 0, "2016-09-30": 0, "2016-06-30": 0, "2016-03-31": "", "2015-12-31": 0, "2015-09-30": 0, "2015-06-30": 0, "2015-03-31": "", "2014-12-31": 0, "2014-09-30": 0, "2014-06-30": 0, "2014-03-31": "", "2013-12-31": 0, "2013-09-30": 0, "2013-06-30": 0, "2013-03-31": "", "2012-12-31": 0, "2012-09-30": 0, "2012-06-30": 0, "2012-03-31": "", "2011-12-31": 0, "2011-09-30": 0, "2011-06-30": 0, "2011-03-31": "", "2010-12-31": 0, "2010-09-30": 0, "2010-06-30": 0, "2010-03-31": "", "2009-12-31": 0, "2009-09-30": 0, "2009-06-30": 0, "2009-03-31": "", "2008-12-31": 0, "2008-09-30": 0, "2008-06-30": 0, "2008-03-31": "", "2007-12-31": 0, "2007-09-30": 0, "2007-06-30": 0, "2007-03-31": "", "2006-12-31": 0, "2006-09-30": 0, "2006-06-30": 0, "2006-03-31": "", "2005-12-31": 0, "2005-09-30": 0, "2005-06-30": 0, "2005-03-31": ""}, "Financial Activities - Other": {"2020-09-30": -133.603, "2020-06-30": 246.114, "2020-03-31": "-371.24200", "2019-12-31": -35.174, "2019-09-30": -129.557, "2019-06-30": -45.331, "2019-03-31": "-33.76300", "2018-12-31": -55.73, "2018-09-30": -40.822, "2018-06-30": -39.987, "2018-03-31": "-35.65800", "2017-12-31": -23.669, "2017-09-30": -38.104, "2017-06-30": -51.509, "2017-03-31": "-26.12600", "2016-12-31": -46.381, "2016-09-30": -30.019, "2016-06-30": -35.522, "2016-03-31": "-41.15000", "2015-12-31": 2.914, "2015-09-30": -47.664, "2015-06-30": -95.449, "2015-03-31": "-18.01700", "2014-12-31": -11.659, "2014-09-30": -45.779, "2014-06-30": -118.637, "2014-03-31": "-0.42500", "2013-12-31": -29.043, "2013-09-30": -21.164, "2013-06-30": -2.381, "2013-03-31": "-9.53800", "2012-12-31": 1207.55, "2012-09-30": -1269.248, "2012-06-30": -13.791, "2012-03-31": "-20.92200", "2011-12-31": -5.444, "2011-09-30": -16.403, "2011-06-30": -16.562, "2011-03-31": "-24.40200", "2010-12-31": -133.187, "2010-09-30": -21.108, "2010-06-30": -20.251, "2010-03-31": "-17.86600", "2009-12-31": -18.62, "2009-09-30": -11.562, "2009-06-30": -8.4, "2009-03-31": "-6.67100", "2008-12-31": -5.579, "2008-09-30": -9.612, "2008-06-30": -21.858, "2008-03-31": "-9.05900", "2007-12-31": -25.898, "2007-09-30": 12.882, "2007-06-30": 4.91, "2007-03-31": "1.37800", "2006-12-31": 9.807, "2006-09-30": 5.39, "2006-06-30": 3.522, "2006-03-31": "18.53000", "2005-12-31": -47.323, "2005-09-30": -0.582, "2005-06-30": -0.766, "2005-03-31": "-29.21300"}, "Cash Flow From Financial Activities": {"2020-09-30": -2621.271, "2020-06-30": 1142.581, "2020-03-31": "96.99200", "2019-12-31": -692.686, "2019-09-30": -2693.211, "2019-06-30": -1635.504, "2019-03-31": "324.95100", "2018-12-31": -202.015, "2018-09-30": -117.43, "2018-06-30": -83.362, "2018-03-31": "-222.54700", "2017-12-31": -236.425, "2017-09-30": -164.654, "2017-06-30": -306.241, "2017-03-31": "-58.93700", "2016-12-31": -544.005, "2016-09-30": -404.422, "2016-06-30": -70.457, "2016-03-31": "-333.09700", "2015-12-31": -252.849, "2015-09-30": -361.214, "2015-06-30": 585.961, "2015-03-31": "-110.86800", "2014-12-31": -45.97, "2014-09-30": -355.657, "2014-06-30": 298.773, "2014-03-31": "-62.12500", "2013-12-31": -78.768, "2013-09-30": -150.474, "2013-06-30": -186.357, "2013-03-31": "-67.39200", "2012-12-31": 3997.841, "2012-09-30": -58.49, "2012-06-30": -24.31, "2012-03-31": "-42.65700", "2011-12-31": -31.892, "2011-09-30": 140.638, "2011-06-30": -317.427, "2011-03-31": "-38.50200", "2010-12-31": 356.321, "2010-09-30": -86.007, "2010-06-30": -330.872, "2010-03-31": "-21.83400", "2009-12-31": -97.5, "2009-09-30": -41.544, "2009-06-30": -12.244, "2009-03-31": "-40.78400", "2008-12-31": -74.345, "2008-09-30": 9.692, "2008-06-30": -178.093, "2008-03-31": "-9.38100", "2007-12-31": -11.724, "2007-09-30": 32.101, "2007-06-30": -35.685, "2007-03-31": "17.83000", "2006-12-31": -54.922, "2006-09-30": -108.668, "2006-06-30": -91.908, "2006-03-31": "-73.61900", "2005-12-31": 2742.507, "2005-09-30": 7.306, "2005-06-30": 9.49, "2005-03-31": "-19.66200"}, "Net Cash Flow": {"2020-09-30": -2218.382, "2020-06-30": 1547.231, "2020-03-31": "279.77000", "2019-12-31": -148.423, "2019-09-30": -2325.269, "2019-06-30": 3120.976, "2019-03-31": "146.01400", "2018-12-31": -124.735, "2018-09-30": 60.007, "2018-06-30": 32.53, "2018-03-31": "-71.30200", "2017-12-31": -20.067, "2017-09-30": 85.78, "2017-06-30": -764.83, "2017-03-31": "534.57400", "2016-12-31": 24.166, "2016-09-30": -369.92, "2016-06-30": 241.989, "2016-03-31": "-457.68900", "2015-12-31": 425.842, "2015-09-30": 113.684, "2015-06-30": -77.536, "2015-03-31": "46.03000", "2014-12-31": -561.794, "2014-09-30": 106.062, "2014-06-30": 312.904, "2014-03-31": "161.82000", "2013-12-31": -24.445, "2013-09-30": 352.79, "2013-06-30": -81.767, "2013-03-31": "165.92300", "2012-12-31": 151.554, "2012-09-30": 108.749, "2012-06-30": -175.845, "2012-03-31": "55.53800", "2011-12-31": -147.454, "2011-09-30": -188.619, "2011-06-30": -276.185, "2011-03-31": "145.89300", "2010-12-31": 325.552, "2010-09-30": -40.151, "2010-06-30": -181.193, "2010-03-31": "216.45000", "2009-12-31": -42.221, "2009-09-30": 37.567, "2009-06-30": 138.43, "2009-03-31": "-5.19800", "2008-12-31": 22.934, "2008-09-30": 60.961, "2008-06-30": -152.33, "2008-03-31": "32.27000", "2007-12-31": 55.741, "2007-09-30": -5.597, "2007-06-30": 40.518, "2007-03-31": "46.18200", "2006-12-31": 49.924, "2006-09-30": -79.041, "2006-06-30": 60.173, "2006-03-31": "-152.66500", "2005-12-31": 94.615, "2005-09-30": 24.435, "2005-06-30": -5.118, "2005-03-31": "65.90000"}, "Stock-Based Compensation": {"2020-09-30": 25.092, "2020-06-30": 22.255, "2020-03-31": "19.87000", "2019-12-31": 20.039, "2019-09-30": 18.766, "2019-06-30": 16.935, "2019-03-31": "12.11000", "2018-12-31": 13.456, "2018-09-30": 39.744, "2018-06-30": 10.176, "2018-03-31": "9.68500", "2017-12-31": 6.614, "2017-09-30": 10.974, "2017-06-30": 7.903, "2017-03-31": "9.60100", "2016-12-31": 8.521, "2016-09-30": 6.1, "2016-06-30": 10.62, "2016-03-31": "13.09700", "2015-12-31": 13.87, "2015-09-30": 14.495, "2015-06-30": 15.537, "2015-03-31": "12.76200", "2014-12-31": 12.42, "2014-09-30": 14.624, "2014-06-30": 14.625, "2014-03-31": "15.07400", "2013-12-31": 12.903, "2013-09-30": 14.829, "2013-06-30": 16.245, "2013-03-31": "16.02100", "2012-12-31": 10.527, "2012-09-30": 10.513, "2012-06-30": 11.794, "2012-03-31": "12.55000", "2011-12-31": 12.326, "2011-09-30": 13.334, "2011-06-30": 13.342, "2011-03-31": "9.71600", "2010-12-31": 12.059, "2010-09-30": 11.093, "2010-06-30": 12.166, "2010-03-31": "10.23300", "2009-12-31": 10.572, "2009-09-30": 11.438, "2009-06-30": 11.403, "2009-03-31": "11.00900", "2008-12-31": 11.26, "2008-09-30": 10.759, "2008-06-30": 9.668, "2008-03-31": "9.54800", "2007-12-31": 8.889, "2007-09-30": 8.934, "2007-06-30": 8.624, "2007-03-31": "7.70200", "2006-12-31": 7.493, "2006-09-30": 7.441, "2006-06-30": 5.763, "2006-03-31": "5.69200", "2005-12-31": 0.752, "2005-09-30": 0.739, "2005-06-30": 1.021, "2005-03-31": "0.84100"}, "Common Stock Dividends Paid": {"2020-09-30": 0, "2020-06-30": 0, "2020-03-31": "", "2019-12-31": 0, "2019-09-30": 0, "2019-06-30": 0, "2019-03-31": "", "2018-12-31": 0, "2018-09-30": 0, "2018-06-30": 0, "2018-03-31": "", "2017-12-31": 0, "2017-09-30": 0, "2017-06-30": 0, "2017-03-31": "", "2016-12-31": 0, "2016-09-30": 0, "2016-06-30": 0, "2016-03-31": "", "2015-12-31": 0, "2015-09-30": 0, "2015-06-30": 0, "2015-03-31": "", "2014-12-31": 0, "2014-09-30": 0, "2014-06-30": 0, "2014-03-31": "", "2013-12-31": 0, "2013-09-30": 0, "2013-06-30": 0, "2013-03-31": "", "2012-12-31": 0, "2012-09-30": 0, "2012-06-30": 0, "2012-03-31": "", "2011-12-31": 0, "2011-09-30": 0, "2011-06-30": 0, "2011-03-31": "", "2010-12-31": 0, "2010-09-30": 0, "2010-06-30": 0, "2010-03-31": "", "2009-12-31": 0, "2009-09-30": 0, "2009-06-30": 0, "2009-03-31": "", "2008-12-31": 0, "2008-09-30": 0, "2008-06-30": 0, "2008-03-31": "", "2007-12-31": 0, "2007-09-30": 0, "2007-06-30": 0, "2007-03-31": "", "2006-12-31": 0, "2006-09-30": 0, "2006-06-30": 0, "2006-03-31": "", "2005-12-31": 0, "2005-09-30": 0, "2005-06-30": 0, "2005-03-31": ""}}, "financial ratios": {"Current Ratio": {"2019-12-31": "1.55570", "2018-12-31": "1.72230", "2017-12-31": "2.85920", "2016-12-31": "1.47360", "2015-12-31": "1.87700", "2014-12-31": "1.74090", "2013-12-31": "1.41030", "2012-12-31": "1.43180", "2011-12-31": "1.96890", "2010-12-31": "2.83750", "2009-12-31": "2.19930", "2008-12-31": "1.82990", "2007-12-31": "1.81890", "2006-12-31": "1.53710", "2005-12-31": "1.67160"}, "Long-term Debt / Capital": {"2019-12-31": "0.77480", "2018-12-31": "0.67650", "2017-12-31": "0.65210", "2016-12-31": "0.64840", "2015-12-31": "0.63900", "2014-12-31": "0.60760", "2013-12-31": "0.63870", "2012-12-31": "0.68010", "2011-12-31": "0.66080", "2010-12-31": "0.67510", "2009-12-31": "0.61680", "2008-12-31": "0.66470", "2007-12-31": "0.68020", "2006-12-31": "0.74960", "2005-12-31": "0.82770"}, "Debt/Equity Ratio": {"2019-12-31": "3.49610", "2018-12-31": "2.58470", "2017-12-31": "1.91080", "2016-12-31": "1.87740", "2015-12-31": "1.79580", "2014-12-31": "1.57060", "2013-12-31": "1.82730", "2012-12-31": "2.18530", "2011-12-31": "1.98620", "2010-12-31": "2.11510", "2009-12-31": "1.65540", "2008-12-31": "2.02260", "2007-12-31": "2.14020", "2006-12-31": "3.01080", "2005-12-31": "4.88730"}, "Gross Margin": {"2019-12-31": "30.50450", "2018-12-31": "28.14010", "2017-12-31": "29.75760", "2016-12-31": "30.59440", "2015-12-31": "31.31740", "2014-12-31": "28.72820", "2013-12-31": "30.30990", "2012-12-31": "31.79380", "2011-12-31": "31.16830", "2010-12-31": "28.80800", "2009-12-31": "30.46400", "2008-12-31": "30.73560", "2007-12-31": "31.79630", "2006-12-31": "30.53500", "2005-12-31": "31.56360"}, "Operating Margin": {"2019-12-31": "14.42960", "2018-12-31": "13.37870", "2017-12-31": "16.66650", "2016-12-31": "18.95600", "2015-12-31": "11.38790", "2014-12-31": "14.18620", "2013-12-31": "13.17690", "2012-12-31": "15.84460", "2011-12-31": "17.15310", "2010-12-31": "15.97860", "2009-12-31": "15.40210", "2008-12-31": "15.35460", "2007-12-31": "17.26610", "2006-12-31": "15.15020", "2005-12-31": "15.64840"}, "EBIT Margin": {"2019-12-31": "14.42960", "2018-12-31": "13.37870", "2017-12-31": "16.66650", "2016-12-31": "18.95600", "2015-12-31": "11.38790", "2014-12-31": "14.18620", "2013-12-31": "13.17690", "2012-12-31": "15.84460", "2011-12-31": "17.15310", "2010-12-31": "15.97860", "2009-12-31": "15.40210", "2008-12-31": "15.35460", "2007-12-31": "17.26610", "2006-12-31": "15.15020", "2005-12-31": "15.64840"}, "EBITDA Margin": {"2019-12-31": "19.83120", "2018-12-31": "18.56100", "2017-12-31": "23.81470", "2016-12-31": "25.68270", "2015-12-31": "17.77950", "2014-12-31": "18.80470", "2013-12-31": "17.66610", "2012-12-31": "20.04560", "2011-12-31": "21.12400", "2010-12-31": "19.74700", "2009-12-31": "19.15560", "2008-12-31": "19.18690", "2007-12-31": "20.94130", "2006-12-31": "18.70090", "2005-12-31": "19.67410"}, "Pre-Tax Profit Margin": {"2019-12-31": "10.49690", "2018-12-31": "9.19330", "2017-12-31": "12.86970", "2016-12-31": "15.15860", "2015-12-31": "6.89610", "2014-12-31": "10.23570", "2013-12-31": "9.56280", "2012-12-31": "12.23150", "2011-12-31": "13.61600", "2010-12-31": "11.91780", "2009-12-31": "12.41800", "2008-12-31": "11.60370", "2007-12-31": "12.80780", "2006-12-31": "9.74780", "2005-12-31": "11.13340"}, "Net Profit Margin": {"2019-12-31": "7.12110", "2018-12-31": "1.39760", "2017-12-31": "6.10130", "2016-12-31": "8.21740", "2015-12-31": "2.70210", "2014-12-31": "5.65150", "2013-12-31": "5.38460", "2012-12-31": "6.54770", "2011-12-31": "7.10060", "2010-12-31": "6.52260", "2009-12-31": "6.92850", "2008-12-31": "6.61040", "2007-12-31": "7.25240", "2006-12-31": "5.93550", "2005-12-31": "7.68830"}, "Asset Turnover": {"2019-12-31": "0.65790", "2018-12-31": "0.59680", "2017-12-31": "0.57320", "2016-12-31": "0.57090", "2015-12-31": "0.53910", "2014-12-31": "0.72630", "2013-12-31": "0.68800", "2012-12-31": "0.51120", "2011-12-31": "0.75610", "2010-12-31": "0.76650", "2009-12-31": "0.80720", "2008-12-31": "0.77680", "2007-12-31": "0.75810", "2006-12-31": "0.75180", "2005-12-31": "0.47360"}, "Inventory Turnover Ratio": {"2019-12-31": "80.80210", "2018-12-31": "76.32180", "2017-12-31": "42.02450", "2016-12-31": "46.32610", "2015-12-31": "36.94500", "2014-12-31": "67.01230", "2013-12-31": "92.31890", "2012-12-31": "71.46850", "2011-12-31": "61.18530", "2010-12-31": "58.25520", "2009-12-31": "60.56660", "2008-12-31": "46.57600", "2007-12-31": "44.78250", "2006-12-31": "38.04300", "2005-12-31": "29.44080"}, "Receiveable Turnover": {"2019-12-31": "4.94060", "2018-12-31": "4.75790", "2017-12-31": "5.02740", "2016-12-31": "5.97480", "2015-12-31": "4.49610", "2014-12-31": "6.36380", "2013-12-31": "6.37770", "2012-12-31": "4.69850", "2011-12-31": "4.55890", "2010-12-31": "4.46280", "2009-12-31": "4.45510", "2008-12-31": "4.20280", "2007-12-31": "4.67220", "2006-12-31": "4.51400", "2005-12-31": "3.06530"}, "Days Sales In Receivables": {"2019-12-31": "73.87720", "2018-12-31": "76.71400", "2017-12-31": "72.60150", "2016-12-31": "61.09000", "2015-12-31": "81.18080", "2014-12-31": "57.35560", "2013-12-31": "57.23090", "2012-12-31": "77.68440", "2011-12-31": "80.06330", "2010-12-31": "81.78810", "2009-12-31": "81.92830", "2008-12-31": "86.84620", "2007-12-31": "78.12140", "2006-12-31": "80.85950", "2005-12-31": "119.07380"}, "ROE - Return On Equity": {"2019-12-31": "39.48750", "2018-12-31": "20.21490", "2017-12-31": "22.02030", "2016-12-31": "24.56510", "2015-12-31": "9.45830", "2014-12-31": "16.10600", "2013-12-31": "16.15370", "2012-12-31": "16.37660", "2011-12-31": "26.07060", "2010-12-31": "23.67860", "2009-12-31": "21.84740", "2008-12-31": "23.06200", "2007-12-31": "24.74490", "2006-12-31": "23.22200", "2005-12-31": "24.38510"}, "Return On Tangible Equity": {"2019-12-31": "-19.89130", "2018-12-31": "-25.88380", "2017-12-31": "-58.53660", "2016-12-31": "-96.14290", "2015-12-31": "-8.15370", "2014-12-31": "-14.58370", "2013-12-31": "-11.21810", "2012-12-31": "-8.95400", "2011-12-31": "-20.83300", "2010-12-31": "-21.75940", "2009-12-31": "-25.31280", "2008-12-31": "-19.05950", "2007-12-31": "-19.31930", "2006-12-31": "-11.01930", "2005-12-31": "-6.96110"}, "ROA - Return On Assets": {"2019-12-31": "5.29020", "2018-12-31": "4.13430", "2017-12-31": "5.67040", "2016-12-31": "6.35190", "2015-12-31": "2.59720", "2014-12-31": "4.90040", "2013-12-31": "4.35100", "2012-12-31": "4.00550", "2011-12-31": "6.64110", "2010-12-31": "5.94450", "2009-12-31": "6.34230", "2008-12-31": "5.78250", "2007-12-31": "6.17290", "2006-12-31": "4.45680", "2005-12-31": "3.30300"}, "ROI - Return On Investment": {"2019-12-31": "8.89420", "2018-12-31": "6.53970", "2017-12-31": "7.66110", "2016-12-31": "8.63640", "2015-12-31": "3.41400", "2014-12-31": "6.32060", "2013-12-31": "5.83650", "2012-12-31": "5.23920", "2011-12-31": "8.84440", "2010-12-31": "7.69200", "2009-12-31": "8.37120", "2008-12-31": "7.73160", "2007-12-31": "7.91420", "2006-12-31": "5.81410", "2005-12-31": "4.20220"}, "Book Value Per Share": {"2019-12-31": "18.42970", "2018-12-31": "23.48980", "2017-12-31": "26.77850", "2016-12-31": "24.92750", "2015-12-31": "24.23870", "2014-12-31": "24.85760", "2013-12-31": "21.60570", "2012-12-31": "18.56390", "2011-12-31": "12.11080", "2010-12-31": "10.60990", "2009-12-31": "10.64480", "2008-12-31": "8.80400", "2007-12-31": "8.08480", "2006-12-31": "5.95360", "2005-12-31": "4.17230"}, "Operating Cash Flow Per Share": {"2019-12-31": 3.1949, "2018-12-31": 0.2801, "2017-12-31": 0.3737, "2016-12-31": 2.4237, "2015-12-31": 0.4733, "2014-12-31": -1.5296, "2013-12-31": 2.639, "2012-12-31": -0.494, "2011-12-31": 2.0384, "2010-12-31": 0.8736, "2009-12-31": 0.3037, "2008-12-31": 0.1918, "2007-12-31": 0.2491, "2006-12-31": 0.1227, "2005-12-31": 2.3329}, "Free Cash Flow Per Share": {"2019-12-31": 28.2755, "2018-12-31": -0.3272, "2017-12-31": -0.1442, "2016-12-31": 1.8761, "2015-12-31": 0.2064, "2014-12-31": -1.8597, "2013-12-31": 2.8427, "2012-12-31": -1.6003, "2011-12-31": 1.6826, "2010-12-31": 0.8274, "2009-12-31": 0.5232, "2008-12-31": -0.0418, "2007-12-31": 0.2236, "2006-12-31": -0.3436, "2005-12-31": 1.5576}}, "financial ratios, quarterly": {"Current Ratio": {"2020-09-30": "1.37230", "2020-06-30": "1.35210", "2020-03-31": "1.81200", "2019-12-31": "1.55570", "2019-09-30": "1.81210", "2019-06-30": "1.11980", "2019-03-31": "1.12080", "2018-12-31": "1.72230", "2018-09-30": "1.83920", "2018-06-30": "1.89920", "2018-03-31": "2.94270", "2017-12-31": "2.85920", "2017-09-30": "1.40310", "2017-06-30": "1.45090", "2017-03-31": "1.63630", "2016-12-31": "1.47360", "2016-09-30": "1.61450", "2016-06-30": "1.69950", "2016-03-31": "1.71860", "2015-12-31": "1.87700", "2015-09-30": "1.96550", "2015-06-30": "2.04810", "2015-03-31": "1.60510", "2014-12-31": "1.74090", "2014-09-30": "1.60860", "2014-06-30": "1.59550", "2014-03-31": "1.44470", "2013-12-31": "1.41030", "2013-09-30": "1.37840", "2013-06-30": "1.41400", "2013-03-31": "1.37240", "2012-12-31": "1.43180", "2012-09-30": "1.73970", "2012-06-30": "1.76290", "2012-03-31": "1.91160", "2011-12-31": "1.96890", "2011-09-30": "1.96540", "2011-06-30": "2.42690", "2011-03-31": "2.70700", "2010-12-31": "2.83750", "2010-09-30": "2.03460", "2010-06-30": "2.02460", "2010-03-31": "2.34970", "2009-12-31": "2.19930", "2009-09-30": "2.07320", "2009-06-30": "2.01420", "2009-03-31": "1.97880", "2008-12-31": "1.82990", "2008-09-30": "1.83670", "2008-06-30": "1.73060", "2008-03-31": "1.88510", "2007-12-31": "1.81890", "2007-09-30": "1.84390", "2007-06-30": "1.75830", "2007-03-31": "1.67590", "2006-12-31": "1.53710", "2006-09-30": "1.59620", "2006-06-30": "1.66110", "2006-03-31": "1.85430", "2005-12-31": "1.67160", "2005-09-30": "2.18510", "2005-06-30": "2.13400", "2005-03-31": "2.22220"}, "Long-term Debt / Capital": {"2020-09-30": "0.81770", "2020-06-30": "0.77180", "2020-03-31": "0.79830", "2019-12-31": "0.77480", "2019-09-30": "0.76130", "2019-06-30": "0.55900", "2019-03-31": "0.58610", "2018-12-31": "0.67650", "2018-09-30": "0.67690", "2018-06-30": "0.64580", "2018-03-31": "0.65990", "2017-12-31": "0.65210", "2017-09-30": "0.64190", "2017-06-30": "0.62830", "2017-03-31": "0.62550", "2016-12-31": "0.64840", "2016-09-30": "0.63670", "2016-06-30": "0.64370", "2016-03-31": "0.64600", "2015-12-31": "0.63900", "2015-09-30": "0.63630", "2015-06-30": "0.62990", "2015-03-31": "0.61840", "2014-12-31": "0.60760", "2014-09-30": "0.61930", "2014-06-30": "0.62860", "2014-03-31": "0.62530", "2013-12-31": "0.63870", "2013-09-30": "0.64830", "2013-06-30": "0.65790", "2013-03-31": "0.67660", "2012-12-31": "0.68010", "2012-09-30": "0.67790", "2012-06-30": "0.63660", "2012-03-31": "0.64700", "2011-12-31": "0.66080", "2011-09-30": "0.67960", "2011-06-30": "0.68390", "2011-03-31": "0.66380", "2010-12-31": "0.67510", "2010-09-30": "0.57880", "2010-06-30": "0.58240", "2010-03-31": "0.60220", "2009-12-31": "0.61680", "2009-09-30": "0.62450", "2009-06-30": "0.63510", "2009-03-31": "0.65170", "2008-12-31": "0.66470", "2008-09-30": "0.65650", "2008-06-30": "0.67260", "2008-03-31": "0.67110", "2007-12-31": "0.68020", "2007-09-30": "0.69430", "2007-06-30": "0.71140", "2007-03-31": "0.73320", "2006-12-31": "0.74960", "2006-09-30": "0.76900", "2006-06-30": "0.79070", "2006-03-31": "0.80760", "2005-12-31": "0.82770", "2005-09-30": "0.63790", "2005-06-30": "0.66470", "2005-03-31": "0.68770"}, "Debt/Equity Ratio": {"2020-09-30": "4.58000", "2020-06-30": "4.19970", "2020-03-31": "4.02580", "2019-12-31": "3.49610", "2019-09-30": "3.23810", "2019-06-30": "2.11380", "2019-03-31": "2.56040", "2018-12-31": "2.58470", "2018-09-30": "2.53760", "2018-06-30": "2.21740", "2018-03-31": "1.97910", "2017-12-31": "1.91080", "2017-09-30": "1.83100", "2017-06-30": "1.72480", "2017-03-31": "1.70190", "2016-12-31": "1.87740", "2016-09-30": "1.78240", "2016-06-30": "1.83540", "2016-03-31": "1.85260", "2015-12-31": "1.79580", "2015-09-30": "1.77130", "2015-06-30": "1.72250", "2015-03-31": "1.64350", "2014-12-31": "1.57060", "2014-09-30": "1.65050", "2014-06-30": "1.77520", "2014-03-31": "1.72890", "2013-12-31": "1.82730", "2013-09-30": "1.90230", "2013-06-30": "1.97950", "2013-03-31": "2.14970", "2012-12-31": "2.18530", "2012-09-30": "2.14900", "2012-06-30": "1.79370", "2012-03-31": "1.87000", "2011-12-31": "1.98620", "2011-09-30": "2.16100", "2011-06-30": "2.20230", "2011-03-31": "2.00890", "2010-12-31": "2.11510", "2010-09-30": "1.41490", "2010-06-30": "1.43590", "2010-03-31": "1.55630", "2009-12-31": "1.65540", "2009-09-30": "1.71000", "2009-06-30": "1.78540", "2009-03-31": "1.91440", "2008-12-31": "2.02260", "2008-09-30": "1.94450", "2008-06-30": "2.08400", "2008-03-31": "2.06050", "2007-12-31": "2.14020", "2007-09-30": "2.27700", "2007-06-30": "2.47090", "2007-03-31": "2.77330", "2006-12-31": "3.01080", "2006-09-30": "3.33510", "2006-06-30": "3.78200", "2006-03-31": "4.20200", "2005-12-31": "4.88730", "2005-09-30": "1.76690", "2005-06-30": "1.98870", "2005-03-31": "2.21270"}, "Gross Margin": {"2020-09-30": "32.56930", "2020-06-30": "31.09100", "2020-03-31": "30.47220", "2019-12-31": "30.97920", "2019-09-30": "31.43530", "2019-06-30": "31.13060", "2019-03-31": "28.36840", "2018-12-31": "28.14680", "2018-09-30": "27.51910", "2018-06-30": "28.32970", "2018-03-31": "28.56200", "2017-12-31": "30.17810", "2017-09-30": "29.41920", "2017-06-30": "29.81160", "2017-03-31": "29.61350", "2016-12-31": "-61.35790", "2016-09-30": "27.68870", "2016-06-30": "28.15290", "2016-03-31": "27.89070", "2015-12-31": "-70.53980", "2015-09-30": "29.06260", "2015-06-30": "28.78170", "2015-03-31": "28.14360", "2014-12-31": "28.89280", "2014-09-30": "28.45450", "2014-06-30": "29.18690", "2014-03-31": "28.36240", "2013-12-31": "30.53580", "2013-09-30": "30.14590", "2013-06-30": "29.85550", "2013-03-31": "30.70030", "2012-12-31": "31.09120", "2012-09-30": "31.78570", "2012-06-30": "32.07960", "2012-03-31": "32.44810", "2011-12-31": "33.34440", "2011-09-30": "32.32350", "2011-06-30": "29.98360", "2011-03-31": "28.69000", "2010-12-31": "23.43710", "2010-09-30": "30.61930", "2010-06-30": "30.01780", "2010-03-31": "30.56460", "2009-12-31": "30.22510", "2009-09-30": "30.37380", "2009-06-30": "30.75370", "2009-03-31": "30.51550", "2008-12-31": "30.77770", "2008-09-30": "30.50770", "2008-06-30": "30.84040", "2008-03-31": "30.82530", "2007-12-31": "31.54300", "2007-09-30": "32.47450", "2007-06-30": "32.12550", "2007-03-31": "31.02740", "2006-12-31": "31.43610", "2006-09-30": "30.71780", "2006-06-30": "30.20680", "2006-03-31": "29.69550", "2005-12-31": "29.47320", "2005-09-30": "32.51400", "2005-06-30": "33.03600", "2005-03-31": "33.02840"}, "Operating Margin": {"2020-09-30": "14.96780", "2020-06-30": "14.23340", "2020-03-31": "16.37940", "2019-12-31": "15.95910", "2019-09-30": "13.02780", "2019-06-30": "16.24810", "2019-03-31": "12.41320", "2018-12-31": "13.75010", "2018-09-30": "10.15120", "2018-06-30": "15.17830", "2018-03-31": "14.41290", "2017-12-31": "5.40600", "2017-09-30": "14.29600", "2017-06-30": "14.49200", "2017-03-31": "33.28940", "2016-12-31": "-160.48480", "2016-09-30": "21.95790", "2016-06-30": "8.85160", "2016-03-31": "10.18920", "2015-12-31": "-79.32450", "2015-09-30": "14.44740", "2015-06-30": "13.99130", "2015-03-31": "-1.95120", "2014-12-31": "13.58430", "2014-09-30": "13.45510", "2014-06-30": "15.26550", "2014-03-31": "14.50070", "2013-12-31": "15.80620", "2013-09-30": "12.57090", "2013-06-30": "18.17830", "2013-03-31": "5.89700", "2012-12-31": "15.66100", "2012-09-30": "17.51820", "2012-06-30": "12.92530", "2012-03-31": "17.34940", "2011-12-31": "20.22610", "2011-09-30": "18.13100", "2011-06-30": "14.84580", "2011-03-31": "15.06320", "2010-12-31": "17.70230", "2010-09-30": "15.56450", "2010-06-30": "15.27280", "2010-03-31": "15.56130", "2009-12-31": "15.26030", "2009-09-30": "15.56630", "2009-06-30": "15.53310", "2009-03-31": "15.23890", "2008-12-31": "15.27090", "2008-09-30": "15.32490", "2008-06-30": "15.52150", "2008-03-31": "15.30290", "2007-12-31": "17.85890", "2007-09-30": "16.11160", "2007-06-30": "19.89870", "2007-03-31": "15.12460", "2006-12-31": "14.81290", "2006-09-30": "17.54950", "2006-06-30": "14.22000", "2006-03-31": "13.93370", "2005-12-31": "14.01040", "2005-09-30": "16.32800", "2005-06-30": "16.59920", "2005-03-31": "17.08530"}, "EBIT Margin": {"2020-09-30": "14.96780", "2020-06-30": "14.23340", "2020-03-31": "16.37940", "2019-12-31": "15.95910", "2019-09-30": "13.02780", "2019-06-30": "16.24810", "2019-03-31": "12.41320", "2018-12-31": "13.75010", "2018-09-30": "10.15120", "2018-06-30": "15.17830", "2018-03-31": "14.41290", "2017-12-31": "5.40600", "2017-09-30": "14.29600", "2017-06-30": "14.49200", "2017-03-31": "33.28940", "2016-12-31": "-160.48490", "2016-09-30": "21.95790", "2016-06-30": "8.85160", "2016-03-31": "10.18920", "2015-12-31": "-79.32450", "2015-09-30": "14.44740", "2015-06-30": "13.99130", "2015-03-31": "-1.95120", "2014-12-31": "13.58430", "2014-09-30": "13.45510", "2014-06-30": "15.26550", "2014-03-31": "14.50070", "2013-12-31": "15.80620", "2013-09-30": "12.57090", "2013-06-30": "18.17830", "2013-03-31": "5.89700", "2012-12-31": "15.66100", "2012-09-30": "17.51820", "2012-06-30": "12.92530", "2012-03-31": "17.34940", "2011-12-31": "20.22610", "2011-09-30": "18.13100", "2011-06-30": "14.84580", "2011-03-31": "15.06320", "2010-12-31": "17.70230", "2010-09-30": "15.56450", "2010-06-30": "15.27280", "2010-03-31": "15.56130", "2009-12-31": "15.26030", "2009-09-30": "15.56630", "2009-06-30": "15.53310", "2009-03-31": "15.23890", "2008-12-31": "15.27080", "2008-09-30": "15.32490", "2008-06-30": "15.52150", "2008-03-31": "15.30290", "2007-12-31": "17.85890", "2007-09-30": "16.11160", "2007-06-30": "19.89870", "2007-03-31": "15.12460", "2006-12-31": "14.81290", "2006-09-30": "17.54950", "2006-06-30": "14.22000", "2006-03-31": "13.93370", "2005-12-31": "14.01040", "2005-09-30": "16.32800", "2005-06-30": "16.59920", "2005-03-31": "17.08530"}, "EBITDA Margin": {"2020-09-30": "", "2020-06-30": "", "2020-03-31": "", "2019-12-31": "", "2019-09-30": "", "2019-06-30": "", "2019-03-31": "", "2018-12-31": "", "2018-09-30": "", "2018-06-30": "", "2018-03-31": "", "2017-12-31": "", "2017-09-30": "", "2017-06-30": "", "2017-03-31": "", "2016-12-31": "", "2016-09-30": "", "2016-06-30": "", "2016-03-31": "", "2015-12-31": "", "2015-09-30": "", "2015-06-30": "", "2015-03-31": "", "2014-12-31": "", "2014-09-30": "", "2014-06-30": "", "2014-03-31": "", "2013-12-31": "", "2013-09-30": "", "2013-06-30": "", "2013-03-31": "", "2012-12-31": "", "2012-09-30": "", "2012-06-30": "", "2012-03-31": "", "2011-12-31": "", "2011-09-30": "", "2011-06-30": "", "2011-03-31": "", "2010-12-31": "", "2010-09-30": "", "2010-06-30": "", "2010-03-31": "", "2009-12-31": "", "2009-09-30": "", "2009-06-30": "", "2009-03-31": "", "2008-12-31": "", "2008-09-30": "", "2008-06-30": "", "2008-03-31": "", "2007-12-31": "", "2007-09-30": "", "2007-06-30": "", "2007-03-31": "", "2006-12-31": "", "2006-09-30": "", "2006-06-30": "", "2006-03-31": "", "2005-12-31": "", "2005-09-30": "", "2005-06-30": "", "2005-03-31": ""}, "Pre-Tax Profit Margin": {"2020-09-30": "9.68970", "2020-06-30": "11.73910", "2020-03-31": "13.00400", "2019-12-31": "13.17960", "2019-09-30": "9.42760", "2019-06-30": "11.38720", "2019-03-31": "7.87160", "2018-12-31": "9.18480", "2018-09-30": "5.86930", "2018-06-30": "11.10150", "2018-03-31": "10.58990", "2017-12-31": "1.68380", "2017-09-30": "10.46570", "2017-06-30": "10.67130", "2017-03-31": "29.47330", "2016-12-31": "-128.07920", "2016-09-30": "19.20480", "2016-06-30": "6.17030", "2016-03-31": "7.39940", "2015-12-31": "-41.93860", "2015-09-30": "11.58280", "2015-06-30": "9.62370", "2015-03-31": "-4.92950", "2014-12-31": "10.64790", "2014-09-30": "10.34530", "2014-06-30": "8.89860", "2014-03-31": "11.06190", "2013-12-31": "12.40600", "2013-09-30": "9.02680", "2013-06-30": "14.36620", "2013-03-31": "2.17850", "2012-12-31": "11.38740", "2012-09-30": "13.93760", "2012-06-30": "9.79570", "2012-03-31": "14.08680", "2011-12-31": "16.74330", "2011-09-30": "14.71490", "2011-06-30": "11.27370", "2011-03-31": "11.36650", "2010-12-31": "9.05990", "2010-09-30": "13.21650", "2010-06-30": "12.30840", "2010-03-31": "12.75570", "2009-12-31": "12.43020", "2009-09-30": "12.73670", "2009-06-30": "12.51700", "2009-03-31": "11.95440", "2008-12-31": "11.59230", "2008-09-30": "11.72990", "2008-06-30": "11.80280", "2008-03-31": "11.27210", "2007-12-31": "13.62810", "2007-09-30": "11.83080", "2007-06-30": "15.68970", "2007-03-31": "9.98630", "2006-12-31": "9.54870", "2006-09-30": "12.32470", "2006-06-30": "8.80010", "2006-03-31": "8.20930", "2005-12-31": "7.74680", "2005-09-30": "12.61530", "2005-06-30": "12.55580", "2005-03-31": "14.59770"}, "Net Profit Margin": {"2020-09-30": "5.42650", "2020-06-30": "7.00010", "2020-03-31": "8.43270", "2019-12-31": "8.44800", "2019-09-30": "4.93340", "2019-06-30": "9.62290", "2019-03-31": "5.44230", "2018-12-31": "-5.30890", "2018-09-30": "-4.80440", "2018-06-30": "9.25810", "2018-03-31": "6.27090", "2017-12-31": "10.90990", "2017-09-30": "-7.75660", "2017-06-30": "4.70480", "2017-03-31": "17.01460", "2016-12-31": "-48.99900", "2016-09-30": "15.31490", "2016-06-30": "1.43590", "2016-03-31": "2.72080", "2015-12-31": "2.25560", "2015-09-30": "6.12290", "2015-06-30": "4.96350", "2015-03-31": "-3.36430", "2014-12-31": "6.25060", "2014-09-30": "5.66210", "2014-06-30": "4.65510", "2014-03-31": "6.02370", "2013-12-31": "6.92990", "2013-09-30": "4.55490", "2013-06-30": "8.85810", "2013-03-31": "1.06600", "2012-12-31": "6.28930", "2012-09-30": "7.43730", "2012-06-30": "4.98360", "2012-03-31": "7.57600", "2011-12-31": "8.46210", "2011-09-30": "7.70050", "2011-06-30": "6.02050", "2011-03-31": "6.04890", "2010-12-31": "4.84780", "2010-09-30": "7.23750", "2010-06-30": "6.79640", "2010-03-31": "7.01690", "2009-12-31": "7.03340", "2009-09-30": "7.04800", "2009-06-30": "6.96620", "2009-03-31": "6.64610", "2008-12-31": "6.73270", "2008-09-30": "6.48940", "2008-06-30": "6.74700", "2008-03-31": "6.46480", "2007-12-31": "6.32660", "2007-09-30": "7.16450", "2007-06-30": "9.52390", "2007-03-31": "5.99160", "2006-12-31": "5.82490", "2006-09-30": "7.66800", "2006-06-30": "5.23560", "2006-03-31": "4.94060", "2005-12-31": "5.66030", "2005-09-30": "8.56220", "2005-06-30": "8.57950", "2005-03-31": "9.73580"}, "Asset Turnover": {"2020-09-30": "0.17150", "2020-06-30": "0.14920", "2020-03-31": "0.16150", "2019-12-31": "0.16740", "2019-09-30": "0.16640", "2019-06-30": "0.14260", "2019-03-31": "0.12130", "2018-12-31": "0.14760", "2018-09-30": "0.14710", "2018-06-30": "0.14850", "2018-03-31": "0.15040", "2017-12-31": "0.14660", "2017-09-30": "0.14540", "2017-06-30": "0.13960", "2017-03-31": "0.13570", "2016-12-31": "-0.01720", "2016-09-30": "0.19710", "2016-06-30": "0.19890", "2016-03-31": "0.19340", "2015-12-31": "-0.01440", "2015-09-30": "0.18660", "2015-06-30": "0.18130", "2015-03-31": "0.17900", "2014-12-31": "0.18890", "2014-09-30": "0.17960", "2014-06-30": "0.17700", "2014-03-31": "0.17490", "2013-12-31": "0.17910", "2013-09-30": "0.17830", "2013-06-30": "0.17450", "2013-03-31": "0.17240", "2012-12-31": "0.15470", "2012-09-30": "0.17980", "2012-06-30": "0.20670", "2012-03-31": "0.20200", "2011-12-31": "0.19660", "2011-09-30": "0.20190", "2011-06-30": "0.20280", "2011-03-31": "0.18770", "2010-12-31": "0.17550", "2010-09-30": "0.21630", "2010-06-30": "0.20940", "2010-03-31": "0.20270", "2009-12-31": "0.20640", "2009-09-30": "0.20880", "2009-06-30": "0.20410", "2009-03-31": "0.20010", "2008-12-31": "0.20050", "2008-09-30": "0.20180", "2008-06-30": "0.19960", "2008-03-31": "0.19240", "2007-12-31": "0.19510", "2007-09-30": "0.19440", "2007-06-30": "0.19680", "2007-03-31": "0.19550", "2006-12-31": "0.19600", "2006-09-30": "0.19500", "2006-06-30": "0.19050", "2006-03-31": "0.18790", "2005-12-31": "0.18050", "2005-09-30": "0.22480", "2005-06-30": "0.22430", "2005-03-31": "0.21840"}, "Inventory Turnover Ratio": {"2020-09-30": "18.55670", "2020-06-30": "20.27090", "2020-03-31": "20.64530", "2019-12-31": "20.42520", "2019-09-30": "20.18610", "2019-06-30": "20.22080", "2019-03-31": "18.85080", "2018-12-31": "18.87740", "2018-09-30": "22.65340", "2018-06-30": "18.35450", "2018-03-31": "16.21270", "2017-12-31": "10.68040", "2017-09-30": "12.63820", "2017-06-30": "9.50640", "2017-03-31": "10.63420", "2016-12-31": "-3.23780", "2016-09-30": "13.45030", "2016-06-30": "13.53190", "2016-03-31": "13.40160", "2015-12-31": "-2.44450", "2015-09-30": "14.45260", "2015-06-30": "15.35010", "2015-03-31": "16.21110", "2014-12-31": "17.38970", "2014-09-30": "20.28770", "2014-06-30": "22.54430", "2014-03-31": "21.54500", "2013-12-31": "23.96070", "2013-09-30": "24.68030", "2013-06-30": "25.82560", "2013-03-31": "25.60510", "2012-12-31": "21.85520", "2012-09-30": "16.94760", "2012-06-30": "16.72570", "2012-03-31": "17.28430", "2011-12-31": "15.40660", "2011-09-30": "16.23130", "2011-06-30": "16.94820", "2011-03-31": "15.99760", "2010-12-31": "14.34120", "2010-09-30": "16.59860", "2010-06-30": "16.00540", "2010-03-31": "15.91450", "2009-12-31": "15.54130", "2009-09-30": "15.87880", "2009-06-30": "16.09510", "2009-03-31": "14.09730", "2008-12-31": "12.01490", "2008-09-30": "12.19060", "2008-06-30": "11.98300", "2008-03-31": "12.11100", "2007-12-31": "11.56880", "2007-09-30": "11.77400", "2007-06-30": "12.75430", "2007-03-31": "12.69340", "2006-12-31": "9.79090", "2006-09-30": "8.62780", "2006-06-30": "9.02910", "2006-03-31": "9.26600", "2005-12-31": "11.56210", "2005-09-30": "12.07850", "2005-06-30": "11.64670", "2005-03-31": "11.16860"}, "Receiveable Turnover": {"2020-09-30": "1.20420", "2020-06-30": "1.18570", "2020-03-31": "1.19860", "2019-12-31": "1.25750", "2019-09-30": "1.21430", "2019-06-30": "1.11410", "2019-03-31": "1.10360", "2018-12-31": "1.17690", "2018-09-30": "1.26160", "2018-06-30": "1.23510", "2018-03-31": "1.25790", "2017-12-31": "1.28540", "2017-09-30": "1.02770", "2017-06-30": "1.00030", "2017-03-31": "1.07830", "2016-12-31": "-0.17960", "2016-09-30": "1.61460", "2016-06-30": "1.52770", "2016-03-31": "1.50360", "2015-12-31": "-0.11980", "2015-09-30": "1.62790", "2015-06-30": "1.48230", "2015-03-31": "1.56650", "2014-12-31": "1.65520", "2014-09-30": "1.79140", "2014-06-30": "1.57610", "2014-03-31": "1.59000", "2013-12-31": "1.66070", "2013-09-30": "1.70050", "2013-06-30": "1.55660", "2013-03-31": "1.55860", "2012-12-31": "1.42220", "2012-09-30": "1.30670", "2012-06-30": "1.29870", "2012-03-31": "1.24690", "2011-12-31": "1.18540", "2011-09-30": "1.24910", "2011-06-30": "1.17630", "2011-03-31": "1.15140", "2010-12-31": "1.02160", "2010-09-30": "1.19850", "2010-06-30": "1.21860", "2010-03-31": "1.17350", "2009-12-31": "1.13930", "2009-09-30": "1.14160", "2009-06-30": "1.12080", "2009-03-31": "1.12810", "2008-12-31": "1.08480", "2008-09-30": "1.12460", "2008-06-30": "1.11070", "2008-03-31": "1.17440", "2007-12-31": "1.20250", "2007-09-30": "1.13400", "2007-06-30": "1.15950", "2007-03-31": "1.21420", "2006-12-31": "1.17700", "2006-09-30": "1.19810", "2006-06-30": "1.21400", "2006-03-31": "1.16890", "2005-12-31": "1.16810", "2005-09-30": "1.28240", "2005-06-30": "1.25940", "2005-03-31": "1.22340"}, "Days Sales In Receivables": {"2020-09-30": "74.73810", "2020-06-30": "75.90140", "2020-03-31": "75.08990", "2019-12-31": "71.57150", "2019-09-30": "74.11800", "2019-06-30": "80.78320", "2019-03-31": "81.55290", "2018-12-31": "76.47010", "2018-09-30": "71.33650", "2018-06-30": "72.86940", "2018-03-31": "71.54550", "2017-12-31": "70.01680", "2017-09-30": "87.57110", "2017-06-30": "89.97230", "2017-03-31": "83.46580", "2016-12-31": "-501.06060", "2016-09-30": "55.74250", "2016-06-30": "58.91180", "2016-03-31": "59.85590", "2015-12-31": "-751.18150", "2015-09-30": "55.28630", "2015-06-30": "60.71820", "2015-03-31": "57.45210", "2014-12-31": "54.37300", "2014-09-30": "50.24100", "2014-06-30": "57.10200", "2014-03-31": "56.60520", "2013-12-31": "54.19520", "2013-09-30": "52.92550", "2013-06-30": "57.81990", "2013-03-31": "57.74570", "2012-12-31": "63.28410", "2012-09-30": "68.87360", "2012-06-30": "69.30250", "2012-03-31": "72.18180", "2011-12-31": "75.92240", "2011-09-30": "72.04940", "2011-06-30": "76.51280", "2011-03-31": "78.16800", "2010-12-31": "88.10000", "2010-09-30": "75.09680", "2010-06-30": "73.85580", "2010-03-31": "76.69150", "2009-12-31": "78.99880", "2009-09-30": "78.83410", "2009-06-30": "80.29640", "2009-03-31": "79.77810", "2008-12-31": "82.96160", "2008-09-30": "80.02620", "2008-06-30": "81.02780", "2008-03-31": "76.63780", "2007-12-31": "74.84290", "2007-09-30": "79.36330", "2007-06-30": "77.61660", "2007-03-31": "74.12350", "2006-12-31": "76.46480", "2006-09-30": "75.12170", "2006-06-30": "74.13430", "2006-03-31": "76.99540", "2005-12-31": "77.04500", "2005-09-30": "70.18200", "2005-06-30": "71.46070", "2005-03-31": "73.56820"}, "ROE - Return On Equity": {"2020-09-30": "12.40720", "2020-06-30": "10.92080", "2020-03-31": "13.02720", "2019-12-31": "12.94960", "2019-09-30": "8.29970", "2019-06-30": "5.83930", "2019-03-31": "3.89510", "2018-12-31": "5.30570", "2018-09-30": "2.85590", "2018-06-30": "5.27650", "2018-03-31": "4.83080", "2017-12-31": "4.03380", "2017-09-30": "4.00150", "2017-06-30": "3.53090", "2017-03-31": "9.24710", "2016-12-31": "7.14540", "2016-09-30": "11.95750", "2016-06-30": "1.90580", "2016-03-31": "2.80710", "2015-12-31": "1.72970", "2015-09-30": "5.03270", "2015-06-30": "3.88590", "2015-03-31": "-1.47270", "2014-12-31": "4.67110", "2014-09-30": "4.26640", "2014-06-30": "3.66000", "2014-03-31": "4.37690", "2013-12-31": "5.30390", "2013-09-30": "3.82730", "2013-06-30": "6.61700", "2013-03-31": "1.17520", "2012-12-31": "4.70420", "2012-09-30": "6.46210", "2012-06-30": "4.77090", "2012-03-31": "6.86880", "2011-12-31": "8.45730", "2011-09-30": "7.89760", "2011-06-30": "6.18730", "2011-03-31": "5.36390", "2010-12-31": "4.44230", "2010-09-30": "6.01630", "2010-06-30": "5.25680", "2010-03-31": "5.39110", "2009-12-31": "5.70560", "2009-09-30": "5.90510", "2009-06-30": "5.81730", "2009-03-31": "5.62710", "2008-12-31": "6.00720", "2008-09-30": "5.65060", "2008-06-30": "6.05820", "2008-03-31": "5.33870", "2007-12-31": "7.65370", "2007-09-30": "5.80450", "2007-06-30": "8.33130", "2007-03-31": "5.65540", "2006-12-31": "5.94970", "2006-09-30": "8.11740", "2006-06-30": "6.16860", "2006-03-31": "6.00290", "2005-12-31": "6.63180", "2005-09-30": "6.59050", "2005-06-30": "7.00710", "2005-03-31": "8.40380"}, "Return On Tangible Equity": {"2020-09-30": "-4.15700", "2020-06-30": "-5.57690", "2020-03-31": "-5.83530", "2019-12-31": "-6.52320", "2019-09-30": "-4.77100", "2019-06-30": "-9.03300", "2019-03-31": "-5.62280", "2018-12-31": "-6.79350", "2018-09-30": "-4.15270", "2018-06-30": "-10.31360", "2018-03-31": "-11.72740", "2017-12-31": "-10.72290", "2017-09-30": "-3.37140", "2017-06-30": "-3.06120", "2017-03-31": "-8.82050", "2016-12-31": "-27.96560", "2016-09-30": "-10.48250", "2016-06-30": "-1.56640", "2016-03-31": "-2.21320", "2015-12-31": "-1.49110", "2015-09-30": "-4.26820", "2015-06-30": "-3.47890", "2015-03-31": "1.23520", "2014-12-31": "-4.22970", "2014-09-30": "-3.55010", "2014-06-30": "-2.87050", "2014-03-31": "-3.29280", "2013-12-31": "-3.68340", "2013-09-30": "-2.51000", "2013-06-30": "-4.13590", "2013-03-31": "-0.64920", "2012-12-31": "-2.57200", "2012-09-30": "-6.09310", "2012-06-30": "-4.10830", "2012-03-31": "-5.84370", "2011-12-31": "-6.75820", "2011-09-30": "-5.77580", "2011-06-30": "-4.94680", "2011-03-31": "-5.20580", "2010-12-31": "-4.08220", "2010-09-30": "-7.93930", "2010-06-30": "-6.94510", "2010-03-31": "-7.13050", "2009-12-31": "-6.61060", "2009-09-30": "-6.52030", "2009-06-30": "-5.97950", "2009-03-31": "-5.06560", "2008-12-31": "-4.96460", "2008-09-30": "-5.09350", "2008-06-30": "-4.85070", "2008-03-31": "-4.46190", "2007-12-31": "-5.97560", "2007-09-30": "-4.12950", "2007-06-30": "-5.31290", "2007-03-31": "-3.05880", "2006-12-31": "-2.82330", "2006-09-30": "-3.41610", "2006-06-30": "-2.27950", "2006-03-31": "-2.01050", "2005-12-31": "-1.89320", "2005-09-30": "-8.97360", "2005-06-30": "-7.63240", "2005-03-31": "-8.35820"}, "ROA - Return On Assets": {"2020-09-30": "1.27610", "2020-06-30": "1.32020", "2020-03-31": "1.57940", "2019-12-31": "1.73490", "2019-09-30": "1.19490", "2019-06-30": "1.24310", "2019-03-31": "0.70420", "2018-12-31": "1.08510", "2018-09-30": "0.59440", "2018-06-30": "1.21750", "2018-03-31": "1.21960", "2017-12-31": "1.03870", "2017-09-30": "1.04580", "2017-06-30": "0.96240", "2017-03-31": "2.54720", "2016-12-31": "1.84760", "2016-09-30": "3.23450", "2016-06-30": "0.50560", "2016-03-31": "0.74620", "2015-12-31": "0.47500", "2015-09-30": "1.38300", "2015-06-30": "1.09660", "2015-03-31": "-0.41460", "2014-12-31": "1.42130", "2014-09-30": "1.21420", "2014-06-30": "1.01210", "2014-03-31": "1.21700", "2013-12-31": "1.42860", "2013-09-30": "1.00930", "2013-06-30": "1.72200", "2013-03-31": "0.28330", "2012-12-31": "1.15060", "2012-09-30": "1.59420", "2012-06-30": "1.29280", "2012-03-31": "1.80170", "2011-12-31": "2.15440", "2011-09-30": "1.88890", "2011-06-30": "1.46970", "2011-03-31": "1.37720", "2010-12-31": "1.11520", "2010-09-30": "1.87460", "2010-06-30": "1.63500", "2010-03-31": "1.62510", "2009-12-31": "1.65630", "2009-09-30": "1.67520", "2009-06-30": "1.60770", "2009-03-31": "1.49640", "2008-12-31": "1.50620", "2008-09-30": "1.50220", "2008-06-30": "1.52960", "2008-03-31": "1.37340", "2007-12-31": "1.90930", "2007-09-30": "1.39280", "2007-06-30": "1.87400", "2007-03-31": "1.17130", "2006-12-31": "1.14190", "2006-09-30": "1.46740", "2006-06-30": "1.01440", "2006-03-31": "0.93350", "2005-12-31": "0.89830", "2005-09-30": "1.77490", "2005-06-30": "1.74910", "2005-03-31": "1.96130"}, "ROI - Return On Investment": {"2020-09-30": "2.26140", "2020-06-30": "2.49180", "2020-03-31": "2.62790", "2019-12-31": "2.91680", "2019-09-30": "1.98090", "2019-06-30": "2.57530", "2019-03-31": "1.61220", "2018-12-31": "1.71640", "2018-09-30": "0.92280", "2018-06-30": "1.86910", "2018-03-31": "1.64280", "2017-12-31": "1.40340", "2017-09-30": "1.43280", "2017-06-30": "1.31250", "2017-03-31": "3.46330", "2016-12-31": "2.51210", "2016-09-30": "4.34410", "2016-06-30": "0.67910", "2016-03-31": "0.99380", "2015-12-31": "0.62430", "2015-09-30": "1.83060", "2015-06-30": "1.43810", "2015-03-31": "-0.56190", "2014-12-31": "1.83310", "2014-09-30": "1.62410", "2014-06-30": "1.35920", "2014-03-31": "1.64020", "2013-12-31": "1.91640", "2013-09-30": "1.34590", "2013-06-30": "2.26390", "2013-03-31": "0.38010", "2012-12-31": "1.50500", "2012-09-30": "2.08130", "2012-06-30": "1.73390", "2012-03-31": "2.42490", "2011-12-31": "2.86910", "2011-09-30": "2.53020", "2011-06-30": "1.95570", "2011-03-31": "1.80360", "2010-12-31": "1.44310", "2010-09-30": "2.53380", "2010-06-30": "2.19500", "2010-03-31": "2.14470", "2009-12-31": "2.18620", "2009-09-30": "2.21750", "2009-06-30": "2.12270", "2009-03-31": "1.95990", "2008-12-31": "2.01390", "2008-09-30": "1.94120", "2008-06-30": "1.98320", "2008-03-31": "1.75580", "2007-12-31": "2.44790", "2007-09-30": "1.77450", "2007-06-30": "2.40470", "2007-03-31": "1.50890", "2006-12-31": "1.48960", "2006-09-30": "1.87500", "2006-06-30": "1.29130", "2006-03-31": "1.15520", "2005-12-31": "1.14280", "2005-09-30": "2.38670", "2005-06-30": "2.34970", "2005-03-31": "2.62420"}, "Book Value Per Share": {"2020-09-30": "15.40980", "2020-06-30": "19.13220", "2020-03-31": "17.51440", "2019-12-31": "18.42970", "2019-09-30": "18.76570", "2019-06-30": "25.79800", "2019-03-31": "24.55990", "2018-12-31": "23.48980", "2018-09-30": "24.27500", "2018-06-30": "26.25280", "2018-03-31": "26.79590", "2017-12-31": "26.77850", "2017-09-30": "26.25950", "2017-06-30": "27.57270", "2017-03-31": "27.44450", "2016-12-31": "24.92750", "2016-09-30": "25.49780", "2016-06-30": "23.96620", "2016-03-31": "23.84640", "2015-12-31": "24.23870", "2015-09-30": "24.60640", "2015-06-30": "24.81560", "2015-03-31": "24.04320", "2014-12-31": "24.85760", "2014-09-30": "23.97400", "2014-06-30": "23.08090", "2014-03-31": "22.60100", "2013-12-31": "21.60570", "2013-09-30": "20.86510", "2013-06-30": "20.15380", "2013-03-31": "18.71550", "2012-12-31": "18.56390", "2012-09-30": "14.00350", "2012-06-30": "13.27140", "2012-03-31": "12.77840", "2011-12-31": "12.11080", "2011-09-30": "11.14260", "2011-06-30": "10.40920", "2011-03-31": "11.08410", "2010-12-31": "10.60990", "2010-09-30": "11.72640", "2010-06-30": "11.48630", "2010-03-31": "11.16950", "2009-12-31": "10.64480", "2009-09-30": "10.35680", "2009-06-30": "9.88790", "2009-03-31": "9.30360", "2008-12-31": "8.80400", "2008-09-30": "9.09780", "2008-06-30": "8.53890", "2008-03-31": "8.41870", "2007-12-31": "8.08480", "2007-09-30": "7.62840", "2007-06-30": "7.10220", "2007-03-31": "6.43600", "2006-12-31": "5.95360", "2006-09-30": "5.51610", "2006-06-30": "5.03400", "2006-03-31": "4.65910", "2005-12-31": "4.17230", "2005-09-30": "3.80100", "2005-06-30": "3.40190", "2005-03-31": "3.09260"}, "Operating Cash Flow Per Share": {"2020-09-30": 3.9019, "2020-06-30": 5.3128, "2020-03-31": "2.84000", "2019-12-31": 4.2739, "2019-09-30": 4.6958, "2019-06-30": 3.6564, "2019-03-31": "0.84720", "2018-12-31": 2.0144, "2018-09-30": 2.9536, "2018-06-30": 3.3166, "2018-03-31": "1.99380", "2017-12-31": 1.8056, "2017-09-30": 2.9601, "2017-06-30": 0.8022, "2017-03-31": "4.43040", "2016-12-31": 2.4674, "2016-09-30": 2.6119, "2016-06-30": 2.4821, "2016-03-31": "2.06320", "2015-12-31": 2.0298, "2015-09-30": 3.1421, "2015-06-30": 0.1072, "2015-03-31": "1.92180", "2014-12-31": -0.3127, "2014-09-30": 3.8957, "2014-06-30": 1.2054, "2014-03-31": "1.93920", "2013-12-31": 1.6535, "2013-09-30": 3.4106, "2013-06-30": 1.4222, "2013-03-31": "1.77090", "2012-12-31": 0.9583, "2012-09-30": 1.8788, "2012-06-30": 1.0477, "2012-03-31": "1.73340", "2011-12-31": 0.7041, "2011-09-30": 2.6731, "2011-06-30": 1.0589, "2011-03-31": "1.67610", "2010-12-31": 0.6172, "2010-09-30": 0.7866, "2010-06-30": 1.4203, "2010-03-31": "1.24970", "2009-12-31": 0.7428, "2009-09-30": 0.7897, "2009-06-30": 1.0248, "2009-03-31": "0.64290", "2008-12-31": 0.9304, "2008-09-30": 0.7591, "2008-06-30": 0.7085, "2008-03-31": "0.49850", "2007-12-31": 1.265, "2007-09-30": 0.4401, "2007-06-30": 0.5872, "2007-03-31": "0.41240", "2006-12-31": 0.9004, "2006-09-30": 0.4547, "2006-06-30": 1.2123, "2006-03-31": "-0.11180", "2005-12-31": 0.8851, "2005-09-30": 0.4001, "2005-06-30": 0.5077, "2005-03-31": "0.54000"}, "Free Cash Flow Per Share": {"2020-09-30": 2.7264, "2020-06-30": 4.5038, "2020-03-31": "1.86730", "2019-12-31": 2.5788, "2019-09-30": 5.7653, "2019-06-30": 25.616, "2019-03-31": "-0.26180", "2018-12-31": 0.569, "2018-09-30": 1.5981, "2018-06-30": 2.4383, "2018-03-31": "0.81740", "2017-12-31": 0.9, "2017-09-30": 1.3119, "2017-06-30": -0.0324, "2017-03-31": "3.57050", "2016-12-31": 1.5165, "2016-09-30": 1.5562, "2016-06-30": 1.5912, "2016-03-31": "1.23030", "2015-12-31": 0.9801, "2015-09-30": 2.3457, "2015-06-30": -0.6605, "2015-03-31": "1.35280", "2014-12-31": -1.187, "2014-09-30": 3.1396, "2014-06-30": 0.5055, "2014-03-31": "1.35360", "2013-12-31": 0.9268, "2013-09-30": 2.7542, "2013-06-30": 0.7646, "2013-03-31": "1.22580", "2012-12-31": 0.1295, "2012-09-30": 1.2228, "2012-06-30": 0.3304, "2012-03-31": "1.14600", "2011-12-31": 0.3442, "2011-09-30": 2.143, "2011-06-30": 0.6089, "2011-03-31": "1.33290", "2010-12-31": 0.1039, "2010-09-30": 0.4481, "2010-06-30": 1.148, "2010-03-31": "1.04640", "2009-12-31": 0.4446, "2009-09-30": 0.4716, "2009-06-30": 0.7105, "2009-03-31": "0.29230", "2008-12-31": 0.4898, "2008-09-30": 0.3855, "2008-06-30": 0.3208, "2008-03-31": "0.19970", "2007-12-31": 0.8164, "2007-09-30": 0.1122, "2007-06-30": 0.3282, "2007-03-31": "0.18080", "2006-12-31": 0.5152, "2006-09-30": 0.1443, "2006-06-30": 0.894, "2006-03-31": "-0.33950", "2005-12-31": 0.5771, "2005-09-30": 0.2501, "2005-06-30": 0.3146, "2005-03-31": "0.41580"}}, "revenue": {"DaVita Annual Revenue (Millions of US $)": {"2019": "$11,388", "2018": "$11,405", "2017": "$10,877", "2016": "$10,707", "2015": "$9,982", "2014": "$12,795", "2013": "$11,764", "2012": "$8,186", "2011": "$6,732", "2010": "$6,220", "2009": "$6,101", "2008": "$5,660", "2007": "$5,264", "2006": "$4,881", "2005": "$2,974"}, "DaVita Quarterly Revenue (Millions of US $)": {"2020-09-30": "$2,924", "2020-06-30": "$2,880", "2020-03-31": "$2,841", "2019-12-31": "$2,899", "2019-09-30": "$2,904", "2019-06-30": "$2,843", "2019-03-31": "$2,743", "2018-12-31": "$2,821", "2018-09-30": "$2,847", "2018-06-30": "$2,887", "2018-03-31": "$2,849", "2017-12-31": "$2,781", "2017-09-30": "$2,765", "2017-06-30": "$2,699", "2017-03-31": "$2,631", "2016-12-31": "$-322", "2016-09-30": "$3,731", "2016-06-30": "$3,718", "2016-03-31": "$3,581", "2015-12-31": "$-266", "2015-09-30": "$3,526", "2015-06-30": "$3,435", "2015-03-31": "$3,288", "2014-12-31": "$3,328", "2014-09-30": "$3,252", "2014-06-30": "$3,172", "2014-03-31": "$3,043", "2013-12-31": "$3,063", "2013-09-30": "$3,000", "2013-06-30": "$2,872", "2013-03-31": "$2,830", "2012-12-31": "$2,478", "2012-09-30": "$1,946", "2012-06-30": "$1,913", "2012-03-31": "$1,850", "2011-12-31": "$1,750", "2011-09-30": "$1,758", "2011-06-30": "$1,661", "2011-03-31": "$1,562", "2010-12-31": "$1,424", "2010-09-30": "$1,650", "2010-06-30": "$1,587", "2010-03-31": "$1,559", "2009-12-31": "$1,560", "2009-09-30": "$1,574", "2009-06-30": "$1,519", "2009-03-31": "$1,448", "2008-12-31": "$1,461", "2008-09-30": "$1,447", "2008-06-30": "$1,407", "2008-03-31": "$1,345", "2007-12-31": "$1,355", "2007-09-30": "$1,318", "2007-06-30": "$1,313", "2007-03-31": "$1,278", "2006-12-31": "$1,273", "2006-09-30": "$1,237", "2006-06-30": "$1,208", "2006-03-31": "$1,163", "2005-12-31": "$1,133", "2005-09-30": "$645", "2005-06-30": "$617", "2005-03-31": "$579"}}, "gross-profit": {"DaVita Annual Gross Profit (Millions of US $)": {"2019": "$3,474", "2018": "$3,209", "2017": "$3,237", "2016": "$3,276", "2015": "$3,126", "2014": "$3,676", "2013": "$3,566", "2012": "$2,603", "2011": "$2,098", "2010": "$1,792", "2009": "$1,859", "2008": "$1,740", "2007": "$1,674", "2006": "$1,490", "2005": "$939"}, "DaVita Quarterly Gross Profit (Millions of US $)": {"2020-09-30": "$952", "2020-06-30": "$895", "2020-03-31": "$866", "2019-12-31": "$898", "2019-09-30": "$913", "2019-06-30": "$885", "2019-03-31": "$778", "2018-12-31": "$794", "2018-09-30": "$784", "2018-06-30": "$818", "2018-03-31": "$814", "2017-12-31": "$839", "2017-09-30": "$813", "2017-06-30": "$805", "2017-03-31": "$779", "2016-12-31": "$198", "2016-09-30": "$1,033", "2016-06-30": "$1,047", "2016-03-31": "$999", "2015-12-31": "$188", "2015-09-30": "$1,025", "2015-06-30": "$989", "2015-03-31": "$925", "2014-12-31": "$962", "2014-09-30": "$925", "2014-06-30": "$926", "2014-03-31": "$863", "2013-12-31": "$935", "2013-09-30": "$904", "2013-06-30": "$857", "2013-03-31": "$869", "2012-12-31": "$770", "2012-09-30": "$619", "2012-06-30": "$614", "2012-03-31": "$600", "2011-12-31": "$584", "2011-09-30": "$568", "2011-06-30": "$498", "2011-03-31": "$448", "2010-12-31": "$334", "2010-09-30": "$505", "2010-06-30": "$476", "2010-03-31": "$477", "2009-12-31": "$472", "2009-09-30": "$478", "2009-06-30": "$467", "2009-03-31": "$442", "2008-12-31": "$450", "2008-09-30": "$441", "2008-06-30": "$434", "2008-03-31": "$415", "2007-12-31": "$427", "2007-09-30": "$428", "2007-06-30": "$422", "2007-03-31": "$397", "2006-12-31": "$400", "2006-09-30": "$380", "2006-06-30": "$365", "2006-03-31": "$345", "2005-12-31": "$334", "2005-09-30": "$210", "2005-06-30": "$204", "2005-03-31": "$191"}}, "operating-income": {"DaVita Annual Operating Income (Millions of US $)": {"2019": "$1,643", "2018": "$1,526", "2017": "$1,813", "2016": "$2,030", "2015": "$1,137", "2014": "$1,815", "2013": "$1,550", "2012": "$1,297", "2011": "$1,155", "2010": "$994", "2009": "$940", "2008": "$869", "2007": "$909", "2006": "$739", "2005": "$465"}, "DaVita Quarterly Operating Income (Millions of US $)": {"2020-09-30": "$438", "2020-06-30": "$410", "2020-03-31": "$465", "2019-12-31": "$463", "2019-09-30": "$378", "2019-06-30": "$462", "2019-03-31": "$341", "2018-12-31": "$388", "2018-09-30": "$289", "2018-06-30": "$438", "2018-03-31": "$411", "2017-12-31": "$150", "2017-09-30": "$395", "2017-06-30": "$391", "2017-03-31": "$876", "2016-12-31": "$517", "2016-09-30": "$819", "2016-06-30": "$329", "2016-03-31": "$365", "2015-12-31": "$211", "2015-09-30": "$509", "2015-06-30": "$481", "2015-03-31": "$-64", "2014-12-31": "$452", "2014-09-30": "$438", "2014-06-30": "$484", "2014-03-31": "$441", "2013-12-31": "$484", "2013-09-30": "$377", "2013-06-30": "$522", "2013-03-31": "$167", "2012-12-31": "$388", "2012-09-30": "$341", "2012-06-30": "$247", "2012-03-31": "$321", "2011-12-31": "$354", "2011-09-30": "$319", "2011-06-30": "$247", "2011-03-31": "$235", "2010-12-31": "$252", "2010-09-30": "$257", "2010-06-30": "$242", "2010-03-31": "$243", "2009-12-31": "$238", "2009-09-30": "$245", "2009-06-30": "$236", "2009-03-31": "$221", "2008-12-31": "$223", "2008-09-30": "$222", "2008-06-30": "$218", "2008-03-31": "$206", "2007-12-31": "$242", "2007-09-30": "$212", "2007-06-30": "$261", "2007-03-31": "$193", "2006-12-31": "$189", "2006-09-30": "$217", "2006-06-30": "$172", "2006-03-31": "$162", "2005-12-31": "$159", "2005-09-30": "$105", "2005-06-30": "$102", "2005-03-31": "$99"}}, "ebitda": {"DaVita Annual EBITDA (Millions of US $)": {"2019": "$2,258", "2018": "$2,117", "2017": "$2,590", "2016": "$2,750", "2015": "$1,775", "2014": "$2,406", "2013": "$2,078", "2012": "$1,641", "2011": "$1,422", "2010": "$1,228", "2009": "$1,169", "2008": "$1,086", "2007": "$1,102", "2006": "$913", "2005": "$585"}, "DaVita Quarterly EBITDA (Millions of US $)": {"2020-09-30": "$595", "2020-06-30": "$567", "2020-03-31": "$620", "2019-12-31": "$621", "2019-09-30": "$534", "2019-06-30": "$614", "2019-03-31": "$489", "2018-12-31": "$543", "2018-09-30": "$435", "2018-06-30": "$585", "2018-03-31": "$553", "2017-12-31": "$334", "2017-09-30": "$599", "2017-06-30": "$591", "2017-03-31": "$1,066", "2016-12-31": "$705", "2016-09-30": "$1,001", "2016-06-30": "$509", "2016-03-31": "$534", "2015-12-31": "$374", "2015-09-30": "$671", "2015-06-30": "$639", "2015-03-31": "$90", "2014-12-31": "$606", "2014-09-30": "$586", "2014-06-30": "$630", "2014-03-31": "$584", "2013-12-31": "$623", "2013-09-30": "$510", "2013-06-30": "$653", "2013-03-31": "$293", "2012-12-31": "$498", "2012-09-30": "$421", "2012-06-30": "$325", "2012-03-31": "$397", "2011-12-31": "$427", "2011-09-30": "$387", "2011-06-30": "$311", "2011-03-31": "$297", "2010-12-31": "$312", "2010-09-30": "$315", "2010-06-30": "$301", "2010-03-31": "$300", "2009-12-31": "$295", "2009-09-30": "$302", "2009-06-30": "$294", "2009-03-31": "$278", "2008-12-31": "$279", "2008-09-30": "$277", "2008-06-30": "$271", "2008-03-31": "$259", "2007-12-31": "$293", "2007-09-30": "$262", "2007-06-30": "$308", "2007-03-31": "$239", "2006-12-31": "$234", "2006-09-30": "$262", "2006-06-30": "$213", "2006-03-31": "$204", "2005-12-31": "$201", "2005-09-30": "$132", "2005-06-30": "$128", "2005-03-31": "$124"}}, "net-income": {"DaVita Annual Net Income (Millions of US $)": {"2019": "$811", "2018": "$159", "2017": "$664", "2016": "$880", "2015": "$270", "2014": "$723", "2013": "$633", "2012": "$536", "2011": "$478", "2010": "$406", "2009": "$423", "2008": "$374", "2007": "$382", "2006": "$290", "2005": "$229"}, "DaVita Quarterly Net Income (Millions of US $)": {"2020-09-30": "$159", "2020-06-30": "$202", "2020-03-31": "$240", "2019-12-31": "$245", "2019-09-30": "$143", "2019-06-30": "$274", "2019-03-31": "$149", "2018-12-31": "$-150", "2018-09-30": "$-137", "2018-06-30": "$267", "2018-03-31": "$179", "2017-12-31": "$303", "2017-09-30": "$-214", "2017-06-30": "$127", "2017-03-31": "$448", "2016-12-31": "$158", "2016-09-30": "$571", "2016-06-30": "$53", "2016-03-31": "$97", "2015-12-31": "$-6", "2015-09-30": "$216", "2015-06-30": "$170", "2015-03-31": "$-111", "2014-12-31": "$208", "2014-09-30": "$184", "2014-06-30": "$148", "2014-03-31": "$183", "2013-12-31": "$212", "2013-09-30": "$137", "2013-06-30": "$254", "2013-03-31": "$30", "2012-12-31": "$156", "2012-09-30": "$145", "2012-06-30": "$95", "2012-03-31": "$140", "2011-12-31": "$148", "2011-09-30": "$135", "2011-06-30": "$100", "2011-03-31": "$95", "2010-12-31": "$69", "2010-09-30": "$119", "2010-06-30": "$108", "2010-03-31": "$109", "2009-12-31": "$110", "2009-09-30": "$111", "2009-06-30": "$106", "2009-03-31": "$96", "2008-12-31": "$98", "2008-09-30": "$94", "2008-06-30": "$95", "2008-03-31": "$87", "2007-12-31": "$86", "2007-09-30": "$94", "2007-06-30": "$125", "2007-03-31": "$77", "2006-12-31": "$74", "2006-09-30": "$95", "2006-06-30": "$63", "2006-03-31": "$57", "2005-12-31": "$64", "2005-09-30": "$55", "2005-06-30": "$53", "2005-03-31": "$56"}}, "eps-earnings-per-share-diluted": {"DaVita Annual EPS": {"2019": "$5.27", "2018": "$0.92", "2017": "$3.47", "2016": "$4.29", "2015": "$1.25", "2014": "$3.33", "2013": "$2.95", "2012": "$2.74", "2011": "$2.48", "2010": "$1.97", "2009": "$2.03", "2008": "$1.77", "2007": "$1.78", "2006": "$1.37", "2005": "$1.10"}, "DaVita Quarterly EPS": {"2020-09-30": "$1.28", "2020-06-30": "$1.62", "2020-03-31": "$1.89", "2019-12-31": "$1.78", "2019-09-30": "$0.95", "2019-06-30": "$1.64", "2019-03-31": "$0.90", "2018-12-31": "$-0.77", "2018-09-30": "$-0.82", "2018-06-30": "$1.53", "2018-03-31": "$0.98", "2017-12-31": "$1.65", "2017-09-30": "$-1.12", "2017-06-30": "$0.65", "2017-03-31": "$2.29", "2016-12-31": "$0.80", "2016-09-30": "$2.76", "2016-06-30": "$0.26", "2016-03-31": "$0.47", "2015-12-31": "$-0.01", "2015-09-30": "$1.00", "2015-06-30": "$0.78", "2015-03-31": "$-0.52", "2014-12-31": "$0.95", "2014-09-30": "$0.85", "2014-06-30": "$0.68", "2014-03-31": "$0.85", "2013-12-31": "$0.99", "2013-09-30": "$0.64", "2013-06-30": "$1.18", "2013-03-31": "$0.14", "2012-12-31": "$0.77", "2012-09-30": "$0.75", "2012-06-30": "$0.50", "2012-03-31": "$0.73", "2011-12-31": "$0.78", "2011-09-30": "$0.71", "2011-06-30": "$0.52", "2011-03-31": "$0.48", "2010-12-31": "$0.36", "2010-09-30": "$0.58", "2010-06-30": "$0.52", "2010-03-31": "$0.52", "2009-12-31": "$0.53", "2009-09-30": "$0.53", "2009-06-30": "$0.51", "2009-03-31": "$0.46", "2008-12-31": "$0.47", "2008-09-30": "$0.45", "2008-06-30": "$0.45", "2008-03-31": "$0.40", "2007-12-31": "$0.39", "2007-09-30": "$0.44", "2007-06-30": "$0.59", "2007-03-31": "$0.36", "2006-12-31": "$0.35", "2006-09-30": "$0.45", "2006-06-30": "$0.30", "2006-03-31": "$0.28", "2005-12-31": "$0.31", "2005-09-30": "$0.27", "2005-06-30": "$0.26", "2005-03-31": "$0.28"}}, "shares-outstanding": {"DaVita Annual Shares Outstanding (Millions of Shares)": {"2019": "154", "2018": "172", "2017": "191", "2016": "205", "2015": "216", "2014": "217", "2013": "215", "2012": "196", "2011": "193", "2010": "206", "2009": "208", "2008": "212", "2007": "215", "2006": "212", "2005": "208"}, "DaVita Quarterly Shares Outstanding (Millions of Shares)": {"2020-09-30": "124", "2020-06-30": "124", "2020-03-31": "127", "2019-12-31": "154", "2019-09-30": "151", "2019-06-30": "167", "2019-03-31": "167", "2018-12-31": "172", "2018-09-30": "167", "2018-06-30": "174", "2018-03-31": "182", "2017-12-31": "191", "2017-09-30": "191", "2017-06-30": "194", "2017-03-31": "195", "2016-12-31": "205", "2016-09-30": "207", "2016-06-30": "208", "2016-03-31": "208", "2015-12-31": "216", "2015-09-30": "217", "2015-06-30": "218", "2015-03-31": "213", "2014-12-31": "217", "2014-09-30": "217", "2014-06-30": "217", "2014-03-31": "216", "2013-12-31": "215", "2013-09-30": "215", "2013-06-30": "215", "2013-03-31": "214", "2012-12-31": "196", "2012-09-30": "193", "2012-06-30": "192", "2012-03-31": "191", "2011-12-31": "193", "2011-09-30": "190", "2011-06-30": "195", "2011-03-31": "197", "2010-12-31": "206", "2010-09-30": "208", "2010-06-30": "209", "2010-03-31": "210", "2009-12-31": "208", "2009-09-30": "209", "2009-06-30": "208", "2009-03-31": "209", "2008-12-31": "212", "2008-09-30": "211", "2008-06-30": "211", "2008-03-31": "216", "2007-12-31": "215", "2007-09-30": "215", "2007-06-30": "214", "2007-03-31": "213", "2006-12-31": "212", "2006-09-30": "212", "2006-06-30": "211", "2006-03-31": "211", "2005-12-31": "208", "2005-09-30": "209", "2005-06-30": "208", "2005-03-31": "206"}}, "total-assets": {"DaVita Annual Total Assets (Millions of US $)": {"2019": "$17,311", "2018": "$19,110", "2017": "$18,975", "2016": "$18,756", "2015": "$18,515", "2014": "$17,617", "2013": "$17,099", "2012": "$16,015", "2011": "$8,904", "2010": "$8,114", "2009": "$7,558", "2008": "$7,286", "2007": "$6,944", "2006": "$6,492", "2005": "$6,280"}, "DaVita Quarterly Total Assets (Millions of US $)": {"2020-09-30": "$17,047", "2020-06-30": "$19,305", "2020-03-31": "$17,596", "2019-12-31": "$17,311", "2019-09-30": "$17,452", "2019-06-30": "$19,931", "2019-03-31": "$22,606", "2018-12-31": "$19,110", "2018-09-30": "$19,358", "2018-06-30": "$19,436", "2018-03-31": "$18,942", "2017-12-31": "$18,975", "2017-09-30": "$19,013", "2017-06-30": "$19,342", "2017-03-31": "$19,388", "2016-12-31": "$18,756", "2016-09-30": "$18,926", "2016-06-30": "$18,692", "2016-03-31": "$18,514", "2015-12-31": "$18,515", "2015-09-30": "$18,895", "2015-06-30": "$18,947", "2015-03-31": "$18,367", "2014-12-31": "$17,617", "2014-09-30": "$18,101", "2014-06-30": "$17,926", "2014-03-31": "$17,398", "2013-12-31": "$17,099", "2013-09-30": "$16,827", "2013-06-30": "$16,456", "2013-03-31": "$16,413", "2012-12-31": "$16,015", "2012-09-30": "$10,824", "2012-06-30": "$9,255", "2012-03-31": "$9,157", "2011-12-31": "$8,904", "2011-09-30": "$8,707", "2011-06-30": "$8,193", "2011-03-31": "$8,323", "2010-12-31": "$8,114", "2010-09-30": "$7,627", "2010-06-30": "$7,578", "2010-03-31": "$7,692", "2009-12-31": "$7,558", "2009-09-30": "$7,538", "2009-06-30": "$7,441", "2009-03-31": "$7,235", "2008-12-31": "$7,286", "2008-09-30": "$7,172", "2008-06-30": "$7,050", "2008-03-31": "$6,990", "2007-12-31": "$6,944", "2007-09-30": "$6,781", "2007-06-30": "$6,671", "2007-03-31": "$6,538", "2006-12-31": "$6,492", "2006-09-30": "$6,344", "2006-06-30": "$6,341", "2006-03-31": "$6,189", "2005-12-31": "$6,280", "2005-09-30": "$2,869", "2005-06-30": "$2,751", "2005-03-31": "$2,650"}}, "cash-on-hand": {"DaVita Annual Cash on Hand (Millions of US $)": {"2019": "$1,220", "2018": "$418", "2017": "$552", "2016": "$982", "2015": "$1,907", "2014": "$1,303", "2013": "$953", "2012": "$541", "2011": "$411", "2010": "$883", "2009": "$566", "2008": "$446", "2007": "$487", "2006": "$315", "2005": "$432"}, "DaVita Quarterly Cash on Hand (Millions of US $)": {"2020-09-30": "$837", "2020-06-30": "$3,190", "2020-03-31": "$1,498", "2019-12-31": "$1,220", "2019-09-30": "$1,458", "2019-06-30": "$3,688", "2019-03-31": "$565", "2018-12-31": "$418", "2018-09-30": "$545", "2018-06-30": "$485", "2018-03-31": "$452", "2017-12-31": "$552", "2017-09-30": "$983", "2017-06-30": "$923", "2017-03-31": "$1,785", "2016-12-31": "$982", "2016-09-30": "$1,573", "2016-06-30": "$1,678", "2016-03-31": "$1,438", "2015-12-31": "$1,907", "2015-09-30": "$1,970", "2015-06-30": "$1,876", "2015-03-31": "$1,434", "2014-12-31": "$1,303", "2014-09-30": "$1,669", "2014-06-30": "$1,485", "2014-03-31": "$1,116", "2013-12-31": "$953", "2013-09-30": "$977", "2013-06-30": "$625", "2013-03-31": "$707", "2012-12-31": "$541", "2012-09-30": "$388", "2012-06-30": "$282", "2012-03-31": "$458", "2011-12-31": "$411", "2011-09-30": "$566", "2011-06-30": "$753", "2011-03-31": "$1,029", "2010-12-31": "$883", "2010-09-30": "$558", "2010-06-30": "$598", "2010-03-31": "$779", "2009-12-31": "$566", "2009-09-30": "$602", "2009-06-30": "$563", "2009-03-31": "$431", "2008-12-31": "$446", "2008-09-30": "$440", "2008-06-30": "$378", "2008-03-31": "$525", "2007-12-31": "$487", "2007-09-30": "$413", "2007-06-30": "$419", "2007-03-31": "$362", "2006-12-31": "$315", "2006-09-30": "$260", "2006-06-30": "$339", "2006-03-31": "$279", "2005-12-31": "$432", "2005-09-30": "$337", "2005-06-30": "$313", "2005-03-31": "$318"}}, "long-term-debt": {"DaVita Annual Long Term Debt (Millions of US $)": {"2019": "$7,978", "2018": "$8,173", "2017": "$9,158", "2016": "$8,945", "2015": "$9,001", "2014": "$8,299", "2013": "$8,141", "2012": "$8,327", "2011": "$4,418", "2010": "$4,234", "2009": "$3,532", "2008": "$3,622", "2007": "$3,684", "2006": "$3,730", "2005": "$4,085"}, "DaVita Quarterly Long Term Debt (Millions of US $)": {"2020-09-30": "$7,867", "2020-06-30": "$7,895", "2020-03-31": "$8,442", "2019-12-31": "$7,978", "2019-09-30": "$8,014", "2019-06-30": "$5,378", "2019-03-31": "$5,787", "2018-12-31": "$8,173", "2018-09-30": "$8,441", "2018-06-30": "$8,176", "2018-03-31": "$9,280", "2017-12-31": "$9,158", "2017-09-30": "$8,909", "2017-06-30": "$8,911", "2017-03-31": "$8,919", "2016-12-31": "$8,945", "2016-09-30": "$8,972", "2016-06-30": "$8,957", "2016-03-31": "$8,980", "2015-12-31": "$9,001", "2015-09-30": "$9,082", "2015-06-30": "$9,101", "2015-03-31": "$8,380", "2014-12-31": "$8,299", "2014-09-30": "$8,381", "2014-06-30": "$8,391", "2014-03-31": "$8,072", "2013-12-31": "$8,141", "2013-09-30": "$8,181", "2013-06-30": "$8,234", "2013-03-31": "$8,277", "2012-12-31": "$8,327", "2012-09-30": "$5,621", "2012-06-30": "$4,393", "2012-03-31": "$4,402", "2011-12-31": "$4,418", "2011-09-30": "$4,417", "2011-06-30": "$4,211", "2011-03-31": "$4,218", "2010-12-31": "$4,234", "2010-09-30": "$3,266", "2010-06-30": "$3,288", "2010-03-31": "$3,510", "2009-12-31": "$3,532", "2009-09-30": "$3,556", "2009-06-30": "$3,579", "2009-03-31": "$3,600", "2008-12-31": "$3,622", "2008-09-30": "$3,643", "2008-06-30": "$3,657", "2008-03-31": "$3,670", "2007-12-31": "$3,684", "2007-09-30": "$3,696", "2007-06-30": "$3,698", "2007-03-31": "$3,721", "2006-12-31": "$3,730", "2006-09-30": "$3,818", "2006-06-30": "$3,939", "2006-03-31": "$4,039", "2005-12-31": "$4,085", "2005-09-30": "$1,361", "2005-06-30": "$1,361", "2005-03-31": "$1,362"}}, "total-liabilities": {"DaVita Annual Total Liabilities (Millions of US $)": {"2019": "$14,992", "2018": "$15,202", "2017": "$14,088", "2016": "$13,906", "2015": "$13,431", "2014": "$12,257", "2013": "$12,493", "2012": "$12,098", "2011": "$6,636", "2010": "$6,077", "2009": "$5,364", "2008": "$5,459", "2007": "$5,212", "2006": "$5,246", "2005": "$5,429"}, "DaVita Quarterly Total Liabilities (Millions of US $)": {"2020-09-30": "$15,293", "2020-06-30": "$16,971", "2020-03-31": "$15,463", "2019-12-31": "$14,992", "2019-09-30": "$14,939", "2019-06-30": "$15,688", "2019-03-31": "$18,519", "2018-12-31": "$15,202", "2018-09-30": "$15,329", "2018-06-30": "$14,951", "2018-03-31": "$14,160", "2017-12-31": "$14,088", "2017-09-30": "$14,044", "2017-06-30": "$14,070", "2017-03-31": "$14,048", "2016-12-31": "$13,906", "2016-09-30": "$13,806", "2016-06-30": "$13,733", "2016-03-31": "$13,592", "2015-12-31": "$13,431", "2015-09-30": "$13,703", "2015-06-30": "$13,600", "2015-03-31": "$13,196", "2014-12-31": "$12,257", "2014-09-30": "$12,950", "2014-06-30": "$12,969", "2014-03-31": "$12,561", "2013-12-31": "$12,493", "2013-09-30": "$12,390", "2013-06-30": "$12,173", "2013-03-31": "$12,457", "2012-12-31": "$12,098", "2012-09-30": "$8,154", "2012-06-30": "$6,747", "2012-03-31": "$6,755", "2011-12-31": "$6,636", "2011-09-30": "$6,624", "2011-06-30": "$6,247", "2011-03-31": "$6,186", "2010-12-31": "$6,077", "2010-09-30": "$5,251", "2010-06-30": "$5,221", "2010-03-31": "$5,373", "2009-12-31": "$5,364", "2009-09-30": "$5,399", "2009-06-30": "$5,385", "2009-03-31": "$5,311", "2008-12-31": "$5,459", "2008-09-30": "$5,265", "2008-06-30": "$5,270", "2008-03-31": "$5,192", "2007-12-31": "$5,212", "2007-09-30": "$5,154", "2007-06-30": "$5,171", "2007-03-31": "$5,184", "2006-12-31": "$5,246", "2006-09-30": "$5,197", "2006-06-30": "$5,299", "2006-03-31": "$5,227", "2005-12-31": "$5,429", "2005-09-30": "$2,096", "2005-06-30": "$2,065", "2005-03-31": "$2,031"}}, "total-share-holder-equity": {"DaVita Annual Share Holder Equity (Millions of US $)": {"2019": "$2,319", "2018": "$3,908", "2017": "$4,886", "2016": "$4,850", "2015": "$5,084", "2014": "$5,360", "2013": "$4,606", "2012": "$3,917", "2011": "$2,268", "2010": "$2,037", "2009": "$2,194", "2008": "$1,827", "2007": "$1,732", "2006": "$1,246", "2005": "$851"}, "DaVita Quarterly Share Holder Equity (Millions of US $)": {"2020-09-30": "$1,753", "2020-06-30": "$2,334", "2020-03-31": "$2,133", "2019-12-31": "$2,319", "2019-09-30": "$2,513", "2019-06-30": "$4,243", "2019-03-31": "$4,087", "2018-12-31": "$3,908", "2018-09-30": "$4,029", "2018-06-30": "$4,485", "2018-03-31": "$4,782", "2017-12-31": "$4,886", "2017-09-30": "$4,969", "2017-06-30": "$5,272", "2017-03-31": "$5,341", "2016-12-31": "$4,850", "2016-09-30": "$5,119", "2016-06-30": "$4,959", "2016-03-31": "$4,922", "2015-12-31": "$5,084", "2015-09-30": "$5,192", "2015-06-30": "$5,347", "2015-03-31": "$5,171", "2014-12-31": "$5,360", "2014-09-30": "$5,151", "2014-06-30": "$4,957", "2014-03-31": "$4,838", "2013-12-31": "$4,606", "2013-09-30": "$4,437", "2013-06-30": "$4,282", "2013-03-31": "$3,957", "2012-12-31": "$3,917", "2012-09-30": "$2,670", "2012-06-30": "$2,508", "2012-03-31": "$2,402", "2011-12-31": "$2,268", "2011-09-30": "$2,082", "2011-06-30": "$1,946", "2011-03-31": "$2,137", "2010-12-31": "$2,037", "2010-09-30": "$2,376", "2010-06-30": "$2,357", "2010-03-31": "$2,319", "2009-12-31": "$2,194", "2009-09-30": "$2,138", "2009-06-30": "$2,056", "2009-03-31": "$1,924", "2008-12-31": "$1,827", "2008-09-30": "$1,907", "2008-06-30": "$1,780", "2008-03-31": "$1,798", "2007-12-31": "$1,732", "2007-09-30": "$1,627", "2007-06-30": "$1,501", "2007-03-31": "$1,354", "2006-12-31": "$1,246", "2006-09-30": "$1,147", "2006-06-30": "$1,043", "2006-03-31": "$963", "2005-12-31": "$851", "2005-09-30": "$773", "2005-06-30": "$687", "2005-03-31": "$618"}}, "profit-margins": {"current": "7.32%"}, "gross margin": {"2020-09-30": "31.28%", "2020-06-30": "31.00%", "2020-03-31": "31.01%", "2019-12-31": "30.50%", "2019-09-30": "29.79%", "2019-06-30": "28.80%", "2019-03-31": "28.09%", "2018-12-31": "28.15%", "2018-09-30": "28.64%", "2018-06-30": "29.11%", "2018-03-31": "29.48%", "2017-12-31": "29.75%", "2017-09-30": "33.38%", "2017-06-30": "32.21%", "2017-03-31": "31.33%", "2016-12-31": "30.60%", "2016-09-30": "30.35%", "2016-06-30": "30.86%", "2016-03-31": "31.15%", "2015-12-31": "31.32%", "2015-09-30": "28.73%", "2015-06-30": "28.57%", "2015-03-31": "28.67%", "2014-12-31": "28.73%", "2014-09-30": "29.12%", "2014-06-30": "29.55%", "2014-03-31": "29.71%", "2013-12-31": "30.30%", "2013-09-30": "30.41%", "2013-06-30": "30.76%", "2013-03-31": "31.33%", "2012-12-31": "31.79%", "2012-09-30": "32.40%", "2012-06-30": "32.54%", "2012-03-31": "32.06%", "2011-12-31": "31.17%", "2011-09-30": "28.85%", "2011-06-30": "28.35%", "2011-03-31": "28.33%", "2010-12-31": "28.81%", "2010-09-30": "30.37%", "2010-06-30": "30.30%", "2010-03-31": "30.49%", "2009-12-31": "30.47%", "2009-09-30": "30.61%", "2009-06-30": "30.64%", "2009-03-31": "30.66%", "2008-12-31": "30.74%", "2008-09-30": "30.91%", "2008-06-30": "31.41%", "2008-03-31": "31.74%", "2007-12-31": "31.80%", "2007-09-30": "31.78%", "2007-06-30": "31.35%", "2007-03-31": "30.86%", "2006-12-31": "30.53%", "2006-09-30": "30.04%", "2006-06-30": "30.22%", "2006-03-31": "30.72%", "2005-12-31": "31.57%"}, "operating margin": {"2020-09-30": "15.38%", "2020-06-30": "14.89%", "2020-03-31": "15.39%", "2019-12-31": "14.43%", "2019-09-30": "13.87%", "2019-06-30": "13.15%", "2019-03-31": "12.89%", "2018-12-31": "13.38%", "2018-09-30": "11.33%", "2018-06-30": "12.36%", "2018-03-31": "12.14%", "2017-12-31": "16.66%", "2017-09-30": "28.03%", "2017-06-30": "29.79%", "2017-03-31": "26.04%", "2016-12-31": "18.96%", "2016-09-30": "16.02%", "2016-06-30": "13.39%", "2016-03-31": "15.24%", "2015-12-31": "11.39%", "2015-09-30": "10.15%", "2015-06-30": "9.82%", "2015-03-31": "10.05%", "2014-12-31": "14.19%", "2014-09-30": "14.74%", "2014-06-30": "14.55%", "2014-03-31": "15.23%", "2013-12-31": "13.17%", "2013-09-30": "13.01%", "2013-06-30": "14.00%", "2013-03-31": "12.47%", "2012-12-31": "15.84%", "2012-09-30": "16.93%", "2012-06-30": "17.07%", "2012-03-31": "17.68%", "2011-12-31": "17.16%", "2011-09-30": "16.44%", "2011-06-30": "15.74%", "2011-03-31": "15.84%", "2010-12-31": "15.98%", "2010-09-30": "15.42%", "2010-06-30": "15.41%", "2010-03-31": "15.49%", "2009-12-31": "15.41%", "2009-09-30": "15.41%", "2009-06-30": "15.35%", "2009-03-31": "15.34%", "2008-12-31": "15.35%", "2008-09-30": "15.99%", "2008-06-30": "16.18%", "2008-03-31": "17.28%", "2007-12-31": "17.25%", "2007-09-30": "16.50%", "2007-06-30": "16.86%", "2007-03-31": "15.43%", "2006-12-31": "15.16%", "2006-09-30": "14.98%", "2006-06-30": "14.41%", "2006-03-31": "14.84%", "2005-12-31": "15.64%"}, "ebitda margin": {"2020-09-30": "20.82%", "2020-06-30": "20.32%", "2020-03-31": "20.80%", "2019-12-31": "19.83%", "2019-09-30": "19.27%", "2019-06-30": "18.49%", "2019-03-31": "18.16%", "2018-12-31": "18.55%", "2018-09-30": "16.78%", "2018-06-30": "18.36%", "2018-03-31": "18.72%", "2017-12-31": "23.81%", "2017-09-30": "38.09%", "2017-06-30": "38.48%", "2017-03-31": "33.62%", "2016-12-31": "25.67%", "2016-09-30": "22.46%", "2016-06-30": "19.77%", "2016-03-31": "21.58%", "2015-12-31": "17.77%", "2015-09-30": "14.77%", "2015-06-30": "14.44%", "2015-03-31": "14.66%", "2014-12-31": "18.80%", "2014-09-30": "19.34%", "2014-06-30": "19.12%", "2014-03-31": "19.79%", "2013-12-31": "17.67%", "2013-09-30": "17.48%", "2013-06-30": "18.42%", "2013-03-31": "16.77%", "2012-12-31": "20.04%", "2012-09-30": "21.05%", "2012-06-30": "21.13%", "2012-03-31": "21.68%", "2011-12-31": "21.13%", "2011-09-30": "20.41%", "2011-06-30": "19.61%", "2011-03-31": "19.69%", "2010-12-31": "19.74%", "2010-09-30": "19.05%", "2010-06-30": "19.08%", "2010-03-31": "19.17%", "2009-12-31": "19.16%", "2009-09-30": "19.21%", "2009-06-30": "19.20%", "2009-03-31": "19.17%", "2008-12-31": "19.19%", "2008-09-30": "19.81%", "2008-06-30": "20.00%", "2008-03-31": "21.05%", "2007-12-31": "20.93%", "2007-09-30": "20.13%", "2007-06-30": "20.45%", "2007-03-31": "18.98%", "2006-12-31": "18.71%", "2006-09-30": "18.56%", "2006-06-30": "18.08%", "2006-03-31": "18.69%", "2005-12-31": "19.67%"}, "pre tax profit margin": {"2020-09-30": "11.88%", "2020-06-30": "11.83%", "2020-03-31": "11.74%", "2019-12-31": "10.50%", "2019-09-30": "9.49%", "2019-06-30": "8.58%", "2019-03-31": "8.51%", "2018-12-31": "9.19%", "2018-09-30": "7.36%", "2018-06-30": "8.49%", "2018-03-31": "8.35%", "2017-12-31": "12.87%", "2017-09-30": "22.71%", "2017-06-30": "25.08%", "2017-03-31": "21.86%", "2016-12-31": "15.15%", "2016-09-30": "12.28%", "2016-06-30": "9.60%", "2016-03-31": "10.86%", "2015-12-31": "6.90%", "2015-09-30": "6.86%", "2015-06-30": "6.46%", "2015-03-31": "6.21%", "2014-12-31": "10.23%", "2014-09-30": "10.65%", "2014-06-30": "10.34%", "2014-03-31": "11.70%", "2013-12-31": "9.57%", "2013-09-30": "9.19%", "2013-06-30": "10.15%", "2013-03-31": "8.75%", "2012-12-31": "12.23%", "2012-09-30": "13.57%", "2012-06-30": "13.75%", "2012-03-31": "14.25%", "2011-12-31": "13.62%", "2011-09-30": "11.76%", "2011-06-30": "11.31%", "2011-03-31": "11.57%", "2010-12-31": "11.91%", "2010-09-30": "12.68%", "2010-06-30": "12.55%", "2010-03-31": "12.60%", "2009-12-31": "12.41%", "2009-09-30": "12.20%", "2009-06-30": "11.95%", "2009-03-31": "11.76%", "2008-12-31": "11.61%", "2008-09-30": "12.12%", "2008-06-30": "12.15%", "2008-03-31": "13.11%", "2007-12-31": "12.82%", "2007-09-30": "11.81%", "2007-06-30": "11.92%", "2007-03-31": "10.17%", "2006-12-31": "9.73%", "2006-09-30": "9.30%", "2006-06-30": "8.92%", "2006-03-31": "9.58%", "2005-12-31": "11.10%"}, "net profit margin": {"2020-09-30": "7.33%", "2020-06-30": "7.20%", "2020-03-31": "7.85%", "2019-12-31": "7.12%", "2019-09-30": "3.68%", "2019-06-30": "1.21%", "2019-03-31": "1.14%", "2018-12-31": "1.39%", "2018-09-30": "5.39%", "2018-06-30": "4.74%", "2018-03-31": "3.56%", "2017-12-31": "6.11%", "2017-09-30": "6.68%", "2017-06-30": "14.92%", "2017-03-31": "12.61%", "2016-12-31": "8.21%", "2016-09-30": "6.64%", "2016-06-30": "3.41%", "2016-03-31": "4.64%", "2015-12-31": "2.69%", "2015-09-30": "3.56%", "2015-06-30": "3.39%", "2015-03-31": "3.29%", "2014-12-31": "5.65%", "2014-09-30": "5.80%", "2014-06-30": "5.54%", "2014-03-31": "6.56%", "2013-12-31": "5.38%", "2013-09-30": "5.16%", "2013-06-30": "5.78%", "2013-03-31": "4.65%", "2012-12-31": "6.55%", "2012-09-30": "7.08%", "2012-06-30": "7.12%", "2012-03-31": "7.45%", "2011-12-31": "7.10%", "2011-09-30": "6.23%", "2011-06-30": "6.08%", "2011-03-31": "6.28%", "2010-12-31": "6.51%", "2010-09-30": "7.02%", "2010-06-30": "6.97%", "2010-03-31": "7.02%", "2009-12-31": "6.93%", "2009-09-30": "6.85%", "2009-06-30": "6.71%", "2009-03-31": "6.65%", "2008-12-31": "6.61%", "2008-09-30": "6.52%", "2008-06-30": "6.67%", "2008-03-31": "7.35%", "2007-12-31": "7.26%", "2007-09-30": "7.14%", "2007-06-30": "7.27%", "2007-03-31": "6.18%", "2006-12-31": "5.92%", "2006-09-30": "5.88%", "2006-06-30": "5.76%", "2006-03-31": "6.44%", "2005-12-31": "7.67%"}, "pe ratio": {"current": "14.67", "2021-02-05": "16.37", "2020-09-30": "12.84", "2020-06-30": "12.48", "2020-03-31": "11.96", "2019-12-31": "13.97", "2019-09-30": "22.03", "2019-06-30": "68.61", "2019-03-31": "76.46", "2018-12-31": "65.14", "2018-09-30": "21.51", "2018-06-30": "23.07", "2018-03-31": "30.96", "2017-12-31": "21.00", "2017-09-30": "22.84", "2017-06-30": "9.96", "2017-03-31": "11.12", "2016-12-31": "14.97", "2016-09-30": "19.10", "2016-06-30": "45.48", "2016-03-31": "33.05", "2015-12-31": "56.67", "2015-09-30": "32.58", "2015-06-30": "38.39", "2015-03-31": "41.26", "2014-12-31": "22.68", "2014-09-30": "21.70", "2014-06-30": "22.89", "2014-03-31": "18.79", "2013-12-31": "21.45", "2013-09-30": "20.92", "2013-06-30": "21.34", "2013-03-31": "27.71", "2012-12-31": "20.24", "2012-09-30": "18.80", "2012-06-30": "18.09", "2012-03-31": "16.48", "2011-12-31": "15.25", "2011-09-30": "15.25", "2011-06-30": "22.55", "2011-03-31": "22.21", "2010-12-31": "17.68", "2010-09-30": "16.09", "2010-06-30": "14.87", "2010-03-31": "15.17", "2009-12-31": "14.47", "2009-09-30": "14.38", "2009-06-30": "13.12", "2009-03-31": "12.04", "2008-12-31": "14.04", "2008-09-30": "16.87", "2008-06-30": "15.77", "2008-03-31": "13.12", "2007-12-31": "15.83", "2007-09-30": "18.21", "2007-06-30": "15.44", "2007-03-31": "18.26", "2006-12-31": "20.68"}, "price sales": {"2021-02-05": "1.24", "2020-09-30": "0.97", "2020-06-30": "0.95", "2020-03-31": "0.98", "2019-12-31": "1.05", "2019-09-30": "0.83", "2019-06-30": "0.84", "2019-03-31": "0.82", "2018-12-31": "0.78", "2018-09-30": "1.12", "2018-06-30": "1.13", "2018-03-31": "1.13", "2017-12-31": "1.28", "2017-09-30": "1.47", "2017-06-30": "1.48", "2017-03-31": "1.42", "2016-12-31": "1.25", "2016-09-30": "1.27", "2016-06-30": "1.54", "2016-03-31": "1.53", "2015-12-31": "1.51", "2015-09-30": "1.15", "2015-06-30": "1.29", "2015-03-31": "1.35", "2014-12-31": "1.28", "2014-09-30": "1.26", "2014-06-30": "1.27", "2014-03-31": "1.24", "2013-12-31": "1.16", "2013-09-30": "1.07", "2013-06-30": "1.23", "2013-03-31": "1.29", "2012-12-31": "1.31", "2012-09-30": "1.34", "2012-06-30": "1.29", "2012-03-31": "1.24", "2011-12-31": "1.09", "2011-09-30": "0.96", "2011-06-30": "1.38", "2011-03-31": "1.41", "2010-12-31": "1.16", "2010-09-30": "1.13", "2010-06-30": "1.04", "2010-03-31": "1.07", "2009-12-31": "1.00", "2009-09-30": "0.99", "2009-06-30": "0.88", "2009-03-31": "0.80", "2008-12-31": "0.93", "2008-09-30": "1.09", "2008-06-30": "1.05", "2008-03-31": "0.96", "2007-12-31": "1.15", "2007-09-30": "1.30", "2007-06-30": "1.12", "2007-03-31": "1.13", "2006-12-31": "1.23"}, "price book": {"current": "6.97", "2021-02-05": "7.09", "2020-09-30": "5.56", "2020-06-30": "4.14", "2020-03-31": "4.34", "2019-12-31": "4.07", "2019-09-30": "3.04", "2019-06-30": "2.18", "2019-03-31": "2.21", "2018-12-31": "2.19", "2018-09-30": "2.95", "2018-06-30": "2.65", "2018-03-31": "2.46", "2017-12-31": "2.70", "2017-09-30": "2.26", "2017-06-30": "2.35", "2017-03-31": "2.48", "2016-12-31": "2.58", "2016-09-30": "2.59", "2016-06-30": "3.23", "2016-03-31": "3.08", "2015-12-31": "2.88", "2015-09-30": "2.94", "2015-06-30": "3.20", "2015-03-31": "3.38", "2014-12-31": "3.05", "2014-09-30": "3.05", "2014-06-30": "3.13", "2014-03-31": "3.05", "2013-12-31": "2.93", "2013-09-30": "2.73", "2013-06-30": "3.00", "2013-03-31": "3.17", "2012-12-31": "2.98", "2012-09-30": "3.70", "2012-06-30": "3.70", "2012-03-31": "3.53", "2011-12-31": "3.13", "2011-09-30": "2.81", "2011-06-30": "4.16", "2011-03-31": "3.86", "2010-12-31": "3.27", "2010-09-30": "2.94", "2010-06-30": "2.72", "2010-03-31": "2.84", "2009-12-31": "2.76", "2009-09-30": "2.73", "2009-06-30": "2.50", "2009-03-31": "2.36", "2008-12-31": "2.82", "2008-09-30": "3.13", "2008-06-30": "3.11", "2008-03-31": "2.84", "2007-12-31": "3.48", "2007-09-30": "4.14", "2007-06-30": "3.79", "2007-03-31": "4.14", "2006-12-31": "4.78", "2006-09-30": "5.25", "2006-06-30": "4.94", "2006-03-31": "6.46"}, "price fcf": {"2021-02-05": "", "2020-09-30": "$11.68", "2020-06-30": "$14.72", "2020-03-31": "$35.83", "2019-12-31": "$33.70", "2019-09-30": "$31.69", "2019-06-30": "$27.52", "2019-03-31": "$4.34", "2018-12-31": "$5.42", "2018-09-30": "$5.75", "2018-06-30": "$5.47", "2018-03-31": "$3.00", "2017-12-31": "$5.75", "2017-09-30": "$6.37", "2017-06-30": "$6.61", "2017-03-31": "$8.23", "2016-12-31": "$5.89", "2016-09-30": "$5.36", "2016-06-30": "$6.15", "2016-03-31": "$3.90", "2015-12-31": "$4.02", "2015-09-30": "$1.85", "2015-06-30": "$2.64", "2015-03-31": "$3.81", "2014-12-31": "$3.81", "2014-09-30": "$5.93", "2014-06-30": "$5.54", "2014-03-31": "$5.80", "2013-12-31": "$5.67", "2013-09-30": "$4.87", "2013-06-30": "$3.34", "2013-03-31": "$2.91", "2012-12-31": "$2.83", "2012-09-30": "$3.04", "2012-06-30": "$3.96", "2012-03-31": "$4.24", "2011-12-31": "$4.43", "2011-09-30": "$4.19", "2011-06-30": "$2.49", "2011-03-31": "$3.03", "2010-12-31": "$2.75", "2010-09-30": "$3.09", "2010-06-30": "$3.11", "2010-03-31": "$2.67", "2009-12-31": "$1.92", "2009-09-30": "$1.96", "2009-06-30": "$1.88", "2009-03-31": "$1.49", "2008-12-31": "$1.40", "2008-09-30": "$1.72", "2008-06-30": "$1.45", "2008-03-31": "$1.46", "2007-12-31": "$1.44", "2007-09-30": "$1.14", "2007-06-30": "$1.17", "2007-03-31": "$1.73", "2006-12-31": "$1.21"}, "net worth": {"value": "$12.23B"}, "current ratio": {"current": "1.37", "2020-09-30": "1.37", "2020-06-30": "1.35", "2020-03-31": "1.81", "2019-12-31": "1.56", "2019-09-30": "1.81", "2019-06-30": "1.12", "2019-03-31": "1.12", "2018-12-31": "1.72", "2018-09-30": "1.84", "2018-06-30": "1.90", "2018-03-31": "2.94", "2017-12-31": "2.86", "2017-09-30": "1.40", "2017-06-30": "1.45", "2017-03-31": "1.64", "2016-12-31": "1.47", "2016-09-30": "1.61", "2016-06-30": "1.70", "2016-03-31": "1.72", "2015-12-31": "1.88", "2015-09-30": "1.97", "2015-06-30": "2.05", "2015-03-31": "1.61", "2014-12-31": "1.74", "2014-09-30": "1.61", "2014-06-30": "1.60", "2014-03-31": "1.45", "2013-12-31": "1.41", "2013-09-30": "1.38", "2013-06-30": "1.41", "2013-03-31": "1.37", "2012-12-31": "1.43", "2012-09-30": "1.74", "2012-06-30": "1.76", "2012-03-31": "1.91", "2011-12-31": "1.97", "2011-09-30": "1.97", "2011-06-30": "2.43", "2011-03-31": "2.71", "2010-12-31": "2.84", "2010-09-30": "2.04", "2010-06-30": "2.03", "2010-03-31": "2.35", "2009-12-31": "2.20", "2009-09-30": "2.07", "2009-06-30": "2.01", "2009-03-31": "1.98", "2008-12-31": "1.83", "2008-09-30": "1.84", "2008-06-30": "1.73", "2008-03-31": "1.89", "2007-12-31": "1.82", "2007-09-30": "1.84", "2007-06-30": "1.76", "2007-03-31": "1.68", "2006-12-31": "1.54", "2006-09-30": "1.60", "2006-06-30": "1.66", "2006-03-31": "1.85", "2005-12-31": "1.67", "2005-09-30": "2.19", "2005-06-30": "2.13", "2005-03-31": "2.22"}, "quick ratio": {"2020-09-30": "1.33", "2020-06-30": "1.33", "2020-03-31": "1.77", "2019-12-31": "1.51", "2019-09-30": "1.77", "2019-06-30": "1.10", "2019-03-31": "1.11", "2018-12-31": "1.70", "2018-09-30": "1.82", "2018-06-30": "1.88", "2018-03-31": "2.90", "2017-12-31": "2.80", "2017-09-30": "1.35", "2017-06-30": "1.38", "2017-03-31": "1.57", "2016-12-31": "1.41", "2016-09-30": "1.54", "2016-06-30": "1.63", "2016-03-31": "1.64", "2015-12-31": "1.80", "2015-09-30": "1.89", "2015-06-30": "1.98", "2015-03-31": "1.55", "2014-12-31": "1.68", "2014-09-30": "1.56", "2014-06-30": "1.56", "2014-03-31": "1.41", "2013-12-31": "1.37", "2013-09-30": "1.34", "2013-06-30": "1.38", "2013-03-31": "1.34", "2012-12-31": "1.39", "2012-09-30": "1.68", "2012-06-30": "1.70", "2012-03-31": "1.85", "2011-12-31": "1.90", "2011-09-30": "1.91", "2011-06-30": "2.36", "2011-03-31": "2.64", "2010-12-31": "2.76", "2010-09-30": "1.97", "2010-06-30": "1.96", "2010-03-31": "2.29", "2009-12-31": "2.13", "2009-09-30": "2.01", "2009-06-30": "1.96", "2009-03-31": "1.91", "2008-12-31": "1.76", "2008-09-30": "1.76", "2008-06-30": "1.66", "2008-03-31": "1.81", "2007-12-31": "1.75", "2007-09-30": "1.77", "2007-06-30": "1.69", "2007-03-31": "1.61", "2006-12-31": "1.46", "2006-09-30": "1.50", "2006-06-30": "1.57", "2006-03-31": "1.75", "2005-12-31": "1.60", "2005-09-30": "2.11", "2005-06-30": "2.06", "2005-03-31": "2.14"}, "debt equity ratio": {"current": "4.49", "2020-09-30": "8.72", "2020-06-30": "7.27", "2020-03-31": "7.25", "2019-12-31": "6.46", "2019-09-30": "5.95", "2019-06-30": "3.70", "2019-03-31": "4.53", "2018-12-31": "3.89", "2018-09-30": "3.80", "2018-06-30": "3.33", "2018-03-31": "2.96", "2017-12-31": "2.88", "2017-09-30": "2.83", "2017-06-30": "2.67", "2017-03-31": "2.63", "2016-12-31": "2.87", "2016-09-30": "2.70", "2016-06-30": "2.77", "2016-03-31": "2.76", "2015-12-31": "2.64", "2015-09-30": "2.64", "2015-06-30": "2.54", "2015-03-31": "2.55", "2014-12-31": "2.29", "2014-09-30": "2.51", "2014-06-30": "2.62", "2014-03-31": "2.60", "2013-12-31": "2.71", "2013-09-30": "2.79", "2013-06-30": "2.84", "2013-03-31": "3.15", "2012-12-31": "3.09", "2012-09-30": "3.05", "2012-06-30": "2.69", "2012-03-31": "2.81", "2011-12-31": "2.93", "2011-09-30": "3.18", "2011-06-30": "3.21", "2011-03-31": "2.90", "2010-12-31": "2.98", "2010-09-30": "2.21", "2010-06-30": "2.22", "2010-03-31": "2.32", "2009-12-31": "2.45", "2009-09-30": "2.53", "2009-06-30": "2.62", "2009-03-31": "2.76", "2008-12-31": "2.99", "2008-09-30": "2.76", "2008-06-30": "2.96", "2008-03-31": "2.89", "2007-12-31": "3.01", "2007-09-30": "3.17", "2007-06-30": "3.45", "2007-03-31": "3.83", "2006-12-31": "4.21", "2006-09-30": "4.53", "2006-06-30": "5.08", "2006-03-31": "5.43", "2005-12-31": "6.38", "2005-09-30": "2.71", "2005-06-30": "3.01", "2005-03-31": "3.29"}, "return on equity": {"2020-09-30": "39.63%", "2020-06-30": "35.70%", "2020-03-31": "32.19%", "2019-12-31": "24.65%", "2019-09-30": "11.28%", "2019-06-30": "3.34%", "2019-03-31": "3.13%", "2018-12-31": "3.70%", "2018-09-30": "13.46%", "2018-06-30": "11.19%", "2018-03-31": "7.94%", "2017-12-31": "12.98%", "2017-09-30": "10.16%", "2017-06-30": "25.34%", "2017-03-31": "24.27%", "2016-12-31": "17.71%", "2016-09-30": "14.24%", "2016-06-30": "7.14%", "2016-03-31": "9.29%", "2015-12-31": "5.17%", "2015-09-30": "9.17%", "2015-06-30": "8.58%", "2015-03-31": "8.31%", "2014-12-31": "14.24%", "2014-09-30": "14.87%", "2014-06-30": "14.44%", "2014-03-31": "17.31%", "2013-12-31": "14.65%", "2013-09-30": "13.91%", "2013-06-30": "15.78%", "2013-03-31": "13.06%", "2012-12-31": "18.65%", "2012-09-30": "21.45%", "2012-06-30": "22.38%", "2012-03-31": "24.05%", "2011-12-31": "22.67%", "2011-09-30": "19.46%", "2011-06-30": "18.03%", "2011-03-31": "17.56%", "2010-12-31": "17.82%", "2010-09-30": "19.29%", "2010-06-30": "19.45%", "2010-03-31": "20.03%", "2009-12-31": "20.36%", "2009-09-30": "20.69%", "2009-06-30": "20.43%", "2009-03-31": "20.60%", "2008-12-31": "20.46%", "2008-09-30": "20.06%", "2008-06-30": "20.87%", "2008-03-31": "23.55%", "2007-12-31": "24.59%", "2007-09-30": "25.84%", "2007-06-30": "28.28%", "2007-03-31": "25.80%", "2006-12-31": "26.28%", "2006-09-30": "27.87%", "2006-06-30": "26.34%", "2006-03-31": "27.98%", "2005-12-31": "31.14%"}, "return on assets": {"2020-09-30": "4.75%", "2020-06-30": "4.63%", "2020-03-31": "4.99%", "2019-12-31": "4.20%", "2019-09-30": "2.10%", "2019-06-30": "0.67%", "2019-03-31": "0.64%", "2018-12-31": "0.83%", "2018-09-30": "3.19%", "2018-06-30": "2.80%", "2018-03-31": "2.07%", "2017-12-31": "3.46%", "2017-09-30": "2.71%", "2017-06-30": "6.83%", "2017-03-31": "6.49%", "2016-12-31": "4.70%", "2016-09-30": "3.83%", "2016-06-30": "1.93%", "2016-03-31": "2.55%", "2015-12-31": "1.44%", "2015-09-30": "2.62%", "2015-06-30": "2.47%", "2015-03-31": "2.38%", "2014-12-31": "4.07%", "2014-09-30": "4.12%", "2014-06-30": "3.93%", "2014-03-31": "4.64%", "2013-12-31": "3.79%", "2013-09-30": "3.51%", "2013-06-30": "3.92%", "2013-03-31": "3.25%", "2012-12-31": "4.74%", "2012-09-30": "5.54%", "2012-06-30": "5.75%", "2012-03-31": "5.98%", "2011-12-31": "5.60%", "2011-09-30": "4.79%", "2011-06-30": "4.75%", "2011-03-31": "4.94%", "2010-12-31": "5.22%", "2010-09-30": "5.86%", "2010-06-30": "5.77%", "2010-03-31": "5.77%", "2009-12-31": "5.68%", "2009-09-30": "5.57%", "2009-06-30": "5.41%", "2009-03-31": "5.33%", "2008-12-31": "5.25%", "2008-09-30": "5.14%", "2008-06-30": "5.22%", "2008-03-31": "5.73%", "2007-12-31": "5.67%", "2007-09-30": "5.59%", "2007-06-30": "5.70%", "2007-03-31": "4.81%", "2006-12-31": "4.56%", "2006-09-30": "4.44%", "2006-06-30": "4.41%", "2006-03-31": "5.06%", "2005-12-31": "6.27%"}, "return on investments": {"2020-09-30": "17.45%", "2020-06-30": "16.49%", "2020-03-31": "17.24%", "2019-12-31": "16.31%", "2019-09-30": "14.91%", "2019-06-30": "13.44%", "2019-03-31": "12.37%", "2018-12-31": "11.90%", "2018-09-30": "9.68%", "2018-06-30": "10.20%", "2018-03-31": "9.59%", "2017-12-31": "12.86%", "2017-09-30": "15.53%", "2017-06-30": "18.48%", "2017-03-31": "18.13%", "2016-12-31": "14.58%", "2016-09-30": "12.32%", "2016-06-30": "10.07%", "2016-03-31": "11.05%", "2015-12-31": "8.07%", "2015-09-30": "9.85%", "2015-06-30": "9.47%", "2015-03-31": "9.69%", "2014-12-31": "13.58%", "2014-09-30": "14.06%", "2014-06-30": "13.84%", "2014-03-31": "14.36%", "2013-12-31": "12.37%", "2013-09-30": "11.72%", "2013-06-30": "12.53%", "2013-03-31": "11.53%", "2012-12-31": "15.15%", "2012-09-30": "17.61%", "2012-06-30": "18.46%", "2012-03-31": "18.98%", "2011-12-31": "17.98%", "2011-09-30": "16.66%", "2011-06-30": "16.23%", "2011-03-31": "16.49%", "2010-12-31": "17.00%", "2010-09-30": "17.16%", "2010-06-30": "16.91%", "2010-03-31": "16.82%", "2009-12-31": "16.65%", "2009-09-30": "16.59%", "2009-06-30": "16.28%", "2009-03-31": "16.10%", "2008-12-31": "15.87%", "2008-09-30": "16.24%", "2008-06-30": "16.23%", "2008-03-31": "17.21%", "2007-12-31": "17.28%", "2007-09-30": "16.62%", "2007-06-30": "17.02%", "2007-03-31": "15.42%", "2006-12-31": "14.86%", "2006-09-30": "14.28%", "2006-06-30": "14.03%", "2006-03-31": "14.96%", "2005-12-31": "16.76%"}, "return on tangible equity": {"2020-09-30": "-17.65%", "2020-06-30": "-18.13%", "2020-03-31": "-21.89%", "2019-12-31": "-22.30%", "2019-09-30": "-12.80%", "2019-06-30": "-4.77%", "2019-03-31": "-4.71%", "2018-12-31": "-6.31%", "2018-09-30": "-27.59%", "2018-06-30": "-17.83%", "2018-03-31": "-10.01%", "2017-12-31": "-13.68%", "2017-09-30": "-11.03%", "2017-06-30": "-27.81%", "2017-03-31": "-26.29%", "2016-12-31": "-18.17%", "2016-09-30": "-11.91%", "2016-06-30": "-5.93%", "2016-03-31": "-7.87%", "2015-12-31": "-4.45%", "2015-09-30": "-7.99%", "2015-06-30": "-7.44%", "2015-03-31": "-6.98%", "2014-12-31": "-11.63%", "2014-09-30": "-11.37%", "2014-06-30": "-10.40%", "2014-03-31": "-11.78%", "2013-12-31": "-9.24%", "2013-09-30": "-8.26%", "2013-06-30": "-9.75%", "2013-03-31": "-8.49%", "2012-12-31": "-13.63%", "2012-09-30": "-18.52%", "2012-06-30": "-18.14%", "2012-03-31": "-19.12%", "2011-12-31": "-18.53%", "2011-09-30": "-16.45%", "2011-06-30": "-17.70%", "2011-03-31": "-19.54%", "2010-12-31": "-21.44%", "2010-09-30": "-24.67%", "2010-06-30": "-23.78%", "2010-03-31": "-22.99%", "2009-12-31": "-21.23%", "2009-09-30": "-19.84%", "2009-06-30": "-18.62%", "2009-03-31": "-17.64%", "2008-12-31": "-17.19%", "2008-09-30": "-16.63%", "2008-06-30": "-16.30%", "2008-03-31": "-17.40%", "2007-12-31": "-16.32%", "2007-09-30": "-15.15%", "2007-06-30": "-14.54%", "2007-03-31": "-11.58%", "2006-12-31": "-10.46%", "2006-09-30": "-9.79%", "2006-06-30": "-10.34%", "2006-03-31": "-12.99%", "2005-12-31": "-19.00%"}, "dividend yield history": {"last payout": "$0.00", "last yield": "0.00%"}}