{"ticker": "DELL", "price": {"title": "Dell Historical Annual Stock Price Data", "value": 79.61, "historical": {"2020": {"Average Stock Price": "55.1441", "Year Open": "52.2900", "Year High": "74.7100", "Year Low": "28.8700", "Year Close": "73.2900", "Annual % Change": "42.62%"}, "2019": {"Average Stock Price": "54.2889", "Year Open": "47.1200", "Year High": "69.8000", "Year Low": "42.6200", "Year Close": "51.3900", "Annual % Change": "5.16%"}, "2018": {"Average Stock Price": "86.7892", "Year Open": "82.4300", "Year High": "106.6000", "Year Low": "45.4300", "Year Close": "48.8700", "Annual % Change": "-39.87%"}, "2017": {"Average Stock Price": "69.2381", "Year Open": "54.5700", "Year High": "84.7700", "Year Low": "54.5700", "Year Close": "81.2800", "Annual % Change": "47.86%"}, "2016": {"Average Stock Price": "50.4836", "Year Open": "48.0000", "Year High": "57.2900", "Year Low": "46.7200", "Year Close": "54.9700", "Annual % Change": "0.00%"}}}, "market cap": {"value": "$59.69B"}, "income statement": {"Revenue": {"2020-01-31": "92154.00000", "2019-01-31": "90621.00000", "2018-01-31": "79040.00000", "2017-01-31": "62164.00000", "2016-01-31": "50911.00000", "2015-01-31": "54142.00000", "2014-01-31": "14075.00000"}, "Cost Of Goods Sold": {"2020-01-31": "63221.00000", "2019-01-31": "65568.00000", "2018-01-31": "58503.00000", "2017-01-31": "48515.00000", "2016-01-31": "42524.00000", "2015-01-31": "45246.00000", "2014-01-31": "12682.00000"}, "Gross Profit": {"2020-01-31": "28933.00000", "2019-01-31": "25053.00000", "2018-01-31": "20537.00000", "2017-01-31": "13649.00000", "2016-01-31": "8387.00000", "2015-01-31": "8896.00000", "2014-01-31": "1393.00000"}, "Research And Development Expenses": {"2020-01-31": "4992.00000", "2019-01-31": "4604.00000", "2018-01-31": "4384.00000", "2017-01-31": "2636.00000", "2016-01-31": "1051.00000", "2015-01-31": "920.00000", "2014-01-31": "328.00000"}, "SG&A Expenses": {"2020-01-31": "21319.00000", "2019-01-31": "20640.00000", "2018-01-31": "18569.00000", "2017-01-31": "13403.00000", "2016-01-31": "7850.00000", "2015-01-31": "8292.00000", "2014-01-31": "2863.00000"}, "Other Operating Income Or Expenses": {"2020-01-31": "", "2019-01-31": "", "2018-01-31": "", "2017-01-31": "", "2016-01-31": "", "2015-01-31": "", "2014-01-31": ""}, "Operating Expenses": {"2020-01-31": "89532.00000", "2019-01-31": "90812.00000", "2018-01-31": "81456.00000", "2017-01-31": "64554.00000", "2016-01-31": "51425.00000", "2015-01-31": "54458.00000", "2014-01-31": "15873.00000"}, "Operating Income": {"2020-01-31": "2622.00000", "2019-01-31": "-191.00000", "2018-01-31": "-2416.00000", "2017-01-31": "-2390.00000", "2016-01-31": "-514.00000", "2015-01-31": "-316.00000", "2014-01-31": "-1798.00000"}, "Total Non-Operating Income/Expense": {"2020-01-31": "-2626.00000", "2019-01-31": "-2170.00000", "2018-01-31": "-2353.00000", "2017-01-31": "-2104.00000", "2016-01-31": "-772.00000", "2015-01-31": "-899.00000", "2014-01-31": "-204.00000"}, "Pre-Tax Income": {"2020-01-31": "-4.00000", "2019-01-31": "-2361.00000", "2018-01-31": "-4769.00000", "2017-01-31": "-4494.00000", "2016-01-31": "-1286.00000", "2015-01-31": "-1215.00000", "2014-01-31": "-2002.00000"}, "Income Taxes": {"2020-01-31": "-5533.00000", "2019-01-31": "-180.00000", "2018-01-31": "-1843.00000", "2017-01-31": "-1420.00000", "2016-01-31": "-118.00000", "2015-01-31": "-107.00000", "2014-01-31": "-390.00000"}, "Income After Taxes": {"2020-01-31": "5529.00000", "2019-01-31": "-2181.00000", "2018-01-31": "-2926.00000", "2017-01-31": "-3074.00000", "2016-01-31": "-1168.00000", "2015-01-31": "-1108.00000", "2014-01-31": "-1612.00000"}, "Other Income": {"2020-01-31": "", "2019-01-31": "", "2018-01-31": "", "2017-01-31": "", "2016-01-31": "", "2015-01-31": "", "2014-01-31": ""}, "Income From Continuous Operations": {"2020-01-31": "5529.00000", "2019-01-31": "-2181.00000", "2018-01-31": "-2926.00000", "2017-01-31": "-3074.00000", "2016-01-31": "-1168.00000", "2015-01-31": "-1108.00000", "2014-01-31": "-1612.00000"}, "Income From Discontinued Operations": {"2020-01-31": "", "2019-01-31": "", "2018-01-31": "", "2017-01-31": "1916.00000", "2016-01-31": "64.00000", "2015-01-31": "-113.00000", "2014-01-31": ""}, "Net Income": {"2020-01-31": "4616.00000", "2019-01-31": "-2310.00000", "2018-01-31": "-2849.00000", "2017-01-31": "-1167.00000", "2016-01-31": "-1104.00000", "2015-01-31": "-1221.00000", "2014-01-31": "-1612.00000"}, "EBITDA": {"2020-01-31": "8765.00000", "2019-01-31": "7555.00000", "2018-01-31": "6218.00000", "2017-01-31": "2816.00000", "2016-01-31": "2417.00000", "2015-01-31": "2714.00000", "2014-01-31": "-1036.00000"}, "EBIT": {"2020-01-31": "2622.00000", "2019-01-31": "-191.00000", "2018-01-31": "-2416.00000", "2017-01-31": "-2390.00000", "2016-01-31": "-514.00000", "2015-01-31": "-316.00000", "2014-01-31": "-1798.00000"}, "Basic Shares Outstanding": {"2020-01-31": "724.00000", "2019-01-31": "781.00000", "2018-01-31": "770.00000", "2017-01-31": "687.00000", "2016-01-31": "405.00000", "2015-01-31": "404.00000", "2014-01-31": "397.00000"}, "Shares Outstanding": {"2020-01-31": "751.00000", "2019-01-31": "781.00000", "2018-01-31": "770.00000", "2017-01-31": "687.00000", "2016-01-31": "405.00000", "2015-01-31": "404.00000", "2014-01-31": "397.00000"}, "Basic EPS": {"2020-01-31": "6.38000", "2019-01-31": "-2.96000", "2018-01-31": "-3.70000", "2017-01-31": "-1.75000", "2016-01-31": "-2.72000", "2015-01-31": "-3.02000", "2014-01-31": "-4.06000"}, "EPS - Earnings Per Share": {"2020-01-31": "6.03000", "2019-01-31": "-2.96000", "2018-01-31": "-3.70000", "2017-01-31": "-1.76000", "2016-01-31": "-2.72000", "2015-01-31": "-3.02000", "2014-01-31": "-4.06000"}}, "income statement, quarterly": {"Revenue": {"2020-10-31": "23482.00000", "2020-07-31": "22733.00000", "2020-04-30": "21897.00000", "2020-01-31": "24032.00000", "2019-10-31": "22844.00000", "2019-07-31": "23370.00000", "2019-04-30": "21908.00000", "2019-01-31": "23841.00000", "2018-10-31": "22482.00000", "2018-07-31": "22942.00000", "2018-04-30": "21356.00000", "2018-01-31": "21963.00000", "2017-10-31": "19556.00000", "2017-07-31": "19521.00000", "2017-04-30": "18000.00000", "2017-01-31": "20596.00000", "2016-10-31": "16247.00000", "2016-07-31": "13080.00000", "2016-04-30": "12241.00000", "2016-01-31": "12679.00000", "2015-10-31": "12674.00000", "2015-07-31": "12975.00000", "2015-04-30": "12838.00000", "2015-01-31": "", "2014-01-31": ""}, "Cost Of Goods Sold": {"2020-10-31": "16221.00000", "2020-07-31": "15577.00000", "2020-04-30": "15044.00000", "2020-01-31": "16348.00000", "2019-10-31": "15718.00000", "2019-07-31": "16044.00000", "2019-04-30": "15111.00000", "2019-01-31": "16732.00000", "2018-10-31": "16539.00000", "2018-07-31": "16819.00000", "2018-04-30": "15478.00000", "2018-01-31": "16071.00000", "2017-10-31": "14336.00000", "2017-07-31": "14553.00000", "2017-04-30": "13543.00000", "2017-01-31": "15375.00000", "2016-10-31": "12348.00000", "2016-07-31": "10744.00000", "2016-04-30": "10048.00000", "2016-01-31": "10377.00000", "2015-10-31": "10542.00000", "2015-07-31": "10896.00000", "2015-04-30": "10709.00000", "2015-01-31": "", "2014-01-31": ""}, "Gross Profit": {"2020-10-31": "7261.00000", "2020-07-31": "7156.00000", "2020-04-30": "6853.00000", "2020-01-31": "7684.00000", "2019-10-31": "7126.00000", "2019-07-31": "7326.00000", "2019-04-30": "6797.00000", "2019-01-31": "7109.00000", "2018-10-31": "5943.00000", "2018-07-31": "6123.00000", "2018-04-30": "5878.00000", "2018-01-31": "5892.00000", "2017-10-31": "5220.00000", "2017-07-31": "4968.00000", "2017-04-30": "4457.00000", "2017-01-31": "5221.00000", "2016-10-31": "3899.00000", "2016-07-31": "2336.00000", "2016-04-30": "2193.00000", "2016-01-31": "2302.00000", "2015-10-31": "2132.00000", "2015-07-31": "2079.00000", "2015-04-30": "2129.00000", "2015-01-31": "", "2014-01-31": ""}, "Research And Development Expenses": {"2020-10-31": "1360.00000", "2020-07-31": "1259.00000", "2020-04-30": "1265.00000", "2020-01-31": "1325.00000", "2019-10-31": "1262.00000", "2019-07-31": "1229.00000", "2019-04-30": "1176.00000", "2019-01-31": "1202.00000", "2018-10-31": "1140.00000", "2018-07-31": "1175.00000", "2018-04-30": "1087.00000", "2018-01-31": "1087.00000", "2017-10-31": "1071.00000", "2017-07-31": "1093.00000", "2017-04-30": "1133.00000", "2017-01-31": "1271.00000", "2016-10-31": "855.00000", "2016-07-31": "246.00000", "2016-04-30": "264.00000", "2016-01-31": "473.00000", "2015-10-31": "267.00000", "2015-07-31": "250.00000", "2015-04-30": "325.00000", "2015-01-31": "", "2014-01-31": ""}, "SG&A Expenses": {"2020-10-31": "4772.00000", "2020-07-31": "4761.00000", "2020-04-30": "4886.00000", "2020-01-31": "5642.00000", "2019-10-31": "5028.00000", "2019-07-31": "5578.00000", "2019-04-30": "5071.00000", "2019-01-31": "5576.00000", "2018-10-31": "5159.00000", "2018-07-31": "4961.00000", "2018-04-30": "4944.00000", "2018-01-31": "4874.00000", "2017-10-31": "4559.00000", "2017-07-31": "4540.00000", "2017-04-30": "4596.00000", "2017-01-31": "4756.00000", "2016-10-31": "4556.00000", "2016-07-31": "2023.00000", "2016-04-30": "2068.00000", "2016-01-31": "1836.00000", "2015-10-31": "1943.00000", "2015-07-31": "1932.00000", "2015-04-30": "2139.00000", "2015-01-31": "", "2014-01-31": ""}, "Other Operating Income Or Expenses": {"2020-10-31": "", "2020-07-31": "", "2020-04-30": "", "2020-01-31": "", "2019-10-31": "", "2019-07-31": "", "2019-04-30": "", "2019-01-31": "", "2018-10-31": "", "2018-07-31": "", "2018-04-30": "", "2018-01-31": "", "2017-10-31": "", "2017-07-31": "", "2017-04-30": "", "2017-01-31": "", "2016-10-31": "", "2016-07-31": "", "2016-04-30": "", "2016-01-31": "", "2015-10-31": "", "2015-07-31": "", "2015-04-30": "", "2015-01-31": "", "2014-01-31": ""}, "Operating Expenses": {"2020-10-31": "22353.00000", "2020-07-31": "21597.00000", "2020-04-30": "21195.00000", "2020-01-31": "23315.00000", "2019-10-31": "22008.00000", "2019-07-31": "22851.00000", "2019-04-30": "21358.00000", "2019-01-31": "23510.00000", "2018-10-31": "22838.00000", "2018-07-31": "22955.00000", "2018-04-30": "21509.00000", "2018-01-31": "22032.00000", "2017-10-31": "19966.00000", "2017-07-31": "20186.00000", "2017-04-30": "19272.00000", "2017-01-31": "21402.00000", "2016-10-31": "17759.00000", "2016-07-31": "13013.00000", "2016-04-30": "12380.00000", "2016-01-31": "12686.00000", "2015-10-31": "12752.00000", "2015-07-31": "13078.00000", "2015-04-30": "13173.00000", "2015-01-31": "", "2014-01-31": ""}, "Operating Income": {"2020-10-31": "1129.00000", "2020-07-31": "1136.00000", "2020-04-30": "702.00000", "2020-01-31": "717.00000", "2019-10-31": "836.00000", "2019-07-31": "519.00000", "2019-04-30": "550.00000", "2019-01-31": "331.00000", "2018-10-31": "-356.00000", "2018-07-31": "-13.00000", "2018-04-30": "-153.00000", "2018-01-31": "-69.00000", "2017-10-31": "-410.00000", "2017-07-31": "-665.00000", "2017-04-30": "-1272.00000", "2017-01-31": "-806.00000", "2016-10-31": "-1512.00000", "2016-07-31": "67.00000", "2016-04-30": "-139.00000", "2016-01-31": "-7.00000", "2015-10-31": "-78.00000", "2015-07-31": "-103.00000", "2015-04-30": "-335.00000", "2015-01-31": "", "2014-01-31": ""}, "Total Non-Operating Income/Expense": {"2020-10-31": "273.00000", "2020-07-31": "-636.00000", "2020-04-30": "-566.00000", "2020-01-31": "-626.00000", "2019-10-31": "-677.00000", "2019-07-31": "-630.00000", "2019-04-30": "-693.00000", "2019-01-31": "-606.00000", "2018-10-31": "-639.00000", "2018-07-31": "-455.00000", "2018-04-30": "-470.00000", "2018-01-31": "-554.00000", "2017-10-31": "-682.00000", "2017-07-31": "-545.00000", "2017-04-30": "-572.00000", "2017-01-31": "-742.00000", "2016-10-31": "-794.00000", "2016-07-31": "-349.00000", "2016-04-30": "-219.00000", "2016-01-31": "-168.00000", "2015-10-31": "-203.00000", "2015-07-31": "-222.00000", "2015-04-30": "-179.00000", "2015-01-31": "", "2014-01-31": ""}, "Pre-Tax Income": {"2020-10-31": "1402.00000", "2020-07-31": "500.00000", "2020-04-30": "136.00000", "2020-01-31": "91.00000", "2019-10-31": "159.00000", "2019-07-31": "-111.00000", "2019-04-30": "-143.00000", "2019-01-31": "-275.00000", "2018-10-31": "-995.00000", "2018-07-31": "-468.00000", "2018-04-30": "-623.00000", "2018-01-31": "-623.00000", "2017-10-31": "-1092.00000", "2017-07-31": "-1210.00000", "2017-04-30": "-1844.00000", "2017-01-31": "-1548.00000", "2016-10-31": "-2306.00000", "2016-07-31": "-282.00000", "2016-04-30": "-358.00000", "2016-01-31": "-166.00000", "2015-10-31": "-281.00000", "2015-07-31": "-325.00000", "2015-04-30": "-514.00000", "2015-01-31": "", "2014-01-31": ""}, "Income Taxes": {"2020-10-31": "521.00000", "2020-07-31": "-599.00000", "2020-04-30": "-46.00000", "2020-01-31": "-325.00000", "2019-10-31": "-393.00000", "2019-07-31": "-4343.00000", "2019-04-30": "-472.00000", "2019-01-31": "12.00000", "2018-10-31": "-100.00000", "2018-07-31": "-7.00000", "2018-04-30": "-85.00000", "2018-01-31": "-490.00000", "2017-10-31": "-241.00000", "2017-07-31": "-471.00000", "2017-04-30": "-641.00000", "2017-01-31": "-797.00000", "2016-10-31": "-669.00000", "2016-07-31": "-20.00000", "2016-04-30": "66.00000", "2016-01-31": "-30.00000", "2015-10-31": "-17.00000", "2015-07-31": "-33.00000", "2015-04-30": "-38.00000", "2015-01-31": "", "2014-01-31": ""}, "Income After Taxes": {"2020-10-31": "881.00000", "2020-07-31": "1099.00000", "2020-04-30": "182.00000", "2020-01-31": "416.00000", "2019-10-31": "552.00000", "2019-07-31": "4232.00000", "2019-04-30": "329.00000", "2019-01-31": "-287.00000", "2018-10-31": "-895.00000", "2018-07-31": "-461.00000", "2018-04-30": "-538.00000", "2018-01-31": "-133.00000", "2017-10-31": "-851.00000", "2017-07-31": "-739.00000", "2017-04-30": "-1203.00000", "2017-01-31": "-751.00000", "2016-10-31": "-1637.00000", "2016-07-31": "-262.00000", "2016-04-30": "-424.00000", "2016-01-31": "-136.00000", "2015-10-31": "-264.00000", "2015-07-31": "-292.00000", "2015-04-30": "-476.00000", "2015-01-31": "", "2014-01-31": ""}, "Other Income": {"2020-10-31": "", "2020-07-31": "", "2020-04-30": "", "2020-01-31": "", "2019-10-31": "", "2019-07-31": "", "2019-04-30": "", "2019-01-31": "", "2018-10-31": "", "2018-07-31": "", "2018-04-30": "", "2018-01-31": "", "2017-10-31": "", "2017-07-31": "", "2017-04-30": "", "2017-01-31": "", "2016-10-31": "", "2016-07-31": "", "2016-04-30": "", "2016-01-31": "0.00000", "2015-10-31": "", "2015-07-31": "", "2015-04-30": "", "2015-01-31": "", "2014-01-31": ""}, "Income From Continuous Operations": {"2020-10-31": "881.00000", "2020-07-31": "1099.00000", "2020-04-30": "182.00000", "2020-01-31": "416.00000", "2019-10-31": "552.00000", "2019-07-31": "4232.00000", "2019-04-30": "329.00000", "2019-01-31": "-287.00000", "2018-10-31": "-895.00000", "2018-07-31": "-461.00000", "2018-04-30": "-538.00000", "2018-01-31": "-133.00000", "2017-10-31": "-851.00000", "2017-07-31": "-739.00000", "2017-04-30": "-1203.00000", "2017-01-31": "-751.00000", "2016-10-31": "-1637.00000", "2016-07-31": "-262.00000", "2016-04-30": "-424.00000", "2016-01-31": "-168.00000", "2015-10-31": "-264.00000", "2015-07-31": "-292.00000", "2015-04-30": "-476.00000", "2015-01-31": "", "2014-01-31": ""}, "Income From Discontinued Operations": {"2020-10-31": "", "2020-07-31": "", "2020-04-30": "", "2020-01-31": "", "2019-10-31": "", "2019-07-31": "", "2019-04-30": "", "2019-01-31": "", "2018-10-31": "", "2018-07-31": "", "2018-04-30": "", "2018-01-31": "", "2017-10-31": "", "2017-07-31": "", "2017-04-30": "", "2017-01-31": "1041.00000", "2016-10-31": "-438.00000", "2016-07-31": "834.00000", "2016-04-30": "479.00000", "2016-01-31": "13.00000", "2015-10-31": "84.00000", "2015-07-31": "27.00000", "2015-04-30": "-28.00000", "2015-01-31": "", "2014-01-31": ""}, "Net Income": {"2020-10-31": "832.00000", "2020-07-31": "1048.00000", "2020-04-30": "143.00000", "2020-01-31": "408.00000", "2019-10-31": "499.00000", "2019-07-31": "3416.00000", "2019-04-30": "293.00000", "2019-01-31": "-299.00000", "2018-10-31": "-876.00000", "2018-07-31": "-499.00000", "2018-04-30": "-636.00000", "2018-01-31": "-100.00000", "2017-10-31": "-846.00000", "2017-07-31": "-732.00000", "2017-04-30": "-1171.00000", "2017-01-31": "269.00000", "2016-10-31": "-2064.00000", "2016-07-31": "573.00000", "2016-04-30": "55.00000", "2016-01-31": "-155.00000", "2015-10-31": "-180.00000", "2015-07-31": "-265.00000", "2015-04-30": "-504.00000", "2015-01-31": "", "2014-01-31": ""}, "EBITDA": {"2020-10-31": "2490.00000", "2020-07-31": "2476.00000", "2020-04-30": "2018.00000", "2020-01-31": "2252.00000", "2019-10-31": "2330.00000", "2019-07-31": "2017.00000", "2019-04-30": "2166.00000", "2019-01-31": "2271.00000", "2018-10-31": "1605.00000", "2018-07-31": "1882.00000", "2018-04-30": "1797.00000", "2018-01-31": "1934.00000", "2017-10-31": "1777.00000", "2017-07-31": "1521.00000", "2017-04-30": "986.00000", "2017-01-31": "1362.00000", "2016-10-31": "181.00000", "2016-07-31": "708.00000", "2016-04-30": "565.00000", "2016-01-31": "709.00000", "2015-10-31": "641.00000", "2015-07-31": "616.00000", "2015-04-30": "383.00000", "2015-01-31": "", "2014-01-31": ""}, "EBIT": {"2020-10-31": "1129.00000", "2020-07-31": "1136.00000", "2020-04-30": "702.00000", "2020-01-31": "717.00000", "2019-10-31": "836.00000", "2019-07-31": "519.00000", "2019-04-30": "550.00000", "2019-01-31": "331.00000", "2018-10-31": "-356.00000", "2018-07-31": "-13.00000", "2018-04-30": "-153.00000", "2018-01-31": "-69.00000", "2017-10-31": "-410.00000", "2017-07-31": "-665.00000", "2017-04-30": "-1272.00000", "2017-01-31": "-806.00000", "2016-10-31": "-1512.00000", "2016-07-31": "67.00000", "2016-04-30": "-139.00000", "2016-01-31": "-7.00000", "2015-10-31": "-78.00000", "2015-07-31": "-103.00000", "2015-04-30": "-335.00000", "2015-01-31": "", "2014-01-31": ""}, "Basic Shares Outstanding": {"2020-10-31": "747.00000", "2020-07-31": "741.00000", "2020-04-30": "740.00000", "2020-01-31": "724.00000", "2019-10-31": "725.00000", "2019-07-31": "719.00000", "2019-04-30": "717.00000", "2019-01-31": "781.00000", "2018-10-31": "766.00000", "2018-07-31": "766.00000", "2018-04-30": "767.00000", "2018-01-31": "770.00000", "2017-10-31": "769.00000", "2017-07-31": "769.00000", "2017-04-30": "773.00000", "2017-01-31": "687.00000", "2016-10-31": "719.00000", "2016-07-31": "405.00000", "2016-04-30": "405.00000", "2016-01-31": "405.00000", "2015-10-31": "405.00000", "2015-07-31": "405.00000", "2015-04-30": "405.00000", "2015-01-31": "", "2014-01-31": ""}, "Shares Outstanding": {"2020-10-31": "771.00000", "2020-07-31": "761.00000", "2020-04-30": "755.00000", "2020-01-31": "751.00000", "2019-10-31": "750.00000", "2019-07-31": "751.00000", "2019-04-30": "751.00000", "2019-01-31": "781.00000", "2018-10-31": "766.00000", "2018-07-31": "766.00000", "2018-04-30": "767.00000", "2018-01-31": "770.00000", "2017-10-31": "769.00000", "2017-07-31": "769.00000", "2017-04-30": "773.00000", "2017-01-31": "687.00000", "2016-10-31": "719.00000", "2016-07-31": "405.00000", "2016-04-30": "405.00000", "2016-01-31": "405.00000", "2015-10-31": "405.00000", "2015-07-31": "405.00000", "2015-04-30": "405.00000", "2015-01-31": "", "2014-01-31": ""}, "Basic EPS": {"2020-10-31": "1.11000", "2020-07-31": "1.41000", "2020-04-30": "0.19000", "2020-01-31": "0.53000", "2019-10-31": "0.69000", "2019-07-31": "4.75000", "2019-04-30": "0.41000", "2019-01-31": "-0.33600", "2018-10-31": "-1.14400", "2018-07-31": "-0.65000", "2018-04-30": "-0.83000", "2018-01-31": "-0.14000", "2017-10-31": "-1.10000", "2017-07-31": "-0.95000", "2017-04-30": "-1.51000", "2017-01-31": "-0.43000", "2016-10-31": "-2.87000", "2016-07-31": "1.41000", "2016-04-30": "0.14000", "2016-01-31": "-0.38000", "2015-10-31": "-0.44000", "2015-07-31": "-0.65000", "2015-04-30": "-1.24000", "2015-01-31": "", "2014-01-31": ""}, "EPS - Earnings Per Share": {"2020-10-31": "1.08000", "2020-07-31": "1.37000", "2020-04-30": "0.19000", "2020-01-31": "0.52000", "2019-10-31": "0.66000", "2019-07-31": "4.47000", "2019-04-30": "0.38000", "2019-01-31": "-0.33600", "2018-10-31": "-1.14400", "2018-07-31": "-0.65000", "2018-04-30": "-0.83000", "2018-01-31": "-0.14000", "2017-10-31": "-1.10000", "2017-07-31": "-0.95000", "2017-04-30": "-1.51000", "2017-01-31": "-0.44000", "2016-10-31": "-2.87000", "2016-07-31": "1.41000", "2016-04-30": "0.14000", "2016-01-31": "-0.38000", "2015-10-31": "-0.44000", "2015-07-31": "-0.65000", "2015-04-30": "-1.24000", "2015-01-31": "0.00000", "2014-01-31": "0.00000"}}, "balance sheet": {"Cash On Hand": {"2020-01-31": "9302.00000", "2019-01-31": "9676.00000", "2018-01-31": "16129.00000", "2017-01-31": "11449.00000", "2016-01-31": "6322.00000", "2015-01-31": "5398.00000", "2014-01-31": ""}, "Receivables": {"2020-01-31": "17379.00000", "2019-01-31": "16769.00000", "2018-01-31": "15640.00000", "2017-01-31": "12642.00000", "2016-01-31": "7802.00000", "2015-01-31": "9088.00000", "2014-01-31": ""}, "Inventory": {"2020-01-31": "3281.00000", "2019-01-31": "3649.00000", "2018-01-31": "2678.00000", "2017-01-31": "2538.00000", "2016-01-31": "1619.00000", "2015-01-31": "1663.00000", "2014-01-31": ""}, "Pre-Paid Expenses": {"2020-01-31": "", "2019-01-31": "", "2018-01-31": "", "2017-01-31": "", "2016-01-31": "", "2015-01-31": "", "2014-01-31": ""}, "Other Current Assets": {"2020-01-31": "6906.00000", "2019-01-31": "6044.00000", "2018-01-31": "5881.00000", "2017-01-31": "4144.00000", "2016-01-31": "7830.00000", "2015-01-31": "4799.00000", "2014-01-31": ""}, "Total Current Assets": {"2020-01-31": "36868.00000", "2019-01-31": "36138.00000", "2018-01-31": "40328.00000", "2017-01-31": "30773.00000", "2016-01-31": "23573.00000", "2015-01-31": "20948.00000", "2014-01-31": ""}, "Property, Plant, And Equipment": {"2020-01-31": "6055.00000", "2019-01-31": "5259.00000", "2018-01-31": "5390.00000", "2017-01-31": "5653.00000", "2016-01-31": "1649.00000", "2015-01-31": "2630.00000", "2014-01-31": ""}, "Long-Term Investments": {"2020-01-31": "864.00000", "2019-01-31": "1005.00000", "2018-01-31": "4163.00000", "2017-01-31": "3802.00000", "2016-01-31": "114.00000", "2015-01-31": "95.00000", "2014-01-31": ""}, "Goodwill And Intangible Assets": {"2020-01-31": "59798.00000", "2019-01-31": "62359.00000", "2018-01-31": "68185.00000", "2017-01-31": "73963.00000", "2016-01-31": "16983.00000", "2015-01-31": "21827.00000", "2014-01-31": "0.00000"}, "Other Long-Term Assets": {"2020-01-31": "10428.00000", "2019-01-31": "2835.00000", "2018-01-31": "2403.00000", "2017-01-31": "1364.00000", "2016-01-31": "626.00000", "2015-01-31": "689.00000", "2014-01-31": ""}, "Total Long-Term Assets": {"2020-01-31": "81993.00000", "2019-01-31": "75682.00000", "2018-01-31": "83865.00000", "2017-01-31": "87433.00000", "2016-01-31": "21549.00000", "2015-01-31": "27244.00000", "2014-01-31": ""}, "Total Assets": {"2020-01-31": "118861.00000", "2019-01-31": "111820.00000", "2018-01-31": "124193.00000", "2017-01-31": "118206.00000", "2016-01-31": "45122.00000", "2015-01-31": "48192.00000", "2014-01-31": "0.00000"}, "Total Current Liabilities": {"2020-01-31": "52456.00000", "2019-01-31": "44972.00000", "2018-01-31": "45839.00000", "2017-01-31": "38135.00000", "2016-01-31": "25310.00000", "2015-01-31": "25348.00000", "2014-01-31": ""}, "Long Term Debt": {"2020-01-31": "44319.00000", "2019-01-31": "49201.00000", "2018-01-31": "43998.00000", "2017-01-31": "43061.00000", "2016-01-31": "10650.00000", "2015-01-31": "11234.00000", "2014-01-31": ""}, "Other Non-Current Liabilities": {"2020-01-31": "5383.00000", "2019-01-31": "6327.00000", "2018-01-31": "7277.00000", "2017-01-31": "9339.00000", "2016-01-31": "3501.00000", "2015-01-31": "4584.00000", "2014-01-31": ""}, "Total Long Term Liabilities": {"2020-01-31": "63250.00000", "2019-01-31": "67790.00000", "2018-01-31": "60869.00000", "2017-01-31": "61062.00000", "2016-01-31": "18346.00000", "2015-01-31": "19940.00000", "2014-01-31": ""}, "Total Liabilities": {"2020-01-31": "115706.00000", "2019-01-31": "112762.00000", "2018-01-31": "106708.00000", "2017-01-31": "99197.00000", "2016-01-31": "43656.00000", "2015-01-31": "45288.00000", "2014-01-31": "0.00000"}, "Common Stock Net": {"2020-01-31": "16091.00000", "2019-01-31": "16114.00000", "2018-01-31": "19889.00000", "2017-01-31": "20199.00000", "2016-01-31": "5727.00000", "2015-01-31": "5708.00000", "2014-01-31": "0.00000"}, "Retained Earnings (Accumulated Deficit)": {"2020-01-31": "-16891.00000", "2019-01-31": "-21349.00000", "2018-01-31": "-6860.00000", "2017-01-31": "-5609.00000", "2016-01-31": "-3937.00000", "2015-01-31": "-2833.00000", "2014-01-31": ""}, "Comprehensive Income": {"2020-01-31": "-709.00000", "2019-01-31": "-467.00000", "2018-01-31": "130.00000", "2017-01-31": "-595.00000", "2016-01-31": "-324.00000", "2015-01-31": "29.00000", "2014-01-31": ""}, "Other Share Holders Equity": {"2020-01-31": "", "2019-01-31": "", "2018-01-31": "", "2017-01-31": "", "2016-01-31": "", "2015-01-31": "", "2014-01-31": "0.00000"}, "Share Holder Equity": {"2020-01-31": "3155.00000", "2019-01-31": "-942.00000", "2018-01-31": "17485.00000", "2017-01-31": "19009.00000", "2016-01-31": "1466.00000", "2015-01-31": "2904.00000", "2014-01-31": "0.00000"}, "Total Liabilities And Share Holders Equity": {"2020-01-31": "118861.00000", "2019-01-31": "111820.00000", "2018-01-31": "124193.00000", "2017-01-31": "118206.00000", "2016-01-31": "45122.00000", "2015-01-31": "48192.00000", "2014-01-31": "0.00000"}}, "balance sheet, quarterly": {"Cash On Hand": {"2020-10-31": "11304.00000", "2020-07-31": "11221.00000", "2020-04-30": "12229.00000", "2020-01-31": "9302.00000", "2019-10-31": "8555.00000", "2019-07-31": "9193.00000", "2019-04-30": "9040.00000", "2019-01-31": "9676.00000", "2018-10-31": "17474.00000", "2018-07-31": "17816.00000", "2018-04-30": "17726.00000", "2018-01-31": "16129.00000", "2017-10-31": "13714.00000", "2017-07-31": "11228.00000", "2017-04-30": "11174.00000", "2017-01-31": "11449.00000", "2016-10-31": "10679.00000", "2016-07-31": "7226.00000", "2016-04-30": "6139.00000", "2016-01-31": "6322.00000", "2015-10-31": "", "2015-07-31": "", "2015-04-30": "", "2015-01-31": "5398.00000", "2014-01-31": ""}, "Receivables": {"2020-10-31": "16249.00000", "2020-07-31": "16498.00000", "2020-04-30": "15549.00000", "2020-01-31": "17379.00000", "2019-10-31": "16036.00000", "2019-07-31": "16059.00000", "2019-04-30": "14794.00000", "2019-01-31": "16769.00000", "2018-10-31": "15247.00000", "2018-07-31": "15341.00000", "2018-04-30": "14523.00000", "2018-01-31": "15640.00000", "2017-10-31": "12832.00000", "2017-07-31": "13189.00000", "2017-04-30": "12089.00000", "2017-01-31": "12642.00000", "2016-10-31": "11879.00000", "2016-07-31": "8124.00000", "2016-04-30": "7930.00000", "2016-01-31": "7802.00000", "2015-10-31": "", "2015-07-31": "", "2015-04-30": "", "2015-01-31": "9088.00000", "2014-01-31": ""}, "Inventory": {"2020-10-31": "3393.00000", "2020-07-31": "3602.00000", "2020-04-30": "3616.00000", "2020-01-31": "3281.00000", "2019-10-31": "3257.00000", "2019-07-31": "3135.00000", "2019-04-30": "3360.00000", "2019-01-31": "3649.00000", "2018-10-31": "3793.00000", "2018-07-31": "3642.00000", "2018-04-30": "2933.00000", "2018-01-31": "2678.00000", "2017-10-31": "2582.00000", "2017-07-31": "2594.00000", "2017-04-30": "2466.00000", "2017-01-31": "2538.00000", "2016-10-31": "3504.00000", "2016-07-31": "1446.00000", "2016-04-30": "1655.00000", "2016-01-31": "1619.00000", "2015-10-31": "", "2015-07-31": "", "2015-04-30": "", "2015-01-31": "1663.00000", "2014-01-31": ""}, "Pre-Paid Expenses": {"2020-10-31": "", "2020-07-31": "", "2020-04-30": "", "2020-01-31": "", "2019-10-31": "", "2019-07-31": "", "2019-04-30": "", "2019-01-31": "", "2018-10-31": "", "2018-07-31": "", "2018-04-30": "", "2018-01-31": "", "2017-10-31": "", "2017-07-31": "", "2017-04-30": "", "2017-01-31": "", "2016-10-31": "", "2016-07-31": "", "2016-04-30": "", "2016-01-31": "", "2015-10-31": "", "2015-07-31": "", "2015-04-30": "", "2015-01-31": "", "2014-01-31": ""}, "Other Current Assets": {"2020-10-31": "7668.00000", "2020-07-31": "9769.00000", "2020-04-30": "9537.00000", "2020-01-31": "6906.00000", "2019-10-31": "6924.00000", "2019-07-31": "6929.00000", "2019-04-30": "6461.00000", "2019-01-31": "6044.00000", "2018-10-31": "6445.00000", "2018-07-31": "6326.00000", "2018-04-30": "6049.00000", "2018-01-31": "5881.00000", "2017-10-31": "5397.00000", "2017-07-31": "5194.00000", "2017-04-30": "4655.00000", "2017-01-31": "4144.00000", "2016-10-31": "10345.00000", "2016-07-31": "7451.00000", "2016-04-30": "5040.00000", "2016-01-31": "7830.00000", "2015-10-31": "", "2015-07-31": "", "2015-04-30": "", "2015-01-31": "4799.00000", "2014-01-31": ""}, "Total Current Assets": {"2020-10-31": "38614.00000", "2020-07-31": "41090.00000", "2020-04-30": "40931.00000", "2020-01-31": "36868.00000", "2019-10-31": "34772.00000", "2019-07-31": "35316.00000", "2019-04-30": "33655.00000", "2019-01-31": "36138.00000", "2018-10-31": "42959.00000", "2018-07-31": "43125.00000", "2018-04-30": "41231.00000", "2018-01-31": "40328.00000", "2017-10-31": "34525.00000", "2017-07-31": "32205.00000", "2017-04-30": "30384.00000", "2017-01-31": "30773.00000", "2016-10-31": "36407.00000", "2016-07-31": "24247.00000", "2016-04-30": "20764.00000", "2016-01-31": "23573.00000", "2015-10-31": "", "2015-07-31": "", "2015-04-30": "", "2015-01-31": "20948.00000", "2014-01-31": ""}, "Property, Plant, And Equipment": {"2020-10-31": "6344.00000", "2020-07-31": "6380.00000", "2020-04-30": "6100.00000", "2020-01-31": "6055.00000", "2019-10-31": "5787.00000", "2019-07-31": "5568.00000", "2019-04-30": "5505.00000", "2019-01-31": "5259.00000", "2018-10-31": "5228.00000", "2018-07-31": "5240.00000", "2018-04-30": "5303.00000", "2018-01-31": "5390.00000", "2017-10-31": "5378.00000", "2017-07-31": "5400.00000", "2017-04-30": "5438.00000", "2017-01-31": "5653.00000", "2016-10-31": "5805.00000", "2016-07-31": "1562.00000", "2016-04-30": "1684.00000", "2016-01-31": "1649.00000", "2015-10-31": "", "2015-07-31": "", "2015-04-30": "", "2015-01-31": "3356.00000", "2014-01-31": ""}, "Long-Term Investments": {"2020-10-31": "1655.00000", "2020-07-31": "1073.00000", "2020-04-30": "974.00000", "2020-01-31": "864.00000", "2019-10-31": "838.00000", "2019-07-31": "768.00000", "2019-04-30": "782.00000", "2019-01-31": "1005.00000", "2018-10-31": "2972.00000", "2018-07-31": "3649.00000", "2018-04-30": "3943.00000", "2018-01-31": "4163.00000", "2017-10-31": "4273.00000", "2017-07-31": "4022.00000", "2017-04-30": "3772.00000", "2017-01-31": "3802.00000", "2016-10-31": "4285.00000", "2016-07-31": "104.00000", "2016-04-30": "101.00000", "2016-01-31": "114.00000", "2015-10-31": "", "2015-07-31": "", "2015-04-30": "", "2015-01-31": "95.00000", "2014-01-31": ""}, "Goodwill And Intangible Assets": {"2020-10-31": "55900.00000", "2020-07-31": "56708.00000", "2020-04-30": "57075.00000", "2020-01-31": "59798.00000", "2019-10-31": "60862.00000", "2019-07-31": "59717.00000", "2019-04-30": "60963.00000", "2019-01-31": "62359.00000", "2018-10-31": "63438.00000", "2018-07-31": "64712.00000", "2018-04-30": "66393.00000", "2018-01-31": "68185.00000", "2017-10-31": "69176.00000", "2017-07-31": "70987.00000", "2017-04-30": "72213.00000", "2017-01-31": "73963.00000", "2016-10-31": "75411.00000", "2016-07-31": "16001.00000", "2016-04-30": "18460.00000", "2016-01-31": "16983.00000", "2015-10-31": "0.00000", "2015-07-31": "0.00000", "2015-04-30": "0.00000", "2015-01-31": "21827.00000", "2014-01-31": "0.00000"}, "Other Long-Term Assets": {"2020-10-31": "11061.00000", "2020-07-31": "10647.00000", "2020-04-30": "10446.00000", "2020-01-31": "10428.00000", "2019-10-31": "10090.00000", "2019-07-31": "9801.00000", "2019-04-30": "4856.00000", "2019-01-31": "2835.00000", "2018-10-31": "2698.00000", "2018-07-31": "2625.00000", "2018-04-30": "2548.00000", "2018-01-31": "2403.00000", "2017-10-31": "1725.00000", "2017-07-31": "1681.00000", "2017-04-30": "1492.00000", "2017-01-31": "1364.00000", "2016-10-31": "1334.00000", "2016-07-31": "24731.00000", "2016-04-30": "680.00000", "2016-01-31": "626.00000", "2015-10-31": "", "2015-07-31": "", "2015-04-30": "", "2015-01-31": "2692.00000", "2014-01-31": ""}, "Total Long-Term Assets": {"2020-10-31": "80334.00000", "2020-07-31": "80186.00000", "2020-04-30": "79305.00000", "2020-01-31": "81993.00000", "2019-10-31": "82042.00000", "2019-07-31": "80204.00000", "2019-04-30": "76237.00000", "2019-01-31": "75682.00000", "2018-10-31": "78282.00000", "2018-07-31": "80256.00000", "2018-04-30": "81986.00000", "2018-01-31": "83865.00000", "2017-10-31": "83869.00000", "2017-07-31": "85289.00000", "2017-04-30": "85656.00000", "2017-01-31": "87433.00000", "2016-10-31": "89225.00000", "2016-07-31": "44669.00000", "2016-04-30": "23115.00000", "2016-01-31": "21549.00000", "2015-10-31": "", "2015-07-31": "", "2015-04-30": "", "2015-01-31": "27970.00000", "2014-01-31": ""}, "Total Assets": {"2020-10-31": "118948.00000", "2020-07-31": "121276.00000", "2020-04-30": "120236.00000", "2020-01-31": "118861.00000", "2019-10-31": "116814.00000", "2019-07-31": "115520.00000", "2019-04-30": "109892.00000", "2019-01-31": "111820.00000", "2018-10-31": "121241.00000", "2018-07-31": "123381.00000", "2018-04-30": "123217.00000", "2018-01-31": "124193.00000", "2017-10-31": "118394.00000", "2017-07-31": "117494.00000", "2017-04-30": "116040.00000", "2017-01-31": "118206.00000", "2016-10-31": "125632.00000", "2016-07-31": "68916.00000", "2016-04-30": "43879.00000", "2016-01-31": "45122.00000", "2015-10-31": "0.00000", "2015-07-31": "0.00000", "2015-04-30": "0.00000", "2015-01-31": "48192.00000", "2014-01-31": "0.00000"}, "Total Current Liabilities": {"2020-10-31": "50302.00000", "2020-07-31": "54288.00000", "2020-04-30": "50011.00000", "2020-01-31": "52456.00000", "2019-10-31": "49055.00000", "2019-07-31": "47020.00000", "2019-04-30": "43479.00000", "2019-01-31": "44972.00000", "2018-10-31": "47583.00000", "2018-07-31": "49178.00000", "2018-04-30": "44114.00000", "2018-01-31": "45839.00000", "2017-10-31": "40742.00000", "2017-07-31": "42126.00000", "2017-04-30": "36636.00000", "2017-01-31": "38135.00000", "2016-10-31": "41369.00000", "2016-07-31": "25823.00000", "2016-04-30": "23948.00000", "2016-01-31": "25310.00000", "2015-10-31": "", "2015-07-31": "", "2015-04-30": "", "2015-01-31": "25348.00000", "2014-01-31": ""}, "Long Term Debt": {"2020-10-31": "43325.00000", "2020-07-31": "43608.00000", "2020-04-30": "48353.00000", "2020-01-31": "44319.00000", "2019-10-31": "44727.00000", "2019-07-31": "45973.00000", "2019-04-30": "48640.00000", "2019-01-31": "49201.00000", "2018-10-31": "40507.00000", "2018-07-31": "40414.00000", "2018-04-30": "44770.00000", "2018-01-31": "43998.00000", "2017-10-31": "45416.00000", "2017-07-31": "41374.00000", "2017-04-30": "44948.00000", "2017-01-31": "43061.00000", "2016-10-31": "47284.00000", "2016-07-31": "33836.00000", "2016-04-30": "10679.00000", "2016-01-31": "10650.00000", "2015-10-31": "", "2015-07-31": "", "2015-04-30": "", "2015-01-31": "11234.00000", "2014-01-31": ""}, "Other Non-Current Liabilities": {"2020-10-31": "5433.00000", "2020-07-31": "4762.00000", "2020-04-30": "5340.00000", "2020-01-31": "5383.00000", "2019-10-31": "6105.00000", "2019-07-31": "6628.00000", "2019-04-30": "6525.00000", "2019-01-31": "6327.00000", "2018-10-31": "6567.00000", "2018-07-31": "6787.00000", "2018-04-30": "7045.00000", "2018-01-31": "7277.00000", "2017-10-31": "7487.00000", "2017-07-31": "7847.00000", "2017-04-30": "8435.00000", "2017-01-31": "9339.00000", "2016-10-31": "9066.00000", "2016-07-31": "2733.00000", "2016-04-30": "3036.00000", "2016-01-31": "3501.00000", "2015-10-31": "", "2015-07-31": "", "2015-04-30": "", "2015-01-31": "4584.00000", "2014-01-31": ""}, "Total Long Term Liabilities": {"2020-10-31": "62707.00000", "2020-07-31": "62430.00000", "2020-04-30": "66985.00000", "2020-01-31": "63250.00000", "2019-10-31": "63882.00000", "2019-07-31": "65405.00000", "2019-04-30": "68074.00000", "2019-01-31": "67790.00000", "2018-10-31": "59233.00000", "2018-07-31": "58992.00000", "2018-04-30": "62123.00000", "2018-01-31": "60869.00000", "2017-10-31": "62426.00000", "2017-07-31": "58432.00000", "2017-04-30": "62014.00000", "2017-01-31": "61062.00000", "2016-10-31": "64444.00000", "2016-07-31": "40902.00000", "2016-04-30": "18364.00000", "2016-01-31": "18346.00000", "2015-10-31": "", "2015-07-31": "", "2015-04-30": "", "2015-01-31": "19940.00000", "2014-01-31": ""}, "Total Liabilities": {"2020-10-31": "113009.00000", "2020-07-31": "116718.00000", "2020-04-30": "116996.00000", "2020-01-31": "115706.00000", "2019-10-31": "112937.00000", "2019-07-31": "112425.00000", "2019-04-30": "111553.00000", "2019-01-31": "112762.00000", "2018-10-31": "106816.00000", "2018-07-31": "108170.00000", "2018-04-30": "106237.00000", "2018-01-31": "106708.00000", "2017-10-31": "103168.00000", "2017-07-31": "100558.00000", "2017-04-30": "98650.00000", "2017-01-31": "99197.00000", "2016-10-31": "105813.00000", "2016-07-31": "66725.00000", "2016-04-30": "42312.00000", "2016-01-31": "43656.00000", "2015-10-31": "0.00000", "2015-07-31": "0.00000", "2015-04-30": "0.00000", "2015-01-31": "45288.00000", "2014-01-31": "0.00000"}, "Common Stock Net": {"2020-10-31": "16719.00000", "2020-07-31": "16356.00000", "2020-04-30": "16339.00000", "2020-01-31": "16091.00000", "2019-10-31": "16192.00000", "2019-07-31": "15956.00000", "2019-04-30": "15179.00000", "2019-01-31": "16114.00000", "2018-10-31": "18348.00000", "2018-07-31": "18321.00000", "2018-04-30": "19521.00000", "2018-01-31": "19889.00000", "2017-10-31": "19927.00000", "2017-07-31": "20095.00000", "2017-04-30": "20057.00000", "2017-01-31": "20199.00000", "2016-10-31": "19925.00000", "2016-07-31": "5682.00000", "2016-04-30": "5681.00000", "2016-01-31": "5727.00000", "2015-10-31": "0.00000", "2015-07-31": "0.00000", "2015-04-30": "0.00000", "2015-01-31": "5708.00000", "2014-01-31": "0.00000"}, "Retained Earnings (Accumulated Deficit)": {"2020-10-31": "-14978.00000", "2020-07-31": "-15810.00000", "2020-04-30": "-16858.00000", "2020-01-31": "-16891.00000", "2019-10-31": "-17299.00000", "2019-07-31": "-17775.00000", "2019-04-30": "-21053.00000", "2019-01-31": "-21349.00000", "2018-10-31": "-8813.00000", "2018-07-31": "-7937.00000", "2018-04-30": "-7438.00000", "2018-01-31": "-6860.00000", "2017-10-31": "-8742.00000", "2017-07-31": "-7805.00000", "2017-04-30": "-6859.00000", "2017-01-31": "-5609.00000", "2016-10-31": "-5366.00000", "2016-07-31": "-3309.00000", "2016-04-30": "-3883.00000", "2016-01-31": "-3937.00000", "2015-10-31": "", "2015-07-31": "", "2015-04-30": "", "2015-01-31": "-2833.00000", "2014-01-31": ""}, "Comprehensive Income": {"2020-10-31": "-553.00000", "2020-07-31": "-660.00000", "2020-04-30": "-790.00000", "2020-01-31": "-709.00000", "2019-10-31": "-632.00000", "2019-07-31": "-565.00000", "2019-04-30": "-525.00000", "2019-01-31": "-467.00000", "2018-10-31": "-456.00000", "2018-07-31": "-334.00000", "2018-04-30": "-121.00000", "2018-01-31": "130.00000", "2017-10-31": "-226.00000", "2017-07-31": "-207.00000", "2017-04-30": "-553.00000", "2017-01-31": "-595.00000", "2016-10-31": "-504.00000", "2016-07-31": "-308.00000", "2016-04-30": "-356.00000", "2016-01-31": "-324.00000", "2015-10-31": "", "2015-07-31": "", "2015-04-30": "", "2015-01-31": "", "2014-01-31": ""}, "Other Share Holders Equity": {"2020-10-31": "", "2020-07-31": "", "2020-04-30": "", "2020-01-31": "", "2019-10-31": "", "2019-07-31": "", "2019-04-30": "", "2019-01-31": "", "2018-10-31": "", "2018-07-31": "", "2018-04-30": "", "2018-01-31": "", "2017-10-31": "", "2017-07-31": "", "2017-04-30": "", "2017-01-31": "", "2016-10-31": "", "2016-07-31": "", "2016-04-30": "", "2016-01-31": "", "2015-10-31": "0.00000", "2015-07-31": "0.00000", "2015-04-30": "0.00000", "2015-01-31": "29.00000", "2014-01-31": "0.00000"}, "Share Holder Equity": {"2020-10-31": "5939.00000", "2020-07-31": "4558.00000", "2020-04-30": "3240.00000", "2020-01-31": "3155.00000", "2019-10-31": "3877.00000", "2019-07-31": "3095.00000", "2019-04-30": "-1661.00000", "2019-01-31": "-942.00000", "2018-10-31": "14425.00000", "2018-07-31": "15211.00000", "2018-04-30": "16980.00000", "2018-01-31": "17485.00000", "2017-10-31": "15226.00000", "2017-07-31": "16936.00000", "2017-04-30": "17390.00000", "2017-01-31": "19009.00000", "2016-10-31": "19819.00000", "2016-07-31": "2191.00000", "2016-04-30": "1567.00000", "2016-01-31": "1466.00000", "2015-10-31": "0.00000", "2015-07-31": "0.00000", "2015-04-30": "0.00000", "2015-01-31": "2904.00000", "2014-01-31": "0.00000"}, "Total Liabilities And Share Holders Equity": {"2020-10-31": "118948.00000", "2020-07-31": "121276.00000", "2020-04-30": "120236.00000", "2020-01-31": "118861.00000", "2019-10-31": "116814.00000", "2019-07-31": "115520.00000", "2019-04-30": "109892.00000", "2019-01-31": "111820.00000", "2018-10-31": "121241.00000", "2018-07-31": "123381.00000", "2018-04-30": "123217.00000", "2018-01-31": "124193.00000", "2017-10-31": "118394.00000", "2017-07-31": "117494.00000", "2017-04-30": "116040.00000", "2017-01-31": "118206.00000", "2016-10-31": "125632.00000", "2016-07-31": "68916.00000", "2016-04-30": "43879.00000", "2016-01-31": "45122.00000", "2015-10-31": "0.00000", "2015-07-31": "0.00000", "2015-04-30": "0.00000", "2015-01-31": "48192.00000", "2014-01-31": "0.00000"}}, "cash flow statement": {"Net Income/Loss": {"2020-01-31": "5529.00000", "2019-01-31": "-2181.00000", "2018-01-31": "-2926.00000", "2017-01-31": "-1158.00000", "2016-01-31": "-1104.00000", "2015-01-31": "-1221.00000", "2014-01-31": "-1612.00000"}, "Total Depreciation And Amortization - Cash Flow": {"2020-01-31": "6143.00000", "2019-01-31": "7746.00000", "2018-01-31": "8634.00000", "2017-01-31": "5206.00000", "2016-01-31": "2931.00000", "2015-01-31": "3030.00000", "2014-01-31": "762.00000"}, "Other Non-Cash Items": {"2020-01-31": "-4139.00000", "2019-01-31": "343.00000", "2018-01-31": "-1016.00000", "2017-01-31": "-3526.00000", "2016-01-31": "216.00000", "2015-01-31": "13.00000", "2014-01-31": "-141.00000"}, "Total Non-Cash Items": {"2020-01-31": "2004.00000", "2019-01-31": "8089.00000", "2018-01-31": "7618.00000", "2017-01-31": "1680.00000", "2016-01-31": "3147.00000", "2015-01-31": "3043.00000", "2014-01-31": "621.00000"}, "Change In Accounts Receivable": {"2020-01-31": "-286.00000", "2019-01-31": "-1104.00000", "2018-01-31": "-1590.00000", "2017-01-31": "-1935.00000", "2016-01-31": "187.00000", "2015-01-31": "-238.00000", "2014-01-31": "-102.00000"}, "Change In Inventories": {"2020-01-31": "311.00000", "2019-01-31": "-1445.00000", "2018-01-31": "-325.00000", "2017-01-31": "1076.00000", "2016-01-31": "-5.00000", "2015-01-31": "71.00000", "2014-01-31": "-36.00000"}, "Change In Accounts Payable": {"2020-01-31": "894.00000", "2019-01-31": "952.00000", "2018-01-31": "3779.00000", "2017-01-31": "751.00000", "2016-01-31": "-374.00000", "2015-01-31": "1029.00000", "2014-01-31": "1316.00000"}, "Change In Assets/Liabilities": {"2020-01-31": "963.00000", "2019-01-31": "1582.00000", "2018-01-31": "-300.00000", "2017-01-31": "1299.00000", "2016-01-31": "518.00000", "2015-01-31": "258.00000", "2014-01-31": "283.00000"}, "Total Change In Assets/Liabilities": {"2020-01-31": "1758.00000", "2019-01-31": "1083.00000", "2018-01-31": "2151.00000", "2017-01-31": "1845.00000", "2016-01-31": "119.00000", "2015-01-31": "729.00000", "2014-01-31": "2073.00000"}, "Cash Flow From Operating Activities": {"2020-01-31": "9291.00000", "2019-01-31": "6991.00000", "2018-01-31": "6843.00000", "2017-01-31": "2367.00000", "2016-01-31": "2162.00000", "2015-01-31": "2551.00000", "2014-01-31": "1082.00000"}, "Net Change In Property, Plant, And Equipment": {"2020-01-31": "-2587.00000", "2019-01-31": "-1568.00000", "2018-01-31": "-1736.00000", "2017-01-31": "-882.00000", "2016-01-31": "-394.00000", "2015-01-31": "-455.00000", "2014-01-31": "-101.00000"}, "Net Change In Intangible Assets": {"2020-01-31": "", "2019-01-31": "", "2018-01-31": "", "2017-01-31": "", "2016-01-31": "", "2015-01-31": "", "2014-01-31": ""}, "Net Acquisitions/Divestitures": {"2020-01-31": "-2455.00000", "2019-01-31": "-770.00000", "2018-01-31": "-658.00000", "2017-01-31": "-30736.00000", "2016-01-31": "8.00000", "2015-01-31": "-63.00000", "2014-01-31": "-8624.00000"}, "Net Change In Short-term Investments": {"2020-01-31": "", "2019-01-31": "", "2018-01-31": "", "2017-01-31": "", "2016-01-31": "", "2015-01-31": "", "2014-01-31": ""}, "Net Change In Long-Term Investments": {"2020-01-31": "316.00000", "2019-01-31": "5687.00000", "2018-01-31": "-511.00000", "2017-01-31": "395.00000", "2016-01-31": "-20.00000", "2015-01-31": "-12.00000", "2014-01-31": "119.00000"}, "Net Change In Investments - Total": {"2020-01-31": "316.00000", "2019-01-31": "5687.00000", "2018-01-31": "-511.00000", "2017-01-31": "395.00000", "2016-01-31": "-20.00000", "2015-01-31": "-12.00000", "2014-01-31": "119.00000"}, "Investing Activities - Other": {"2020-01-31": "40.00000", "2019-01-31": "40.00000", "2018-01-31": "30.00000", "2017-01-31": "-13.00000", "2016-01-31": "85.00000", "2015-01-31": "175.00000", "2014-01-31": "53.00000"}, "Cash Flow From Investing Activities": {"2020-01-31": "-4686.00000", "2019-01-31": "3389.00000", "2018-01-31": "-2875.00000", "2017-01-31": "-31236.00000", "2016-01-31": "-321.00000", "2015-01-31": "-355.00000", "2014-01-31": "-8553.00000"}, "Net Long-Term Debt": {"2020-01-31": "-1636.00000", "2019-01-31": "1594.00000", "2018-01-31": "2157.00000", "2017-01-31": "29897.00000", "2016-01-31": "-490.00000", "2015-01-31": "-3117.00000", "2014-01-31": "12490.00000"}, "Net Current Debt": {"2020-01-31": "", "2019-01-31": "", "2018-01-31": "", "2017-01-31": "", "2016-01-31": "", "2015-01-31": "", "2014-01-31": ""}, "Debt Issuance/Retirement Net - Total": {"2020-01-31": "-1636.00000", "2019-01-31": "1594.00000", "2018-01-31": "2157.00000", "2017-01-31": "29897.00000", "2016-01-31": "-490.00000", "2015-01-31": "-3117.00000", "2014-01-31": "12490.00000"}, "Net Common Equity Issued/Repurchased": {"2020-01-31": "-2895.00000", "2019-01-31": "-13638.00000", "2018-01-31": "-1700.00000", "2017-01-31": "3264.00000", "2016-01-31": "", "2015-01-31": "28.00000", "2014-01-31": "2096.00000"}, "Net Total Equity Issued/Repurchased": {"2020-01-31": "-2895.00000", "2019-01-31": "-13638.00000", "2018-01-31": "-1700.00000", "2017-01-31": "3264.00000", "2016-01-31": "", "2015-01-31": "28.00000", "2014-01-31": "2096.00000"}, "Total Common And Preferred Stock Dividends Paid": {"2020-01-31": "", "2019-01-31": "-2134.00000", "2018-01-31": "", "2017-01-31": "", "2016-01-31": "", "2015-01-31": "", "2014-01-31": ""}, "Financial Activities - Other": {"2020-01-31": "-73.00000", "2019-01-31": "-151.00000", "2018-01-31": "-54.00000", "2017-01-31": "-1376.00000", "2016-01-31": "-6.00000", "2015-01-31": "-5.00000", "2014-01-31": "-626.00000"}, "Cash Flow From Financial Activities": {"2020-01-31": "-4604.00000", "2019-01-31": "-14329.00000", "2018-01-31": "403.00000", "2017-01-31": "31785.00000", "2016-01-31": "-496.00000", "2015-01-31": "-3094.00000", "2014-01-31": "13960.00000"}, "Net Cash Flow": {"2020-01-31": "-89.00000", "2019-01-31": "-4138.00000", "2018-01-31": "4546.00000", "2017-01-31": "2940.00000", "2016-01-31": "1178.00000", "2015-01-31": "-1051.00000", "2014-01-31": "6449.00000"}, "Stock-Based Compensation": {"2020-01-31": "1262.00000", "2019-01-31": "918.00000", "2018-01-31": "835.00000", "2017-01-31": "398.00000", "2016-01-31": "72.00000", "2015-01-31": "72.00000", "2014-01-31": "82.00000"}, "Common Stock Dividends Paid": {"2020-01-31": "", "2019-01-31": "-2134.00000", "2018-01-31": "", "2017-01-31": "", "2016-01-31": "", "2015-01-31": "", "2014-01-31": ""}}, "cash flow statement, quarterly": {"Net Income/Loss": {"2020-10-31": 881, "2020-07-31": 1099, "2020-04-30": "182.00000", "2020-01-31": 416, "2019-10-31": 552, "2019-07-31": 4232, "2019-04-30": "329.00000", "2019-01-31": -287, "2018-10-31": -895, "2018-07-31": -461, "2018-04-30": "-538.00000", "2018-01-31": -133, "2017-10-31": -851, "2017-07-31": -739, "2017-04-30": "-1203.00000", "2017-01-31": 290, "2016-10-31": -2075, "2016-07-31": 572, "2016-04-30": "55.00000", "2016-01-31": -155, "2015-10-31": -180, "2015-07-31": -265, "2015-04-30": "-504.00000", "2015-01-31": 391, "2014-01-31": -1612}, "Total Depreciation And Amortization - Cash Flow": {"2020-10-31": 1361, "2020-07-31": 1340, "2020-04-30": "1316.00000", "2020-01-31": 1535, "2019-10-31": 1494, "2019-07-31": 1498, "2019-04-30": "1616.00000", "2019-01-31": 1940, "2018-10-31": 1961, "2018-07-31": 1895, "2018-04-30": "1950.00000", "2018-01-31": 2003, "2017-10-31": 2187, "2017-07-31": 2186, "2017-04-30": "2258.00000", "2017-01-31": 2168, "2016-10-31": 1693, "2016-07-31": 641, "2016-04-30": "704.00000", "2016-01-31": 716, "2015-10-31": 719, "2015-07-31": 719, "2015-04-30": "718.00000", "2015-01-31": 2215, "2014-01-31": 762}, "Other Non-Cash Items": {"2020-10-31": -210, "2020-07-31": 639, "2020-04-30": "249.00000", "2020-01-31": 36, "2019-10-31": 102, "2019-07-31": -3762, "2019-04-30": "-515.00000", "2019-01-31": -68, "2018-10-31": 496, "2018-07-31": 43, "2018-04-30": "-128.00000", "2018-01-31": -335, "2017-10-31": 44, "2017-07-31": -300, "2017-04-30": "-425.00000", "2017-01-31": -1834, "2016-10-31": -225, "2016-07-31": -982, "2016-04-30": "-485.00000", "2016-01-31": 292, "2015-10-31": -72, "2015-07-31": -90, "2015-04-30": "86.00000", "2015-01-31": 0, "2014-01-31": 0}, "Total Non-Cash Items": {"2020-10-31": 1151, "2020-07-31": 1979, "2020-04-30": "1565.00000", "2020-01-31": 1571, "2019-10-31": 1596, "2019-07-31": -2264, "2019-04-30": "1101.00000", "2019-01-31": 1872, "2018-10-31": 2457, "2018-07-31": 1938, "2018-04-30": "1822.00000", "2018-01-31": 1668, "2017-10-31": 2231, "2017-07-31": 1886, "2017-04-30": "1833.00000", "2017-01-31": 334, "2016-10-31": 1468, "2016-07-31": -341, "2016-04-30": "219.00000", "2016-01-31": 792, "2015-10-31": 647, "2015-07-31": 629, "2015-04-30": "804.00000", "2015-01-31": 2215, "2014-01-31": 762}, "Change In Accounts Receivable": {"2020-10-31": 231, "2020-07-31": -630, "2020-04-30": "1284.00000", "2020-01-31": -1086, "2019-10-31": 168, "2019-07-31": -1121, "2019-04-30": "1753.00000", "2019-01-31": -1181, "2018-10-31": 1, "2018-07-31": -873, "2018-04-30": "949.00000", "2018-01-31": -1794, "2017-10-31": 517, "2017-07-31": -835, "2017-04-30": "522.00000", "2017-01-31": -779, "2016-10-31": -776, "2016-07-31": -488, "2016-04-30": "108.00000", "2016-01-31": 262, "2015-10-31": 100, "2015-07-31": 84, "2015-04-30": "-259.00000", "2015-01-31": 0, "2014-01-31": 0}, "Change In Inventories": {"2020-10-31": 164, "2020-07-31": -10, "2020-04-30": "-352.00000", "2020-01-31": -53, "2019-10-31": -139, "2019-07-31": 230, "2019-04-30": "273.00000", "2019-01-31": -32, "2018-10-31": -277, "2018-07-31": -747, "2018-04-30": "-389.00000", "2018-01-31": -120, "2017-10-31": -34, "2017-07-31": -186, "2017-04-30": "15.00000", "2017-01-31": 924, "2016-10-31": -19, "2016-07-31": 191, "2016-04-30": "-20.00000", "2016-01-31": -164, "2015-10-31": 9, "2015-07-31": -20, "2015-04-30": "170.00000", "2015-01-31": 0, "2014-01-31": 0}, "Change In Accounts Payable": {"2020-10-31": 351, "2020-07-31": 971, "2020-04-30": "-1538.00000", "2020-01-31": 595, "2019-10-31": 59, "2019-07-31": 1285, "2019-04-30": "-1045.00000", "2019-01-31": -594, "2018-10-31": -1084, "2018-07-31": 2360, "2018-04-30": "270.00000", "2018-01-31": 1507, "2017-10-31": -172, "2017-07-31": 1779, "2017-04-30": "665.00000", "2017-01-31": -217, "2016-10-31": -264, "2016-07-31": 1672, "2016-04-30": "-440.00000", "2016-01-31": -105, "2015-10-31": -337, "2015-07-31": 668, "2015-04-30": "-600.00000", "2015-01-31": 0, "2014-01-31": 0}, "Change In Assets/Liabilities": {"2020-10-31": 216, "2020-07-31": -77, "2020-04-30": "-1937.00000", "2020-01-31": 2189, "2019-10-31": -415, "2019-07-31": 918, "2019-04-30": "-1729.00000", "2019-01-31": 1472, "2018-10-31": 261, "2018-07-31": -45, "2018-04-30": "-106.00000", "2018-01-31": 1336, "2017-10-31": -256, "2017-07-31": -546, "2017-04-30": "-834.00000", "2017-01-31": 598, "2016-10-31": 362, "2016-07-31": -23, "2016-04-30": "362.00000", "2016-01-31": 131, "2015-10-31": -102, "2015-07-31": 396, "2015-04-30": "93.00000", "2015-01-31": 0, "2014-01-31": 0}, "Total Change In Assets/Liabilities": {"2020-10-31": 962, "2020-07-31": 254, "2020-04-30": "-2543.00000", "2020-01-31": 1521, "2019-10-31": -327, "2019-07-31": 1312, "2019-04-30": "-748.00000", "2019-01-31": 781, "2018-10-31": -729, "2018-07-31": 1156, "2018-04-30": "-125.00000", "2018-01-31": 1564, "2017-10-31": 259, "2017-07-31": 673, "2017-04-30": "-345.00000", "2017-01-31": 174, "2016-10-31": 361, "2016-07-31": 1647, "2016-04-30": "-337.00000", "2016-01-31": 59, "2015-10-31": -8, "2015-07-31": 1263, "2015-04-30": "-1195.00000", "2015-01-31": -1344, "2014-01-31": 2073}, "Cash Flow From Operating Activities": {"2020-10-31": 2994, "2020-07-31": 3332, "2020-04-30": "-796.00000", "2020-01-31": 3508, "2019-10-31": 1821, "2019-07-31": 3280, "2019-04-30": "682.00000", "2019-01-31": 2366, "2018-10-31": 833, "2018-07-31": 2633, "2018-04-30": "1159.00000", "2018-01-31": 3099, "2017-10-31": 1639, "2017-07-31": 1820, "2017-04-30": "285.00000", "2017-01-31": 798, "2016-10-31": -246, "2016-07-31": 1878, "2016-04-30": "-63.00000", "2016-01-31": 971, "2015-10-31": 459, "2015-07-31": 1627, "2015-04-30": "-895.00000", "2015-01-31": 1469, "2014-01-31": 1082}, "Net Change In Property, Plant, And Equipment": {"2020-10-31": -480, "2020-07-31": -545, "2020-04-30": "-559.00000", "2020-01-31": -711, "2019-10-31": -609, "2019-07-31": -551, "2019-04-30": "-716.00000", "2019-01-31": -390, "2018-10-31": -413, "2018-07-31": -372, "2018-04-30": "-393.00000", "2018-01-31": -500, "2017-10-31": -402, "2017-07-31": -500, "2017-04-30": "-334.00000", "2017-01-31": -404, "2016-10-31": -262, "2016-07-31": -128, "2016-04-30": "-88.00000", "2016-01-31": -142, "2015-10-31": -107, "2015-07-31": -31, "2015-04-30": "-114.00000", "2015-01-31": -354, "2014-01-31": -101}, "Net Change In Intangible Assets": {"2020-10-31": 0, "2020-07-31": 0, "2020-04-30": "", "2020-01-31": 0, "2019-10-31": 0, "2019-07-31": 0, "2019-04-30": "", "2019-01-31": 0, "2018-10-31": 0, "2018-07-31": 0, "2018-04-30": "", "2018-01-31": 0, "2017-10-31": 0, "2017-07-31": 0, "2017-04-30": "", "2017-01-31": 0, "2016-10-31": 0, "2016-07-31": 0, "2016-04-30": "", "2016-01-31": 0, "2015-10-31": 0, "2015-07-31": 0, "2015-04-30": "", "2015-01-31": 0, "2014-01-31": 0}, "Net Acquisitions/Divestitures": {"2020-10-31": 1996, "2020-07-31": -296, "2020-04-30": "82.00000", "2020-01-31": -15, "2019-10-31": -2053, "2019-07-31": -339, "2019-04-30": "-48.00000", "2019-01-31": -419, "2018-10-31": -493, "2018-07-31": 0, "2018-04-30": "142.00000", "2018-01-31": -435, "2017-10-31": 0, "2017-07-31": -191, "2017-04-30": "-32.00000", "2017-01-31": 6878, "2016-10-31": -37614, "2016-07-31": 0, "2016-04-30": "", "2016-01-31": 0, "2015-10-31": 0, "2015-07-31": 0, "2015-04-30": "8.00000", "2015-01-31": 8561, "2014-01-31": -8624}, "Net Change In Short-term Investments": {"2020-10-31": 0, "2020-07-31": 0, "2020-04-30": "", "2020-01-31": 0, "2019-10-31": 0, "2019-07-31": 0, "2019-04-30": "", "2019-01-31": 0, "2018-10-31": 0, "2018-07-31": 0, "2018-04-30": "", "2018-01-31": 0, "2017-10-31": 0, "2017-07-31": 0, "2017-04-30": "", "2017-01-31": 0, "2016-10-31": 0, "2016-07-31": 0, "2016-04-30": "", "2016-01-31": 0, "2015-10-31": 0, "2015-07-31": 0, "2015-04-30": "", "2015-01-31": 0, "2014-01-31": 0}, "Net Change In Long-Term Investments": {"2020-10-31": -95, "2020-07-31": -86, "2020-04-30": "-17.00000", "2020-01-31": 9, "2019-10-31": -53, "2019-07-31": 61, "2019-04-30": "299.00000", "2019-01-31": 4414, "2018-10-31": 839, "2018-07-31": 342, "2018-04-30": "92.00000", "2018-01-31": -50, "2017-10-31": -259, "2017-07-31": -616, "2017-04-30": "414.00000", "2017-01-31": 345, "2016-10-31": 40, "2016-07-31": -2, "2016-04-30": "12.00000", "2016-01-31": 5, "2015-10-31": 0, "2015-07-31": -23, "2015-04-30": "-2.00000", "2015-01-31": 0, "2014-01-31": 0}, "Net Change In Investments - Total": {"2020-10-31": -95, "2020-07-31": -86, "2020-04-30": "-17.00000", "2020-01-31": 9, "2019-10-31": -53, "2019-07-31": 61, "2019-04-30": "299.00000", "2019-01-31": 4414, "2018-10-31": 839, "2018-07-31": 342, "2018-04-30": "92.00000", "2018-01-31": -50, "2017-10-31": -259, "2017-07-31": -616, "2017-04-30": "414.00000", "2017-01-31": 345, "2016-10-31": 40, "2016-07-31": -2, "2016-04-30": "12.00000", "2016-01-31": 5, "2015-10-31": 0, "2015-07-31": -23, "2015-04-30": "-2.00000", "2015-01-31": -131, "2014-01-31": 119}, "Investing Activities - Other": {"2020-10-31": 14, "2020-07-31": 3, "2020-04-30": "9.00000", "2020-01-31": 13, "2019-10-31": 16, "2019-07-31": 4, "2019-04-30": "7.00000", "2019-01-31": 5, "2018-10-31": 8, "2018-07-31": 17, "2018-04-30": "10.00000", "2018-01-31": 100, "2017-10-31": -39, "2017-07-31": -34, "2017-04-30": "3.00000", "2017-01-31": 4, "2016-10-31": -2, "2016-07-31": -31, "2016-04-30": "16.00000", "2016-01-31": 14, "2015-10-31": 22, "2015-07-31": 24, "2015-04-30": "25.00000", "2015-01-31": 122, "2014-01-31": 53}, "Cash Flow From Investing Activities": {"2020-10-31": 1435, "2020-07-31": -924, "2020-04-30": "-485.00000", "2020-01-31": -704, "2019-10-31": -2699, "2019-07-31": -825, "2019-04-30": "-458.00000", "2019-01-31": 3610, "2018-10-31": -59, "2018-07-31": -13, "2018-04-30": "-149.00000", "2018-01-31": -885, "2017-10-31": -700, "2017-07-31": -1341, "2017-04-30": "51.00000", "2017-01-31": 6823, "2016-10-31": -37838, "2016-07-31": -161, "2016-04-30": "-60.00000", "2016-01-31": -123, "2015-10-31": -85, "2015-07-31": -30, "2015-04-30": "-83.00000", "2015-01-31": 8198, "2014-01-31": -8553}, "Net Long-Term Debt": {"2020-10-31": -4099, "2020-07-31": -3103, "2020-04-30": "4730.00000", "2020-01-31": -344, "2019-10-31": 418, "2019-07-31": -1704, "2019-04-30": "-6.00000", "2019-01-31": 4820, "2018-10-31": -915, "2018-07-31": -2352, "2018-04-30": "41.00000", "2018-01-31": 117, "2017-10-31": 2575, "2017-07-31": -840, "2017-04-30": "305.00000", "2017-01-31": -6451, "2016-10-31": 36838, "2016-07-31": -1, "2016-04-30": "-489.00000", "2016-01-31": -175, "2015-10-31": -644, "2015-07-31": -34, "2015-04-30": "363.00000", "2015-01-31": 0, "2014-01-31": 0}, "Net Current Debt": {"2020-10-31": 0, "2020-07-31": 0, "2020-04-30": "", "2020-01-31": 0, "2019-10-31": 0, "2019-07-31": 0, "2019-04-30": "", "2019-01-31": 0, "2018-10-31": 0, "2018-07-31": 0, "2018-04-30": "", "2018-01-31": 0, "2017-10-31": 0, "2017-07-31": 0, "2017-04-30": "", "2017-01-31": 0, "2016-10-31": 0, "2016-07-31": 0, "2016-04-30": "", "2016-01-31": 0, "2015-10-31": 0, "2015-07-31": 0, "2015-04-30": "", "2015-01-31": 0, "2014-01-31": 0}, "Debt Issuance/Retirement Net - Total": {"2020-10-31": -4099, "2020-07-31": -3103, "2020-04-30": "4730.00000", "2020-01-31": -344, "2019-10-31": 418, "2019-07-31": -1704, "2019-04-30": "-6.00000", "2019-01-31": 4820, "2018-10-31": -915, "2018-07-31": -2352, "2018-04-30": "41.00000", "2018-01-31": 117, "2017-10-31": 2575, "2017-07-31": -840, "2017-04-30": "305.00000", "2017-01-31": -6451, "2016-10-31": 36838, "2016-07-31": -1, "2016-04-30": "-489.00000", "2016-01-31": -185, "2015-10-31": -644, "2015-07-31": -34, "2015-04-30": "363.00000", "2015-01-31": -15350, "2014-01-31": 12226}, "Net Common Equity Issued/Repurchased": {"2020-10-31": -131, "2020-07-31": -186, "2020-04-30": "-424.00000", "2020-01-31": -1654, "2019-10-31": -73, "2019-07-31": -493, "2019-04-30": "-675.00000", "2019-01-31": -14404, "2018-10-31": 113, "2018-07-31": 11, "2018-04-30": "642.00000", "2018-01-31": -527, "2017-10-31": -829, "2017-07-31": 18, "2017-04-30": "-362.00000", "2017-01-31": -488, "2016-10-31": 3654, "2016-07-31": -4, "2016-04-30": "102.00000", "2016-01-31": -2, "2015-10-31": 0, "2015-07-31": 1, "2015-04-30": "1.00000", "2015-01-31": 0, "2014-01-31": 0}, "Net Total Equity Issued/Repurchased": {"2020-10-31": -131, "2020-07-31": -186, "2020-04-30": "-424.00000", "2020-01-31": -1654, "2019-10-31": -73, "2019-07-31": -493, "2019-04-30": "-675.00000", "2019-01-31": -14404, "2018-10-31": 113, "2018-07-31": 11, "2018-04-30": "642.00000", "2018-01-31": -527, "2017-10-31": -829, "2017-07-31": 18, "2017-04-30": "-362.00000", "2017-01-31": -488, "2016-10-31": 3654, "2016-07-31": -4, "2016-04-30": "102.00000", "2016-01-31": 0, "2015-10-31": 0, "2015-07-31": 1, "2015-04-30": "1.00000", "2015-01-31": -2068, "2014-01-31": 2096}, "Total Common And Preferred Stock Dividends Paid": {"2020-10-31": 0, "2020-07-31": 0, "2020-04-30": "", "2020-01-31": 0, "2019-10-31": 0, "2019-07-31": 0, "2019-04-30": "", "2019-01-31": -2134, "2018-10-31": 0, "2018-07-31": 0, "2018-04-30": "", "2018-01-31": 0, "2017-10-31": 0, "2017-07-31": 0, "2017-04-30": "", "2017-01-31": 0, "2016-10-31": 0, "2016-07-31": 0, "2016-04-30": "", "2016-01-31": 0, "2015-10-31": 0, "2015-07-31": 0, "2015-04-30": "", "2015-01-31": 0, "2014-01-31": 0}, "Financial Activities - Other": {"2020-10-31": -80, "2020-07-31": -148, "2020-04-30": "-42.00000", "2020-01-31": -6, "2019-10-31": -23, "2019-07-31": -6, "2019-04-30": "-38.00000", "2019-01-31": 233, "2018-10-31": -55, "2018-07-31": -189, "2018-04-30": "-140.00000", "2018-01-31": 288, "2017-10-31": -144, "2017-07-31": -68, "2017-04-30": "-130.00000", "2017-01-31": -63, "2016-10-31": -856, "2016-07-31": -457, "2016-04-30": "", "2016-01-31": 10, "2015-10-31": -4, "2015-07-31": 2, "2015-04-30": "-6.00000", "2015-01-31": 364, "2014-01-31": -362}, "Cash Flow From Financial Activities": {"2020-10-31": -4310, "2020-07-31": -3437, "2020-04-30": "4264.00000", "2020-01-31": -2004, "2019-10-31": 322, "2019-07-31": -2203, "2019-04-30": "-719.00000", "2019-01-31": -11485, "2018-10-31": -857, "2018-07-31": -2530, "2018-04-30": "543.00000", "2018-01-31": -122, "2017-10-31": 1602, "2017-07-31": -890, "2017-04-30": "-187.00000", "2017-01-31": -7002, "2016-10-31": 39636, "2016-07-31": -462, "2016-04-30": "-387.00000", "2016-01-31": -175, "2015-10-31": -648, "2015-07-31": -31, "2015-04-30": "358.00000", "2015-01-31": -17054, "2014-01-31": 13960}, "Net Cash Flow": {"2020-10-31": 104, "2020-07-31": -945, "2020-04-30": "2847.00000", "2020-01-31": 810, "2019-10-31": -594, "2019-07-31": 226, "2019-04-30": "-531.00000", "2019-01-31": -5436, "2018-10-31": -129, "2018-07-31": -40, "2018-04-30": "1467.00000", "2018-01-31": 2220, "2017-10-31": 2540, "2017-07-31": -357, "2017-04-30": "143.00000", "2017-01-31": 612, "2016-10-31": 1531, "2016-07-31": 1234, "2016-04-30": "-437.00000", "2016-01-31": 594, "2015-10-31": -312, "2015-07-31": 1520, "2015-04-30": "-624.00000", "2015-01-31": -7500, "2014-01-31": 6449}, "Stock-Based Compensation": {"2020-10-31": 436, "2020-07-31": 413, "2020-04-30": "370.00000", "2020-01-31": 376, "2019-10-31": 322, "2019-07-31": 301, "2019-04-30": "263.00000", "2019-01-31": 247, "2018-10-31": 256, "2018-07-31": 216, "2018-04-30": "199.00000", "2018-01-31": 205, "2017-10-31": 221, "2017-07-31": 208, "2017-04-30": "201.00000", "2017-01-31": 215, "2016-10-31": 149, "2016-07-31": 20, "2016-04-30": "14.00000", "2016-01-31": 19, "2015-10-31": 19, "2015-07-31": 16, "2015-04-30": "18.00000", "2015-01-31": 0, "2014-01-31": 0}, "Common Stock Dividends Paid": {"2020-10-31": 0, "2020-07-31": 0, "2020-04-30": "", "2020-01-31": 0, "2019-10-31": 0, "2019-07-31": 0, "2019-04-30": "", "2019-01-31": -2134, "2018-10-31": 0, "2018-07-31": 0, "2018-04-30": "", "2018-01-31": 0, "2017-10-31": 0, "2017-07-31": 0, "2017-04-30": "", "2017-01-31": 0, "2016-10-31": 0, "2016-07-31": 0, "2016-04-30": "", "2016-01-31": 0, "2015-10-31": 0, "2015-07-31": 0, "2015-04-30": "", "2015-01-31": 0, "2014-01-31": 0}}, "financial ratios": {"Current Ratio": {"2020-01-31": "0.70280", "2019-01-31": "0.80360", "2018-01-31": "0.87980", "2017-01-31": "0.80690", "2016-01-31": "0.93140", "2015-01-31": "0.82640", "2014-01-31": ""}, "Long-term Debt / Capital": {"2020-01-31": "0.93350", "2019-01-31": "1.01950", "2018-01-31": "0.71560", "2017-01-31": "0.69370", "2016-01-31": "0.87900", "2015-01-31": "0.79460", "2014-01-31": ""}, "Debt/Equity Ratio": {"2020-01-31": "16.49950", "2019-01-31": "-56.81640", "2018-01-31": "2.96660", "2017-01-31": "2.59820", "2016-01-31": "9.29810", "2015-01-31": "4.87430", "2014-01-31": ""}, "Gross Margin": {"2020-01-31": "31.39640", "2019-01-31": "27.64590", "2018-01-31": "25.98310", "2017-01-31": "21.95640", "2016-01-31": "16.47390", "2015-01-31": "16.43090", "2014-01-31": "9.89700"}, "Operating Margin": {"2020-01-31": "2.84520", "2019-01-31": "-0.21080", "2018-01-31": "-3.05670", "2017-01-31": "-3.84470", "2016-01-31": "-1.00960", "2015-01-31": "-0.58370", "2014-01-31": "-12.77440"}, "EBIT Margin": {"2020-01-31": "2.84520", "2019-01-31": "-0.21080", "2018-01-31": "-3.05670", "2017-01-31": "-3.84470", "2016-01-31": "-1.00960", "2015-01-31": "-0.58370", "2014-01-31": "-12.77440"}, "EBITDA Margin": {"2020-01-31": "9.51130", "2019-01-31": "8.33690", "2018-01-31": "7.86690", "2017-01-31": "4.53000", "2016-01-31": "4.74750", "2015-01-31": "5.01270", "2014-01-31": "-7.36060"}, "Pre-Tax Profit Margin": {"2020-01-31": "-0.00430", "2019-01-31": "-2.60540", "2018-01-31": "-6.03370", "2017-01-31": "-7.22930", "2016-01-31": "-2.52600", "2015-01-31": "-2.24410", "2014-01-31": "-14.22380"}, "Net Profit Margin": {"2020-01-31": "5.00900", "2019-01-31": "-2.54910", "2018-01-31": "-3.60450", "2017-01-31": "-1.87730", "2016-01-31": "-2.16850", "2015-01-31": "-2.25520", "2014-01-31": "-11.45290"}, "Asset Turnover": {"2020-01-31": "0.77530", "2019-01-31": "0.81040", "2018-01-31": "0.63640", "2017-01-31": "0.52590", "2016-01-31": "1.12830", "2015-01-31": "1.12350", "2014-01-31": ""}, "Inventory Turnover Ratio": {"2020-01-31": "19.26880", "2019-01-31": "17.96880", "2018-01-31": "21.84580", "2017-01-31": "19.11550", "2016-01-31": "26.26560", "2015-01-31": "27.20750", "2014-01-31": ""}, "Receiveable Turnover": {"2020-01-31": "5.30260", "2019-01-31": "5.40410", "2018-01-31": "5.05370", "2017-01-31": "4.91730", "2016-01-31": "6.52540", "2015-01-31": "5.95750", "2014-01-31": ""}, "Days Sales In Receivables": {"2020-01-31": "68.83410", "2019-01-31": "67.54160", "2018-01-31": "72.22420", "2017-01-31": "74.22830", "2016-01-31": "55.93550", "2015-01-31": "61.26700", "2014-01-31": ""}, "ROE - Return On Equity": {"2020-01-31": "175.24560", "2019-01-31": "231.52870", "2018-01-31": "-16.73430", "2017-01-31": "-16.17130", "2016-01-31": "-79.67260", "2015-01-31": "-38.15430", "2014-01-31": ""}, "Return On Tangible Equity": {"2020-01-31": "-9.76110", "2019-01-31": "3.44540", "2018-01-31": "5.77120", "2017-01-31": "5.59380", "2016-01-31": "7.52720", "2015-01-31": "5.85530", "2014-01-31": ""}, "ROA - Return On Assets": {"2020-01-31": "4.65170", "2019-01-31": "-1.95050", "2018-01-31": "-2.35600", "2017-01-31": "-2.60050", "2016-01-31": "-2.58850", "2015-01-31": "-2.29910", "2014-01-31": ""}, "ROI - Return On Investment": {"2020-01-31": "11.64640", "2019-01-31": "-4.51940", "2018-01-31": "-4.75900", "2017-01-31": "-4.95250", "2016-01-31": "-9.64010", "2015-01-31": "-7.83700", "2014-01-31": ""}, "Book Value Per Share": {"2020-01-31": "4.24630", "2019-01-31": "-1.31020", "2018-01-31": "22.73730", "2017-01-31": "24.43320", "2016-01-31": "3.61980", "2015-01-31": "7.17040", "2014-01-31": ""}, "Operating Cash Flow Per Share": {"2020-01-31": 3.4202, "2019-01-31": 0.0643, "2018-01-31": 5.4416, "2017-01-31": -1.8929, "2016-01-31": -0.9761, "2015-01-31": 3.589, "2014-01-31": 2.7254}, "Free Cash Flow Per Share": {"2020-01-31": 1.9831, "2019-01-31": 0.3112, "2018-01-31": 4.4709, "2017-01-31": -2.2038, "2016-01-31": -0.8227, "2015-01-31": 2.7171, "2014-01-31": 2.471}}, "financial ratios, quarterly": {"Current Ratio": {"2020-10-31": "0.76760", "2020-07-31": "0.75690", "2020-04-30": "0.81840", "2020-01-31": "0.70280", "2019-10-31": "0.70880", "2019-07-31": "0.75110", "2019-04-30": "0.77410", "2019-01-31": "0.80360", "2018-10-31": "0.90280", "2018-07-31": "0.87690", "2018-04-30": "0.93460", "2018-01-31": "0.87980", "2017-10-31": "0.84740", "2017-07-31": "0.76450", "2017-04-30": "0.82930", "2017-01-31": "0.80690", "2016-10-31": "0.88010", "2016-07-31": "0.93900", "2016-04-30": "0.86700", "2016-01-31": "0.93140", "2015-10-31": "", "2015-07-31": "", "2015-04-30": "", "2015-01-31": "", "2014-01-31": ""}, "Long-term Debt / Capital": {"2020-10-31": "0.87940", "2020-07-31": "0.90540", "2020-04-30": "0.93720", "2020-01-31": "0.93350", "2019-10-31": "0.92020", "2019-07-31": "0.93690", "2019-04-30": "1.03540", "2019-01-31": "1.01950", "2018-10-31": "0.73740", "2018-07-31": "0.72650", "2018-04-30": "0.72500", "2018-01-31": "0.71560", "2017-10-31": "0.74890", "2017-07-31": "0.70960", "2017-04-30": "0.72100", "2017-01-31": "0.69370", "2016-10-31": "0.70460", "2016-07-31": "0.93920", "2016-04-30": "0.87200", "2016-01-31": "0.87900", "2015-10-31": "", "2015-07-31": "", "2015-04-30": "", "2015-01-31": "", "2014-01-31": ""}, "Debt/Equity Ratio": {"2020-10-31": "8.39550", "2020-07-31": "11.83700", "2020-04-30": "17.50860", "2020-01-31": "16.49950", "2019-10-31": "13.51330", "2019-07-31": "16.77610", "2019-04-30": "-32.22400", "2019-01-31": "-56.81640", "2018-10-31": "3.37310", "2018-07-31": "3.25800", "2018-04-30": "3.05670", "2018-01-31": "2.96660", "2017-10-31": "3.39230", "2017-07-31": "2.89680", "2017-04-30": "2.86310", "2017-01-31": "2.59820", "2016-10-31": "2.80900", "2016-07-31": "16.58420", "2016-04-30": "8.38800", "2016-01-31": "9.29810", "2015-10-31": "", "2015-07-31": "", "2015-04-30": "", "2015-01-31": "", "2014-01-31": ""}, "Gross Margin": {"2020-10-31": "30.92160", "2020-07-31": "31.47850", "2020-04-30": "31.29650", "2020-01-31": "31.97400", "2019-10-31": "31.19420", "2019-07-31": "31.34790", "2019-04-30": "31.02520", "2019-01-31": "29.81840", "2018-10-31": "26.43450", "2018-07-31": "26.68900", "2018-04-30": "27.52390", "2018-01-31": "26.82690", "2017-10-31": "26.69260", "2017-07-31": "25.44950", "2017-04-30": "24.76110", "2017-01-31": "25.34960", "2016-10-31": "23.99830", "2016-07-31": "17.85930", "2016-04-30": "17.91520", "2016-01-31": "27.54160", "2015-10-31": "16.82180", "2015-07-31": "16.02310", "2015-04-30": "16.58360", "2015-01-31": "", "2014-01-31": ""}, "Operating Margin": {"2020-10-31": "4.80790", "2020-07-31": "4.99710", "2020-04-30": "3.20590", "2020-01-31": "2.98350", "2019-10-31": "3.65960", "2019-07-31": "2.22080", "2019-04-30": "2.51050", "2019-01-31": "1.38840", "2018-10-31": "-1.58350", "2018-07-31": "-0.05670", "2018-04-30": "-0.71640", "2018-01-31": "-0.31420", "2017-10-31": "-2.09650", "2017-07-31": "-3.40660", "2017-04-30": "-7.06670", "2017-01-31": "-3.91340", "2016-10-31": "-9.30630", "2016-07-31": "0.51220", "2016-04-30": "-1.13550", "2016-01-31": "-0.05520", "2015-10-31": "-0.61540", "2015-07-31": "-0.79380", "2015-04-30": "-2.60940", "2015-01-31": "", "2014-01-31": ""}, "EBIT Margin": {"2020-10-31": "4.80790", "2020-07-31": "4.99710", "2020-04-30": "3.20590", "2020-01-31": "2.98350", "2019-10-31": "3.65960", "2019-07-31": "2.22080", "2019-04-30": "2.51050", "2019-01-31": "1.38840", "2018-10-31": "-1.58350", "2018-07-31": "-0.05670", "2018-04-30": "-0.71640", "2018-01-31": "-0.31420", "2017-10-31": "-2.09650", "2017-07-31": "-3.40660", "2017-04-30": "-7.06670", "2017-01-31": "-3.91340", "2016-10-31": "-9.30630", "2016-07-31": "0.51220", "2016-04-30": "-1.13550", "2016-01-31": "-0.05520", "2015-10-31": "-0.61540", "2015-07-31": "-0.79380", "2015-04-30": "-2.60940", "2015-01-31": "", "2014-01-31": ""}, "EBITDA Margin": {"2020-10-31": "", "2020-07-31": "", "2020-04-30": "", "2020-01-31": "", "2019-10-31": "", "2019-07-31": "", "2019-04-30": "", "2019-01-31": "", "2018-10-31": "", "2018-07-31": "", "2018-04-30": "", "2018-01-31": "", "2017-10-31": "", "2017-07-31": "", "2017-04-30": "", "2017-01-31": "", "2016-10-31": "", "2016-07-31": "", "2016-04-30": "", "2016-01-31": "", "2015-10-31": "", "2015-07-31": "", "2015-04-30": "", "2015-01-31": "", "2014-01-31": ""}, "Pre-Tax Profit Margin": {"2020-10-31": "5.97050", "2020-07-31": "2.19940", "2020-04-30": "0.62110", "2020-01-31": "0.37870", "2019-10-31": "0.69600", "2019-07-31": "-0.47500", "2019-04-30": "-0.65270", "2019-01-31": "-1.15350", "2018-10-31": "-4.42580", "2018-07-31": "-2.03990", "2018-04-30": "-2.91720", "2018-01-31": "-2.83660", "2017-10-31": "-5.58400", "2017-07-31": "-6.19850", "2017-04-30": "-10.24440", "2017-01-31": "-7.51600", "2016-10-31": "-14.19340", "2016-07-31": "-2.15600", "2016-04-30": "-2.92460", "2016-01-31": "-1.30930", "2015-10-31": "-2.21710", "2015-07-31": "-2.50480", "2015-04-30": "-4.00370", "2015-01-31": "", "2014-01-31": ""}, "Net Profit Margin": {"2020-10-31": "3.54310", "2020-07-31": "4.61000", "2020-04-30": "0.65310", "2020-01-31": "1.69770", "2019-10-31": "2.18440", "2019-07-31": "14.61700", "2019-04-30": "1.33740", "2019-01-31": "-1.25410", "2018-10-31": "-3.89650", "2018-07-31": "-2.17510", "2018-04-30": "-2.97810", "2018-01-31": "-0.45530", "2017-10-31": "-4.32600", "2017-07-31": "-3.74980", "2017-04-30": "-6.50560", "2017-01-31": "1.30610", "2016-10-31": "-12.70390", "2016-07-31": "4.38070", "2016-04-30": "0.44930", "2016-01-31": "-1.22250", "2015-10-31": "-1.42020", "2015-07-31": "-2.04240", "2015-04-30": "-3.92580", "2015-01-31": "", "2014-01-31": ""}, "Asset Turnover": {"2020-10-31": "0.19740", "2020-07-31": "0.18740", "2020-04-30": "0.18210", "2020-01-31": "0.20220", "2019-10-31": "0.19560", "2019-07-31": "0.20230", "2019-04-30": "0.19940", "2019-01-31": "0.21320", "2018-10-31": "0.18540", "2018-07-31": "0.18590", "2018-04-30": "0.17330", "2018-01-31": "0.17680", "2017-10-31": "0.16520", "2017-07-31": "0.16610", "2017-04-30": "0.15510", "2017-01-31": "0.17420", "2016-10-31": "0.12930", "2016-07-31": "0.18980", "2016-04-30": "0.27900", "2016-01-31": "0.28100", "2015-10-31": "", "2015-07-31": "", "2015-04-30": "", "2015-01-31": "", "2014-01-31": ""}, "Inventory Turnover Ratio": {"2020-10-31": "4.78070", "2020-07-31": "4.32450", "2020-04-30": "4.16040", "2020-01-31": "4.98260", "2019-10-31": "4.82590", "2019-07-31": "5.11770", "2019-04-30": "4.49730", "2019-01-31": "4.58540", "2018-10-31": "4.36040", "2018-07-31": "4.61810", "2018-04-30": "5.27720", "2018-01-31": "6.00110", "2017-10-31": "5.55230", "2017-07-31": "5.61030", "2017-04-30": "5.49190", "2017-01-31": "6.05790", "2016-10-31": "3.52400", "2016-07-31": "7.43020", "2016-04-30": "6.07130", "2016-01-31": "6.40950", "2015-10-31": "", "2015-07-31": "", "2015-04-30": "", "2015-01-31": "", "2014-01-31": ""}, "Receiveable Turnover": {"2020-10-31": "1.44510", "2020-07-31": "1.37790", "2020-04-30": "1.40830", "2020-01-31": "1.38280", "2019-10-31": "1.42450", "2019-07-31": "1.45530", "2019-04-30": "1.48090", "2019-01-31": "1.42170", "2018-10-31": "1.47450", "2018-07-31": "1.49550", "2018-04-30": "1.47050", "2018-01-31": "1.40430", "2017-10-31": "1.52400", "2017-07-31": "1.48010", "2017-04-30": "1.48900", "2017-01-31": "1.62920", "2016-10-31": "1.36770", "2016-07-31": "1.61000", "2016-04-30": "1.54360", "2016-01-31": "1.62510", "2015-10-31": "", "2015-07-31": "", "2015-04-30": "", "2015-01-31": "", "2014-01-31": ""}, "Days Sales In Receivables": {"2020-10-31": "62.27790", "2020-07-31": "65.31560", "2020-04-30": "63.90880", "2020-01-31": "65.08450", "2019-10-31": "63.17810", "2019-07-31": "61.84470", "2019-04-30": "60.77510", "2019-01-31": "63.30310", "2018-10-31": "61.03680", "2018-07-31": "60.18180", "2018-04-30": "61.20390", "2018-01-31": "64.08960", "2017-10-31": "59.05500", "2017-07-31": "60.80680", "2017-04-30": "60.44500", "2017-01-31": "55.24280", "2016-10-31": "65.80350", "2016-07-31": "55.89910", "2016-04-30": "58.30410", "2016-01-31": "55.38130", "2015-10-31": "", "2015-07-31": "", "2015-04-30": "", "2015-01-31": "", "2014-01-31": ""}, "ROE - Return On Equity": {"2020-10-31": "14.83420", "2020-07-31": "24.11150", "2020-04-30": "5.61730", "2020-01-31": "13.18540", "2019-10-31": "14.23780", "2019-07-31": "136.73670", "2019-04-30": "-19.80730", "2019-01-31": "30.46710", "2018-10-31": "-6.20450", "2018-07-31": "-3.03070", "2018-04-30": "-3.16840", "2018-01-31": "-0.76070", "2017-10-31": "-5.58910", "2017-07-31": "-4.36350", "2017-04-30": "-6.91780", "2017-01-31": "-3.95080", "2016-10-31": "-8.25980", "2016-07-31": "-11.95800", "2016-04-30": "-27.05810", "2016-01-31": "-11.45980", "2015-10-31": "", "2015-07-31": "", "2015-04-30": "", "2015-01-31": "", "2014-01-31": ""}, "Return On Tangible Equity": {"2020-10-31": "-1.76340", "2020-07-31": "-2.10740", "2020-04-30": "-0.33810", "2020-01-31": "-0.73440", "2019-10-31": "-0.96870", "2019-07-31": "-7.47410", "2019-04-30": "-0.52540", "2019-01-31": "0.45340", "2018-10-31": "1.82600", "2018-07-31": "0.93130", "2018-04-30": "1.08880", "2018-01-31": "0.26230", "2017-10-31": "1.57740", "2017-07-31": "1.36720", "2017-04-30": "2.19430", "2017-01-31": "1.36660", "2016-10-31": "2.94470", "2016-07-31": "1.89720", "2016-04-30": "2.50990", "2016-01-31": "1.08270", "2015-10-31": "", "2015-07-31": "", "2015-04-30": "", "2015-01-31": "", "2014-01-31": ""}, "ROA - Return On Assets": {"2020-10-31": "0.74070", "2020-07-31": "0.90620", "2020-04-30": "0.15140", "2020-01-31": "0.35000", "2019-10-31": "0.47250", "2019-07-31": "3.66340", "2019-04-30": "0.29940", "2019-01-31": "-0.25670", "2018-10-31": "-0.73820", "2018-07-31": "-0.37360", "2018-04-30": "-0.43660", "2018-01-31": "-0.10710", "2017-10-31": "-0.71880", "2017-07-31": "-0.62900", "2017-04-30": "-1.03670", "2017-01-31": "-0.63530", "2016-10-31": "-1.30300", "2016-07-31": "-0.38020", "2016-04-30": "-0.96630", "2016-01-31": "-0.37230", "2015-10-31": "", "2015-07-31": "", "2015-04-30": "", "2015-01-31": "", "2014-01-31": ""}, "ROI - Return On Investment": {"2020-10-31": "1.78830", "2020-07-31": "2.28170", "2020-04-30": "0.35280", "2020-01-31": "0.87630", "2019-10-31": "1.13570", "2019-07-31": "8.62480", "2019-04-30": "0.70030", "2019-01-31": "-0.59470", "2018-10-31": "-1.62930", "2018-07-31": "-0.82880", "2018-04-30": "-0.87130", "2018-01-31": "-0.21630", "2017-10-31": "-1.40330", "2017-07-31": "-1.26740", "2017-04-30": "-1.92980", "2017-01-31": "-1.20990", "2016-10-31": "-2.43950", "2016-07-31": "-0.72720", "2016-04-30": "-3.46240", "2016-01-31": "-1.38660", "2015-10-31": "", "2015-07-31": "", "2015-04-30": "", "2015-01-31": "", "2014-01-31": ""}, "Book Value Per Share": {"2020-10-31": "7.92920", "2020-07-31": "6.11810", "2020-04-30": "4.37840", "2020-01-31": "4.24630", "2019-10-31": "5.31820", "2019-07-31": "4.27490", "2019-04-30": "-2.31020", "2019-01-31": "-1.31020", "2018-10-31": "18.78260", "2018-07-31": "19.80600", "2018-04-30": "22.10940", "2018-01-31": "22.73730", "2017-10-31": "19.78970", "2017-07-31": "21.91580", "2017-04-30": "22.52660", "2017-01-31": "24.43320", "2016-10-31": "25.18300", "2016-07-31": "5.40990", "2016-04-30": "3.86910", "2016-01-31": "3.61980", "2015-10-31": "", "2015-07-31": "", "2015-04-30": "", "2015-01-31": "", "2014-01-31": ""}, "Operating Cash Flow Per Share": {"2020-10-31": 3.84, "2020-07-31": 4.3868, "2020-04-30": "-1.05430", "2020-01-31": 4.6608, "2019-10-31": 2.4351, "2019-07-31": 4.3675, "2019-04-30": "0.90810", "2019-01-31": 2.9134, "2018-10-31": 1.0875, "2018-07-31": 3.4393, "2018-04-30": "1.51110", "2018-01-31": 4.0183, "2017-10-31": 2.1314, "2017-07-31": 2.3686, "2017-04-30": "0.36870", "2017-01-31": 1.2632, "2016-10-31": -2.2993, "2016-07-31": 4.6371, "2016-04-30": "-0.15560", "2016-01-31": 2.3976, "2015-10-31": 1.1333, "2015-07-31": 4.0173, "2015-04-30": "-2.20990", "2015-01-31": 0, "2014-01-31": 0}, "Free Cash Flow Per Share": {"2020-10-31": 3.2363, "2020-07-31": 3.6764, "2020-04-30": "-1.79470", "2020-01-31": 3.7175, "2019-10-31": 1.6208, "2019-07-31": 3.6338, "2019-04-30": "-0.04530", "2019-01-31": 2.4437, "2018-10-31": 0.5483, "2018-07-31": 2.953, "2018-04-30": "0.99870", "2018-01-31": 3.3711, "2017-10-31": 1.6086, "2017-07-31": 1.7162, "2017-04-30": "-0.06340", "2017-01-31": 0.6442, "2016-10-31": -2.4307, "2016-07-31": 4.3209, "2016-04-30": "-0.37280", "2016-01-31": 2.0469, "2015-10-31": 0.8691, "2015-07-31": 3.9408, "2015-04-30": "-2.49140", "2015-01-31": 0, "2014-01-31": 0}}, "revenue": {"Dell Annual Revenue (Millions of US $)": {"2020": "$92,154", "2019": "$90,621", "2018": "$79,040", "2017": "$62,164", "2016": "$50,911", "2015": "$54,142", "2014": "$14,075"}, "Dell Quarterly Revenue (Millions of US $)": {"2020-10-31": "$23,482", "2020-07-31": "$22,733", "2020-04-30": "$21,897", "2020-01-31": "$24,032", "2019-10-31": "$22,844", "2019-07-31": "$23,370", "2019-04-30": "$21,908", "2019-01-31": "$23,841", "2018-10-31": "$22,482", "2018-07-31": "$22,942", "2018-04-30": "$21,356", "2018-01-31": "$21,963", "2017-10-31": "$19,556", "2017-07-31": "$19,521", "2017-04-30": "$18,000", "2017-01-31": "$20,596", "2016-10-31": "$16,247", "2016-07-31": "$13,080", "2016-04-30": "$12,241", "2016-01-31": "$12,679", "2015-10-31": "$12,674", "2015-07-31": "$12,975", "2015-04-30": "$12,838", "2015-01-31": "", "2014-01-31": ""}}, "gross-profit": {"Dell Annual Gross Profit (Millions of US $)": {"2020": "$28,933", "2019": "$25,053", "2018": "$20,537", "2017": "$13,649", "2016": "$8,387", "2015": "$8,896", "2014": "$1,393"}, "Dell Quarterly Gross Profit (Millions of US $)": {"2020-10-31": "$7,261", "2020-07-31": "$7,156", "2020-04-30": "$6,853", "2020-01-31": "$7,684", "2019-10-31": "$7,126", "2019-07-31": "$7,326", "2019-04-30": "$6,797", "2019-01-31": "$7,109", "2018-10-31": "$5,943", "2018-07-31": "$6,123", "2018-04-30": "$5,878", "2018-01-31": "$5,892", "2017-10-31": "$5,220", "2017-07-31": "$4,968", "2017-04-30": "$4,457", "2017-01-31": "$5,221", "2016-10-31": "$3,899", "2016-07-31": "$2,336", "2016-04-30": "$2,193", "2016-01-31": "$2,302", "2015-10-31": "$2,132", "2015-07-31": "$2,079", "2015-04-30": "$2,129", "2015-01-31": "", "2014-01-31": ""}}, "operating-income": {"Dell Annual Operating Income (Millions of US $)": {"2020": "$2,622", "2019": "$-191", "2018": "$-2,416", "2017": "$-2,390", "2016": "$-514", "2015": "$-316", "2014": "$-1,798"}, "Dell Quarterly Operating Income (Millions of US $)": {"2020-10-31": "$1,129", "2020-07-31": "$1,136", "2020-04-30": "$702", "2020-01-31": "$717", "2019-10-31": "$836", "2019-07-31": "$519", "2019-04-30": "$550", "2019-01-31": "$331", "2018-10-31": "$-356", "2018-07-31": "$-13", "2018-04-30": "$-153", "2018-01-31": "$-69", "2017-10-31": "$-410", "2017-07-31": "$-665", "2017-04-30": "$-1,272", "2017-01-31": "$-806", "2016-10-31": "$-1,512", "2016-07-31": "$67", "2016-04-30": "$-139", "2016-01-31": "$-7", "2015-10-31": "$-78", "2015-07-31": "$-103", "2015-04-30": "$-335", "2015-01-31": "", "2014-01-31": ""}}, "ebitda": {"Dell Annual EBITDA (Millions of US $)": {"2020": "$8,765", "2019": "$7,555", "2018": "$6,218", "2017": "$2,816", "2016": "$2,417", "2015": "$2,714", "2014": "$-1,036"}, "Dell Quarterly EBITDA (Millions of US $)": {"2020-10-31": "$2,490", "2020-07-31": "$2,476", "2020-04-30": "$2,018", "2020-01-31": "$2,252", "2019-10-31": "$2,330", "2019-07-31": "$2,017", "2019-04-30": "$2,166", "2019-01-31": "$2,271", "2018-10-31": "$1,605", "2018-07-31": "$1,882", "2018-04-30": "$1,797", "2018-01-31": "$1,934", "2017-10-31": "$1,777", "2017-07-31": "$1,521", "2017-04-30": "$986", "2017-01-31": "$1,362", "2016-10-31": "$181", "2016-07-31": "$708", "2016-04-30": "$565", "2016-01-31": "$709", "2015-10-31": "$641", "2015-07-31": "$616", "2015-04-30": "$383", "2015-01-31": "", "2014-01-31": ""}}, "net-income": {"Dell Annual Net Income (Millions of US $)": {"2020": "$4,616", "2019": "$-2,310", "2018": "$-2,849", "2017": "$-1,167", "2016": "$-1,104", "2015": "$-1,221", "2014": "$-1,612"}, "Dell Quarterly Net Income (Millions of US $)": {"2020-10-31": "$832", "2020-07-31": "$1,048", "2020-04-30": "$143", "2020-01-31": "$408", "2019-10-31": "$499", "2019-07-31": "$3,416", "2019-04-30": "$293", "2019-01-31": "$-299", "2018-10-31": "$-876", "2018-07-31": "$-499", "2018-04-30": "$-636", "2018-01-31": "$-100", "2017-10-31": "$-846", "2017-07-31": "$-732", "2017-04-30": "$-1,171", "2017-01-31": "$269", "2016-10-31": "$-2,064", "2016-07-31": "$573", "2016-04-30": "$55", "2016-01-31": "$-155", "2015-10-31": "$-180", "2015-07-31": "$-265", "2015-04-30": "$-504", "2015-01-31": "", "2014-01-31": ""}}, "eps-earnings-per-share-diluted": {"Dell Annual EPS": {"2020": "$6.03", "2019": "$-2.96", "2018": "$-3.70", "2017": "$-1.76", "2016": "$-2.72", "2015": "$-3.02", "2014": "$-4.06"}, "Dell Quarterly EPS": {"2020-10-31": "$1.08", "2020-07-31": "$1.37", "2020-04-30": "$0.19", "2020-01-31": "$0.52", "2019-10-31": "$0.66", "2019-07-31": "$4.47", "2019-04-30": "$0.38", "2019-01-31": "$-0.34", "2018-10-31": "$-1.14", "2018-07-31": "$-0.65", "2018-04-30": "$-0.83", "2018-01-31": "$-0.14", "2017-10-31": "$-1.10", "2017-07-31": "$-0.95", "2017-04-30": "$-1.51", "2017-01-31": "$-0.44", "2016-10-31": "$-2.87", "2016-07-31": "$1.41", "2016-04-30": "$0.14", "2016-01-31": "$-0.38", "2015-10-31": "$-0.44", "2015-07-31": "$-0.65", "2015-04-30": "$-1.24", "2015-01-31": "$0.00", "2014-01-31": "$0.00"}}, "shares-outstanding": {"Dell Annual Shares Outstanding (Millions of Shares)": {"2020": "751", "2019": "781", "2018": "770", "2017": "687", "2016": "405", "2015": "404", "2014": "397"}, "Dell Quarterly Shares Outstanding (Millions of Shares)": {"2020-10-31": "771", "2020-07-31": "761", "2020-04-30": "755", "2020-01-31": "751", "2019-10-31": "750", "2019-07-31": "751", "2019-04-30": "751", "2019-01-31": "781", "2018-10-31": "766", "2018-07-31": "766", "2018-04-30": "767", "2018-01-31": "770", "2017-10-31": "769", "2017-07-31": "769", "2017-04-30": "773", "2017-01-31": "687", "2016-10-31": "719", "2016-07-31": "405", "2016-04-30": "405", "2016-01-31": "405", "2015-10-31": "405", "2015-07-31": "405", "2015-04-30": "405", "2015-01-31": "", "2014-01-31": ""}}, "total-assets": {"Dell Annual Total Assets (Millions of US $)": {"2020": "$118,861", "2019": "$111,820", "2018": "$124,193", "2017": "$118,206", "2016": "$45,122", "2015": "$48,192", "2014": "$0"}, "Dell Quarterly Total Assets (Millions of US $)": {"2020-10-31": "$118,948", "2020-07-31": "$121,276", "2020-04-30": "$120,236", "2020-01-31": "$118,861", "2019-10-31": "$116,814", "2019-07-31": "$115,520", "2019-04-30": "$109,892", "2019-01-31": "$111,820", "2018-10-31": "$121,241", "2018-07-31": "$123,381", "2018-04-30": "$123,217", "2018-01-31": "$124,193", "2017-10-31": "$118,394", "2017-07-31": "$117,494", "2017-04-30": "$116,040", "2017-01-31": "$118,206", "2016-10-31": "$125,632", "2016-07-31": "$68,916", "2016-04-30": "$43,879", "2016-01-31": "$45,122", "2015-10-31": "$0", "2015-07-31": "$0", "2015-04-30": "$0", "2015-01-31": "$48,192", "2014-01-31": "$0"}}, "cash-on-hand": {"Dell Annual Cash on Hand (Millions of US $)": {"2020": "$9,302", "2019": "$9,676", "2018": "$16,129", "2017": "$11,449", "2016": "$6,322", "2015": "$5,398", "2014": "$"}, "Dell Quarterly Cash on Hand (Millions of US $)": {"2020-10-31": "$11,304", "2020-07-31": "$11,221", "2020-04-30": "$12,229", "2020-01-31": "$9,302", "2019-10-31": "$8,555", "2019-07-31": "$9,193", "2019-04-30": "$9,040", "2019-01-31": "$9,676", "2018-10-31": "$17,474", "2018-07-31": "$17,816", "2018-04-30": "$17,726", "2018-01-31": "$16,129", "2017-10-31": "$13,714", "2017-07-31": "$11,228", "2017-04-30": "$11,174", "2017-01-31": "$11,449", "2016-10-31": "$10,679", "2016-07-31": "$7,226", "2016-04-30": "$6,139", "2016-01-31": "$6,322", "2015-10-31": "", "2015-07-31": "", "2015-04-30": "", "2015-01-31": "$5,398", "2014-01-31": ""}}, "long-term-debt": {"Dell Annual Long Term Debt (Millions of US $)": {"2020": "$44,319", "2019": "$49,201", "2018": "$43,998", "2017": "$43,061", "2016": "$10,650", "2015": "$11,234", "2014": "$"}, "Dell Quarterly Long Term Debt (Millions of US $)": {"2020-10-31": "$43,325", "2020-07-31": "$43,608", "2020-04-30": "$48,353", "2020-01-31": "$44,319", "2019-10-31": "$44,727", "2019-07-31": "$45,973", "2019-04-30": "$48,640", "2019-01-31": "$49,201", "2018-10-31": "$40,507", "2018-07-31": "$40,414", "2018-04-30": "$44,770", "2018-01-31": "$43,998", "2017-10-31": "$45,416", "2017-07-31": "$41,374", "2017-04-30": "$44,948", "2017-01-31": "$43,061", "2016-10-31": "$47,284", "2016-07-31": "$33,836", "2016-04-30": "$10,679", "2016-01-31": "$10,650", "2015-10-31": "", "2015-07-31": "", "2015-04-30": "", "2015-01-31": "$11,234", "2014-01-31": ""}}, "total-liabilities": {"Dell Annual Total Liabilities (Millions of US $)": {"2020": "$115,706", "2019": "$112,762", "2018": "$106,708", "2017": "$99,197", "2016": "$43,656", "2015": "$45,288", "2014": "$0"}, "Dell Quarterly Total Liabilities (Millions of US $)": {"2020-10-31": "$113,009", "2020-07-31": "$116,718", "2020-04-30": "$116,996", "2020-01-31": "$115,706", "2019-10-31": "$112,937", "2019-07-31": "$112,425", "2019-04-30": "$111,553", "2019-01-31": "$112,762", "2018-10-31": "$106,816", "2018-07-31": "$108,170", "2018-04-30": "$106,237", "2018-01-31": "$106,708", "2017-10-31": "$103,168", "2017-07-31": "$100,558", "2017-04-30": "$98,650", "2017-01-31": "$99,197", "2016-10-31": "$105,813", "2016-07-31": "$66,725", "2016-04-30": "$42,312", "2016-01-31": "$43,656", "2015-10-31": "$0", "2015-07-31": "$0", "2015-04-30": "$0", "2015-01-31": "$45,288", "2014-01-31": "$0"}}, "total-share-holder-equity": {"Dell Annual Share Holder Equity (Millions of US $)": {"2020": "$3,155", "2019": "$-942", "2018": "$17,485", "2017": "$19,009", "2016": "$1,466", "2015": "$2,904", "2014": "$0"}, "Dell Quarterly Share Holder Equity (Millions of US $)": {"2020-10-31": "$5,939", "2020-07-31": "$4,558", "2020-04-30": "$3,240", "2020-01-31": "$3,155", "2019-10-31": "$3,877", "2019-07-31": "$3,095", "2019-04-30": "$-1,661", "2019-01-31": "$-942", "2018-10-31": "$14,425", "2018-07-31": "$15,211", "2018-04-30": "$16,980", "2018-01-31": "$17,485", "2017-10-31": "$15,226", "2017-07-31": "$16,936", "2017-04-30": "$17,390", "2017-01-31": "$19,009", "2016-10-31": "$19,819", "2016-07-31": "$2,191", "2016-04-30": "$1,567", "2016-01-31": "$1,466", "2015-10-31": "$0", "2015-07-31": "$0", "2015-04-30": "$0", "2015-01-31": "$2,904", "2014-01-31": "$0"}}, "profit-margins": {"current": "2.63%"}, "gross margin": {"2020-10-31": "31.42%", "2020-07-31": "31.49%", "2020-04-30": "31.46%", "2020-01-31": "31.40%", "2019-10-31": "30.84%", "2019-07-31": "29.67%", "2019-04-30": "28.49%", "2019-01-31": "27.65%", "2018-10-31": "26.86%", "2018-07-31": "26.93%", "2018-04-30": "26.65%", "2018-01-31": "25.98%", "2017-10-31": "25.58%", "2017-07-31": "24.94%", "2017-04-30": "23.43%", "2017-01-31": "21.96%", "2016-10-31": "19.78%", "2016-07-31": "17.69%", "2016-04-30": "17.22%", "2016-01-31": "16.89%"}, "operating margin": {"2020-10-31": "4.00%", "2020-07-31": "3.71%", "2020-04-30": "3.01%", "2020-01-31": "2.85%", "2019-10-31": "2.43%", "2019-07-31": "1.14%", "2019-04-30": "0.56%", "2019-01-31": "-0.21%", "2018-10-31": "-0.67%", "2018-07-31": "-0.75%", "2018-04-30": "-1.57%", "2018-01-31": "-3.06%", "2017-10-31": "-4.06%", "2017-07-31": "-5.72%", "2017-04-30": "-5.19%", "2017-01-31": "-3.84%", "2016-10-31": "-2.93%", "2016-07-31": "-0.31%", "2016-04-30": "-0.65%", "2016-01-31": "-1.02%"}, "ebitda margin": {"2020-10-31": "10.02%", "2020-07-31": "9.92%", "2020-04-30": "9.35%", "2020-01-31": "9.51%", "2019-10-31": "9.55%", "2019-07-31": "8.80%", "2019-04-30": "8.69%", "2019-01-31": "8.34%", "2018-10-31": "8.13%", "2018-07-31": "8.61%", "2018-04-30": "8.53%", "2018-01-31": "7.87%", "2017-10-31": "7.27%", "2017-07-31": "5.45%", "2017-04-30": "4.77%", "2017-01-31": "4.53%", "2016-10-31": "3.99%", "2016-07-31": "5.18%", "2016-04-30": "5.01%", "2016-01-31": "4.59%"}, "pre tax profit margin": {"2020-10-31": "2.31%", "2020-07-31": "0.97%", "2020-04-30": "0.30%", "2020-01-31": "0.00%", "2019-10-31": "-0.40%", "2019-07-31": "-1.66%", "2019-04-30": "-2.06%", "2019-01-31": "-2.61%", "2018-10-31": "-3.05%", "2018-07-31": "-3.27%", "2018-04-30": "-4.31%", "2018-01-31": "-6.03%", "2017-10-31": "-7.33%", "2017-07-31": "-9.29%", "2017-04-30": "-8.80%", "2017-01-31": "-7.23%", "2016-10-31": "-5.74%", "2016-07-31": "-2.15%", "2016-04-30": "-2.23%", "2016-01-31": "-2.51%"}, "net profit margin": {"2020-10-31": "2.64%", "2020-07-31": "2.29%", "2020-04-30": "4.85%", "2020-01-31": "5.01%", "2019-10-31": "4.25%", "2019-07-31": "2.77%", "2019-04-30": "-1.51%", "2019-01-31": "-2.55%", "2018-10-31": "-2.38%", "2018-07-31": "-2.42%", "2018-04-30": "-2.81%", "2018-01-31": "-3.60%", "2017-10-31": "-3.19%", "2017-07-31": "-4.97%", "2017-04-30": "-3.52%", "2017-01-31": "-1.88%", "2016-10-31": "-2.93%", "2016-07-31": "0.58%", "2016-04-30": "-1.08%", "2016-01-31": "-2.16%"}, "pe ratio": {"current": "11.57", "2021-02-05": "25.03", "2020-10-31": "18.95", "2020-07-31": "21.68", "2020-04-30": "6.86", "2020-01-31": "7.60", "2019-10-31": "10.54", "2019-07-31": "22.91", "2019-04-30": "0.00", "2019-01-31": "0.00", "2018-10-31": "0.00", "2018-07-31": "0.00", "2018-04-30": "0.00", "2018-01-31": "0.00", "2017-10-31": "0.00", "2017-07-31": "0.00"}, "price sales": {"2021-02-05": "0.66", "2020-10-31": "0.50", "2020-07-31": "0.49", "2020-04-30": "0.35", "2020-01-31": "0.40", "2019-10-31": "0.44", "2019-07-31": "0.48", "2019-04-30": "0.57", "2019-01-31": "0.41", "2018-10-31": "0.78", "2018-07-31": "0.83", "2018-04-30": "0.67", "2018-01-31": "0.70", "2017-10-31": "0.80", "2017-07-31": "0.63"}, "price book": {"current": "10.05", "2021-02-05": "10.04", "2020-10-31": "7.60", "2020-07-31": "9.78", "2020-04-30": "9.75", "2020-01-31": "11.49", "2019-10-31": "9.95", "2019-07-31": "13.51", "2019-04-30": "-29.18", "2019-01-31": "-37.09", "2018-10-31": "4.81", "2018-07-31": "4.67", "2018-04-30": "3.25", "2018-01-31": "3.15", "2017-10-31": "4.18", "2017-07-31": "2.93", "2017-04-30": "2.98", "2017-01-31": "2.58", "2016-10-31": "1.95"}, "price fcf": {"2021-02-05": "", "2020-10-31": "$8.84", "2020-07-31": "$7.22", "2020-04-30": "$7.18", "2020-01-31": "$8.93", "2019-10-31": "$7.65", "2019-07-31": "$6.58", "2019-04-30": "$5.90", "2019-01-31": "$6.94", "2018-10-31": "$7.87", "2018-07-31": "$8.93", "2018-04-30": "$7.69", "2018-01-31": "$6.63", "2017-10-31": "$3.91", "2017-07-31": "$3.81"}, "net worth": {"value": "$59.69B"}, "current ratio": {"current": "0.77", "2020-10-31": "0.77", "2020-07-31": "0.76", "2020-04-30": "0.82", "2020-01-31": "0.70", "2019-10-31": "0.71", "2019-07-31": "0.75", "2019-04-30": "0.77", "2019-01-31": "0.80", "2018-10-31": "0.90", "2018-07-31": "0.88", "2018-04-30": "0.94", "2018-01-31": "0.88", "2017-10-31": "0.85", "2017-07-31": "0.76", "2017-04-30": "0.83", "2017-01-31": "0.81", "2016-10-31": "0.88", "2016-07-31": "0.94", "2016-04-30": "0.87", "2016-01-31": "0.93", "2015-10-31": "0.00", "2015-07-31": "0.00", "2015-04-30": "0.00", "2015-01-31": "0.83", "2014-01-31": "0.00"}, "quick ratio": {"2020-10-31": "0.70", "2020-07-31": "0.69", "2020-04-30": "0.75", "2020-01-31": "0.64", "2019-10-31": "0.64", "2019-07-31": "0.68", "2019-04-30": "0.70", "2019-01-31": "0.72", "2018-10-31": "0.82", "2018-07-31": "0.80", "2018-04-30": "0.87", "2018-01-31": "0.82", "2017-10-31": "0.78", "2017-07-31": "0.70", "2017-04-30": "0.76", "2017-01-31": "0.74", "2016-10-31": "0.80", "2016-07-31": "0.88", "2016-04-30": "0.80", "2016-01-31": "0.87", "2015-10-31": "0.00", "2015-07-31": "0.00", "2015-04-30": "0.00", "2015-01-31": "0.76", "2014-01-31": "0.00"}, "debt equity ratio": {"current": "7.29", "2020-10-31": "19.03", "2020-07-31": "25.61", "2020-04-30": "36.11", "2020-01-31": "36.67", "2019-10-31": "29.13", "2019-07-31": "36.33", "2019-04-30": "-67.16", "2019-01-31": "-119.71", "2018-10-31": "7.41", "2018-07-31": "7.11", "2018-04-30": "6.26", "2018-01-31": "6.10", "2017-10-31": "6.78", "2017-07-31": "5.94", "2017-04-30": "5.67", "2017-01-31": "5.22", "2016-10-31": "5.34", "2016-07-31": "30.45", "2016-04-30": "27.00", "2016-01-31": "29.78", "2015-10-31": "0.00", "2015-07-31": "0.00", "2015-04-30": "0.00", "2015-01-31": "15.60", "2014-01-31": "0.00"}, "return on equity": {"2020-10-31": "57.57%", "2020-07-31": "56.59%", "2020-04-30": "133.64%", "2020-01-31": "218.10%", "2019-10-31": "357.89%", "2019-07-31": "67.95%", "2019-04-30": "-20.43%", "2019-01-31": "-20.23%", "2018-10-31": "-13.17%", "2018-07-31": "-12.83%", "2018-04-30": "-13.89%", "2018-01-31": "-17.00%", "2017-10-31": "-14.47%", "2017-07-31": "-20.22%", "2017-04-30": "-16.39%", "2017-01-31": "-10.96%", "2016-10-31": "-25.41%", "2016-07-31": "22.43%", "2016-04-30": "-71.88%", "2016-01-31": "-301.23%"}, "return on assets": {"2020-10-31": "2.03%", "2020-07-31": "1.76%", "2020-04-30": "3.79%", "2020-01-31": "4.00%", "2019-10-31": "3.44%", "2019-07-31": "2.21%", "2019-04-30": "-1.18%", "2019-01-31": "-1.93%", "2018-10-31": "-1.72%", "2018-07-31": "-1.70%", "2018-04-30": "-1.92%", "2018-01-31": "-2.39%", "2017-10-31": "-2.11%", "2017-07-31": "-3.10%", "2017-04-30": "-2.23%", "2017-01-31": "-1.31%", "2016-10-31": "-2.24%", "2016-07-31": "0.74%", "2016-04-30": "-2.45%", "2016-01-31": "-9.79%"}, "return on investments": {"2020-10-31": "7.50%", "2020-07-31": "6.93%", "2020-04-30": "5.64%", "2020-01-31": "5.46%", "2019-10-31": "4.64%", "2019-07-31": "2.10%", "2019-04-30": "1.00%", "2019-01-31": "-0.35%", "2018-10-31": "-1.01%", "2018-07-31": "-1.08%", "2018-04-30": "-2.14%", "2018-01-31": "-3.98%", "2017-10-31": "-5.18%", "2017-07-31": "-6.81%", "2017-04-30": "-6.19%", "2017-01-31": "-5.39%", "2016-10-31": "-4.99%", "2016-07-31": "-1.04%", "2016-04-30": "-5.37%", "2016-01-31": "-17.27%"}, "return on tangible equity": {"2020-10-31": "-4.57%", "2020-07-31": "-3.82%", "2020-04-30": "-7.97%", "2020-01-31": "-7.93%", "2019-10-31": "-6.53%", "2019-07-31": "-4.38%", "2019-04-30": "2.46%", "2019-01-31": "4.37%", "2018-10-31": "4.25%", "2018-07-31": "4.09%", "2018-04-30": "4.45%", "2018-01-31": "5.34%", "2017-10-31": "4.56%", "2017-07-31": "6.74%", "2017-04-30": "5.34%", "2017-01-31": "3.30%", "2016-10-31": "6.25%", "2016-07-31": "-2.54%", "2016-04-30": "6.73%", "2016-01-31": "28.46%"}, "dividend yield history": {"last payout": "$0.00", "last yield": "0.00%"}}