{"ticker": "XRAY", "price": {"title": "DENTSPLY SIRONA Historical Annual Stock Price Data", "value": 55.24, "historical": {"2021": {"Average Stock Price": "56.7879", "Year Open": "53.7500", "Year High": "59.9500", "Year Low": "53.4900", "Year Close": "55.2400", "Annual % Change": "5.50%"}, "2020": {"Average Stock Price": "46.6785", "Year Open": "56.9300", "Year High": "60.7100", "Year Low": "31.9000", "Year Close": "52.3600", "Annual % Change": "-7.47%"}, "2019": {"Average Stock Price": "51.8933", "Year Open": "37.8900", "Year High": "58.8800", "Year Low": "37.8900", "Year Close": "56.5900", "Annual % Change": "52.08%"}, "2018": {"Average Stock Price": "45.8728", "Year Open": "67.1400", "Year High": "68.3000", "Year Low": "34.3200", "Year Close": "37.2100", "Annual % Change": "-43.48%"}, "2017": {"Average Stock Price": "61.6084", "Year Open": "58.6200", "Year High": "68.5800", "Year Low": "52.7900", "Year Close": "65.8300", "Annual % Change": "14.03%"}, "2016": {"Average Stock Price": "60.2719", "Year Open": "58.8600", "Year High": "65.1400", "Year Low": "54.7300", "Year Close": "57.7300", "Annual % Change": "-5.13%"}, "2015": {"Average Stock Price": "54.0571", "Year Open": "51.9300", "Year High": "63.0800", "Year Low": "49.9900", "Year Close": "60.8500", "Annual % Change": "14.23%"}, "2014": {"Average Stock Price": "47.7050", "Year Open": "47.9600", "Year High": "56.0250", "Year Low": "44.3400", "Year Close": "53.2700", "Annual % Change": "9.88%"}, "2013": {"Average Stock Price": "43.2465", "Year Open": "40.5200", "Year High": "48.8600", "Year Low": "39.5900", "Year Close": "48.4800", "Annual % Change": "22.39%"}, "2012": {"Average Stock Price": "38.1448", "Year Open": "35.3800", "Year High": "41.3300", "Year Low": "35.0200", "Year Close": "39.6100", "Annual % Change": "13.20%"}, "2011": {"Average Stock Price": "35.8614", "Year Open": "35.1000", "Year High": "40.0900", "Year Low": "29.0900", "Year Close": "34.9900", "Annual % Change": "2.40%"}, "2010": {"Average Stock Price": "32.5685", "Year Open": "35.3300", "Year High": "37.9600", "Year Low": "27.7800", "Year Close": "34.1700", "Annual % Change": "-2.84%"}, "2009": {"Average Stock Price": "30.3924", "Year Open": "29.1100", "Year High": "36.5700", "Year Low": "21.8800", "Year Close": "35.1700", "Annual % Change": "24.54%"}, "2008": {"Average Stock Price": "36.9018", "Year Open": "43.7200", "Year High": "46.6500", "Year Low": "23.7000", "Year Close": "28.2400", "Annual % Change": "-37.27%"}, "2007": {"Average Stock Price": "37.2812", "Year Open": "29.9900", "Year High": "46.1900", "Year Low": "29.7900", "Year Close": "45.0200", "Annual % Change": "50.82%"}, "2006": {"Average Stock Price": "30.0849", "Year Open": "27.0150", "Year High": "33.1700", "Year Low": "26.2900", "Year Close": "29.8500", "Annual % Change": "11.19%"}, "2005": {"Average Stock Price": "27.3760", "Year Open": "27.8200", "Year High": "28.9850", "Year Low": "25.5500", "Year Close": "26.8450", "Annual % Change": "-4.47%"}, "2004": {"Average Stock Price": "24.5536", "Year Open": "22.3350", "Year High": "28.2400", "Year Low": "20.9850", "Year Close": "28.1000", "Annual % Change": "24.42%"}, "2003": {"Average Stock Price": "20.0455", "Year Open": "18.7400", "Year High": "23.5950", "Year Low": "16.3500", "Year Close": "22.5850", "Annual % Change": "21.42%"}, "2002": {"Average Stock Price": "18.5552", "Year Open": "16.6633", "Year High": "21.4450", "Year Low": "15.6350", "Year Close": "18.6000", "Annual % Change": "11.16%"}, "2001": {"Average Stock Price": "14.0031", "Year Open": "13.0000", "Year High": "16.9167", "Year Low": "11.2700", "Year Close": "16.7333", "Annual % Change": "28.29%"}, "2000": {"Average Stock Price": "10.4577", "Year Open": "7.8333", "Year High": "14.2100", "Year Low": "7.7700", "Year Close": "13.0433", "Annual % Change": "65.59%"}, "1999": {"Average Stock Price": "8.3207", "Year Open": "8.5433", "Year High": "9.6667", "Year Low": "7.0633", "Year Close": "7.8767", "Annual % Change": "-8.23%"}, "1998": {"Average Stock Price": "9.1282", "Year Open": "9.9167", "Year High": "11.6667", "Year Low": "6.8333", "Year Close": "8.5833", "Annual % Change": "-15.57%"}, "1997": {"Average Stock Price": "8.8225", "Year Open": "7.9167", "Year High": "10.5433", "Year Low": "7.7083", "Year Close": "10.1667", "Annual % Change": "28.42%"}, "1996": {"Average Stock Price": "6.9859", "Year Open": "6.5833", "Year High": "8.1250", "Year Low": "6.2500", "Year Close": "7.9167", "Annual % Change": "18.75%"}, "1995": {"Average Stock Price": "5.9194", "Year Open": "5.2917", "Year High": "6.6667", "Year Low": "5.2917", "Year Close": "6.6667", "Annual % Change": "26.98%"}, "1994": {"Average Stock Price": "6.0969", "Year Open": "7.2917", "Year High": "7.7500", "Year Low": "4.7500", "Year Close": "5.2500", "Annual % Change": "-28.41%"}, "1993": {"Average Stock Price": "6.6060", "Year Open": "8.2500", "Year High": "8.6250", "Year Low": "5.2500", "Year Close": "7.3333", "Annual % Change": "-9.74%"}, "1992": {"Average Stock Price": "4.3367", "Year Open": "2.7500", "Year High": "8.1667", "Year Low": "2.7500", "Year Close": "8.1250", "Annual % Change": "197.71%"}}}, "market cap": {"value": "$12.07B"}, "income statement": {"Revenue": {"2019-12-31": "4029.20000", "2018-12-31": "3986.30000", "2017-12-31": "3993.40000", "2016-12-31": "3745.30000", "2015-12-31": "2674.30000", "2014-12-31": "2922.60000", "2013-12-31": "2950.80000", "2012-12-31": "2928.42900", "2011-12-31": "2537.71800", "2010-12-31": "2221.01400", "2009-12-31": "2159.37800", "2008-12-31": "2191.46500", "2007-12-31": "2009.83300", "2006-12-31": "1810.49600", "2005-12-31": "1715.13500"}, "Cost Of Goods Sold": {"2019-12-31": "1864.10000", "2018-12-31": "1918.50000", "2017-12-31": "1804.90000", "2016-12-31": "1744.40000", "2015-12-31": "1157.10000", "2014-12-31": "1322.80000", "2013-12-31": "1373.40000", "2012-12-31": "1372.04200", "2011-12-31": "1264.27800", "2010-12-31": "1090.85600", "2009-12-31": "1053.01500", "2008-12-31": "1043.56500", "2007-12-31": "969.05000", "2006-12-31": "881.48500", "2005-12-31": "846.11700"}, "Gross Profit": {"2019-12-31": "2165.10000", "2018-12-31": "2067.80000", "2017-12-31": "2188.50000", "2016-12-31": "2000.90000", "2015-12-31": "1517.20000", "2014-12-31": "1599.80000", "2013-12-31": "1577.40000", "2012-12-31": "1556.38700", "2011-12-31": "1273.44000", "2010-12-31": "1130.15800", "2009-12-31": "1106.36300", "2008-12-31": "1147.90000", "2007-12-31": "1040.78300", "2006-12-31": "929.01100", "2005-12-31": "869.01800"}, "Research And Development Expenses": {"2019-12-31": "", "2018-12-31": "", "2017-12-31": "", "2016-12-31": "", "2015-12-31": "", "2014-12-31": "", "2013-12-31": "", "2012-12-31": "", "2011-12-31": "", "2010-12-31": "", "2009-12-31": "", "2008-12-31": "", "2007-12-31": "", "2006-12-31": "", "2005-12-31": ""}, "SG&A Expenses": {"2019-12-31": "1723.50000", "2018-12-31": "1719.10000", "2017-12-31": "1674.70000", "2016-12-31": "1523.00000", "2015-12-31": "1077.30000", "2014-12-31": "1143.10000", "2013-12-31": "1144.80000", "2012-12-31": "1148.73100", "2011-12-31": "936.84700", "2010-12-31": "738.90100", "2009-12-31": "718.23000", "2008-12-31": "735.08400", "2007-12-31": "675.36500", "2006-12-31": "606.41000", "2005-12-31": "563.34100"}, "Other Operating Income Or Expenses": {"2019-12-31": "", "2018-12-31": "", "2017-12-31": "", "2016-12-31": "", "2015-12-31": "", "2014-12-31": "", "2013-12-31": "", "2012-12-31": "", "2011-12-31": "", "2010-12-31": "", "2009-12-31": "", "2008-12-31": "", "2007-12-31": "", "2006-12-31": "", "2005-12-31": ""}, "Operating Expenses": {"2019-12-31": "3668.30000", "2018-12-31": "4944.40000", "2017-12-31": "5555.70000", "2016-12-31": "3290.60000", "2015-12-31": "2299.10000", "2014-12-31": "2477.00000", "2013-12-31": "2531.60000", "2012-12-31": "2546.49000", "2011-12-31": "2236.99000", "2010-12-31": "1840.74100", "2009-12-31": "1778.13500", "2008-12-31": "1811.00400", "2007-12-31": "1654.94200", "2006-12-31": "1495.70200", "2005-12-31": "1642.21300"}, "Operating Income": {"2019-12-31": "360.89990", "2018-12-31": "-958.09990", "2017-12-31": "-1562.30000", "2016-12-31": "454.70020", "2015-12-31": "375.20020", "2014-12-31": "445.60010", "2013-12-31": "419.20000", "2012-12-31": "381.93900", "2011-12-31": "300.72800", "2010-12-31": "380.27290", "2009-12-31": "381.24290", "2008-12-31": "380.46120", "2007-12-31": "354.89100", "2006-12-31": "314.79390", "2005-12-31": "72.92200"}, "Total Non-Operating Income/Expense": {"2019-12-31": "-15.50000", "2018-12-31": "-0.30000", "2017-12-31": "-41.20000", "2016-12-31": "-13.80000", "2015-12-31": "-45.50000", "2014-12-31": "-41.20000", "2013-12-31": "-49.90000", "2012-12-31": "-51.26000", "2011-12-31": "-44.61700", "2010-12-31": "-22.61700", "2009-12-31": "-17.88700", "2008-12-31": "-25.58800", "2007-12-31": "3.30100", "2006-12-31": "0.04300", "2005-12-31": "-1.88400"}, "Pre-Tax Income": {"2019-12-31": "345.40000", "2018-12-31": "-958.40000", "2017-12-31": "-1603.50000", "2016-12-31": "440.90000", "2015-12-31": "329.70000", "2014-12-31": "404.40000", "2013-12-31": "369.30000", "2012-12-31": "330.67900", "2011-12-31": "256.11100", "2010-12-31": "357.65600", "2009-12-31": "363.35600", "2008-12-31": "354.87300", "2007-12-31": "358.19200", "2006-12-31": "314.83700", "2005-12-31": "71.03800"}, "Income Taxes": {"2019-12-31": "82.30000", "2018-12-31": "52.50000", "2017-12-31": "-53.20000", "2016-12-31": "9.50000", "2015-12-31": "77.00000", "2014-12-31": "81.10000", "2013-12-31": "52.20000", "2012-12-31": "8.92000", "2011-12-31": "11.01600", "2010-12-31": "89.22500", "2009-12-31": "88.94400", "2008-12-31": "71.60300", "2007-12-31": "98.48100", "2006-12-31": "91.11900", "2005-12-31": "25.62500"}, "Income After Taxes": {"2019-12-31": "263.10000", "2018-12-31": "-1010.90000", "2017-12-31": "-1550.30000", "2016-12-31": "431.40000", "2015-12-31": "252.70000", "2014-12-31": "323.30000", "2013-12-31": "317.10000", "2012-12-31": "321.75900", "2011-12-31": "245.09500", "2010-12-31": "268.43100", "2009-12-31": "274.41200", "2008-12-31": "283.27000", "2007-12-31": "259.71100", "2006-12-31": "223.71800", "2005-12-31": "45.41300"}, "Other Income": {"2019-12-31": "", "2018-12-31": "", "2017-12-31": "", "2016-12-31": "", "2015-12-31": "", "2014-12-31": "", "2013-12-31": "", "2012-12-31": "", "2011-12-31": "", "2010-12-31": "", "2009-12-31": "", "2008-12-31": "", "2007-12-31": "", "2006-12-31": "", "2005-12-31": ""}, "Income From Continuous Operations": {"2019-12-31": "263.10000", "2018-12-31": "-1010.90000", "2017-12-31": "-1550.30000", "2016-12-31": "431.40000", "2015-12-31": "251.10000", "2014-12-31": "322.90000", "2013-12-31": "318.20000", "2012-12-31": "318.48900", "2011-12-31": "247.44600", "2010-12-31": "267.33500", "2009-12-31": "274.41200", "2008-12-31": "283.27000", "2007-12-31": "259.71100", "2006-12-31": "223.71800", "2005-12-31": "45.41300"}, "Income From Discontinued Operations": {"2019-12-31": "", "2018-12-31": "", "2017-12-31": "", "2016-12-31": "", "2015-12-31": "", "2014-12-31": "", "2013-12-31": "", "2012-12-31": "", "2011-12-31": "", "2010-12-31": "", "2009-12-31": "", "2008-12-31": "", "2007-12-31": "", "2006-12-31": "", "2005-12-31": ""}, "Net Income": {"2019-12-31": "262.90000", "2018-12-31": "-1011.00000", "2017-12-31": "-1550.00000", "2016-12-31": "429.90000", "2015-12-31": "251.20000", "2014-12-31": "322.90000", "2013-12-31": "313.20000", "2012-12-31": "314.21300", "2011-12-31": "244.52000", "2010-12-31": "265.70800", "2009-12-31": "274.25800", "2008-12-31": "283.86900", "2007-12-31": "259.65400", "2006-12-31": "223.71800", "2005-12-31": "45.41300"}, "EBITDA": {"2019-12-31": "686.39990", "2018-12-31": "461.20020", "2017-12-31": "407.59970", "2016-12-31": "730.90020", "2015-12-31": "509.40020", "2014-12-31": "579.30010", "2013-12-31": "552.10000", "2012-12-31": "518.18300", "2011-12-31": "393.78600", "2010-12-31": "446.61290", "2009-12-31": "446.41790", "2008-12-31": "437.39020", "2007-12-31": "405.18000", "2006-12-31": "362.22790", "2005-12-31": "123.48200"}, "EBIT": {"2019-12-31": "360.89990", "2018-12-31": "-958.09990", "2017-12-31": "-1562.30000", "2016-12-31": "454.70020", "2015-12-31": "375.20020", "2014-12-31": "445.60010", "2013-12-31": "419.20000", "2012-12-31": "381.93900", "2011-12-31": "300.72800", "2010-12-31": "380.27290", "2009-12-31": "381.24290", "2008-12-31": "380.46120", "2007-12-31": "354.89100", "2006-12-31": "314.79390", "2005-12-31": "72.92200"}, "Basic Shares Outstanding": {"2019-12-31": "223.10000", "2018-12-31": "224.30000", "2017-12-31": "229.40000", "2016-12-31": "218.00000", "2015-12-31": "140.00000", "2014-12-31": "141.70000", "2013-12-31": "142.70000", "2012-12-31": "141.85000", "2011-12-31": "141.38600", "2010-12-31": "143.98000", "2009-12-31": "148.31900", "2008-12-31": "149.06900", "2007-12-31": "151.70700", "2006-12-31": "155.22900", "2005-12-31": "159.19100"}, "Shares Outstanding": {"2019-12-31": "224.40000", "2018-12-31": "224.30000", "2017-12-31": "229.40000", "2016-12-31": "221.60000", "2015-12-31": "142.50000", "2014-12-31": "144.20000", "2013-12-31": "145.00000", "2012-12-31": "143.94500", "2011-12-31": "143.55300", "2010-12-31": "145.98500", "2009-12-31": "150.10200", "2008-12-31": "151.67900", "2007-12-31": "154.72100", "2006-12-31": "158.27100", "2005-12-31": "162.01700"}, "Basic EPS": {"2019-12-31": "1.18000", "2018-12-31": "-4.51000", "2017-12-31": "-6.76000", "2016-12-31": "1.97000", "2015-12-31": "1.79000", "2014-12-31": "2.28000", "2013-12-31": "2.20000", "2012-12-31": "2.22000", "2011-12-31": "1.73000", "2010-12-31": "1.85000", "2009-12-31": "1.85000", "2008-12-31": "1.90000", "2007-12-31": "1.71000", "2006-12-31": "1.44000", "2005-12-31": "0.29000"}, "EPS - Earnings Per Share": {"2019-12-31": "1.17000", "2018-12-31": "-4.51000", "2017-12-31": "-6.76000", "2016-12-31": "1.94000", "2015-12-31": "1.76000", "2014-12-31": "2.24000", "2013-12-31": "2.16000", "2012-12-31": "2.18000", "2011-12-31": "1.70000", "2010-12-31": "1.82000", "2009-12-31": "1.83000", "2008-12-31": "1.87000", "2007-12-31": "1.68000", "2006-12-31": "1.41000", "2005-12-31": "0.28000"}}, "income statement, quarterly": {"Revenue": {"2020-09-30": "894.80000", "2020-06-30": "490.60000", "2020-03-31": "874.30000", "2019-12-31": "1111.50000", "2019-09-30": "962.10000", "2019-06-30": "1009.40000", "2019-03-31": "946.20000", "2018-12-31": "1059.70000", "2018-09-30": "928.40000", "2018-06-30": "1042.10000", "2018-03-31": "956.10000", "2017-12-31": "1091.00000", "2017-09-30": "1009.20000", "2017-06-30": "992.70000", "2017-03-31": "900.50000", "2016-12-31": "996.50010", "2016-09-30": "954.20000", "2016-06-30": "1022.00000", "2016-03-31": "772.60000", "2015-12-31": "671.10000", "2015-09-30": "648.90000", "2015-06-30": "698.00000", "2015-03-31": "656.30000", "2014-12-31": "719.06120", "2014-09-30": "708.20000", "2014-06-30": "765.22500", "2014-03-31": "730.11400", "2013-12-31": "753.68800", "2013-09-30": "704.01800", "2013-06-30": "761.01000", "2013-03-31": "732.08400", "2012-12-31": "753.28780", "2012-09-30": "695.73400", "2012-06-30": "762.99400", "2012-03-31": "716.41300", "2011-12-31": "738.01300", "2011-09-30": "619.75900", "2011-06-30": "609.44300", "2011-03-31": "570.50300", "2010-12-31": "568.16910", "2010-09-30": "541.81500", "2010-06-30": "565.08600", "2010-03-31": "545.94400", "2009-12-31": "568.39400", "2009-09-30": "531.20300", "2009-06-30": "552.83200", "2009-03-31": "506.94900", "2008-12-31": "505.88310", "2008-09-30": "529.95300", "2008-06-30": "594.84700", "2008-03-31": "560.78200", "2007-12-31": "541.50400", "2007-09-30": "488.10300", "2007-06-30": "507.36200", "2007-03-31": "472.86400", "2006-12-31": "471.33100", "2006-09-30": "435.72500", "2006-06-30": "472.44400", "2006-03-31": "430.99600", "2005-12-31": "447.36200", "2005-09-30": "415.96400", "2005-06-30": "444.83400", "2005-03-31": "406.97500"}, "Cost Of Goods Sold": {"2020-09-30": "452.50000", "2020-06-30": "314.50000", "2020-03-31": "406.50000", "2019-12-31": "500.90000", "2019-09-30": "448.10000", "2019-06-30": "468.60000", "2019-03-31": "446.50000", "2018-12-31": "534.90000", "2018-09-30": "452.30000", "2018-06-30": "489.30000", "2018-03-31": "442.00000", "2017-12-31": "497.70000", "2017-09-30": "450.20000", "2017-06-30": "448.50000", "2017-03-31": "408.50000", "2016-12-31": "455.00010", "2016-09-30": "440.60000", "2016-06-30": "495.10000", "2016-03-31": "353.70000", "2015-12-31": "296.50000", "2015-09-30": "279.40000", "2015-06-30": "298.30000", "2015-03-31": "282.90000", "2014-12-31": "326.03510", "2014-09-30": "320.10000", "2014-06-30": "340.75600", "2014-03-31": "335.90900", "2013-12-31": "355.86110", "2013-09-30": "327.60100", "2013-06-30": "346.05400", "2013-03-31": "343.88400", "2012-12-31": "361.23500", "2012-09-30": "331.61900", "2012-06-30": "355.52500", "2012-03-31": "323.66300", "2011-12-31": "377.05590", "2011-09-30": "322.11100", "2011-06-30": "294.59200", "2011-03-31": "270.51900", "2010-12-31": "280.45800", "2010-09-30": "269.00100", "2010-06-30": "277.49100", "2010-03-31": "263.90600", "2009-12-31": "285.16100", "2009-09-30": "259.47300", "2009-06-30": "267.16400", "2009-03-31": "241.21700", "2008-12-31": "238.89500", "2008-09-30": "249.77000", "2008-06-30": "279.36100", "2008-03-31": "275.53900", "2007-12-31": "268.77300", "2007-09-30": "235.11300", "2007-06-30": "238.57800", "2007-03-31": "226.58600", "2006-12-31": "230.52100", "2006-09-30": "209.81400", "2006-06-30": "230.29000", "2006-03-31": "210.86000", "2005-12-31": "223.57000", "2005-09-30": "206.96200", "2005-06-30": "217.55100", "2005-03-31": "198.03400"}, "Gross Profit": {"2020-09-30": "442.30000", "2020-06-30": "176.10000", "2020-03-31": "467.80000", "2019-12-31": "610.60020", "2019-09-30": "514.00000", "2019-06-30": "540.80000", "2019-03-31": "499.70000", "2018-12-31": "524.80000", "2018-09-30": "476.10000", "2018-06-30": "552.80000", "2018-03-31": "514.10000", "2017-12-31": "593.30000", "2017-09-30": "559.00000", "2017-06-30": "544.20000", "2017-03-31": "492.00000", "2016-12-31": "541.50010", "2016-09-30": "513.60000", "2016-06-30": "526.90000", "2016-03-31": "418.90000", "2015-12-31": "374.60010", "2015-09-30": "369.50000", "2015-06-30": "399.70000", "2015-03-31": "373.40000", "2014-12-31": "393.02610", "2014-09-30": "388.10000", "2014-06-30": "424.46900", "2014-03-31": "394.20500", "2013-12-31": "397.82690", "2013-09-30": "376.41700", "2013-06-30": "414.95600", "2013-03-31": "388.20000", "2012-12-31": "392.05280", "2012-09-30": "364.11500", "2012-06-30": "407.46900", "2012-03-31": "392.75000", "2011-12-31": "360.95710", "2011-09-30": "297.64800", "2011-06-30": "314.85100", "2011-03-31": "299.98400", "2010-12-31": "287.71110", "2010-09-30": "272.81400", "2010-06-30": "287.59500", "2010-03-31": "282.03800", "2009-12-31": "283.23300", "2009-09-30": "271.73000", "2009-06-30": "285.66800", "2009-03-31": "265.73200", "2008-12-31": "266.98810", "2008-09-30": "280.18300", "2008-06-30": "315.48600", "2008-03-31": "285.24300", "2007-12-31": "272.73100", "2007-09-30": "252.99000", "2007-06-30": "268.78400", "2007-03-31": "246.27800", "2006-12-31": "240.81000", "2006-09-30": "225.91100", "2006-06-30": "242.15400", "2006-03-31": "220.13600", "2005-12-31": "223.79200", "2005-09-30": "209.00200", "2005-06-30": "227.28300", "2005-03-31": "208.94100"}, "Research And Development Expenses": {"2020-09-30": "", "2020-06-30": "", "2020-03-31": "", "2019-12-31": "", "2019-09-30": "", "2019-06-30": "", "2019-03-31": "", "2018-12-31": "", "2018-09-30": "", "2018-06-30": "", "2018-03-31": "", "2017-12-31": "", "2017-09-30": "", "2017-06-30": "", "2017-03-31": "", "2016-12-31": "", "2016-09-30": "", "2016-06-30": "", "2016-03-31": "", "2015-12-31": "", "2015-09-30": "", "2015-06-30": "", "2015-03-31": "", "2014-12-31": "", "2014-09-30": "", "2014-06-30": "", "2014-03-31": "", "2013-12-31": "", "2013-09-30": "", "2013-06-30": "", "2013-03-31": "", "2012-12-31": "", "2012-09-30": "", "2012-06-30": "", "2012-03-31": "", "2011-12-31": "", "2011-09-30": "", "2011-06-30": "", "2011-03-31": "", "2010-12-31": "", "2010-09-30": "", "2010-06-30": "", "2010-03-31": "", "2009-12-31": "", "2009-09-30": "", "2009-06-30": "", "2009-03-31": "", "2008-12-31": "", "2008-09-30": "", "2008-06-30": "", "2008-03-31": "", "2007-12-31": "", "2007-09-30": "", "2007-06-30": "", "2007-03-31": "", "2006-12-31": "", "2006-09-30": "", "2006-06-30": "", "2006-03-31": "", "2005-12-31": "", "2005-09-30": "", "2005-06-30": "", "2005-03-31": ""}, "SG&A Expenses": {"2020-09-30": "341.90000", "2020-06-30": "279.10000", "2020-03-31": "393.50000", "2019-12-31": "461.39990", "2019-09-30": "399.30000", "2019-06-30": "430.90000", "2019-03-31": "431.90000", "2018-12-31": "433.20000", "2018-09-30": "418.50000", "2018-06-30": "432.20000", "2018-03-31": "435.20000", "2017-12-31": "421.90000", "2017-09-30": "430.50000", "2017-06-30": "417.60000", "2017-03-31": "404.70000", "2016-12-31": "399.70000", "2016-09-30": "379.10000", "2016-06-30": "402.10000", "2016-03-31": "342.10000", "2015-12-31": "267.70010", "2015-09-30": "264.30000", "2015-06-30": "275.00000", "2015-03-31": "270.30000", "2014-12-31": "283.13700", "2014-09-30": "276.00000", "2014-06-30": "296.12100", "2014-03-31": "287.84200", "2013-12-31": "292.03700", "2013-09-30": "269.16500", "2013-06-30": "289.92100", "2013-03-31": "293.67700", "2012-12-31": "287.99200", "2012-09-30": "260.35200", "2012-06-30": "296.03400", "2012-03-31": "304.35300", "2011-12-31": "293.60300", "2011-09-30": "231.49300", "2011-06-30": "210.98400", "2011-03-31": "200.76700", "2010-12-31": "186.42700", "2010-09-30": "182.05700", "2010-06-30": "182.38300", "2010-03-31": "188.03400", "2009-12-31": "178.84700", "2009-09-30": "177.57900", "2009-06-30": "183.81700", "2009-03-31": "177.98700", "2008-12-31": "169.48600", "2008-09-30": "180.72900", "2008-06-30": "200.86700", "2008-03-31": "184.00200", "2007-12-31": "173.49600", "2007-09-30": "165.70800", "2007-06-30": "172.08400", "2007-03-31": "164.07700", "2006-12-31": "159.53200", "2006-09-30": "148.52100", "2006-06-30": "152.92600", "2006-03-31": "145.43100", "2005-12-31": "144.09300", "2005-09-30": "134.32400", "2005-06-30": "146.37600", "2005-03-31": "138.54800"}, "Other Operating Income Or Expenses": {"2020-09-30": "", "2020-06-30": "", "2020-03-31": "", "2019-12-31": "", "2019-09-30": "", "2019-06-30": "", "2019-03-31": "", "2018-12-31": "", "2018-09-30": "", "2018-06-30": "", "2018-03-31": "", "2017-12-31": "", "2017-09-30": "", "2017-06-30": "", "2017-03-31": "", "2016-12-31": "", "2016-09-30": "", "2016-06-30": "", "2016-03-31": "", "2015-12-31": "", "2015-09-30": "", "2015-06-30": "", "2015-03-31": "", "2014-12-31": "", "2014-09-30": "", "2014-06-30": "", "2014-03-31": "", "2013-12-31": "", "2013-09-30": "", "2013-06-30": "", "2013-03-31": "", "2012-12-31": "", "2012-09-30": "", "2012-06-30": "", "2012-03-31": "", "2011-12-31": "", "2011-09-30": "", "2011-06-30": "", "2011-03-31": "", "2010-12-31": "", "2010-09-30": "", "2010-06-30": "", "2010-03-31": "", "2009-12-31": "", "2009-09-30": "", "2009-06-30": "", "2009-03-31": "", "2008-12-31": "", "2008-09-30": "", "2008-06-30": "", "2008-03-31": "", "2007-12-31": "", "2007-09-30": "", "2007-06-30": "", "2007-03-31": "", "2006-12-31": "", "2006-09-30": "", "2006-06-30": "", "2006-03-31": "", "2005-12-31": "", "2005-09-30": "", "2005-06-30": "", "2005-03-31": ""}, "Operating Expenses": {"2020-09-30": "813.10000", "2020-06-30": "594.90000", "2020-03-31": "999.10000", "2019-12-31": "974.89990", "2019-09-30": "852.60000", "2019-06-30": "941.90000", "2019-03-31": "898.90000", "2018-12-31": "977.90000", "2018-09-30": "882.90000", "2018-06-30": "2196.20000", "2018-03-31": "887.40000", "2017-12-31": "1797.40000", "2017-09-30": "901.30000", "2017-06-30": "2040.70000", "2017-03-31": "816.30000", "2016-12-31": "862.29970", "2016-09-30": "827.60000", "2016-06-30": "900.80000", "2016-03-31": "699.90000", "2015-12-31": "577.99990", "2015-09-30": "550.29990", "2015-06-30": "612.20000", "2015-03-31": "558.60000", "2014-12-31": "615.73700", "2014-09-30": "598.60000", "2014-06-30": "638.11900", "2014-03-31": "624.54400", "2013-12-31": "656.23300", "2013-09-30": "598.99700", "2013-06-30": "638.14400", "2013-03-31": "638.22600", "2012-12-31": "656.08220", "2012-09-30": "607.06790", "2012-06-30": "654.08700", "2012-03-31": "629.25300", "2011-12-31": "672.67500", "2011-09-30": "579.95700", "2011-06-30": "512.43900", "2011-03-31": "471.91900", "2010-12-31": "472.60800", "2010-09-30": "451.39600", "2010-06-30": "460.11700", "2010-03-31": "456.62000", "2009-12-31": "464.99300", "2009-09-30": "438.26200", "2009-06-30": "454.10600", "2009-03-31": "420.77400", "2008-12-31": "420.53480", "2008-09-30": "449.03800", "2008-06-30": "481.68600", "2008-03-31": "459.74500", "2007-12-31": "443.90710", "2007-09-30": "405.51300", "2007-06-30": "413.86900", "2007-03-31": "391.65300", "2006-12-31": "391.67600", "2006-09-30": "357.18600", "2006-06-30": "385.85200", "2006-03-31": "360.98800", "2005-12-31": "469.06700", "2005-09-30": "472.59700", "2005-06-30": "363.69900", "2005-03-31": "336.85000"}, "Operating Income": {"2020-09-30": "81.70000", "2020-06-30": "-104.30000", "2020-03-31": "-124.80000", "2019-12-31": "136.60030", "2019-09-30": "109.49990", "2019-06-30": "67.50000", "2019-03-31": "47.30000", "2018-12-31": "81.79990", "2018-09-30": "45.50010", "2018-06-30": "-1154.10000", "2018-03-31": "68.70000", "2017-12-31": "-706.40040", "2017-09-30": "107.90000", "2017-06-30": "-1048.00000", "2017-03-31": "84.20000", "2016-12-31": "134.20040", "2016-09-30": "126.60000", "2016-06-30": "121.20000", "2016-03-31": "72.70000", "2015-12-31": "93.10020", "2015-09-30": "98.60010", "2015-06-30": "85.80000", "2015-03-31": "97.70000", "2014-12-31": "103.32420", "2014-09-30": "109.60000", "2014-06-30": "127.10600", "2014-03-31": "105.57000", "2013-12-31": "97.45500", "2013-09-30": "105.02100", "2013-06-30": "122.86600", "2013-03-31": "93.85800", "2012-12-31": "97.20560", "2012-09-30": "88.66610", "2012-06-30": "108.90700", "2012-03-31": "87.16000", "2011-12-31": "65.33800", "2011-09-30": "39.80190", "2011-06-30": "97.00400", "2011-03-31": "98.58400", "2010-12-31": "95.56110", "2010-09-30": "90.41900", "2010-06-30": "104.96900", "2010-03-31": "89.32400", "2009-12-31": "103.40100", "2009-09-30": "92.94100", "2009-06-30": "98.72600", "2009-03-31": "86.17500", "2008-12-31": "85.34830", "2008-09-30": "80.91500", "2008-06-30": "113.16100", "2008-03-31": "101.03700", "2007-12-31": "97.59690", "2007-09-30": "82.59000", "2007-06-30": "93.49300", "2007-03-31": "81.21100", "2006-12-31": "79.65500", "2006-09-30": "78.53900", "2006-06-30": "86.59200", "2006-03-31": "70.00800", "2005-12-31": "-21.70500", "2005-09-30": "-56.63300", "2005-06-30": "81.13500", "2005-03-31": "70.12500"}, "Total Non-Operating Income/Expense": {"2020-09-30": "-15.00000", "2020-06-30": "-15.60000", "2020-03-31": "-4.90000", "2019-12-31": "0.90000", "2019-09-30": "-3.00000", "2019-06-30": "-19.90000", "2019-03-31": "6.50000", "2018-12-31": "-4.40000", "2018-09-30": "-13.80000", "2018-06-30": "-8.20000", "2018-03-31": "26.10000", "2017-12-31": "-6.50000", "2017-09-30": "-10.30000", "2017-06-30": "-16.80000", "2017-03-31": "-7.60000", "2016-12-31": "-1.60000", "2016-09-30": "-9.50000", "2016-06-30": "2.60000", "2016-03-31": "-5.30000", "2015-12-31": "-20.80000", "2015-09-30": "-5.40000", "2015-06-30": "-8.80000", "2015-03-31": "-10.50000", "2014-12-31": "-8.56300", "2014-09-30": "-12.10000", "2014-06-30": "-10.62900", "2014-03-31": "-9.90800", "2013-12-31": "-9.56400", "2013-09-30": "-10.88500", "2013-06-30": "-13.48700", "2013-03-31": "-15.96400", "2012-12-31": "-11.08500", "2012-09-30": "-12.88500", "2012-06-30": "-13.32100", "2012-03-31": "-13.96900", "2011-12-31": "-14.63200", "2011-09-30": "-20.82600", "2011-06-30": "-4.57400", "2011-03-31": "-4.58500", "2010-12-31": "-4.84200", "2010-09-30": "-5.31600", "2010-06-30": "-6.58100", "2010-03-31": "-5.87800", "2009-12-31": "-3.97800", "2009-09-30": "-5.08900", "2009-06-30": "-3.70600", "2009-03-31": "-5.11400", "2008-12-31": "-10.61400", "2008-09-30": "-5.64500", "2008-06-30": "-3.16500", "2008-03-31": "-6.16400", "2007-12-31": "-0.34200", "2007-09-30": "-0.74500", "2007-06-30": "2.13300", "2007-03-31": "2.25500", "2006-12-31": "-0.57800", "2006-09-30": "-0.05400", "2006-06-30": "-0.52600", "2006-03-31": "1.20100", "2005-12-31": "1.43600", "2005-09-30": "-2.86300", "2005-06-30": "-0.68200", "2005-03-31": "0.22500"}, "Pre-Tax Income": {"2020-09-30": "66.70000", "2020-06-30": "-119.90000", "2020-03-31": "-129.70000", "2019-12-31": "137.50000", "2019-09-30": "106.50000", "2019-06-30": "47.60000", "2019-03-31": "53.80000", "2018-12-31": "77.40000", "2018-09-30": "31.70000", "2018-06-30": "-1162.30000", "2018-03-31": "94.80000", "2017-12-31": "-712.89990", "2017-09-30": "97.60000", "2017-06-30": "-1064.80000", "2017-03-31": "76.60000", "2016-12-31": "132.60000", "2016-09-30": "117.10000", "2016-06-30": "123.80000", "2016-03-31": "67.40000", "2015-12-31": "72.30000", "2015-09-30": "93.20000", "2015-06-30": "77.00000", "2015-03-31": "87.20000", "2014-12-31": "94.76100", "2014-09-30": "97.50000", "2014-06-30": "116.47700", "2014-03-31": "95.66200", "2013-12-31": "87.89100", "2013-09-30": "94.13600", "2013-06-30": "109.37900", "2013-03-31": "77.89400", "2012-12-31": "86.12100", "2012-09-30": "75.78100", "2012-06-30": "95.58600", "2012-03-31": "73.19100", "2011-12-31": "50.70600", "2011-09-30": "18.97600", "2011-06-30": "92.43000", "2011-03-31": "93.99900", "2010-12-31": "90.71900", "2010-09-30": "85.10300", "2010-06-30": "98.38800", "2010-03-31": "83.44600", "2009-12-31": "99.42300", "2009-09-30": "87.85200", "2009-06-30": "95.02000", "2009-03-31": "81.06100", "2008-12-31": "74.73400", "2008-09-30": "75.27000", "2008-06-30": "109.99600", "2008-03-31": "94.87300", "2007-12-31": "97.25500", "2007-09-30": "81.84500", "2007-06-30": "95.62600", "2007-03-31": "83.46600", "2006-12-31": "79.07700", "2006-09-30": "78.48500", "2006-06-30": "86.06600", "2006-03-31": "71.20900", "2005-12-31": "-20.26900", "2005-09-30": "-59.49600", "2005-06-30": "80.45300", "2005-03-31": "70.35000"}, "Income Taxes": {"2020-09-30": "12.50000", "2020-06-30": "-24.00000", "2020-03-31": "10.20000", "2019-12-31": "35.00000", "2019-09-30": "21.50000", "2019-06-30": "11.20000", "2019-03-31": "14.60000", "2018-12-31": "75.90000", "2018-09-30": "4.20000", "2018-06-30": "-41.30000", "2018-03-31": "13.70000", "2017-12-31": "-62.70000", "2017-09-30": "7.10000", "2017-06-30": "-14.50000", "2017-03-31": "16.90000", "2016-12-31": "24.70000", "2016-09-30": "24.80000", "2016-06-30": "17.90000", "2016-03-31": "-57.90000", "2015-12-31": "13.70000", "2015-09-30": "19.60000", "2015-06-30": "24.80000", "2015-03-31": "18.90000", "2014-12-31": "11.35200", "2014-09-30": "21.20000", "2014-06-30": "26.09600", "2014-03-31": "22.45200", "2013-12-31": "12.60100", "2013-09-30": "13.18700", "2013-06-30": "22.87000", "2013-03-31": "3.54200", "2012-12-31": "-39.63000", "2012-09-30": "18.96000", "2012-06-30": "14.87500", "2012-03-31": "14.71500", "2011-12-31": "9.97400", "2011-09-30": "-40.62700", "2011-06-30": "17.95700", "2011-03-31": "23.71200", "2010-12-31": "21.64000", "2010-09-30": "21.28800", "2010-06-30": "25.04200", "2010-03-31": "21.25500", "2009-12-31": "23.37400", "2009-09-30": "19.99900", "2009-06-30": "24.44000", "2009-03-31": "21.13100", "2008-12-31": "4.38400", "2008-09-30": "9.20400", "2008-06-30": "31.29700", "2008-03-31": "26.71800", "2007-12-31": "27.16800", "2007-09-30": "16.12600", "2007-06-30": "30.19300", "2007-03-31": "24.99400", "2006-12-31": "14.12800", "2006-09-30": "29.03600", "2006-06-30": "26.75000", "2006-03-31": "21.20500", "2005-12-31": "-19.54500", "2005-09-30": "1.30900", "2005-06-30": "22.56000", "2005-03-31": "21.30100"}, "Income After Taxes": {"2020-09-30": "54.20000", "2020-06-30": "-95.90000", "2020-03-31": "-139.90000", "2019-12-31": "102.50000", "2019-09-30": "85.00000", "2019-06-30": "36.40000", "2019-03-31": "39.20000", "2018-12-31": "1.50000", "2018-09-30": "27.50000", "2018-06-30": "-1121.00000", "2018-03-31": "81.10000", "2017-12-31": "-650.20000", "2017-09-30": "90.50000", "2017-06-30": "-1050.30000", "2017-03-31": "59.70000", "2016-12-31": "107.90000", "2016-09-30": "92.30000", "2016-06-30": "105.90000", "2016-03-31": "125.30000", "2015-12-31": "58.60000", "2015-09-30": "73.60000", "2015-06-30": "52.20000", "2015-03-31": "68.30000", "2014-12-31": "83.40900", "2014-09-30": "76.30000", "2014-06-30": "90.38100", "2014-03-31": "73.21000", "2013-12-31": "75.29000", "2013-09-30": "80.94900", "2013-06-30": "86.50900", "2013-03-31": "74.35200", "2012-12-31": "125.75100", "2012-09-30": "56.82100", "2012-06-30": "80.71100", "2012-03-31": "58.47600", "2011-12-31": "40.73200", "2011-09-30": "59.60300", "2011-06-30": "74.47300", "2011-03-31": "70.28700", "2010-12-31": "69.07900", "2010-09-30": "63.81500", "2010-06-30": "73.34600", "2010-03-31": "62.19100", "2009-12-31": "76.04900", "2009-09-30": "67.85300", "2009-06-30": "70.58000", "2009-03-31": "59.93000", "2008-12-31": "70.35000", "2008-09-30": "66.06600", "2008-06-30": "78.69900", "2008-03-31": "68.15500", "2007-12-31": "70.08700", "2007-09-30": "65.71900", "2007-06-30": "65.43300", "2007-03-31": "58.47200", "2006-12-31": "64.94900", "2006-09-30": "49.44900", "2006-06-30": "59.31600", "2006-03-31": "50.00400", "2005-12-31": "-0.72400", "2005-09-30": "-60.80500", "2005-06-30": "57.89300", "2005-03-31": "49.04900"}, "Other Income": {"2020-09-30": "", "2020-06-30": "", "2020-03-31": "", "2019-12-31": "", "2019-09-30": "", "2019-06-30": "", "2019-03-31": "", "2018-12-31": "", "2018-09-30": "", "2018-06-30": "", "2018-03-31": "", "2017-12-31": "", "2017-09-30": "", "2017-06-30": "", "2017-03-31": "", "2016-12-31": "", "2016-09-30": "", "2016-06-30": "", "2016-03-31": "", "2015-12-31": "", "2015-09-30": "", "2015-06-30": "", "2015-03-31": "", "2014-12-31": "", "2014-09-30": "", "2014-06-30": "", "2014-03-31": "", "2013-12-31": "", "2013-09-30": "", "2013-06-30": "", "2013-03-31": "", "2012-12-31": "", "2012-09-30": "", "2012-06-30": "", "2012-03-31": "", "2011-12-31": "", "2011-09-30": "", "2011-06-30": "", "2011-03-31": "", "2010-12-31": "", "2010-09-30": "", "2010-06-30": "", "2010-03-31": "", "2009-12-31": "", "2009-09-30": "", "2009-06-30": "", "2009-03-31": "", "2008-12-31": "", "2008-09-30": "", "2008-06-30": "", "2008-03-31": "", "2007-12-31": "", "2007-09-30": "", "2007-06-30": "", "2007-03-31": "", "2006-12-31": "", "2006-09-30": "", "2006-06-30": "", "2006-03-31": "", "2005-12-31": "", "2005-09-30": "", "2005-06-30": "", "2005-03-31": ""}, "Income From Continuous Operations": {"2020-09-30": "54.20000", "2020-06-30": "-95.90000", "2020-03-31": "-139.90000", "2019-12-31": "102.50000", "2019-09-30": "85.00000", "2019-06-30": "36.40000", "2019-03-31": "39.20000", "2018-12-31": "1.50000", "2018-09-30": "27.50000", "2018-06-30": "-1121.00000", "2018-03-31": "81.10000", "2017-12-31": "-650.20000", "2017-09-30": "90.50000", "2017-06-30": "-1050.30000", "2017-03-31": "59.70000", "2016-12-31": "107.90000", "2016-09-30": "92.30000", "2016-06-30": "105.90000", "2016-03-31": "125.30000", "2015-12-31": "58.60000", "2015-09-30": "84.40000", "2015-06-30": "44.10000", "2015-03-31": "64.00000", "2014-12-31": "84.66600", "2014-09-30": "75.30000", "2014-06-30": "90.01400", "2014-03-31": "72.92000", "2013-12-31": "76.07000", "2013-09-30": "80.86600", "2013-06-30": "88.69100", "2013-03-31": "72.57300", "2012-12-31": "127.92900", "2012-09-30": "54.29200", "2012-06-30": "82.04000", "2012-03-31": "54.22800", "2011-12-31": "41.39300", "2011-09-30": "61.20000", "2011-06-30": "75.39000", "2011-03-31": "69.46300", "2010-12-31": "67.98300", "2010-09-30": "63.81500", "2010-06-30": "73.34600", "2010-03-31": "62.19100", "2009-12-31": "76.04900", "2009-09-30": "67.85300", "2009-06-30": "70.58000", "2009-03-31": "59.93000", "2008-12-31": "70.35000", "2008-09-30": "66.06600", "2008-06-30": "78.69900", "2008-03-31": "68.15500", "2007-12-31": "70.08700", "2007-09-30": "65.71900", "2007-06-30": "65.43300", "2007-03-31": "58.47200", "2006-12-31": "64.94900", "2006-09-30": "49.44900", "2006-06-30": "59.31600", "2006-03-31": "50.00400", "2005-12-31": "-0.72400", "2005-09-30": "-60.80500", "2005-06-30": "57.89300", "2005-03-31": "49.04900"}, "Income From Discontinued Operations": {"2020-09-30": "", "2020-06-30": "", "2020-03-31": "", "2019-12-31": "", "2019-09-30": "", "2019-06-30": "", "2019-03-31": "", "2018-12-31": "", "2018-09-30": "", "2018-06-30": "", "2018-03-31": "", "2017-12-31": "", "2017-09-30": "", "2017-06-30": "", "2017-03-31": "", "2016-12-31": "", "2016-09-30": "", "2016-06-30": "", "2016-03-31": "", "2015-12-31": "", "2015-09-30": "", "2015-06-30": "", "2015-03-31": "", "2014-12-31": "", "2014-09-30": "", "2014-06-30": "", "2014-03-31": "", "2013-12-31": "", "2013-09-30": "", "2013-06-30": "", "2013-03-31": "", "2012-12-31": "", "2012-09-30": "", "2012-06-30": "", "2012-03-31": "", "2011-12-31": "", "2011-09-30": "", "2011-06-30": "", "2011-03-31": "", "2010-12-31": "", "2010-09-30": "", "2010-06-30": "", "2010-03-31": "", "2009-12-31": "", "2009-09-30": "", "2009-06-30": "", "2009-03-31": "", "2008-12-31": "", "2008-09-30": "", "2008-06-30": "", "2008-03-31": "", "2007-12-31": "", "2007-09-30": "", "2007-06-30": "", "2007-03-31": "", "2006-12-31": "", "2006-09-30": "", "2006-06-30": "", "2006-03-31": "", "2005-12-31": "", "2005-09-30": "", "2005-06-30": "", "2005-03-31": ""}, "Net Income": {"2020-09-30": "53.80000", "2020-06-30": "-95.40000", "2020-03-31": "-139.90000", "2019-12-31": "102.30000", "2019-09-30": "85.00000", "2019-06-30": "36.40000", "2019-03-31": "39.20000", "2018-12-31": "1.80000", "2018-09-30": "28.00000", "2018-06-30": "-1122.00000", "2018-03-31": "81.20000", "2017-12-31": "-650.40000", "2017-09-30": "90.60000", "2017-06-30": "-1050.00000", "2017-03-31": "59.80000", "2016-12-31": "107.00000", "2016-09-30": "92.50000", "2016-06-30": "105.40000", "2016-03-31": "125.00000", "2015-12-31": "58.60000", "2015-09-30": "84.50000", "2015-06-30": "44.10000", "2015-03-31": "64.00000", "2014-12-31": "84.72900", "2014-09-30": "75.30000", "2014-06-30": "89.99300", "2014-03-31": "72.87800", "2013-12-31": "74.43600", "2013-09-30": "79.85100", "2013-06-30": "87.22800", "2013-03-31": "71.68500", "2012-12-31": "126.80100", "2012-09-30": "53.36400", "2012-06-30": "80.76400", "2012-03-31": "53.28400", "2011-12-31": "40.60300", "2011-09-30": "60.59700", "2011-06-30": "74.23600", "2011-03-31": "69.08400", "2010-12-31": "67.82600", "2010-09-30": "63.65300", "2010-06-30": "72.38600", "2010-03-31": "61.84300", "2009-12-31": "74.83300", "2009-09-30": "67.48300", "2009-06-30": "70.19900", "2009-03-31": "61.74300", "2008-12-31": "70.99400", "2008-09-30": "66.04700", "2008-06-30": "78.64800", "2008-03-31": "68.18000", "2007-12-31": "70.03000", "2007-09-30": "65.71900", "2007-06-30": "65.43300", "2007-03-31": "58.47200", "2006-12-31": "64.94900", "2006-09-30": "49.44900", "2006-06-30": "59.31600", "2006-03-31": "50.00400", "2005-12-31": "-0.72400", "2005-09-30": "-60.80500", "2005-06-30": "57.89300", "2005-03-31": "49.04900"}, "EBITDA": {"2020-09-30": "171.40000", "2020-06-30": "-24.29990", "2020-03-31": "111.90000", "2019-12-31": "215.50030", "2019-09-30": "188.79990", "2019-06-30": "151.00000", "2019-03-31": "131.10000", "2018-12-31": "160.20000", "2018-09-30": "130.40000", "2018-06-30": "18.00010", "2018-03-31": "152.59990", "2017-12-31": "-65.70040", "2017-09-30": "189.00000", "2017-06-30": "123.30000", "2017-03-31": "161.00000", "2016-12-31": "209.90050", "2016-09-30": "204.30000", "2016-06-30": "197.60000", "2016-03-31": "119.10000", "2015-12-31": "129.60020", "2015-09-30": "133.50010", "2015-06-30": "117.30000", "2015-03-31": "129.00000", "2014-12-31": "134.02420", "2014-09-30": "143.49700", "2014-06-30": "161.12800", "2014-03-31": "140.65100", "2013-12-31": "130.26800", "2013-09-30": "137.33900", "2013-06-30": "156.98800", "2013-03-31": "127.50500", "2012-12-31": "130.90260", "2012-09-30": "120.45110", "2012-06-30": "142.90410", "2012-03-31": "123.92500", "2011-12-31": "94.50800", "2011-09-30": "66.59490", "2011-06-30": "116.52000", "2011-03-31": "116.16300", "2010-12-31": "111.78210", "2010-09-30": "106.32900", "2010-06-30": "121.38900", "2010-03-31": "107.11300", "2009-12-31": "119.23100", "2009-09-30": "109.33900", "2009-06-30": "115.30190", "2009-03-31": "102.54600", "2008-12-31": "98.87730", "2008-09-30": "96.00900", "2008-06-30": "127.25700", "2008-03-31": "115.24700", "2007-12-31": "110.06590", "2007-09-30": "95.05800", "2007-06-30": "105.91100", "2007-03-31": "94.14500", "2006-12-31": "91.46400", "2006-09-30": "90.76700", "2006-06-30": "97.89400", "2006-03-31": "82.10300", "2005-12-31": "-10.71000", "2005-09-30": "-44.11100", "2005-06-30": "94.74600", "2005-03-31": "83.55700"}, "EBIT": {"2020-09-30": "81.70000", "2020-06-30": "-104.30000", "2020-03-31": "-124.80000", "2019-12-31": "136.60000", "2019-09-30": "109.49990", "2019-06-30": "67.50000", "2019-03-31": "47.30000", "2018-12-31": "81.80010", "2018-09-30": "45.50010", "2018-06-30": "-1154.10000", "2018-03-31": "68.70000", "2017-12-31": "-706.40030", "2017-09-30": "107.90000", "2017-06-30": "-1048.00000", "2017-03-31": "84.20000", "2016-12-31": "134.20030", "2016-09-30": "126.60000", "2016-06-30": "121.20000", "2016-03-31": "72.70000", "2015-12-31": "93.10010", "2015-09-30": "98.60010", "2015-06-30": "85.80000", "2015-03-31": "97.70000", "2014-12-31": "103.32410", "2014-09-30": "109.60000", "2014-06-30": "127.10600", "2014-03-31": "105.57000", "2013-12-31": "97.45500", "2013-09-30": "105.02100", "2013-06-30": "122.86600", "2013-03-31": "93.85800", "2012-12-31": "97.20580", "2012-09-30": "88.66610", "2012-06-30": "108.90700", "2012-03-31": "87.16000", "2011-12-31": "65.33810", "2011-09-30": "39.80190", "2011-06-30": "97.00400", "2011-03-31": "98.58400", "2010-12-31": "95.56100", "2010-09-30": "90.41900", "2010-06-30": "104.96900", "2010-03-31": "89.32400", "2009-12-31": "103.40090", "2009-09-30": "92.94100", "2009-06-30": "98.72600", "2009-03-31": "86.17500", "2008-12-31": "85.34830", "2008-09-30": "80.91500", "2008-06-30": "113.16100", "2008-03-31": "101.03700", "2007-12-31": "97.59690", "2007-09-30": "82.59000", "2007-06-30": "93.49300", "2007-03-31": "81.21100", "2006-12-31": "79.65490", "2006-09-30": "78.53900", "2006-06-30": "86.59200", "2006-03-31": "70.00800", "2005-12-31": "-21.70500", "2005-09-30": "-56.63300", "2005-06-30": "81.13500", "2005-03-31": "70.12500"}, "Basic Shares Outstanding": {"2020-09-30": "218.50000", "2020-06-30": "218.70000", "2020-03-31": "220.90000", "2019-12-31": "223.10000", "2019-09-30": "223.10000", "2019-06-30": "224.20000", "2019-03-31": "223.30000", "2018-12-31": "224.30000", "2018-09-30": "222.40000", "2018-06-30": "225.20000", "2018-03-31": "227.20000", "2017-12-31": "229.40000", "2017-09-30": "229.50000", "2017-06-30": "229.40000", "2017-03-31": "230.10000", "2016-12-31": "218.00000", "2016-09-30": "232.60000", "2016-06-30": "233.70000", "2016-03-31": "174.80000", "2015-12-31": "140.00000", "2015-09-30": "139.80000", "2015-06-30": "139.80000", "2015-03-31": "140.30000", "2014-12-31": "141.70000", "2014-09-30": "141.80000", "2014-06-30": "141.79000", "2014-03-31": "142.05300", "2013-12-31": "142.70000", "2013-09-30": "142.42100", "2013-06-30": "142.92200", "2013-03-31": "142.77500", "2012-12-31": "141.85000", "2012-09-30": "141.84300", "2012-06-30": "141.73700", "2012-03-31": "141.72100", "2011-12-31": "141.38600", "2011-09-30": "141.34900", "2011-06-30": "141.05200", "2011-03-31": "141.61400", "2010-12-31": "143.98000", "2010-09-30": "142.50100", "2010-06-30": "144.77900", "2010-03-31": "146.77600", "2009-12-31": "148.31900", "2009-09-30": "148.54700", "2009-06-30": "148.57700", "2009-03-31": "148.51400", "2008-12-31": "149.06900", "2008-09-30": "148.77500", "2008-06-30": "148.85100", "2008-03-31": "149.94500", "2007-12-31": "151.70700", "2007-09-30": "151.63200", "2007-06-30": "152.00000", "2007-03-31": "152.03100", "2006-12-31": "155.22900", "2006-09-30": "153.96800", "2006-06-30": "156.81400", "2006-03-31": "157.99800", "2005-12-31": "159.19100", "2005-09-30": "157.78900", "2005-06-30": "160.27400", "2005-03-31": "161.40600"}, "Shares Outstanding": {"2020-09-30": "219.20000", "2020-06-30": "218.70000", "2020-03-31": "220.90000", "2019-12-31": "224.40000", "2019-09-30": "224.90000", "2019-06-30": "225.70000", "2019-03-31": "225.00000", "2018-12-31": "224.30000", "2018-09-30": "223.70000", "2018-06-30": "225.20000", "2018-03-31": "229.90000", "2017-12-31": "229.40000", "2017-09-30": "233.10000", "2017-06-30": "229.40000", "2017-03-31": "234.00000", "2016-12-31": "221.60000", "2016-09-30": "236.30000", "2016-06-30": "237.40000", "2016-03-31": "178.40000", "2015-12-31": "142.50000", "2015-09-30": "142.40000", "2015-06-30": "142.30000", "2015-03-31": "142.80000", "2014-12-31": "144.20000", "2014-09-30": "144.30000", "2014-06-30": "144.16400", "2014-03-31": "144.45300", "2013-12-31": "145.00000", "2013-09-30": "144.69800", "2013-06-30": "145.13300", "2013-03-31": "145.09900", "2012-12-31": "143.94500", "2012-09-30": "143.88400", "2012-06-30": "143.86300", "2012-03-31": "143.98400", "2011-12-31": "143.55300", "2011-09-30": "143.39500", "2011-06-30": "143.37300", "2011-03-31": "144.04400", "2010-12-31": "145.98500", "2010-09-30": "144.06300", "2010-06-30": "146.93900", "2010-03-31": "149.29400", "2009-12-31": "150.10200", "2009-09-30": "150.63800", "2009-06-30": "150.05700", "2009-03-31": "149.70500", "2008-12-31": "151.67900", "2008-09-30": "151.69700", "2008-06-30": "151.79000", "2008-03-31": "152.98300", "2007-12-31": "154.72100", "2007-09-30": "154.73600", "2007-06-30": "154.87300", "2007-03-31": "154.56400", "2006-12-31": "158.27100", "2006-09-30": "157.15300", "2006-06-30": "159.83400", "2006-03-31": "161.06000", "2005-12-31": "162.01700", "2005-09-30": "157.78900", "2005-06-30": "163.21600", "2005-03-31": "164.57800"}, "Basic EPS": {"2020-09-30": "0.25000", "2020-06-30": "-0.44000", "2020-03-31": "-0.63000", "2019-12-31": "0.46000", "2019-09-30": "0.38000", "2019-06-30": "0.16000", "2019-03-31": "0.18000", "2018-12-31": "-0.02000", "2018-09-30": "0.13000", "2018-06-30": "-4.98000", "2018-03-31": "0.36000", "2017-12-31": "-2.83000", "2017-09-30": "0.39000", "2017-06-30": "-4.58000", "2017-03-31": "0.26000", "2016-12-31": "0.40000", "2016-09-30": "0.40000", "2016-06-30": "0.45000", "2016-03-31": "0.72000", "2015-12-31": "0.41000", "2015-09-30": "0.60000", "2015-06-30": "0.32000", "2015-03-31": "0.46000", "2014-12-31": "0.61000", "2014-09-30": "0.53000", "2014-06-30": "0.63000", "2014-03-31": "0.51000", "2013-12-31": "0.53000", "2013-09-30": "0.56000", "2013-06-30": "0.61000", "2013-03-31": "0.50000", "2012-12-31": "0.89000", "2012-09-30": "0.38000", "2012-06-30": "0.57000", "2012-03-31": "0.38000", "2011-12-31": "0.28000", "2011-09-30": "0.43000", "2011-06-30": "0.53000", "2011-03-31": "0.49000", "2010-12-31": "0.48000", "2010-09-30": "0.45000", "2010-06-30": "0.50000", "2010-03-31": "0.42000", "2009-12-31": "0.51000", "2009-09-30": "0.45000", "2009-06-30": "0.47000", "2009-03-31": "0.42000", "2008-12-31": "0.48000", "2008-09-30": "0.44000", "2008-06-30": "0.53000", "2008-03-31": "0.45000", "2007-12-31": "0.47000", "2007-09-30": "0.43000", "2007-06-30": "0.43000", "2007-03-31": "0.38000", "2006-12-31": "0.42000", "2006-09-30": "0.32000", "2006-06-30": "0.38000", "2006-03-31": "0.32000", "2005-12-31": "0.01500", "2005-09-30": "-0.39000", "2005-06-30": "0.36000", "2005-03-31": "0.30500"}, "EPS - Earnings Per Share": {"2020-09-30": "0.25000", "2020-06-30": "-0.44000", "2020-03-31": "-0.63000", "2019-12-31": "0.46000", "2019-09-30": "0.38000", "2019-06-30": "0.16000", "2019-03-31": "0.17000", "2018-12-31": "-0.01000", "2018-09-30": "0.13000", "2018-06-30": "-4.98000", "2018-03-31": "0.35000", "2017-12-31": "-2.83000", "2017-09-30": "0.39000", "2017-06-30": "-4.58000", "2017-03-31": "0.26000", "2016-12-31": "0.41000", "2016-09-30": "0.39000", "2016-06-30": "0.44000", "2016-03-31": "0.70000", "2015-12-31": "0.41000", "2015-09-30": "0.59000", "2015-06-30": "0.31000", "2015-03-31": "0.45000", "2014-12-31": "0.60000", "2014-09-30": "0.52000", "2014-06-30": "0.62000", "2014-03-31": "0.50000", "2013-12-31": "0.52000", "2013-09-30": "0.55000", "2013-06-30": "0.60000", "2013-03-31": "0.49000", "2012-12-31": "0.88000", "2012-09-30": "0.37000", "2012-06-30": "0.56000", "2012-03-31": "0.37000", "2011-12-31": "0.28000", "2011-09-30": "0.42000", "2011-06-30": "0.52000", "2011-03-31": "0.48000", "2010-12-31": "0.48000", "2010-09-30": "0.44000", "2010-06-30": "0.49000", "2010-03-31": "0.41000", "2009-12-31": "0.50000", "2009-09-30": "0.45000", "2009-06-30": "0.47000", "2009-03-31": "0.41000", "2008-12-31": "0.46000", "2008-09-30": "0.44000", "2008-06-30": "0.52000", "2008-03-31": "0.45000", "2007-12-31": "0.46000", "2007-09-30": "0.42000", "2007-06-30": "0.42000", "2007-03-31": "0.38000", "2006-12-31": "0.42000", "2006-09-30": "0.31000", "2006-06-30": "0.37000", "2006-03-31": "0.31000", "2005-12-31": "0.02000", "2005-09-30": "-0.39000", "2005-06-30": "0.35000", "2005-03-31": "0.30000"}}, "balance sheet": {"Cash On Hand": {"2019-12-31": "404.90000", "2018-12-31": "309.60000", "2017-12-31": "320.60000", "2016-12-31": "383.90000", "2015-12-31": "284.60000", "2014-12-31": "151.60000", "2013-12-31": "74.95400", "2012-12-31": "80.13200", "2011-12-31": "77.12800", "2010-12-31": "540.03800", "2009-12-31": "450.34800", "2008-12-31": "204.24900", "2007-12-31": "316.32300", "2006-12-31": "65.14300", "2005-12-31": "434.52500"}, "Receivables": {"2019-12-31": "782.00000", "2018-12-31": "701.90000", "2017-12-31": "746.20000", "2016-12-31": "636.00000", "2015-12-31": "399.90000", "2014-12-31": "426.60000", "2013-12-31": "472.80200", "2012-12-31": "442.41200", "2011-12-31": "427.70900", "2010-12-31": "344.79600", "2009-12-31": "348.68400", "2008-12-31": "319.26000", "2007-12-31": "307.62200", "2006-12-31": "290.79100", "2005-12-31": "254.82200"}, "Inventory": {"2019-12-31": "561.70000", "2018-12-31": "598.90000", "2017-12-31": "623.10000", "2016-12-31": "517.10000", "2015-12-31": "340.40000", "2014-12-31": "387.10000", "2013-12-31": "438.55900", "2012-12-31": "402.94000", "2011-12-31": "361.76200", "2010-12-31": "308.73800", "2009-12-31": "291.64000", "2008-12-31": "306.12500", "2007-12-31": "258.03200", "2006-12-31": "232.44100", "2005-12-31": "208.17900"}, "Pre-Paid Expenses": {"2019-12-31": "251.30000", "2018-12-31": "277.60000", "2017-12-31": "312.60000", "2016-12-31": "206.50000", "2015-12-31": "171.80000", "2014-12-31": "241.70000", "2013-12-31": "157.48700", "2012-12-31": "185.61200", "2011-12-31": "146.30400", "2010-12-31": "121.47300", "2009-12-31": "127.12400", "2008-12-31": "120.22800", "2007-12-31": "100.04500", "2006-12-31": "129.81600", "2005-12-31": "135.56200"}, "Other Current Assets": {"2019-12-31": "", "2018-12-31": "", "2017-12-31": "", "2016-12-31": "", "2015-12-31": "", "2014-12-31": "", "2013-12-31": "", "2012-12-31": "", "2011-12-31": "", "2010-12-31": "", "2009-12-31": "", "2008-12-31": "", "2007-12-31": "", "2006-12-31": "", "2005-12-31": ""}, "Total Current Assets": {"2019-12-31": "1999.90000", "2018-12-31": "1888.00000", "2017-12-31": "2002.50000", "2016-12-31": "1743.50000", "2015-12-31": "1196.70000", "2014-12-31": "1207.00000", "2013-12-31": "1143.80200", "2012-12-31": "1111.09600", "2011-12-31": "1012.90300", "2010-12-31": "1315.04500", "2009-12-31": "1217.79600", "2008-12-31": "949.86200", "2007-12-31": "982.02200", "2006-12-31": "718.19100", "2005-12-31": "1033.08800"}, "Property, Plant, And Equipment": {"2019-12-31": "802.40000", "2018-12-31": "870.60000", "2017-12-31": "876.00000", "2016-12-31": "799.80000", "2015-12-31": "558.80000", "2014-12-31": "588.80000", "2013-12-31": "637.17200", "2012-12-31": "614.70500", "2011-12-31": "591.44500", "2010-12-31": "423.10500", "2009-12-31": "439.61900", "2008-12-31": "432.27600", "2007-12-31": "371.40900", "2006-12-31": "329.61600", "2005-12-31": "316.21800"}, "Long-Term Investments": {"2019-12-31": "", "2018-12-31": "", "2017-12-31": "", "2016-12-31": "", "2015-12-31": "", "2014-12-31": "", "2013-12-31": "", "2012-12-31": "", "2011-12-31": "", "2010-12-31": "", "2009-12-31": "", "2008-12-31": "", "2007-12-31": "", "2006-12-31": "", "2005-12-31": ""}, "Goodwill And Intangible Assets": {"2019-12-31": "5572.80000", "2018-12-31": "5851.60000", "2017-12-31": "7339.90000", "2016-12-31": "8909.60000", "2015-12-31": "2588.30000", "2014-12-31": "2760.10000", "2013-12-31": "3076.91900", "2012-12-31": "3041.59500", "2011-12-31": "2981.16300", "2010-12-31": "1381.79800", "2009-12-31": "1401.68200", "2008-12-31": "1380.74400", "2007-12-31": "1203.58700", "2006-12-31": "1063.03000", "2005-12-31": "1001.82700"}, "Other Long-Term Assets": {"2019-12-31": "68.50000", "2018-12-31": "76.80000", "2017-12-31": "156.10000", "2016-12-31": "102.90000", "2015-12-31": "59.10000", "2014-12-31": "90.60000", "2013-12-31": "220.15400", "2012-12-31": "204.90100", "2011-12-31": "169.88700", "2010-12-31": "138.00300", "2009-12-31": "28.83500", "2008-12-31": "67.51800", "2007-12-31": "118.55100", "2006-12-31": "70.51300", "2005-12-31": "59.24000"}, "Total Long-Term Assets": {"2019-12-31": "6603.00000", "2018-12-31": "6799.00000", "2017-12-31": "8372.00000", "2016-12-31": "9812.30000", "2015-12-31": "3206.20000", "2014-12-31": "3439.50000", "2013-12-31": "3934.24500", "2012-12-31": "3861.20100", "2011-12-31": "3742.49500", "2010-12-31": "1942.90600", "2009-12-31": "1870.13600", "2008-12-31": "1880.53800", "2007-12-31": "1693.54700", "2006-12-31": "1463.15900", "2005-12-31": "1377.28500"}, "Total Assets": {"2019-12-31": "8602.90000", "2018-12-31": "8687.00000", "2017-12-31": "10374.50000", "2016-12-31": "11555.80000", "2015-12-31": "4402.90000", "2014-12-31": "4646.50000", "2013-12-31": "5078.04700", "2012-12-31": "4972.29700", "2011-12-31": "4755.39800", "2010-12-31": "3257.95100", "2009-12-31": "3087.93200", "2008-12-31": "2830.40000", "2007-12-31": "2675.56900", "2006-12-31": "2181.35000", "2005-12-31": "2410.37300"}, "Total Current Liabilities": {"2019-12-31": "995.50000", "2018-12-31": "1013.30000", "2017-12-31": "954.50000", "2016-12-31": "767.60000", "2015-12-31": "476.00000", "2014-12-31": "652.60000", "2013-12-31": "796.40500", "2012-12-31": "927.78000", "2011-12-31": "724.07300", "2010-12-31": "360.09100", "2009-12-31": "444.55600", "2008-12-31": "359.96200", "2007-12-31": "312.41100", "2006-12-31": "311.43400", "2005-12-31": "744.27800"}, "Long Term Debt": {"2019-12-31": "1433.10000", "2018-12-31": "1564.90000", "2017-12-31": "1611.60000", "2016-12-31": "1511.10000", "2015-12-31": "1141.00000", "2014-12-31": "1150.10000", "2013-12-31": "1166.17800", "2012-12-31": "1222.03500", "2011-12-31": "1490.01000", "2010-12-31": "604.01500", "2009-12-31": "387.15100", "2008-12-31": "423.67900", "2007-12-31": "482.06300", "2006-12-31": "367.16100", "2005-12-31": "270.10400"}, "Other Non-Current Liabilities": {"2019-12-31": "480.30000", "2018-12-31": "423.00000", "2017-12-31": "462.50000", "2016-12-31": "399.50000", "2015-12-31": "286.20000", "2014-12-31": "356.00000", "2013-12-31": "299.09600", "2012-12-31": "340.39800", "2011-12-31": "407.34200", "2010-12-31": "311.44400", "2009-12-31": "276.74300", "2008-12-31": "318.29700", "2007-12-31": "304.14600", "2006-12-31": "175.50700", "2005-12-31": "106.29500"}, "Total Long Term Liabilities": {"2019-12-31": "2512.50000", "2018-12-31": "2540.70000", "2017-12-31": "2792.10000", "2016-12-31": "2662.30000", "2015-12-31": "1587.50000", "2014-12-31": "1671.70000", "2013-12-31": "1703.66800", "2012-12-31": "1795.07400", "2011-12-31": "2147.17400", "2010-12-31": "987.94800", "2009-12-31": "736.41800", "2008-12-31": "811.02500", "2007-12-31": "847.05200", "2006-12-31": "596.08100", "2005-12-31": "419.49900"}, "Total Liabilities": {"2019-12-31": "3508.00000", "2018-12-31": "3554.00000", "2017-12-31": "3746.60000", "2016-12-31": "3429.90000", "2015-12-31": "2063.50000", "2014-12-31": "2324.30000", "2013-12-31": "2500.07300", "2012-12-31": "2722.85400", "2011-12-31": "2871.24700", "2010-12-31": "1348.03900", "2009-12-31": "1180.97400", "2008-12-31": "1170.98700", "2007-12-31": "1159.46300", "2006-12-31": "907.51500", "2005-12-31": "1163.77700"}, "Common Stock Net": {"2019-12-31": "2.60000", "2018-12-31": "2.60000", "2017-12-31": "2.60000", "2016-12-31": "2.60000", "2015-12-31": "1.60000", "2014-12-31": "1.60000", "2013-12-31": "1.62800", "2012-12-31": "1.62800", "2011-12-31": "1.62800", "2010-12-31": "1.62800", "2009-12-31": "1.62800", "2008-12-31": "1.62800", "2007-12-31": "1.62800", "2006-12-31": "1.62800", "2005-12-31": "0.81400"}, "Retained Earnings (Accumulated Deficit)": {"2019-12-31": "1404.20000", "2018-12-31": "1225.90000", "2017-12-31": "2316.20000", "2016-12-31": "3948.00000", "2015-12-31": "3591.00000", "2014-12-31": "3380.70000", "2013-12-31": "3095.72100", "2012-12-31": "2818.46100", "2011-12-31": "2535.70900", "2010-12-31": "2320.35000", "2009-12-31": "2083.45900", "2008-12-31": "1838.95800", "2007-12-31": "1582.68300", "2006-12-31": "1352.34200", "2005-12-31": "1151.85600"}, "Comprehensive Income": {"2019-12-31": "-599.70000", "2018-12-31": "-478.70000", "2017-12-31": "-291.00000", "2016-12-31": "-705.70000", "2015-12-31": "-594.00000", "2014-12-31": "-441.10000", "2013-12-31": "-69.06200", "2012-12-31": "-144.20000", "2011-12-31": "-190.97000", "2010-12-31": "24.15600", "2009-12-31": "83.54200", "2008-12-31": "39.61200", "2007-12-31": "145.81900", "2006-12-31": "79.91400", "2005-12-31": "56.45400"}, "Other Share Holders Equity": {"2019-12-31": "", "2018-12-31": "", "2017-12-31": "", "2016-12-31": "", "2015-12-31": "", "2014-12-31": "", "2013-12-31": "", "2012-12-31": "", "2011-12-31": "", "2010-12-31": "", "2009-12-31": "", "2008-12-31": "", "2007-12-31": "", "2006-12-31": "", "2005-12-31": ""}, "Share Holder Equity": {"2019-12-31": "5094.90000", "2018-12-31": "5133.00000", "2017-12-31": "6627.90000", "2016-12-31": "8125.90000", "2015-12-31": "2339.40000", "2014-12-31": "2322.20000", "2013-12-31": "2577.97400", "2012-12-31": "2249.44300", "2011-12-31": "1884.15100", "2010-12-31": "1909.91200", "2009-12-31": "1906.95800", "2008-12-31": "1659.41300", "2007-12-31": "1516.10600", "2006-12-31": "1273.83500", "2005-12-31": "1246.59600"}, "Total Liabilities And Share Holders Equity": {"2019-12-31": "8602.90000", "2018-12-31": "8687.00000", "2017-12-31": "10374.50000", "2016-12-31": "11555.80000", "2015-12-31": "4402.90000", "2014-12-31": "4646.50000", "2013-12-31": "5078.04700", "2012-12-31": "4972.29700", "2011-12-31": "4755.39800", "2010-12-31": "3257.95100", "2009-12-31": "3087.93200", "2008-12-31": "2830.40000", "2007-12-31": "2675.56900", "2006-12-31": "2181.35000", "2005-12-31": "2410.37300"}}, "balance sheet, quarterly": {"Cash On Hand": {"2020-09-30": "1272.00000", "2020-06-30": "1109.10000", "2020-03-31": "235.90000", "2019-12-31": "404.90000", "2019-09-30": "226.10000", "2019-06-30": "250.10000", "2019-03-31": "225.40000", "2018-12-31": "309.60000", "2018-09-30": "233.10000", "2018-06-30": "239.30000", "2018-03-31": "317.10000", "2017-12-31": "320.60000", "2017-09-30": "370.00000", "2017-06-30": "268.40000", "2017-03-31": "363.30000", "2016-12-31": "383.90000", "2016-09-30": "330.70000", "2016-06-30": "311.60000", "2016-03-31": "323.10000", "2015-12-31": "284.60000", "2015-09-30": "236.40000", "2015-06-30": "96.47200", "2015-03-31": "100.61900", "2014-12-31": "151.60000", "2014-09-30": "97.65200", "2014-06-30": "66.92900", "2014-03-31": "55.82300", "2013-12-31": "74.95400", "2013-09-30": "50.65800", "2013-06-30": "57.02700", "2013-03-31": "56.20300", "2012-12-31": "80.13200", "2012-09-30": "56.07500", "2012-06-30": "53.21000", "2012-03-31": "67.34600", "2011-12-31": "77.12800", "2011-09-30": "81.86600", "2011-06-30": "671.71000", "2011-03-31": "575.26400", "2010-12-31": "540.03800", "2010-09-30": "534.24300", "2010-06-30": "340.34700", "2010-03-31": "405.01700", "2009-12-31": "450.34800", "2009-09-30": "333.40500", "2009-06-30": "251.90700", "2009-03-31": "226.48600", "2008-12-31": "204.24900", "2008-09-30": "244.75000", "2008-06-30": "423.25100", "2008-03-31": "344.66300", "2007-12-31": "316.32300", "2007-09-30": "260.74200", "2007-06-30": "180.22400", "2007-03-31": "136.91700", "2006-12-31": "65.14300", "2006-09-30": "460.12900", "2006-06-30": "475.41700", "2006-03-31": "412.71900", "2005-12-31": "434.52500", "2005-09-30": "398.58100", "2005-06-30": "365.67500", "2005-03-31": "436.70200"}, "Receivables": {"2020-09-30": "628.10000", "2020-06-30": "500.20000", "2020-03-31": "709.10000", "2019-12-31": "782.00000", "2019-09-30": "698.40000", "2019-06-30": "700.10000", "2019-03-31": "658.50000", "2018-12-31": "701.90000", "2018-09-30": "702.00000", "2018-06-30": "710.30000", "2018-03-31": "670.40000", "2017-12-31": "746.20000", "2017-09-30": "734.40000", "2017-06-30": "664.20000", "2017-03-31": "598.60000", "2016-12-31": "636.00000", "2016-09-30": "672.10000", "2016-06-30": "637.20000", "2016-03-31": "625.20000", "2015-12-31": "399.90000", "2015-09-30": "429.80000", "2015-06-30": "447.50000", "2015-03-31": "409.86500", "2014-12-31": "426.60000", "2014-09-30": "476.85600", "2014-06-30": "503.97200", "2014-03-31": "496.22100", "2013-12-31": "472.80200", "2013-09-30": "502.37000", "2013-06-30": "499.00600", "2013-03-31": "468.53700", "2012-12-31": "442.41200", "2012-09-30": "467.29600", "2012-06-30": "462.23300", "2012-03-31": "461.35200", "2011-12-31": "427.70900", "2011-09-30": "475.94700", "2011-06-30": "404.66100", "2011-03-31": "385.35700", "2010-12-31": "344.79600", "2010-09-30": "366.78900", "2010-06-30": "351.30400", "2010-03-31": "355.03000", "2009-12-31": "348.68400", "2009-09-30": "356.97600", "2009-06-30": "357.54600", "2009-03-31": "327.51400", "2008-12-31": "319.26000", "2008-09-30": "345.47700", "2008-06-30": "371.48900", "2008-03-31": "356.62900", "2007-12-31": "307.62200", "2007-09-30": "326.01200", "2007-06-30": "322.90000", "2007-03-31": "311.00500", "2006-12-31": "290.79100", "2006-09-30": "296.06600", "2006-06-30": "299.04800", "2006-03-31": "275.10600", "2005-12-31": "254.82200", "2005-09-30": "259.92000", "2005-06-30": "264.63700", "2005-03-31": "251.25900"}, "Inventory": {"2020-09-30": "489.10000", "2020-06-30": "548.90000", "2020-03-31": "590.50000", "2019-12-31": "561.70000", "2019-09-30": "605.10000", "2019-06-30": "608.30000", "2019-03-31": "618.20000", "2018-12-31": "598.90000", "2018-09-30": "672.00000", "2018-06-30": "666.30000", "2018-03-31": "696.60000", "2017-12-31": "623.10000", "2017-09-30": "624.40000", "2017-06-30": "596.80000", "2017-03-31": "565.10000", "2016-12-31": "517.10000", "2016-09-30": "556.40000", "2016-06-30": "523.10000", "2016-03-31": "562.10000", "2015-12-31": "340.40000", "2015-09-30": "361.30000", "2015-06-30": "374.82000", "2015-03-31": "380.09800", "2014-12-31": "387.10000", "2014-09-30": "422.48500", "2014-06-30": "461.20300", "2014-03-31": "455.07400", "2013-12-31": "438.55900", "2013-09-30": "448.27700", "2013-06-30": "433.18900", "2013-03-31": "417.09400", "2012-12-31": "402.94000", "2012-09-30": "415.92200", "2012-06-30": "403.19500", "2012-03-31": "403.05200", "2011-12-31": "361.76200", "2011-09-30": "391.52800", "2011-06-30": "337.20000", "2011-03-31": "332.28200", "2010-12-31": "308.73800", "2010-09-30": "318.07100", "2010-06-30": "284.39400", "2010-03-31": "301.19800", "2009-12-31": "291.64000", "2009-09-30": "311.66600", "2009-06-30": "309.43100", "2009-03-31": "314.08900", "2008-12-31": "306.12500", "2008-09-30": "278.76100", "2008-06-30": "282.79500", "2008-03-31": "280.93200", "2007-12-31": "258.03200", "2007-09-30": "277.05700", "2007-06-30": "249.86400", "2007-03-31": "247.51700", "2006-12-31": "232.44100", "2006-09-30": "236.27900", "2006-06-30": "229.37300", "2006-03-31": "226.44200", "2005-12-31": "208.17900", "2005-09-30": "228.96000", "2005-06-30": "224.22400", "2005-03-31": "224.09100"}, "Pre-Paid Expenses": {"2020-09-30": "190.40000", "2020-06-30": "204.70000", "2020-03-31": "269.70000", "2019-12-31": "251.30000", "2019-09-30": "281.70000", "2019-06-30": "269.80000", "2019-03-31": "293.50000", "2018-12-31": "277.60000", "2018-09-30": "295.70000", "2018-06-30": "276.50000", "2018-03-31": "316.40000", "2017-12-31": "312.60000", "2017-09-30": "243.60000", "2017-06-30": "236.30000", "2017-03-31": "193.60000", "2016-12-31": "206.50000", "2016-09-30": "282.40000", "2016-06-30": "266.50000", "2016-03-31": "295.10000", "2015-12-31": "171.80000", "2015-09-30": "180.60000", "2015-06-30": "351.53800", "2015-03-31": "309.50000", "2014-12-31": "241.70000", "2014-09-30": "260.70800", "2014-06-30": "199.17000", "2014-03-31": "195.20500", "2013-12-31": "157.48700", "2013-09-30": "151.84000", "2013-06-30": "180.81100", "2013-03-31": "218.68500", "2012-12-31": "185.61200", "2012-09-30": "189.68500", "2012-06-30": "186.54400", "2012-03-31": "187.43500", "2011-12-31": "146.30400", "2011-09-30": "140.26400", "2011-06-30": "138.84200", "2011-03-31": "119.16500", "2010-12-31": "121.47300", "2010-09-30": "112.45400", "2010-06-30": "113.19700", "2010-03-31": "117.20900", "2009-12-31": "127.12400", "2009-09-30": "125.05600", "2009-06-30": "113.62100", "2009-03-31": "116.80000", "2008-12-31": "120.22800", "2008-09-30": "103.10800", "2008-06-30": "104.55200", "2008-03-31": "111.10700", "2007-12-31": "100.04500", "2007-09-30": "110.12500", "2007-06-30": "116.75700", "2007-03-31": "120.96200", "2006-12-31": "129.81600", "2006-09-30": "144.53300", "2006-06-30": "155.23400", "2006-03-31": "149.85900", "2005-12-31": "135.56200", "2005-09-30": "99.53300", "2005-06-30": "92.59200", "2005-03-31": "113.64000"}, "Other Current Assets": {"2020-09-30": "", "2020-06-30": "", "2020-03-31": "", "2019-12-31": "", "2019-09-30": "", "2019-06-30": "", "2019-03-31": "", "2018-12-31": "", "2018-09-30": "", "2018-06-30": "", "2018-03-31": "", "2017-12-31": "", "2017-09-30": "", "2017-06-30": "", "2017-03-31": "", "2016-12-31": "", "2016-09-30": "", "2016-06-30": "", "2016-03-31": "", "2015-12-31": "", "2015-09-30": "", "2015-06-30": "", "2015-03-31": "", "2014-12-31": "", "2014-09-30": "", "2014-06-30": "", "2014-03-31": "", "2013-12-31": "", "2013-09-30": "", "2013-06-30": "", "2013-03-31": "", "2012-12-31": "", "2012-09-30": "", "2012-06-30": "", "2012-03-31": "", "2011-12-31": "", "2011-09-30": "", "2011-06-30": "", "2011-03-31": "", "2010-12-31": "", "2010-09-30": "", "2010-06-30": "", "2010-03-31": "", "2009-12-31": "", "2009-09-30": "", "2009-06-30": "", "2009-03-31": "", "2008-12-31": "", "2008-09-30": "", "2008-06-30": "", "2008-03-31": "", "2007-12-31": "", "2007-09-30": "", "2007-06-30": "", "2007-03-31": "", "2006-12-31": "", "2006-09-30": "", "2006-06-30": "", "2006-03-31": "", "2005-12-31": "", "2005-09-30": "", "2005-06-30": "", "2005-03-31": ""}, "Total Current Assets": {"2020-09-30": "2579.60000", "2020-06-30": "2362.90000", "2020-03-31": "1805.20000", "2019-12-31": "1999.90000", "2019-09-30": "1811.30000", "2019-06-30": "1828.30000", "2019-03-31": "1795.60000", "2018-12-31": "1888.00000", "2018-09-30": "1902.80000", "2018-06-30": "1892.40000", "2018-03-31": "2000.50000", "2017-12-31": "2002.50000", "2017-09-30": "1972.40000", "2017-06-30": "1765.70000", "2017-03-31": "1720.60000", "2016-12-31": "1743.50000", "2016-09-30": "1841.60000", "2016-06-30": "1738.40000", "2016-03-31": "1805.50000", "2015-12-31": "1196.70000", "2015-09-30": "1208.10000", "2015-06-30": "1270.33000", "2015-03-31": "1200.08200", "2014-12-31": "1207.00000", "2014-09-30": "1257.70100", "2014-06-30": "1231.27400", "2014-03-31": "1202.32300", "2013-12-31": "1143.80200", "2013-09-30": "1153.14500", "2013-06-30": "1170.03300", "2013-03-31": "1160.51900", "2012-12-31": "1111.09600", "2012-09-30": "1128.97800", "2012-06-30": "1105.18200", "2012-03-31": "1119.18500", "2011-12-31": "1012.90300", "2011-09-30": "1089.60500", "2011-06-30": "1552.41300", "2011-03-31": "1412.06800", "2010-12-31": "1315.04500", "2010-09-30": "1331.55700", "2010-06-30": "1089.24200", "2010-03-31": "1178.45400", "2009-12-31": "1217.79600", "2009-09-30": "1127.10300", "2009-06-30": "1032.50500", "2009-03-31": "984.88900", "2008-12-31": "949.86200", "2008-09-30": "972.09600", "2008-06-30": "1182.08700", "2008-03-31": "1093.33100", "2007-12-31": "982.02200", "2007-09-30": "973.93600", "2007-06-30": "869.74500", "2007-03-31": "816.40100", "2006-12-31": "718.19100", "2006-09-30": "1137.00700", "2006-06-30": "1159.07200", "2006-03-31": "1064.12600", "2005-12-31": "1033.08800", "2005-09-30": "986.99400", "2005-06-30": "947.12800", "2005-03-31": "1025.69200"}, "Property, Plant, And Equipment": {"2020-09-30": "772.40000", "2020-06-30": "771.70000", "2020-03-31": "776.60000", "2019-12-31": "802.40000", "2019-09-30": "782.50000", "2019-06-30": "819.60000", "2019-03-31": "853.90000", "2018-12-31": "870.60000", "2018-09-30": "865.70000", "2018-06-30": "857.60000", "2018-03-31": "888.20000", "2017-12-31": "876.00000", "2017-09-30": "859.90000", "2017-06-30": "841.00000", "2017-03-31": "807.10000", "2016-12-31": "799.80000", "2016-09-30": "822.90000", "2016-06-30": "794.10000", "2016-03-31": "816.50000", "2015-12-31": "558.80000", "2015-09-30": "555.20000", "2015-06-30": "568.03600", "2015-03-31": "556.76600", "2014-12-31": "588.80000", "2014-09-30": "606.92400", "2014-06-30": "639.21200", "2014-03-31": "642.31800", "2013-12-31": "637.17200", "2013-09-30": "628.50900", "2013-06-30": "605.02800", "2013-03-31": "608.85000", "2012-12-31": "614.70500", "2012-09-30": "602.67000", "2012-06-30": "587.28500", "2012-03-31": "604.16000", "2011-12-31": "591.44500", "2011-09-30": "569.85300", "2011-06-30": "442.95700", "2011-03-31": "432.71600", "2010-12-31": "423.10500", "2010-09-30": "423.80200", "2010-06-30": "399.07700", "2010-03-31": "420.77900", "2009-12-31": "439.61900", "2009-09-30": "445.36500", "2009-06-30": "429.93500", "2009-03-31": "416.39300", "2008-12-31": "432.27600", "2008-09-30": "386.88500", "2008-06-30": "405.60300", "2008-03-31": "402.00900", "2007-12-31": "371.40900", "2007-09-30": "351.56600", "2007-06-30": "333.94900", "2007-03-31": "331.68600", "2006-12-31": "329.61600", "2006-09-30": "320.77900", "2006-06-30": "321.91000", "2006-03-31": "309.82500", "2005-12-31": "316.21800", "2005-09-30": "376.34000", "2005-06-30": "378.11400", "2005-03-31": "396.79000"}, "Long-Term Investments": {"2020-09-30": "", "2020-06-30": "", "2020-03-31": "", "2019-12-31": "", "2019-09-30": "", "2019-06-30": "", "2019-03-31": "", "2018-12-31": "", "2018-09-30": "", "2018-06-30": "", "2018-03-31": "", "2017-12-31": "", "2017-09-30": "", "2017-06-30": "", "2017-03-31": "", "2016-12-31": "", "2016-09-30": "", "2016-06-30": "", "2016-03-31": "", "2015-12-31": "", "2015-09-30": "", "2015-06-30": "", "2015-03-31": "", "2014-12-31": "", "2014-09-30": "", "2014-06-30": "", "2014-03-31": "", "2013-12-31": "", "2013-09-30": "", "2013-06-30": "", "2013-03-31": "", "2012-12-31": "", "2012-09-30": "", "2012-06-30": "", "2012-03-31": "", "2011-12-31": "", "2011-09-30": "", "2011-06-30": "", "2011-03-31": "", "2010-12-31": "", "2010-09-30": "", "2010-06-30": "", "2010-03-31": "", "2009-12-31": "", "2009-09-30": "", "2009-06-30": "", "2009-03-31": "", "2008-12-31": "", "2008-09-30": "", "2008-06-30": "", "2008-03-31": "", "2007-12-31": "", "2007-09-30": "", "2007-06-30": "", "2007-03-31": "", "2006-12-31": "", "2006-09-30": "", "2006-06-30": "", "2006-03-31": "", "2005-12-31": "", "2005-09-30": "", "2005-06-30": "", "2005-03-31": ""}, "Goodwill And Intangible Assets": {"2020-09-30": "5340.80000", "2020-06-30": "5266.80000", "2020-03-31": "5237.20000", "2019-12-31": "5572.80000", "2019-09-30": "5523.40000", "2019-06-30": "5708.60000", "2019-03-31": "5723.90000", "2018-12-31": "5851.60000", "2018-09-30": "5931.60000", "2018-06-30": "6004.60000", "2018-03-31": "7384.60000", "2017-12-31": "7339.90000", "2017-09-30": "8184.10000", "2017-06-30": "8083.00000", "2017-03-31": "8913.30100", "2016-12-31": "8909.60000", "2016-09-30": "9192.30100", "2016-06-30": "8823.20000", "2016-03-31": "8974.10000", "2015-12-31": "2588.30000", "2015-09-30": "2584.70000", "2015-06-30": "2615.27700", "2015-03-31": "2566.72800", "2014-12-31": "2760.10000", "2014-09-30": "2870.80800", "2014-06-30": "3043.90300", "2014-03-31": "3072.71200", "2013-12-31": "3076.91900", "2013-09-30": "3018.60600", "2013-06-30": "2945.19600", "2013-03-31": "2972.88700", "2012-12-31": "3041.59500", "2012-09-30": "3049.16400", "2012-06-30": "2983.83100", "2012-03-31": "3107.98900", "2011-12-31": "2981.16300", "2011-09-30": "3016.94400", "2011-06-30": "1478.05900", "2011-03-31": "1430.24800", "2010-12-31": "1381.79800", "2010-09-30": "1384.63900", "2010-06-30": "1285.76300", "2010-03-31": "1362.61800", "2009-12-31": "1401.68200", "2009-09-30": "1428.16800", "2009-06-30": "1390.59400", "2009-03-31": "1330.96600", "2008-12-31": "1380.74400", "2008-09-30": "1213.67800", "2008-06-30": "1254.97400", "2008-03-31": "1257.89200", "2007-12-31": "1203.58700", "2007-09-30": "1193.32800", "2007-06-30": "1091.44500", "2007-03-31": "1065.90900", "2006-12-31": "1063.03000", "2006-09-30": "1037.60400", "2006-06-30": "1043.13900", "2006-03-31": "1013.16800", "2005-12-31": "1001.82700", "2005-09-30": "1053.83900", "2005-06-30": "1193.85400", "2005-03-31": "1223.69800"}, "Other Long-Term Assets": {"2020-09-30": "59.00000", "2020-06-30": "64.00000", "2020-03-31": "92.50000", "2019-12-31": "68.50000", "2019-09-30": "92.90000", "2019-06-30": "63.00000", "2019-03-31": "67.20000", "2018-12-31": "76.80000", "2018-09-30": "69.10000", "2018-06-30": "67.40000", "2018-03-31": "99.50000", "2017-12-31": "156.10000", "2017-09-30": "182.60000", "2017-06-30": "160.30000", "2017-03-31": "153.00000", "2016-12-31": "102.90000", "2016-09-30": "95.60000", "2016-06-30": "95.70000", "2016-03-31": "86.30000", "2015-12-31": "59.10000", "2015-09-30": "54.20000", "2015-06-30": "43.11300", "2015-03-31": "61.25400", "2014-12-31": "90.60000", "2014-09-30": "148.62800", "2014-06-30": "157.98400", "2014-03-31": "172.08000", "2013-12-31": "220.15400", "2013-09-30": "209.71900", "2013-06-30": "154.42600", "2013-03-31": "159.87200", "2012-12-31": "204.90100", "2012-09-30": "196.61000", "2012-06-30": "194.45800", "2012-03-31": "183.72700", "2011-12-31": "169.88700", "2011-09-30": "157.30900", "2011-06-30": "183.21400", "2011-03-31": "162.01700", "2010-12-31": "138.00300", "2010-09-30": "55.15800", "2010-06-30": "23.18500", "2010-03-31": "24.89600", "2009-12-31": "28.83500", "2009-09-30": "66.47300", "2009-06-30": "45.44500", "2009-03-31": "28.54100", "2008-12-31": "67.51800", "2008-09-30": "88.65200", "2008-06-30": "150.54400", "2008-03-31": "161.77300", "2007-12-31": "118.55100", "2007-09-30": "96.08700", "2007-06-30": "93.43100", "2007-03-31": "80.76200", "2006-12-31": "70.51300", "2006-09-30": "71.54500", "2006-06-30": "42.59200", "2006-03-31": "55.03500", "2005-12-31": "59.24000", "2005-09-30": "48.64500", "2005-06-30": "53.22600", "2005-03-31": "50.23700"}, "Total Long-Term Assets": {"2020-09-30": "6316.30000", "2020-06-30": "6241.30000", "2020-03-31": "6253.20000", "2019-12-31": "6603.00000", "2019-09-30": "6555.50000", "2019-06-30": "6747.00000", "2019-03-31": "6808.90000", "2018-12-31": "6799.00000", "2018-09-30": "6866.40000", "2018-06-30": "6929.60000", "2018-03-31": "8372.30000", "2017-12-31": "8372.00000", "2017-09-30": "9226.60000", "2017-06-30": "9084.30000", "2017-03-31": "9873.40000", "2016-12-31": "9812.30000", "2016-09-30": "10110.80000", "2016-06-30": "9713.00000", "2016-03-31": "9876.89900", "2015-12-31": "3206.20000", "2015-09-30": "3194.10000", "2015-06-30": "3226.42600", "2015-03-31": "3184.74800", "2014-12-31": "3439.50000", "2014-09-30": "3626.36000", "2014-06-30": "3841.09900", "2014-03-31": "3887.11000", "2013-12-31": "3934.24500", "2013-09-30": "3856.83400", "2013-06-30": "3704.65000", "2013-03-31": "3741.60900", "2012-12-31": "3861.20100", "2012-09-30": "3848.44400", "2012-06-30": "3765.57400", "2012-03-31": "3895.87600", "2011-12-31": "3742.49500", "2011-09-30": "3744.10600", "2011-06-30": "2104.23000", "2011-03-31": "2024.98100", "2010-12-31": "1942.90600", "2010-09-30": "1863.59900", "2010-06-30": "1708.02500", "2010-03-31": "1808.29300", "2009-12-31": "1870.13600", "2009-09-30": "1940.00600", "2009-06-30": "1865.97400", "2009-03-31": "1775.90000", "2008-12-31": "1880.53800", "2008-09-30": "1689.21500", "2008-06-30": "1811.12100", "2008-03-31": "1821.67400", "2007-12-31": "1693.54700", "2007-09-30": "1640.98100", "2007-06-30": "1518.82500", "2007-03-31": "1478.35700", "2006-12-31": "1463.15900", "2006-09-30": "1429.92800", "2006-06-30": "1407.64100", "2006-03-31": "1378.02800", "2005-12-31": "1377.28500", "2005-09-30": "1478.82400", "2005-06-30": "1625.19400", "2005-03-31": "1670.72500"}, "Total Assets": {"2020-09-30": "8895.90000", "2020-06-30": "8604.20000", "2020-03-31": "8058.40000", "2019-12-31": "8602.90000", "2019-09-30": "8366.80000", "2019-06-30": "8575.30000", "2019-03-31": "8604.50000", "2018-12-31": "8687.00000", "2018-09-30": "8769.20000", "2018-06-30": "8822.00000", "2018-03-31": "10372.80000", "2017-12-31": "10374.50000", "2017-09-30": "11199.00000", "2017-06-30": "10850.00000", "2017-03-31": "11594.00000", "2016-12-31": "11555.80000", "2016-09-30": "11952.40000", "2016-06-30": "11451.40000", "2016-03-31": "11682.40000", "2015-12-31": "4402.90000", "2015-09-30": "4402.20000", "2015-06-30": "4496.75600", "2015-03-31": "4384.83000", "2014-12-31": "4646.50000", "2014-09-30": "4884.06100", "2014-06-30": "5072.37300", "2014-03-31": "5089.43300", "2013-12-31": "5078.04700", "2013-09-30": "5009.97900", "2013-06-30": "4874.68300", "2013-03-31": "4902.12800", "2012-12-31": "4972.29700", "2012-09-30": "4977.42200", "2012-06-30": "4870.75600", "2012-03-31": "5015.06100", "2011-12-31": "4755.39800", "2011-09-30": "4833.71100", "2011-06-30": "3656.64300", "2011-03-31": "3437.04900", "2010-12-31": "3257.95100", "2010-09-30": "3195.15600", "2010-06-30": "2797.26700", "2010-03-31": "2986.74700", "2009-12-31": "3087.93200", "2009-09-30": "3067.10900", "2009-06-30": "2898.47900", "2009-03-31": "2760.78900", "2008-12-31": "2830.40000", "2008-09-30": "2661.31100", "2008-06-30": "2993.20800", "2008-03-31": "2915.00500", "2007-12-31": "2675.56900", "2007-09-30": "2614.91700", "2007-06-30": "2388.57000", "2007-03-31": "2294.75800", "2006-12-31": "2181.35000", "2006-09-30": "2566.93500", "2006-06-30": "2566.71300", "2006-03-31": "2442.15400", "2005-12-31": "2410.37300", "2005-09-30": "2465.81800", "2005-06-30": "2572.32200", "2005-03-31": "2696.41700"}, "Total Current Liabilities": {"2020-09-30": "1178.20000", "2020-06-30": "763.00000", "2020-03-31": "891.50000", "2019-12-31": "995.50000", "2019-09-30": "868.90000", "2019-06-30": "880.80000", "2019-03-31": "870.60000", "2018-12-31": "1013.30000", "2018-09-30": "1080.10000", "2018-06-30": "1117.70000", "2018-03-31": "895.40000", "2017-12-31": "954.50000", "2017-09-30": "848.40000", "2017-06-30": "753.70000", "2017-03-31": "747.50000", "2016-12-31": "767.60000", "2016-09-30": "770.20000", "2016-06-30": "722.50000", "2016-03-31": "854.20000", "2015-12-31": "476.00000", "2015-09-30": "933.40000", "2015-06-30": "612.97300", "2015-03-31": "661.83300", "2014-12-31": "652.60000", "2014-09-30": "734.56900", "2014-06-30": "896.30900", "2014-03-31": "967.44600", "2013-12-31": "796.40500", "2013-09-30": "777.56100", "2013-06-30": "890.61500", "2013-03-31": "826.16500", "2012-12-31": "927.78000", "2012-09-30": "940.72000", "2012-06-30": "748.20300", "2012-03-31": "794.48300", "2011-12-31": "724.07300", "2011-09-30": "512.68900", "2011-06-30": "430.42600", "2011-03-31": "362.01100", "2010-12-31": "360.09100", "2010-09-30": "351.91200", "2010-06-30": "322.37400", "2010-03-31": "327.43500", "2009-12-31": "444.55600", "2009-09-30": "603.65200", "2009-06-30": "590.49300", "2009-03-31": "343.70700", "2008-12-31": "359.96200", "2008-09-30": "338.04700", "2008-06-30": "325.56100", "2008-03-31": "297.04000", "2007-12-31": "312.41100", "2007-09-30": "322.41800", "2007-06-30": "291.07500", "2007-03-31": "264.98000", "2006-12-31": "311.43400", "2006-09-30": "763.36200", "2006-06-30": "716.17600", "2006-03-31": "778.26700", "2005-12-31": "744.27800", "2005-09-30": "363.88800", "2005-06-30": "373.40900", "2005-03-31": "393.41800"}, "Long Term Debt": {"2020-09-30": "1930.00000", "2020-06-30": "2182.70000", "2020-03-31": "1421.20000", "2019-12-31": "1433.10000", "2019-09-30": "1403.90000", "2019-06-30": "1441.30000", "2019-03-31": "1545.10000", "2018-12-31": "1564.90000", "2018-09-30": "1574.80000", "2018-06-30": "1586.60000", "2018-03-31": "1645.50000", "2017-12-31": "1611.60000", "2017-09-30": "1600.70000", "2017-06-30": "1587.30000", "2017-03-31": "1528.10000", "2016-12-31": "1511.10000", "2016-09-30": "1569.80000", "2016-06-30": "1171.80000", "2016-03-31": "1169.10000", "2015-12-31": "1141.00000", "2015-09-30": "701.90000", "2015-06-30": "1077.77900", "2015-03-31": "1078.82300", "2014-12-31": "1150.10000", "2014-09-30": "1165.56600", "2014-06-30": "1065.88100", "2014-03-31": "1065.46300", "2013-12-31": "1166.17800", "2013-09-30": "1164.79400", "2013-06-30": "1123.79200", "2013-03-31": "1207.72200", "2012-12-31": "1222.03500", "2012-09-30": "1237.24400", "2012-06-30": "1482.78300", "2012-03-31": "1481.21700", "2011-12-31": "1490.01000", "2011-09-30": "1793.97900", "2011-06-30": "654.87300", "2011-03-31": "652.29000", "2010-12-31": "604.01500", "2010-09-30": "592.37600", "2010-06-30": "462.97600", "2010-03-31": "457.56500", "2009-12-31": "387.15100", "2009-09-30": "154.84200", "2009-06-30": "145.94900", "2009-03-31": "460.84200", "2008-12-31": "423.67900", "2008-09-30": "401.68500", "2008-06-30": "576.64900", "2008-03-31": "586.81100", "2007-12-31": "482.06300", "2007-09-30": "495.66800", "2007-06-30": "397.12400", "2007-03-31": "413.35500", "2006-12-31": "367.16100", "2006-09-30": "329.20200", "2006-06-30": "413.30700", "2006-03-31": "186.86100", "2005-12-31": "270.10400", "2005-09-30": "684.60100", "2005-06-30": "658.07700", "2005-03-31": "700.90000"}, "Other Non-Current Liabilities": {"2020-09-30": "496.90000", "2020-06-30": "472.90000", "2020-03-31": "482.50000", "2019-12-31": "480.30000", "2019-09-30": "415.70000", "2019-06-30": "431.20000", "2019-03-31": "418.70000", "2018-12-31": "423.00000", "2018-09-30": "446.30000", "2018-06-30": "439.60000", "2018-03-31": "485.30000", "2017-12-31": "462.50000", "2017-09-30": "441.90000", "2017-06-30": "432.40000", "2017-03-31": "401.60000", "2016-12-31": "399.50000", "2016-09-30": "400.80000", "2016-06-30": "391.70000", "2016-03-31": "398.20000", "2015-12-31": "286.20000", "2015-09-30": "332.50000", "2015-06-30": "334.12800", "2015-03-31": "319.45200", "2014-12-31": "356.00000", "2014-09-30": "272.20000", "2014-06-30": "294.40400", "2014-03-31": "295.65700", "2013-12-31": "299.09600", "2013-09-30": "361.93800", "2013-06-30": "353.55600", "2013-03-31": "372.74700", "2012-12-31": "340.39800", "2012-09-30": "318.75700", "2012-06-30": "316.09800", "2012-03-31": "371.02400", "2011-12-31": "407.34200", "2011-09-30": "394.46700", "2011-06-30": "408.78700", "2011-03-31": "360.28600", "2010-12-31": "311.44400", "2010-09-30": "300.07400", "2010-06-30": "196.72800", "2010-03-31": "248.96300", "2009-12-31": "276.74300", "2009-09-30": "328.32600", "2009-06-30": "287.40700", "2009-03-31": "217.61200", "2008-12-31": "318.29700", "2008-09-30": "271.61800", "2008-06-30": "411.74400", "2008-03-31": "442.90900", "2007-12-31": "304.14600", "2007-09-30": "291.19900", "2007-06-30": "244.92000", "2007-03-31": "233.55800", "2006-12-31": "175.50700", "2006-09-30": "144.54200", "2006-06-30": "149.49600", "2006-03-31": "123.61000", "2005-12-31": "106.29500", "2005-09-30": "105.12600", "2005-06-30": "108.14500", "2005-03-31": "111.35600"}, "Total Long Term Liabilities": {"2020-09-30": "2955.40000", "2020-06-30": "3195.80000", "2020-03-31": "2476.70000", "2019-12-31": "2512.50000", "2019-09-30": "2438.80000", "2019-06-30": "2511.60000", "2019-03-31": "2624.40000", "2018-12-31": "2540.70000", "2018-09-30": "2534.80000", "2018-06-30": "2564.20000", "2018-03-31": "2772.20000", "2017-12-31": "2792.10000", "2017-09-30": "2860.80000", "2017-06-30": "2822.10000", "2017-03-31": "2682.90000", "2016-12-31": "2662.30000", "2016-09-30": "2825.10000", "2016-06-30": "2413.30000", "2016-03-31": "2442.80000", "2015-12-31": "1587.50000", "2015-09-30": "1187.30000", "2015-06-30": "1567.49400", "2015-03-31": "1548.74500", "2014-12-31": "1671.70000", "2014-09-30": "1653.24800", "2014-06-30": "1591.29000", "2014-03-31": "1597.38900", "2013-12-31": "1703.66800", "2013-09-30": "1753.40000", "2013-06-30": "1695.97200", "2013-03-31": "1806.56900", "2012-12-31": "1795.07400", "2012-09-30": "1875.83500", "2012-06-30": "2133.55400", "2012-03-31": "2173.60300", "2011-12-31": "2147.17400", "2011-09-30": "2430.60800", "2011-06-30": "1144.98400", "2011-03-31": "1092.53900", "2010-12-31": "987.94800", "2010-09-30": "966.68800", "2010-06-30": "733.48300", "2010-03-31": "776.69400", "2009-12-31": "736.41800", "2009-09-30": "561.00600", "2009-06-30": "503.86400", "2009-03-31": "737.48500", "2008-12-31": "811.02500", "2008-09-30": "736.84500", "2008-06-30": "1058.45700", "2008-03-31": "1098.02400", "2007-12-31": "847.05200", "2007-09-30": "838.86400", "2007-06-30": "699.00900", "2007-03-31": "691.74900", "2006-12-31": "596.08100", "2006-09-30": "517.92800", "2006-06-30": "600.14000", "2006-03-31": "354.41100", "2005-12-31": "419.49900", "2005-09-30": "846.13100", "2005-06-30": "831.20610", "2005-03-31": "869.18100"}, "Total Liabilities": {"2020-09-30": "4133.60000", "2020-06-30": "3958.80000", "2020-03-31": "3368.20000", "2019-12-31": "3508.00000", "2019-09-30": "3307.70000", "2019-06-30": "3392.40000", "2019-03-31": "3495.00000", "2018-12-31": "3554.00000", "2018-09-30": "3614.90000", "2018-06-30": "3681.90000", "2018-03-31": "3667.60000", "2017-12-31": "3746.60000", "2017-09-30": "3709.20000", "2017-06-30": "3575.80000", "2017-03-31": "3430.40000", "2016-12-31": "3429.90000", "2016-09-30": "3595.30000", "2016-06-30": "3135.80000", "2016-03-31": "3297.00000", "2015-12-31": "2063.50000", "2015-09-30": "2120.70000", "2015-06-30": "2180.46700", "2015-03-31": "2210.57800", "2014-12-31": "2324.30000", "2014-09-30": "2387.81700", "2014-06-30": "2487.59900", "2014-03-31": "2564.83500", "2013-12-31": "2500.07300", "2013-09-30": "2530.96100", "2013-06-30": "2586.58700", "2013-03-31": "2632.73400", "2012-12-31": "2722.85400", "2012-09-30": "2816.55500", "2012-06-30": "2881.75700", "2012-03-31": "2968.08600", "2011-12-31": "2871.24700", "2011-09-30": "2943.29700", "2011-06-30": "1575.41000", "2011-03-31": "1454.55000", "2010-12-31": "1348.03900", "2010-09-30": "1318.60000", "2010-06-30": "1055.85700", "2010-03-31": "1104.12900", "2009-12-31": "1180.97400", "2009-09-30": "1164.65800", "2009-06-30": "1094.35700", "2009-03-31": "1081.19200", "2008-12-31": "1170.98700", "2008-09-30": "1074.89200", "2008-06-30": "1384.01800", "2008-03-31": "1395.06400", "2007-12-31": "1159.46300", "2007-09-30": "1161.28200", "2007-06-30": "990.08400", "2007-03-31": "956.72900", "2006-12-31": "907.51500", "2006-09-30": "1281.29000", "2006-06-30": "1316.31600", "2006-03-31": "1132.67800", "2005-12-31": "1163.77700", "2005-09-30": "1210.01900", "2005-06-30": "1204.61500", "2005-03-31": "1262.59900"}, "Common Stock Net": {"2020-09-30": "2.60000", "2020-06-30": "2.60000", "2020-03-31": "2.60000", "2019-12-31": "2.60000", "2019-09-30": "2.60000", "2019-06-30": "2.60000", "2019-03-31": "2.60000", "2018-12-31": "2.60000", "2018-09-30": "2.60000", "2018-06-30": "2.60000", "2018-03-31": "2.60000", "2017-12-31": "2.60000", "2017-09-30": "2.60000", "2017-06-30": "2.60000", "2017-03-31": "2.60000", "2016-12-31": "2.60000", "2016-09-30": "2.60000", "2016-06-30": "2.60000", "2016-03-31": "2.60000", "2015-12-31": "1.60000", "2015-09-30": "1.60000", "2015-06-30": "1.62800", "2015-03-31": "1.62800", "2014-12-31": "1.60000", "2014-09-30": "1.62800", "2014-06-30": "1.62800", "2014-03-31": "1.62800", "2013-12-31": "1.62800", "2013-09-30": "1.62800", "2013-06-30": "1.62800", "2013-03-31": "1.62800", "2012-12-31": "1.62800", "2012-09-30": "1.62800", "2012-06-30": "1.62800", "2012-03-31": "1.62800", "2011-12-31": "1.62800", "2011-09-30": "1.62800", "2011-06-30": "1.62800", "2011-03-31": "1.62800", "2010-12-31": "1.62800", "2010-09-30": "1.62800", "2010-06-30": "1.62800", "2010-03-31": "1.62800", "2009-12-31": "1.62800", "2009-09-30": "1.62800", "2009-06-30": "1.62800", "2009-03-31": "1.62800", "2008-12-31": "1.62800", "2008-09-30": "1.62800", "2008-06-30": "1.62800", "2008-03-31": "1.62800", "2007-12-31": "1.62800", "2007-09-30": "1.62800", "2007-06-30": "1.62800", "2007-03-31": "1.62800", "2006-12-31": "1.62800", "2006-09-30": "0.81400", "2006-06-30": "0.81400", "2006-03-31": "0.81400", "2005-12-31": "0.81400", "2005-09-30": "0.81400", "2005-06-30": "0.81400", "2005-03-31": "0.81400"}, "Retained Earnings (Accumulated Deficit)": {"2020-09-30": "1156.20000", "2020-06-30": "1124.70000", "2020-03-31": "1242.20000", "2019-12-31": "1404.20000", "2019-09-30": "1324.30000", "2019-06-30": "1261.80000", "2019-03-31": "1245.00000", "2018-12-31": "1225.90000", "2018-09-30": "1243.60000", "2018-06-30": "1216.20000", "2018-03-31": "2375.90000", "2017-12-31": "2316.20000", "2017-09-30": "2986.00000", "2017-06-30": "2915.60000", "2017-03-31": "3986.40000", "2016-12-31": "3948.00000", "2016-09-30": "3859.00000", "2016-06-30": "3784.70000", "2016-03-31": "3697.50000", "2015-12-31": "3591.00000", "2015-09-30": "3542.70000", "2015-06-30": "3468.36400", "2015-03-31": "3434.48400", "2014-12-31": "3380.70000", "2014-09-30": "3305.44800", "2014-06-30": "3239.64100", "2014-03-31": "3159.12300", "2013-12-31": "3095.72100", "2013-09-30": "3030.25200", "2013-06-30": "2959.39100", "2013-03-31": "2881.12600", "2012-12-31": "2818.46100", "2012-09-30": "2699.54600", "2012-06-30": "2654.04400", "2012-03-31": "2581.13400", "2011-12-31": "2535.70900", "2011-09-30": "2502.94500", "2011-06-30": "2449.46300", "2011-03-31": "2382.33600", "2010-12-31": "2320.35000", "2010-09-30": "2258.53100", "2010-06-30": "2202.13000", "2010-03-31": "2137.95200", "2009-12-31": "2083.45900", "2009-09-30": "2016.00700", "2009-06-30": "1955.97700", "2009-03-31": "1893.24200", "2008-12-31": "1838.95800", "2008-09-30": "1775.41000", "2008-06-30": "1716.08300", "2008-03-31": "1644.14900", "2007-12-31": "1582.68300", "2007-09-30": "1519.46100", "2007-06-30": "1460.52600", "2007-03-31": "1400.47800", "2006-12-31": "1352.34200", "2006-09-30": "1294.28100", "2006-06-30": "1250.22200", "2006-03-31": "1196.31800", "2005-12-31": "1151.85600", "2005-09-30": "1158.09700", "2005-06-30": "1223.59300", "2005-03-31": "1170.47900"}, "Comprehensive Income": {"2020-09-30": "-577.60000", "2020-06-30": "-644.70000", "2020-03-31": "-712.20000", "2019-12-31": "-599.70000", "2019-09-30": "-609.10000", "2019-06-30": "-502.60000", "2019-03-31": "-537.40000", "2018-12-31": "-478.70000", "2018-09-30": "-466.50000", "2018-06-30": "-440.80000", "2018-03-31": "-281.00000", "2017-12-31": "-291.00000", "2017-09-30": "-318.60000", "2017-06-30": "-438.00000", "2017-03-31": "-658.00000", "2016-12-31": "-705.70000", "2016-09-30": "-479.40000", "2016-06-30": "-514.60000", "2016-03-31": "-431.20000", "2015-12-31": "-594.00000", "2015-09-30": "-587.50000", "2015-06-30": "-475.00600", "2015-03-31": "-573.56700", "2014-12-31": "-441.10000", "2014-09-30": "-253.05500", "2014-06-30": "-97.99900", "2014-03-31": "-75.66500", "2013-12-31": "-69.06200", "2013-09-30": "-120.10400", "2013-06-30": "-223.22200", "2013-03-31": "-199.10100", "2012-12-31": "-144.20000", "2012-09-30": "-95.77900", "2012-06-30": "-203.71200", "2012-03-31": "-68.03100", "2011-12-31": "-190.97000", "2011-09-30": "-146.68300", "2011-06-30": "103.51300", "2011-03-31": "88.26500", "2010-12-31": "24.15600", "2010-09-30": "41.82000", "2010-06-30": "-55.67800", "2010-03-31": "34.60700", "2009-12-31": "83.54200", "2009-09-30": "95.13900", "2009-06-30": "58.27700", "2009-03-31": "8.30300", "2008-12-31": "39.61200", "2008-09-30": "91.82700", "2008-06-30": "184.61500", "2008-03-31": "167.37900", "2007-12-31": "145.81900", "2007-09-30": "124.13600", "2007-06-30": "101.85800", "2007-03-31": "87.88200", "2006-12-31": "79.91400", "2006-09-30": "68.44500", "2006-06-30": "67.74600", "2006-03-31": "63.79400", "2005-12-31": "56.45400", "2005-09-30": "80.31700", "2005-06-30": "80.10400", "2005-03-31": "122.28000"}, "Other Share Holders Equity": {"2020-09-30": "", "2020-06-30": "", "2020-03-31": "", "2019-12-31": "", "2019-09-30": "", "2019-06-30": "", "2019-03-31": "", "2018-12-31": "", "2018-09-30": "", "2018-06-30": "", "2018-03-31": "", "2017-12-31": "", "2017-09-30": "", "2017-06-30": "", "2017-03-31": "", "2016-12-31": "", "2016-09-30": "", "2016-06-30": "", "2016-03-31": "", "2015-12-31": "", "2015-09-30": "", "2015-06-30": "", "2015-03-31": "", "2014-12-31": "", "2014-09-30": "", "2014-06-30": "", "2014-03-31": "", "2013-12-31": "", "2013-09-30": "", "2013-06-30": "", "2013-03-31": "", "2012-12-31": "", "2012-09-30": "", "2012-06-30": "", "2012-03-31": "", "2011-12-31": "", "2011-09-30": "", "2011-06-30": "", "2011-03-31": "", "2010-12-31": "", "2010-09-30": "", "2010-06-30": "", "2010-03-31": "", "2009-12-31": "", "2009-09-30": "", "2009-06-30": "", "2009-03-31": "", "2008-12-31": "", "2008-09-30": "", "2008-06-30": "", "2008-03-31": "", "2007-12-31": "", "2007-09-30": "", "2007-06-30": "", "2007-03-31": "", "2006-12-31": "", "2006-09-30": "", "2006-06-30": "", "2006-03-31": "", "2005-12-31": "", "2005-09-30": "", "2005-06-30": "", "2005-03-31": ""}, "Share Holder Equity": {"2020-09-30": "4762.30000", "2020-06-30": "4645.40000", "2020-03-31": "4690.20000", "2019-12-31": "5094.90000", "2019-09-30": "5059.10000", "2019-06-30": "5182.90000", "2019-03-31": "5109.50000", "2018-12-31": "5133.00000", "2018-09-30": "5154.30000", "2018-06-30": "5140.10000", "2018-03-31": "6705.20000", "2017-12-31": "6627.90000", "2017-09-30": "7489.80000", "2017-06-30": "7274.20000", "2017-03-31": "8163.60000", "2016-12-31": "8125.90000", "2016-09-30": "8357.10000", "2016-06-30": "8315.60000", "2016-03-31": "8385.40000", "2015-12-31": "2339.40000", "2015-09-30": "2281.50000", "2015-06-30": "2316.28900", "2015-03-31": "2174.25200", "2014-12-31": "2322.20000", "2014-09-30": "2496.24400", "2014-06-30": "2584.77400", "2014-03-31": "2524.59800", "2013-12-31": "2577.97400", "2013-09-30": "2479.01800", "2013-06-30": "2288.09600", "2013-03-31": "2269.39400", "2012-12-31": "2249.44300", "2012-09-30": "2160.86700", "2012-06-30": "1988.99900", "2012-03-31": "2046.97500", "2011-12-31": "1884.15100", "2011-09-30": "1890.41400", "2011-06-30": "2081.23300", "2011-03-31": "1982.49900", "2010-12-31": "1909.91200", "2010-09-30": "1876.55600", "2010-06-30": "1741.41000", "2010-03-31": "1882.61800", "2009-12-31": "1906.95800", "2009-09-30": "1902.45100", "2009-06-30": "1804.12200", "2009-03-31": "1679.59700", "2008-12-31": "1659.41300", "2008-09-30": "1586.41900", "2008-06-30": "1609.19000", "2008-03-31": "1519.94100", "2007-12-31": "1516.10600", "2007-09-30": "1453.63500", "2007-06-30": "1398.48600", "2007-03-31": "1338.02900", "2006-12-31": "1273.83500", "2006-09-30": "1285.64500", "2006-06-30": "1250.39700", "2006-03-31": "1309.47600", "2005-12-31": "1246.59600", "2005-09-30": "1255.79900", "2005-06-30": "1367.70700", "2005-03-31": "1433.81800"}, "Total Liabilities And Share Holders Equity": {"2020-09-30": "8895.90000", "2020-06-30": "8604.20000", "2020-03-31": "8058.40000", "2019-12-31": "8602.90000", "2019-09-30": "8366.80000", "2019-06-30": "8575.30000", "2019-03-31": "8604.50000", "2018-12-31": "8687.00000", "2018-09-30": "8769.20000", "2018-06-30": "8822.00000", "2018-03-31": "10372.80000", "2017-12-31": "10374.50000", "2017-09-30": "11199.00000", "2017-06-30": "10850.00000", "2017-03-31": "11594.00000", "2016-12-31": "11555.80000", "2016-09-30": "11952.40000", "2016-06-30": "11451.40000", "2016-03-31": "11682.40000", "2015-12-31": "4402.90000", "2015-09-30": "4402.20000", "2015-06-30": "4496.75600", "2015-03-31": "4384.83000", "2014-12-31": "4646.50000", "2014-09-30": "4884.06100", "2014-06-30": "5072.37300", "2014-03-31": "5089.43300", "2013-12-31": "5078.04700", "2013-09-30": "5009.97900", "2013-06-30": "4874.68300", "2013-03-31": "4902.12800", "2012-12-31": "4972.29700", "2012-09-30": "4977.42200", "2012-06-30": "4870.75600", "2012-03-31": "5015.06100", "2011-12-31": "4755.39800", "2011-09-30": "4833.71100", "2011-06-30": "3656.64300", "2011-03-31": "3437.04900", "2010-12-31": "3257.95100", "2010-09-30": "3195.15600", "2010-06-30": "2797.26700", "2010-03-31": "2986.74700", "2009-12-31": "3087.93200", "2009-09-30": "3067.10900", "2009-06-30": "2898.47900", "2009-03-31": "2760.78900", "2008-12-31": "2830.40000", "2008-09-30": "2661.31100", "2008-06-30": "2993.20800", "2008-03-31": "2915.00500", "2007-12-31": "2675.56900", "2007-09-30": "2614.91700", "2007-06-30": "2388.57000", "2007-03-31": "2294.75800", "2006-12-31": "2181.35000", "2006-09-30": "2566.93500", "2006-06-30": "2566.71300", "2006-03-31": "2442.15400", "2005-12-31": "2410.37300", "2005-09-30": "2465.81800", "2005-06-30": "2572.32200", "2005-03-31": "2696.41700"}}, "cash flow statement": {"Net Income/Loss": {"2019-12-31": "263.10000", "2018-12-31": "-1010.90000", "2017-12-31": "-1550.30000", "2016-12-31": "431.40000", "2015-12-31": "251.10000", "2014-12-31": "322.90000", "2013-12-31": "318.20000", "2012-12-31": "318.48900", "2011-12-31": "247.44600", "2010-12-31": "267.33500", "2009-12-31": "274.41200", "2008-12-31": "283.27000", "2007-12-31": "259.71100", "2006-12-31": "223.71800", "2005-12-31": "45.41300"}, "Total Depreciation And Amortization - Cash Flow": {"2019-12-31": "325.50000", "2018-12-31": "1419.30000", "2017-12-31": "1969.90000", "2016-12-31": "276.20000", "2015-12-31": "134.20000", "2014-12-31": "133.70000", "2013-12-31": "132.90000", "2012-12-31": "136.24400", "2011-12-31": "93.05800", "2010-12-31": "66.34000", "2009-12-31": "65.17500", "2008-12-31": "56.92900", "2007-12-31": "50.28900", "2006-12-31": "47.43400", "2005-12-31": "50.56000"}, "Other Non-Cash Items": {"2019-12-31": "64.00000", "2018-12-31": "124.60000", "2017-12-31": "327.10000", "2016-12-31": "-101.00000", "2015-12-31": "74.00000", "2014-12-31": "57.40000", "2013-12-31": "27.00000", "2012-12-31": "-47.60600", "2011-12-31": "-46.87700", "2010-12-31": "38.63500", "2009-12-31": "2.68800", "2008-12-31": "16.77300", "2007-12-31": "15.85200", "2006-12-31": "58.77000", "2005-12-31": "141.45700"}, "Total Non-Cash Items": {"2019-12-31": "389.50000", "2018-12-31": "1543.90000", "2017-12-31": "2297.00000", "2016-12-31": "175.20000", "2015-12-31": "208.20000", "2014-12-31": "191.10000", "2013-12-31": "159.90000", "2012-12-31": "88.63800", "2011-12-31": "46.18100", "2010-12-31": "104.97500", "2009-12-31": "67.86300", "2008-12-31": "73.70200", "2007-12-31": "66.14100", "2006-12-31": "106.20400", "2005-12-31": "192.01700"}, "Change In Accounts Receivable": {"2019-12-31": "-91.40000", "2018-12-31": "23.50000", "2017-12-31": "-63.40000", "2016-12-31": "-75.10000", "2015-12-31": "-0.90000", "2014-12-31": "7.20000", "2013-12-31": "-32.50000", "2012-12-31": "-12.59100", "2011-12-31": "1.46900", "2010-12-31": "5.11500", "2009-12-31": "-16.94200", "2008-12-31": "-3.69000", "2007-12-31": "9.02900", "2006-12-31": "-19.97900", "2005-12-31": "-31.58900"}, "Change In Inventories": {"2019-12-31": "13.70000", "2018-12-31": "-19.90000", "2017-12-31": "-62.90000", "2016-12-31": "65.40000", "2015-12-31": "32.10000", "2014-12-31": "21.00000", "2013-12-31": "-25.40000", "2012-12-31": "-36.79200", "2011-12-31": "21.50300", "2010-12-31": "-9.30900", "2009-12-31": "27.71000", "2008-12-31": "-32.82400", "2007-12-31": "-0.71600", "2006-12-31": "-10.77500", "2005-12-31": "-7.46000"}, "Change In Accounts Payable": {"2019-12-31": "26.10000", "2018-12-31": "7.10000", "2017-12-31": "44.20000", "2016-12-31": "7.20000", "2015-12-31": "8.80000", "2014-12-31": "10.00000", "2013-12-31": "-36.70000", "2012-12-31": "12.84300", "2011-12-31": "10.81600", "2010-12-31": "2.16500", "2009-12-31": "-4.94700", "2008-12-31": "5.43000", "2007-12-31": "-7.39500", "2006-12-31": "-6.58100", "2005-12-31": "-6.78400"}, "Change In Assets/Liabilities": {"2019-12-31": "2.30000", "2018-12-31": "-56.30000", "2017-12-31": "-70.50000", "2016-12-31": "-20.80000", "2015-12-31": "10.90000", "2014-12-31": "-2.00000", "2013-12-31": "39.00000", "2012-12-31": "-22.03100", "2011-12-31": "-2.30300", "2010-12-31": "-4.61000", "2009-12-31": "7.99700", "2008-12-31": "-0.24900", "2007-12-31": "1.90200", "2006-12-31": "0.34600", "2005-12-31": "1.59200"}, "Total Change In Assets/Liabilities": {"2019-12-31": "-19.80000", "2018-12-31": "-33.20000", "2017-12-31": "-144.80000", "2016-12-31": "-43.20000", "2015-12-31": "38.10000", "2014-12-31": "46.40000", "2013-12-31": "-60.30000", "2012-12-31": "-37.44200", "2011-12-31": "99.84200", "2010-12-31": "5.15100", "2009-12-31": "20.21400", "2008-12-31": "-20.99100", "2007-12-31": "61.84500", "2006-12-31": "-58.06700", "2005-12-31": "-4.66100"}, "Cash Flow From Operating Activities": {"2019-12-31": "632.80000", "2018-12-31": "499.80000", "2017-12-31": "601.90000", "2016-12-31": "563.40000", "2015-12-31": "497.40000", "2014-12-31": "560.40000", "2013-12-31": "417.80000", "2012-12-31": "369.68500", "2011-12-31": "393.46900", "2010-12-31": "377.46100", "2009-12-31": "362.48900", "2008-12-31": "335.98100", "2007-12-31": "387.69700", "2006-12-31": "271.85500", "2005-12-31": "232.76900"}, "Net Change In Property, Plant, And Equipment": {"2019-12-31": "-118.10000", "2018-12-31": "-173.30000", "2017-12-31": "-136.90000", "2016-12-31": "-120.00000", "2015-12-31": "-71.60000", "2014-12-31": "-99.00000", "2013-12-31": "-97.30000", "2012-12-31": "-91.03300", "2011-12-31": "-70.68900", "2010-12-31": "-40.67400", "2009-12-31": "-50.62100", "2008-12-31": "-75.84400", "2007-12-31": "-57.83600", "2006-12-31": "-42.43600", "2005-12-31": "-44.73800"}, "Net Change In Intangible Assets": {"2019-12-31": "0.00000", "2018-12-31": "-5.50000", "2017-12-31": "-6.70000", "2016-12-31": "-1.10000", "2015-12-31": "", "2014-12-31": "-6.20000", "2013-12-31": "-1.10000", "2012-12-31": "-3.32900", "2011-12-31": "-3.06800", "2010-12-31": "-1.60600", "2009-12-31": "-0.01400", "2008-12-31": "-2.47700", "2007-12-31": "-1.66500", "2006-12-31": "-1.99800", "2005-12-31": "-3.47300"}, "Net Acquisitions/Divestitures": {"2019-12-31": "8.40000", "2018-12-31": "-130.50000", "2017-12-31": "-145.90000", "2016-12-31": "186.60000", "2015-12-31": "-54.00000", "2014-12-31": "-2.10000", "2013-12-31": "-66.20000", "2012-12-31": "-4.86100", "2011-12-31": "-1787.51600", "2010-12-31": "-35.55600", "2009-12-31": "-2.98600", "2008-12-31": "-117.30000", "2007-12-31": "-101.49200", "2006-12-31": "-32.08300", "2005-12-31": "-18.09700"}, "Net Change In Short-term Investments": {"2019-12-31": "1.00000", "2018-12-31": "-3.70000", "2017-12-31": "-2.50000", "2016-12-31": "-6.80000", "2015-12-31": "", "2014-12-31": "-1.20000", "2013-12-31": "", "2012-12-31": "", "2011-12-31": "0.00600", "2010-12-31": "", "2009-12-31": "0.22200", "2008-12-31": "147.81700", "2007-12-31": "-138.39800", "2006-12-31": "0.22600", "2005-12-31": "92.71800"}, "Net Change In Long-Term Investments": {"2019-12-31": "", "2018-12-31": "54.10000", "2017-12-31": "", "2016-12-31": "", "2015-12-31": "47.70000", "2014-12-31": "", "2013-12-31": "", "2012-12-31": "", "2011-12-31": "", "2010-12-31": "", "2009-12-31": "", "2008-12-31": "", "2007-12-31": "", "2006-12-31": "", "2005-12-31": ""}, "Net Change In Investments - Total": {"2019-12-31": "1.00000", "2018-12-31": "50.40000", "2017-12-31": "-2.50000", "2016-12-31": "-6.80000", "2015-12-31": "47.70000", "2014-12-31": "-1.20000", "2013-12-31": "", "2012-12-31": "", "2011-12-31": "0.00600", "2010-12-31": "", "2009-12-31": "0.22200", "2008-12-31": "147.81700", "2007-12-31": "-138.39800", "2006-12-31": "0.22600", "2005-12-31": "92.71800"}, "Investing Activities - Other": {"2019-12-31": "40.30000", "2018-12-31": "5.60000", "2017-12-31": "5.60000", "2016-12-31": "1.30000", "2015-12-31": "23.00000", "2014-12-31": "-30.20000", "2013-12-31": "-95.60000", "2012-12-31": "-15.79800", "2011-12-31": "-25.57500", "2010-12-31": "-86.63200", "2009-12-31": "", "2008-12-31": "", "2007-12-31": "", "2006-12-31": "", "2005-12-31": "23.83600"}, "Cash Flow From Investing Activities": {"2019-12-31": "-68.40000", "2018-12-31": "-253.30000", "2017-12-31": "-286.40000", "2016-12-31": "60.00000", "2015-12-31": "-54.90000", "2014-12-31": "-138.70000", "2013-12-31": "-260.20000", "2012-12-31": "-115.02100", "2011-12-31": "-1886.84200", "2010-12-31": "-164.46800", "2009-12-31": "-53.39900", "2008-12-31": "-47.80400", "2007-12-31": "-299.39100", "2006-12-31": "-76.29100", "2005-12-31": "50.24600"}, "Net Long-Term Debt": {"2019-12-31": "-132.30000", "2018-12-31": "-9.30000", "2017-12-31": "-13.60000", "2016-12-31": "343.10000", "2015-12-31": "-114.60000", "2014-12-31": "-84.90000", "2013-12-31": "-76.80000", "2012-12-31": "", "2011-12-31": "854.58200", "2010-12-31": "126.47400", "2009-12-31": "27.68800", "2008-12-31": "-108.24700", "2007-12-31": "98.95700", "2006-12-31": "-363.25000", "2005-12-31": "-60.10500"}, "Net Current Debt": {"2019-12-31": "-68.50000", "2018-12-31": "60.40000", "2017-12-31": "10.20000", "2016-12-31": "-44.10000", "2015-12-31": "-2.20000", "2014-12-31": "-101.90000", "2013-12-31": "57.30000", "2012-12-31": "-228.91200", "2011-12-31": "270.20900", "2010-12-31": "-9.65700", "2009-12-31": "-7.46500", "2008-12-31": "2.11100", "2007-12-31": "-2.16600", "2006-12-31": "1.24400", "2005-12-31": "-0.14100"}, "Debt Issuance/Retirement Net - Total": {"2019-12-31": "-200.80000", "2018-12-31": "51.10000", "2017-12-31": "-3.40000", "2016-12-31": "299.00000", "2015-12-31": "-116.80000", "2014-12-31": "-186.80000", "2013-12-31": "-19.50000", "2012-12-31": "-228.91200", "2011-12-31": "1124.79100", "2010-12-31": "116.81700", "2009-12-31": "20.22300", "2008-12-31": "-106.13600", "2007-12-31": "96.79100", "2006-12-31": "-362.00600", "2005-12-31": "-60.24600"}, "Net Common Equity Issued/Repurchased": {"2019-12-31": "-151.20000", "2018-12-31": "-222.30000", "2017-12-31": "-319.10000", "2016-12-31": "-772.90000", "2015-12-31": "-77.20000", "2014-12-31": "-114.20000", "2013-12-31": "-51.10000", "2012-12-31": "-4.65400", "2011-12-31": "-37.22500", "2010-12-31": "-193.80400", "2009-12-31": "-65.31200", "2008-12-31": "-99.90800", "2007-12-31": "-79.82800", "2006-12-31": "-240.16100", "2005-12-31": "-132.98400"}, "Net Total Equity Issued/Repurchased": {"2019-12-31": "-151.20000", "2018-12-31": "-222.30000", "2017-12-31": "-319.10000", "2016-12-31": "-772.90000", "2015-12-31": "-77.20000", "2014-12-31": "-114.20000", "2013-12-31": "-51.10000", "2012-12-31": "-4.65400", "2011-12-31": "-37.22500", "2010-12-31": "-193.80400", "2009-12-31": "-65.31200", "2008-12-31": "-99.90800", "2007-12-31": "-79.82800", "2006-12-31": "-240.16100", "2005-12-31": "-132.98400"}, "Total Common And Preferred Stock Dividends Paid": {"2019-12-31": "-80.90000", "2018-12-31": "-78.60000", "2017-12-31": "-78.30000", "2016-12-31": "-64.60000", "2015-12-31": "-40.00000", "2014-12-31": "-37.30000", "2013-12-31": "-34.80000", "2012-12-31": "-31.42500", "2011-12-31": "-28.63200", "2010-12-31": "-29.07700", "2009-12-31": "-29.83600", "2008-12-31": "-26.95200", "2007-12-31": "-25.13400", "2006-12-31": "-21.86300", "2005-12-31": "-19.14100"}, "Financial Activities - Other": {"2019-12-31": "-33.20000", "2018-12-31": "", "2017-12-31": "", "2016-12-31": "12.30000", "2015-12-31": "-68.90000", "2014-12-31": "2.10000", "2013-12-31": "-56.30000", "2012-12-31": "9.38200", "2011-12-31": "-56.55300", "2010-12-31": "3.02800", "2009-12-31": "3.50500", "2008-12-31": "3.91000", "2007-12-31": "11.37800", "2006-12-31": "11.46100", "2005-12-31": ""}, "Cash Flow From Financial Activities": {"2019-12-31": "-466.10000", "2018-12-31": "-249.80000", "2017-12-31": "-400.80000", "2016-12-31": "-526.20000", "2015-12-31": "-302.90000", "2014-12-31": "-336.20000", "2013-12-31": "-161.70000", "2012-12-31": "-255.60900", "2011-12-31": "1002.38100", "2010-12-31": "-103.03600", "2009-12-31": "-71.42000", "2008-12-31": "-229.08600", "2007-12-31": "3.20700", "2006-12-31": "-612.56900", "2005-12-31": "-212.37100"}, "Net Cash Flow": {"2019-12-31": "95.30000", "2018-12-31": "-11.00000", "2017-12-31": "-63.30000", "2016-12-31": "99.30000", "2015-12-31": "133.00000", "2014-12-31": "76.60000", "2013-12-31": "-5.10000", "2012-12-31": "3.00400", "2011-12-31": "-462.91000", "2010-12-31": "89.69000", "2009-12-31": "246.35700", "2008-12-31": "34.60700", "2007-12-31": "104.32000", "2006-12-31": "-368.92000", "2005-12-31": "30.44300"}, "Stock-Based Compensation": {"2019-12-31": "66.20000", "2018-12-31": "21.00000", "2017-12-31": "48.00000", "2016-12-31": "41.30000", "2015-12-31": "25.60000", "2014-12-31": "25.40000", "2013-12-31": "25.10000", "2012-12-31": "22.18700", "2011-12-31": "20.94700", "2010-12-31": "18.80300", "2009-12-31": "16.27600", "2008-12-31": "17.29000", "2007-12-31": "14.08800", "2006-12-31": "19.62300", "2005-12-31": "0.99000"}, "Common Stock Dividends Paid": {"2019-12-31": "-80.90000", "2018-12-31": "-78.60000", "2017-12-31": "-78.30000", "2016-12-31": "-64.60000", "2015-12-31": "-40.00000", "2014-12-31": "-37.30000", "2013-12-31": "-34.80000", "2012-12-31": "-31.42500", "2011-12-31": "-28.63200", "2010-12-31": "-29.07700", "2009-12-31": "-29.83600", "2008-12-31": "-26.95200", "2007-12-31": "-25.13400", "2006-12-31": "-21.86300", "2005-12-31": "-19.14100"}}, "cash flow statement, quarterly": {"Net Income/Loss": {"2020-09-30": 54.2, "2020-06-30": -95.9, "2020-03-31": "-139.90000", "2019-12-31": 102.5, "2019-09-30": 85, "2019-06-30": 36.4, "2019-03-31": "39.20000", "2018-12-31": 1.5, "2018-09-30": 27.5, "2018-06-30": -1121, "2018-03-31": "81.10000", "2017-12-31": -650.2, "2017-09-30": 90.5, "2017-06-30": -1050.3, "2017-03-31": "59.70000", "2016-12-31": 107.9, "2016-09-30": 92.3, "2016-06-30": 105.9, "2016-03-31": "125.30000", "2015-12-31": 58.6, "2015-09-30": 84.5, "2015-06-30": 44, "2015-03-31": "64.00000", "2014-12-31": 84.7, "2014-09-30": 75.266, "2014-06-30": 90.014, "2014-03-31": "72.92000", "2013-12-31": 76.071, "2013-09-30": 80.865, "2013-06-30": 88.691, "2013-03-31": "72.57300", "2012-12-31": 127.928, "2012-09-30": 54.292, "2012-06-30": 82.041, "2012-03-31": "54.22800", "2011-12-31": 41.393, "2011-09-30": 61.2, "2011-06-30": 75.39, "2011-03-31": "69.46300", "2010-12-31": 67.984, "2010-09-30": 63.814, "2010-06-30": 73.346, "2010-03-31": "62.19100", "2009-12-31": 76.05, "2009-09-30": 67.853, "2009-06-30": 70.579, "2009-03-31": "59.93000", "2008-12-31": 70.351, "2008-09-30": 66.065, "2008-06-30": 78.699, "2008-03-31": "68.15500", "2007-12-31": 70.087, "2007-09-30": 65.719, "2007-06-30": 65.433, "2007-03-31": "58.47200", "2006-12-31": 64.949, "2006-09-30": 49.449, "2006-06-30": 59.316, "2006-03-31": "50.00400", "2005-12-31": -0.724, "2005-09-30": -60.805, "2005-06-30": 57.893, "2005-03-31": "49.04900"}, "Total Depreciation And Amortization - Cash Flow": {"2020-09-30": 89.7, "2020-06-30": 80, "2020-03-31": "236.70000", "2019-12-31": 78.9, "2019-09-30": 79.3, "2019-06-30": 83.5, "2019-03-31": "83.80000", "2018-12-31": 78.4, "2018-09-30": 84.9, "2018-06-30": 1172.1, "2018-03-31": "83.90000", "2017-12-31": 640.7, "2017-09-30": 81.1, "2017-06-30": 1171.3, "2017-03-31": "76.80000", "2016-12-31": 75.7, "2016-09-30": 77.7, "2016-06-30": 76.4, "2016-03-31": "46.40000", "2015-12-31": 36.5, "2015-09-30": 34.9, "2015-06-30": 31.5, "2015-03-31": "31.30000", "2014-12-31": 30.7, "2014-09-30": 33.897, "2014-06-30": 34.022, "2014-03-31": "35.08100", "2013-12-31": 32.813, "2013-09-30": 32.318, "2013-06-30": 34.122, "2013-03-31": "33.64700", "2012-12-31": 33.697, "2012-09-30": 31.785, "2012-06-30": 33.997, "2012-03-31": "36.76500", "2011-12-31": 29.17, "2011-09-30": 26.793, "2011-06-30": 19.516, "2011-03-31": "17.57900", "2010-12-31": 16.221, "2010-09-30": 15.91, "2010-06-30": 16.42, "2010-03-31": "17.78900", "2009-12-31": 15.83, "2009-09-30": 16.398, "2009-06-30": 16.576, "2009-03-31": "16.37100", "2008-12-31": 13.529, "2008-09-30": 15.094, "2008-06-30": 14.096, "2008-03-31": "14.21000", "2007-12-31": 12.469, "2007-09-30": 12.468, "2007-06-30": 12.418, "2007-03-31": "12.93400", "2006-12-31": 11.809, "2006-09-30": 12.228, "2006-06-30": 11.302, "2006-03-31": "12.09500", "2005-12-31": 10.995, "2005-09-30": 12.522, "2005-06-30": 13.611, "2005-03-31": "13.43200"}, "Other Non-Cash Items": {"2020-09-30": -1, "2020-06-30": -22.9, "2020-03-31": "50.30000", "2019-12-31": 0.6, "2019-09-30": 4.4, "2019-06-30": 57.4, "2019-03-31": "1.60000", "2018-12-31": 52.4, "2018-09-30": -8.7, "2018-06-30": 114.7, "2018-03-31": "-33.80000", "2017-12-31": 240.5, "2017-09-30": 12.2, "2017-06-30": 67.3, "2017-03-31": "7.10000", "2016-12-31": 18.3, "2016-09-30": -29.7, "2016-06-30": -4.8, "2016-03-31": "-84.80000", "2015-12-31": -4.8, "2015-09-30": 1.8, "2015-06-30": 51.2, "2015-03-31": "25.80000", "2014-12-31": 28.1, "2014-09-30": 29.637, "2014-06-30": 8.566, "2014-03-31": "-8.90300", "2013-12-31": 39.386, "2013-09-30": -25.8, "2013-06-30": -1.419, "2013-03-31": "14.83300", "2012-12-31": -62.252, "2012-09-30": 11.29, "2012-06-30": -7.973, "2012-03-31": "11.32900", "2011-12-31": -31.867, "2011-09-30": -25.713, "2011-06-30": 6.557, "2011-03-31": "4.14600", "2010-12-31": 18.447, "2010-09-30": 14.31, "2010-06-30": 5.935, "2010-03-31": "-0.05700", "2009-12-31": -19.152, "2009-09-30": 9.413, "2009-06-30": 9.652, "2009-03-31": "2.77500", "2008-12-31": -37.847, "2008-09-30": 28.555, "2008-06-30": 4.458, "2008-03-31": "21.60700", "2007-12-31": -10.783, "2007-09-30": 1.627, "2007-06-30": 20.582, "2007-03-31": "4.42600", "2006-12-31": 44.607, "2006-09-30": -1.646, "2006-06-30": 6.817, "2006-03-31": "8.99200", "2005-12-31": 10.106, "2005-09-30": 131.311, "2005-06-30": -0.228, "2005-03-31": "0.26800"}, "Total Non-Cash Items": {"2020-09-30": 88.7, "2020-06-30": 57.1, "2020-03-31": "287.00000", "2019-12-31": 79.5, "2019-09-30": 83.7, "2019-06-30": 140.9, "2019-03-31": "85.40000", "2018-12-31": 130.8, "2018-09-30": 76.2, "2018-06-30": 1286.8, "2018-03-31": "50.10000", "2017-12-31": 881.2, "2017-09-30": 93.3, "2017-06-30": 1238.6, "2017-03-31": "83.90000", "2016-12-31": 94, "2016-09-30": 48, "2016-06-30": 71.6, "2016-03-31": "-38.40000", "2015-12-31": 31.7, "2015-09-30": 36.7, "2015-06-30": 82.7, "2015-03-31": "57.10000", "2014-12-31": 58.8, "2014-09-30": 63.534, "2014-06-30": 42.588, "2014-03-31": "26.17800", "2013-12-31": 72.199, "2013-09-30": 6.518, "2013-06-30": 32.703, "2013-03-31": "48.48000", "2012-12-31": -28.555, "2012-09-30": 43.075, "2012-06-30": 26.024, "2012-03-31": "48.09400", "2011-12-31": -2.697, "2011-09-30": 1.08, "2011-06-30": 26.073, "2011-03-31": "21.72500", "2010-12-31": 34.668, "2010-09-30": 30.22, "2010-06-30": 22.355, "2010-03-31": "17.73200", "2009-12-31": -3.322, "2009-09-30": 25.811, "2009-06-30": 26.228, "2009-03-31": "19.14600", "2008-12-31": -24.318, "2008-09-30": 43.649, "2008-06-30": 18.554, "2008-03-31": "35.81700", "2007-12-31": 1.686, "2007-09-30": 14.095, "2007-06-30": 33, "2007-03-31": "17.36000", "2006-12-31": 56.416, "2006-09-30": 10.582, "2006-06-30": 18.119, "2006-03-31": "21.08700", "2005-12-31": 21.101, "2005-09-30": 143.833, "2005-06-30": 13.383, "2005-03-31": "13.70000"}, "Change In Accounts Receivable": {"2020-09-30": -119.6, "2020-06-30": 215.4, "2020-03-31": "53.30000", "2019-12-31": -70.7, "2019-09-30": -19.2, "2019-06-30": -38, "2019-03-31": "36.50000", "2018-12-31": -1.6, "2018-09-30": 2.1, "2018-06-30": -64.5, "2018-03-31": "87.50000", "2017-12-31": -5.8, "2017-09-30": -59.5, "2017-06-30": -44.3, "2017-03-31": "46.20000", "2016-12-31": 17.8, "2016-09-30": -10.1, "2016-06-30": -15.7, "2016-03-31": "-67.10000", "2015-12-31": 27, "2015-09-30": 12.1, "2015-06-30": -29.8, "2015-03-31": "-10.20000", "2014-12-31": 38.1, "2014-09-30": 0.605, "2014-06-30": -8.585, "2014-03-31": "-22.92000", "2013-12-31": 32.955, "2013-09-30": 6.869, "2013-06-30": -34.687, "2013-03-31": "-37.63700", "2012-12-31": 29.352, "2012-09-30": -0.482, "2012-06-30": -15.864, "2012-03-31": "-25.59700", "2011-12-31": 28.474, "2011-09-30": 13.352, "2011-06-30": -11.651, "2011-03-31": "-28.70600", "2010-12-31": 21.883, "2010-09-30": 11.719, "2010-06-30": -12.957, "2010-03-31": "-15.53000", "2009-12-31": 6.224, "2009-09-30": 11.292, "2009-06-30": -14.713, "2009-03-31": "-19.74500", "2008-12-31": 41.654, "2008-09-30": 4.367, "2008-06-30": -16.958, "2008-03-31": "-32.75300", "2007-12-31": 23.675, "2007-09-30": 11.342, "2007-06-30": -25.988, "2007-03-31": "", "2006-12-31": -19.979, "2006-09-30": 0, "2006-06-30": 0, "2006-03-31": "", "2005-12-31": -31.589, "2005-09-30": 0, "2005-06-30": 0, "2005-03-31": ""}, "Change In Inventories": {"2020-09-30": 74.8, "2020-06-30": 56.3, "2020-03-31": "-57.30000", "2019-12-31": 62.1, "2019-09-30": -30.1, "2019-06-30": 13.2, "2019-03-31": "-31.50000", "2018-12-31": 63.4, "2018-09-30": -14, "2018-06-30": -4.6, "2018-03-31": "-64.70000", "2017-12-31": 4.4, "2017-09-30": -17.7, "2017-06-30": -11.3, "2017-03-31": "-38.30000", "2016-12-31": 24.5, "2016-09-30": -3.8, "2016-06-30": 36.1, "2016-03-31": "8.60000", "2015-12-31": 22, "2015-09-30": 6, "2015-06-30": 11.5, "2015-03-31": "-7.40000", "2014-12-31": 26.7, "2014-09-30": 16.727, "2014-06-30": -7.247, "2014-03-31": "-15.18000", "2013-12-31": 19.884, "2013-09-30": -4.584, "2013-06-30": -18.62, "2013-03-31": "-22.08000", "2012-12-31": 17.537, "2012-09-30": -7.295, "2012-06-30": -13.028, "2012-03-31": "-34.00600", "2011-12-31": 24.112, "2011-09-30": 5.759, "2011-06-30": 6.359, "2011-03-31": "-14.72700", "2010-12-31": 11.49, "2010-09-30": -11.688, "2010-06-30": 5.361, "2010-03-31": "-14.47200", "2009-12-31": 17.04, "2009-09-30": 8.379, "2009-06-30": 20.966, "2009-03-31": "-18.67500", "2008-12-31": -6.906, "2008-09-30": -15.635, "2008-06-30": -4.08, "2008-03-31": "-6.20300", "2007-12-31": 22.104, "2007-09-30": -11.367, "2007-06-30": -11.453, "2007-03-31": "", "2006-12-31": -10.775, "2006-09-30": 0, "2006-06-30": 0, "2006-03-31": "", "2005-12-31": -7.46, "2005-09-30": 0, "2005-06-30": 0, "2005-03-31": ""}, "Change In Accounts Payable": {"2020-09-30": 24, "2020-06-30": -59.8, "2020-03-31": "-28.90000", "2019-12-31": 56.6, "2019-09-30": 1.7, "2019-06-30": -20.9, "2019-03-31": "-11.30000", "2018-12-31": -3, "2018-09-30": 16.6, "2018-06-30": -2.6, "2018-03-31": "-3.90000", "2017-12-31": 35.1, "2017-09-30": -0.4, "2017-06-30": -13.9, "2017-03-31": "23.40000", "2016-12-31": 8.6, "2016-09-30": -15.3, "2016-06-30": 12.7, "2016-03-31": "1.20000", "2015-12-31": -2.4, "2015-09-30": 6.3, "2015-06-30": -0.3, "2015-03-31": "5.20000", "2014-12-31": 8.1, "2014-09-30": -8.713, "2014-06-30": 2.566, "2014-03-31": "8.04700", "2013-12-31": -11.601, "2013-09-30": -13.956, "2013-06-30": -0.215, "2013-03-31": "-10.92800", "2012-12-31": 24.4, "2012-09-30": -10.237, "2012-06-30": -12.848, "2012-03-31": "11.52800", "2011-12-31": 6.148, "2011-09-30": 0.539, "2011-06-30": -1.44, "2011-03-31": "5.56900", "2010-12-31": 4.555, "2010-09-30": -14.993, "2010-06-30": 3.408, "2010-03-31": "9.19500", "2009-12-31": 4.752, "2009-09-30": 1.558, "2009-06-30": -8.624, "2009-03-31": "-2.63300", "2008-12-31": -1.408, "2008-09-30": -2.341, "2008-06-30": 1.367, "2008-03-31": "7.81200", "2007-12-31": -6.549, "2007-09-30": -6.419, "2007-06-30": 5.573, "2007-03-31": "", "2006-12-31": -6.581, "2006-09-30": 0, "2006-06-30": 0, "2006-03-31": "", "2005-12-31": -6.784, "2005-09-30": 0, "2005-06-30": 0, "2005-03-31": ""}, "Change In Assets/Liabilities": {"2020-09-30": 14.3, "2020-06-30": 67.1, "2020-03-31": "-36.80000", "2019-12-31": 15.7, "2019-09-30": -30, "2019-06-30": 27.8, "2019-03-31": "-11.20000", "2018-12-31": 4.8, "2018-09-30": -22, "2018-06-30": -35.6, "2018-03-31": "-3.50000", "2017-12-31": -20.9, "2017-09-30": 0.8, "2017-06-30": -25.4, "2017-03-31": "-25.00000", "2016-12-31": -16.7, "2016-09-30": -4.6, "2016-06-30": 12.8, "2016-03-31": "-12.30000", "2015-12-31": -0.3, "2015-09-30": -1, "2015-06-30": 14.5, "2015-03-31": "-2.30000", "2014-12-31": 1.6, "2014-09-30": -6.16, "2014-06-30": 8.562, "2014-03-31": "-6.00200", "2013-12-31": 4.976, "2013-09-30": 0.715, "2013-06-30": 17.877, "2013-03-31": "15.43200", "2012-12-31": 3.119, "2012-09-30": -5.794, "2012-06-30": 4.297, "2012-03-31": "-23.65300", "2011-12-31": 3.108, "2011-09-30": -1.872, "2011-06-30": 0.712, "2011-03-31": "-4.25100", "2010-12-31": -6.862, "2010-09-30": 11.509, "2010-06-30": -3.528, "2010-03-31": "-5.72900", "2009-12-31": 7.749, "2009-09-30": -3.876, "2009-06-30": 2.916, "2009-03-31": "1.20800", "2008-12-31": 1.927, "2008-09-30": 3.138, "2008-06-30": 0.166, "2008-03-31": "-5.48000", "2007-12-31": -0.431, "2007-09-30": 7.755, "2007-06-30": -5.422, "2007-03-31": "", "2006-12-31": 0.346, "2006-09-30": 0, "2006-06-30": 0, "2006-03-31": "", "2005-12-31": 1.592, "2005-09-30": 0, "2005-06-30": 0, "2005-03-31": ""}, "Total Change In Assets/Liabilities": {"2020-09-30": 64.2, "2020-06-30": 213.9, "2020-03-31": "-157.80000", "2019-12-31": 117.3, "2019-09-30": -9.6, "2019-06-30": -32.2, "2019-03-31": "-95.30000", "2018-12-31": 69.9, "2018-09-30": 21.9, "2018-06-30": -48.9, "2018-03-31": "-76.10000", "2017-12-31": -2.1, "2017-09-30": -19.5, "2017-06-30": -62.1, "2017-03-31": "-61.10000", "2016-12-31": 20.5, "2016-09-30": 12.6, "2016-06-30": 9.9, "2016-03-31": "-86.20000", "2015-12-31": 36.1, "2015-09-30": 38.6, "2015-06-30": 18.9, "2015-03-31": "-55.50000", "2014-12-31": 49.2, "2014-09-30": 8.655, "2014-06-30": 23.078, "2014-03-31": "-34.53300", "2013-12-31": 11.264, "2013-09-30": 39.015, "2013-06-30": -25.612, "2013-03-31": "-84.96700", "2012-12-31": 68.247, "2012-09-30": 1.303, "2012-06-30": -24.623, "2012-03-31": "-82.36900", "2011-12-31": 99.941, "2011-09-30": 26.043, "2011-06-30": 20.318, "2011-03-31": "-46.46000", "2010-12-31": 18.751, "2010-09-30": 11.556, "2010-06-30": 20.7, "2010-03-31": "-45.85600", "2009-12-31": 41.086, "2009-09-30": 38.567, "2009-06-30": 9.093, "2009-03-31": "-68.53200", "2008-12-31": 42.219, "2008-09-30": 2.735, "2008-06-30": 12.72, "2008-03-31": "-78.66500", "2007-12-31": 51.184, "2007-09-30": 31.67, "2007-06-30": -21.009, "2007-03-31": "", "2006-12-31": -58.067, "2006-09-30": 0, "2006-06-30": 0, "2006-03-31": "", "2005-12-31": -4.661, "2005-09-30": 0, "2005-06-30": 0, "2005-03-31": ""}, "Cash Flow From Operating Activities": {"2020-09-30": 207.1, "2020-06-30": 175.1, "2020-03-31": "-10.70000", "2019-12-31": 299.3, "2019-09-30": 159.1, "2019-06-30": 145.1, "2019-03-31": "29.30000", "2018-12-31": 202.2, "2018-09-30": 125.6, "2018-06-30": 116.9, "2018-03-31": "55.10000", "2017-12-31": 228.9, "2017-09-30": 164.3, "2017-06-30": 126.2, "2017-03-31": "82.50000", "2016-12-31": 222.4, "2016-09-30": 152.9, "2016-06-30": 187.4, "2016-03-31": "0.70000", "2015-12-31": 126.4, "2015-09-30": 159.8, "2015-06-30": 145.6, "2015-03-31": "65.60000", "2014-12-31": 192.7, "2014-09-30": 147.455, "2014-06-30": 155.68, "2014-03-31": "64.56500", "2013-12-31": 159.534, "2013-09-30": 126.398, "2013-06-30": 95.782, "2013-03-31": "36.08600", "2012-12-31": 167.62, "2012-09-30": 98.67, "2012-06-30": 83.442, "2012-03-31": "19.95300", "2011-12-31": 138.637, "2011-09-30": 88.323, "2011-06-30": 121.781, "2011-03-31": "44.72800", "2010-12-31": 121.403, "2010-09-30": 105.59, "2010-06-30": 113.924, "2010-03-31": "36.54400", "2009-12-31": 117.125, "2009-09-30": 130.005, "2009-06-30": 104.72, "2009-03-31": "10.63900", "2008-12-31": 99.138, "2008-09-30": 97.818, "2008-06-30": 108.854, "2008-03-31": "30.17100", "2007-12-31": 130.801, "2007-09-30": 101.822, "2007-06-30": 113.249, "2007-03-31": "41.82500", "2006-12-31": 112.4, "2006-09-30": 66.787, "2006-06-30": 81.289, "2006-03-31": "11.37900", "2005-12-31": 100.953, "2005-09-30": 66.688, "2005-06-30": 40.16, "2005-03-31": "24.96800"}, "Net Change In Property, Plant, And Equipment": {"2020-09-30": -21.2, "2020-06-30": -13.2, "2020-03-31": "-24.90000", "2019-12-31": -35.5, "2019-09-30": -19.8, "2019-06-30": -29.2, "2019-03-31": "-33.60000", "2018-12-31": -49, "2018-09-30": -47, "2018-06-30": -44.5, "2018-03-31": "-32.80000", "2017-12-31": -40.4, "2017-09-30": -33.6, "2017-06-30": -33.4, "2017-03-31": "-29.50000", "2016-12-31": -45.9, "2016-09-30": -30.7, "2016-06-30": -23, "2016-03-31": "-20.40000", "2015-12-31": -20.2, "2015-09-30": -18.2, "2015-06-30": -17.1, "2015-03-31": "-16.10000", "2014-12-31": -26.6, "2014-09-30": -23.846, "2014-06-30": -23.4, "2014-03-31": "-25.15400", "2013-12-31": -26.892, "2013-09-30": -26.466, "2013-06-30": -21.128, "2013-03-31": "-22.81400", "2012-12-31": -26.727, "2012-09-30": -21.785, "2012-06-30": -24.045, "2012-03-31": "-18.47600", "2011-12-31": -25.824, "2011-09-30": -19.702, "2011-06-30": -13.441, "2011-03-31": "-11.72200", "2010-12-31": -11.617, "2010-09-30": -10.439, "2010-06-30": -10.701, "2010-03-31": "-7.91700", "2009-12-31": -9.482, "2009-09-30": -17.18, "2009-06-30": -9.793, "2009-03-31": "-14.16600", "2008-12-31": -21.26, "2008-09-30": -18.809, "2008-06-30": -17.579, "2008-03-31": "-18.19600", "2007-12-31": -22.877, "2007-09-30": -14.036, "2007-06-30": -10.215, "2007-03-31": "-10.70800", "2006-12-31": -7.626, "2006-09-30": -13.029, "2006-06-30": -12.642, "2006-03-31": "-9.13900", "2005-12-31": -14.427, "2005-09-30": -9.654, "2005-06-30": -12.109, "2005-03-31": "-8.54800"}, "Net Change In Intangible Assets": {"2020-09-30": 0, "2020-06-30": 0, "2020-03-31": "", "2019-12-31": 0, "2019-09-30": 0, "2019-06-30": 0, "2019-03-31": "", "2018-12-31": 0, "2018-09-30": -0.2, "2018-06-30": -2, "2018-03-31": "-3.30000", "2017-12-31": 0, "2017-09-30": -0.8, "2017-06-30": -1.1, "2017-03-31": "-4.80000", "2016-12-31": 0, "2016-09-30": -1.1, "2016-06-30": 0, "2016-03-31": "", "2015-12-31": 0, "2015-09-30": 0, "2015-06-30": 0.2, "2015-03-31": "-0.20000", "2014-12-31": -4.9, "2014-09-30": 0.016, "2014-06-30": -0.011, "2014-03-31": "-1.30500", "2013-12-31": -0.051, "2013-09-30": -0.086, "2013-06-30": -0.758, "2013-03-31": "-0.20500", "2012-12-31": -3.133, "2012-09-30": -0.008, "2012-06-30": -0.042, "2012-03-31": "-0.14600", "2011-12-31": -2.731, "2011-09-30": -0.005, "2011-06-30": -0.078, "2011-03-31": "-0.25400", "2010-12-31": -1.315, "2010-09-30": -0.036, "2010-06-30": -0.148, "2010-03-31": "-0.10700", "2009-12-31": 0.114, "2009-09-30": 1.13, "2009-06-30": -1.258, "2009-03-31": "", "2008-12-31": -0.276, "2008-09-30": -0.01, "2008-06-30": -2.191, "2008-03-31": "", "2007-12-31": -0.884, "2007-09-30": 2.222, "2007-06-30": -2.667, "2007-03-31": "-0.33600", "2006-12-31": -1.775, "2006-09-30": -0.223, "2006-06-30": 0.015, "2006-03-31": "-0.01500", "2005-12-31": -3.277, "2005-09-30": -0.196, "2005-06-30": 0.096, "2005-03-31": "-0.09600"}, "Net Acquisitions/Divestitures": {"2020-09-30": -2, "2020-06-30": 0, "2020-03-31": "", "2019-12-31": 0.1, "2019-09-30": -3.3, "2019-06-30": 12.6, "2019-03-31": "-1.00000", "2018-12-31": 0, "2018-09-30": 0, "2018-06-30": -123.8, "2018-03-31": "-6.70000", "2017-12-31": -10, "2017-09-30": -10.7, "2017-06-30": -116.1, "2017-03-31": "-9.10000", "2016-12-31": 0.1, "2016-09-30": -337.8, "2016-06-30": 0, "2016-03-31": "524.30000", "2015-12-31": -50.7, "2015-09-30": 0, "2015-06-30": -3.3, "2015-03-31": "", "2014-12-31": -1.5, "2014-09-30": 1.409, "2014-06-30": -2.009, "2014-03-31": "", "2013-12-31": -62.261, "2013-09-30": 0, "2013-06-30": 0, "2013-03-31": "-3.93900", "2012-12-31": -4.861, "2012-09-30": 0, "2012-06-30": 0, "2012-03-31": "", "2011-12-31": 10.403, "2011-09-30": -1777.832, "2011-06-30": -14.505, "2011-03-31": "-5.58200", "2010-12-31": -13.559, "2010-09-30": -13.688, "2010-06-30": -0.622, "2010-03-31": "-7.68700", "2009-12-31": 0, "2009-09-30": 0, "2009-06-30": -2.412, "2009-03-31": "-0.57400", "2008-12-31": -73.363, "2008-09-30": -41.522, "2008-06-30": 0, "2008-03-31": "-2.41500", "2007-12-31": -0.857, "2007-09-30": -74.412, "2007-06-30": -19.073, "2007-03-31": "-7.15000", "2006-12-31": -0.109, "2006-09-30": -25.526, "2006-06-30": -3.139, "2006-03-31": "-3.30900", "2005-12-31": -0.778, "2005-09-30": -1.386, "2005-06-30": -10.079, "2005-03-31": "-5.85400"}, "Net Change In Short-term Investments": {"2020-09-30": 0, "2020-06-30": 0, "2020-03-31": "", "2019-12-31": 0.9, "2019-09-30": 0.4, "2019-06-30": 0.5, "2019-03-31": "-0.80000", "2018-12-31": -3.6, "2018-09-30": -0.1, "2018-06-30": 0, "2018-03-31": "", "2017-12-31": -0.2, "2017-09-30": 0, "2017-06-30": -2.2, "2017-03-31": "-0.10000", "2016-12-31": -6.8, "2016-09-30": 0, "2016-06-30": 0, "2016-03-31": "", "2015-12-31": 0, "2015-09-30": 0, "2015-06-30": 0, "2015-03-31": "", "2014-12-31": 0, "2014-09-30": -0.065, "2014-06-30": 0.009, "2014-03-31": "-1.14400", "2013-12-31": 0, "2013-09-30": 0, "2013-06-30": 0, "2013-03-31": "", "2012-12-31": 0, "2012-09-30": 0, "2012-06-30": 0, "2012-03-31": "", "2011-12-31": 0.006, "2011-09-30": 0, "2011-06-30": 0, "2011-03-31": "", "2010-12-31": 0, "2010-09-30": 0, "2010-06-30": 0, "2010-03-31": "", "2009-12-31": 0.003, "2009-09-30": 0.005, "2009-06-30": 0.156, "2009-03-31": "0.05800", "2008-12-31": 200.294, "2008-09-30": 94.945, "2008-06-30": -56.781, "2008-03-31": "-90.64100", "2007-12-31": -25.696, "2007-09-30": -3.536, "2007-06-30": -76.829, "2007-03-31": "-32.33700", "2006-12-31": 125.665, "2006-09-30": 59.888, "2006-06-30": -35.156, "2006-03-31": "-150.17100", "2005-12-31": 176.275, "2005-09-30": -83.557, "2005-06-30": 0, "2005-03-31": ""}, "Net Change In Long-Term Investments": {"2020-09-30": 0, "2020-06-30": 0, "2020-03-31": "", "2019-12-31": 0, "2019-09-30": 0, "2019-06-30": 0, "2019-03-31": "", "2018-12-31": 0, "2018-09-30": 0, "2018-06-30": 54.1, "2018-03-31": "", "2017-12-31": 0, "2017-09-30": 0, "2017-06-30": 0, "2017-03-31": "", "2016-12-31": 0, "2016-09-30": 0, "2016-06-30": 0, "2016-03-31": "", "2015-12-31": 47.7, "2015-09-30": 0, "2015-06-30": 0, "2015-03-31": "", "2014-12-31": 0, "2014-09-30": 0, "2014-06-30": 0, "2014-03-31": "", "2013-12-31": 0, "2013-09-30": 0, "2013-06-30": 0, "2013-03-31": "", "2012-12-31": 0, "2012-09-30": 0, "2012-06-30": 0, "2012-03-31": "", "2011-12-31": 0, "2011-09-30": 0, "2011-06-30": 0, "2011-03-31": "", "2010-12-31": 0, "2010-09-30": 0, "2010-06-30": 0, "2010-03-31": "", "2009-12-31": 0, "2009-09-30": 0, "2009-06-30": 0, "2009-03-31": "", "2008-12-31": 0, "2008-09-30": 0, "2008-06-30": 0, "2008-03-31": "", "2007-12-31": 0, "2007-09-30": 0, "2007-06-30": 0, "2007-03-31": "", "2006-12-31": 0, "2006-09-30": 0, "2006-06-30": 0, "2006-03-31": "", "2005-12-31": 0, "2005-09-30": 0, "2005-06-30": 0, "2005-03-31": ""}, "Net Change In Investments - Total": {"2020-09-30": 0, "2020-06-30": 0, "2020-03-31": "", "2019-12-31": 0.9, "2019-09-30": 0.4, "2019-06-30": 0.5, "2019-03-31": "-0.80000", "2018-12-31": -3.6, "2018-09-30": -0.1, "2018-06-30": 54.1, "2018-03-31": "", "2017-12-31": -0.2, "2017-09-30": 0, "2017-06-30": -2.2, "2017-03-31": "-0.10000", "2016-12-31": -6.8, "2016-09-30": 0, "2016-06-30": 0, "2016-03-31": "", "2015-12-31": 47.7, "2015-09-30": 0, "2015-06-30": 0, "2015-03-31": "", "2014-12-31": 0, "2014-09-30": -0.065, "2014-06-30": 0.009, "2014-03-31": "-1.14400", "2013-12-31": 0, "2013-09-30": 0, "2013-06-30": 0, "2013-03-31": "", "2012-12-31": 0, "2012-09-30": 0, "2012-06-30": 0, "2012-03-31": "", "2011-12-31": 0.006, "2011-09-30": 0, "2011-06-30": 0, "2011-03-31": "", "2010-12-31": 0, "2010-09-30": 0, "2010-06-30": 0, "2010-03-31": "", "2009-12-31": 0.003, "2009-09-30": 0.005, "2009-06-30": 0.156, "2009-03-31": "0.05800", "2008-12-31": 200.294, "2008-09-30": 94.945, "2008-06-30": -56.781, "2008-03-31": "-90.64100", "2007-12-31": -25.696, "2007-09-30": -3.536, "2007-06-30": -76.829, "2007-03-31": "-32.33700", "2006-12-31": 125.665, "2006-09-30": 59.888, "2006-06-30": -35.156, "2006-03-31": "-150.17100", "2005-12-31": 176.275, "2005-09-30": -83.557, "2005-06-30": 0, "2005-03-31": ""}, "Investing Activities - Other": {"2020-09-30": -0.6, "2020-06-30": 48.1, "2020-03-31": "9.40000", "2019-12-31": 5.8, "2019-09-30": 7.5, "2019-06-30": 4.3, "2019-03-31": "22.70000", "2018-12-31": 4.3, "2018-09-30": 1.8, "2018-06-30": 1.9, "2018-03-31": "-2.40000", "2017-12-31": 0, "2017-09-30": 1.2, "2017-06-30": 2, "2017-03-31": "2.40000", "2016-12-31": 6, "2016-09-30": -10.1, "2016-06-30": 4.9, "2016-03-31": "0.50000", "2015-12-31": -44.9, "2015-09-30": 54.4, "2015-06-30": 5.7, "2015-03-31": "7.80000", "2014-12-31": -29.3, "2014-09-30": 1.432, "2014-06-30": -1.093, "2014-03-31": "-1.23900", "2013-12-31": -9.105, "2013-09-30": 0.849, "2013-06-30": -41.579, "2013-03-31": "-45.76500", "2012-12-31": 0, "2012-09-30": 0, "2012-06-30": -14.221, "2012-03-31": "-1.57700", "2011-12-31": -23.113, "2011-09-30": -2.462, "2011-06-30": 0, "2011-03-31": "", "2010-12-31": -68.063, "2010-09-30": -18.569, "2010-06-30": 0, "2010-03-31": "", "2009-12-31": 0, "2009-09-30": 0, "2009-06-30": 0, "2009-03-31": "", "2008-12-31": 0, "2008-09-30": 0, "2008-06-30": 0, "2008-03-31": "", "2007-12-31": 0, "2007-09-30": 0, "2007-06-30": -0.055, "2007-03-31": "0.05500", "2006-12-31": -2.313, "2006-09-30": 1.882, "2006-06-30": 0.344, "2006-03-31": "0.08700", "2005-12-31": 0.095, "2005-09-30": 0.072, "2005-06-30": 17.357, "2005-03-31": "6.31200"}, "Cash Flow From Investing Activities": {"2020-09-30": -23.8, "2020-06-30": 34.9, "2020-03-31": "-15.50000", "2019-12-31": -28.7, "2019-09-30": -15.2, "2019-06-30": -11.8, "2019-03-31": "-12.70000", "2018-12-31": -48.3, "2018-09-30": -45.5, "2018-06-30": -114.3, "2018-03-31": "-45.20000", "2017-12-31": -50.6, "2017-09-30": -43.9, "2017-06-30": -150.8, "2017-03-31": "-41.10000", "2016-12-31": -46.6, "2016-09-30": -379.7, "2016-06-30": -18.1, "2016-03-31": "504.40000", "2015-12-31": -68.1, "2015-09-30": 36.2, "2015-06-30": -14.5, "2015-03-31": "-8.50000", "2014-12-31": -62.3, "2014-09-30": -21.054, "2014-06-30": -26.504, "2014-03-31": "-28.84200", "2013-12-31": -98.309, "2013-09-30": -25.703, "2013-06-30": -63.465, "2013-03-31": "-72.72300", "2012-12-31": -34.721, "2012-09-30": -21.793, "2012-06-30": -38.308, "2012-03-31": "-20.19900", "2011-12-31": -41.259, "2011-09-30": -1800.001, "2011-06-30": -28.024, "2011-03-31": "-17.55800", "2010-12-31": -94.554, "2010-09-30": -42.732, "2010-06-30": -11.471, "2010-03-31": "-15.71100", "2009-12-31": -9.365, "2009-09-30": -16.045, "2009-06-30": -13.307, "2009-03-31": "-14.68200", "2008-12-31": 105.395, "2008-09-30": 34.604, "2008-06-30": -76.551, "2008-03-31": "-111.25200", "2007-12-31": -50.314, "2007-09-30": -89.762, "2007-06-30": -108.839, "2007-03-31": "-50.47600", "2006-12-31": 113.842, "2006-09-30": 22.992, "2006-06-30": -50.578, "2006-03-31": "-162.54700", "2005-12-31": 157.888, "2005-09-30": -94.721, "2005-06-30": -4.735, "2005-03-31": "-8.18600"}, "Net Long-Term Debt": {"2020-09-30": 0, "2020-06-30": 748.3, "2020-03-31": "-0.80000", "2019-12-31": -0.7, "2019-09-30": 1.3, "2019-06-30": -131.9, "2019-03-31": "-1.00000", "2018-12-31": -0.3, "2018-09-30": -8.9, "2018-06-30": 0, "2018-03-31": "-0.10000", "2017-12-31": -0.3, "2017-09-30": -9.6, "2017-06-30": -1.3, "2017-03-31": "-2.40000", "2016-12-31": 5.6, "2016-09-30": 385.1, "2016-06-30": 0, "2016-03-31": "-47.60000", "2015-12-31": -5.5, "2015-09-30": -8.9, "2015-06-30": -0.1, "2015-03-31": "-100.10000", "2014-12-31": 0, "2014-09-30": -9.529, "2014-06-30": -0.197, "2014-03-31": "-75.17400", "2013-12-31": -0.093, "2013-09-30": -76.707, "2013-06-30": 0, "2013-03-31": "", "2012-12-31": 0, "2012-09-30": 0, "2012-06-30": 0.6, "2012-03-31": "-0.60000", "2011-12-31": -340.496, "2011-09-30": 1159.227, "2011-06-30": -13.298, "2011-03-31": "49.14900", "2010-12-31": 3.159, "2010-09-30": 113.423, "2010-06-30": -2.727, "2010-03-31": "12.61900", "2009-12-31": 84.838, "2009-09-30": -2.01, "2009-06-30": -110.533, "2009-03-31": "55.39300", "2008-12-31": -20.534, "2008-09-30": -165.512, "2008-06-30": -0.455, "2008-03-31": "78.25400", "2007-12-31": -21.736, "2007-09-30": 88.306, "2007-06-30": -11.799, "2007-03-31": "44.18600", "2006-12-31": -415.949, "2006-09-30": -19.264, "2006-06-30": 106.466, "2006-03-31": "-34.50300", "2005-12-31": -46.729, "2005-09-30": 34.873, "2005-06-30": -0.879, "2005-03-31": "-47.37000"}, "Net Current Debt": {"2020-09-30": 0, "2020-06-30": -32, "2020-03-31": "30.80000", "2019-12-31": -1.1, "2019-09-30": -44.1, "2019-06-30": 44.6, "2019-03-31": "-67.90000", "2018-12-31": -63.9, "2018-09-30": -63, "2018-06-30": 195.1, "2018-03-31": "-7.80000", "2017-12-31": 8.8, "2017-09-30": 0, "2017-06-30": 0.1, "2017-03-31": "1.30000", "2016-12-31": 3.6, "2016-09-30": -44.1, "2016-06-30": -1.5, "2016-03-31": "-2.10000", "2015-12-31": -3.1, "2015-09-30": -32.5, "2015-06-30": -126.7, "2015-03-31": "160.10000", "2014-12-31": -2.1, "2014-09-30": -61.713, "2014-06-30": -102.973, "2014-03-31": "64.88600", "2013-12-31": 48.511, "2013-09-30": -31.661, "2013-06-30": 24.317, "2013-03-31": "16.13300", "2012-12-31": -113.444, "2012-09-30": -80.287, "2012-06-30": -46.336, "2012-03-31": "11.15500", "2011-12-31": 269.796, "2011-09-30": 0.59, "2011-06-30": -3.58, "2011-03-31": "3.40300", "2010-12-31": 0.71, "2010-09-30": -5.13, "2010-06-30": -3.113, "2010-03-31": "-2.12400", "2009-12-31": -5.983, "2009-09-30": -37.824, "2009-06-30": 35.297, "2009-03-31": "1.04500", "2008-12-31": 1.078, "2008-09-30": -2.455, "2008-06-30": -0.949, "2008-03-31": "4.43700", "2007-12-31": -5.522, "2007-09-30": 1.72, "2007-06-30": -4.934, "2007-03-31": "6.57000", "2006-12-31": -4.747, "2006-09-30": -0.088, "2006-06-30": -0.647, "2006-03-31": "6.72600", "2005-12-31": -2.108, "2005-09-30": -3.07, "2005-06-30": 3.32, "2005-03-31": "1.71700"}, "Debt Issuance/Retirement Net - Total": {"2020-09-30": 0, "2020-06-30": 716.3, "2020-03-31": "30.00000", "2019-12-31": -1.8, "2019-09-30": -42.8, "2019-06-30": -87.3, "2019-03-31": "-68.90000", "2018-12-31": -64.2, "2018-09-30": -71.9, "2018-06-30": 195.1, "2018-03-31": "-7.90000", "2017-12-31": 8.5, "2017-09-30": -9.6, "2017-06-30": -1.2, "2017-03-31": "-1.10000", "2016-12-31": 9.2, "2016-09-30": 341, "2016-06-30": -1.5, "2016-03-31": "-49.70000", "2015-12-31": -8.6, "2015-09-30": -41.4, "2015-06-30": -126.8, "2015-03-31": "60.00000", "2014-12-31": -2.1, "2014-09-30": -71.242, "2014-06-30": -103.17, "2014-03-31": "-10.28800", "2013-12-31": 48.418, "2013-09-30": -108.368, "2013-06-30": 24.317, "2013-03-31": "16.13300", "2012-12-31": -113.444, "2012-09-30": -80.287, "2012-06-30": -45.736, "2012-03-31": "10.55500", "2011-12-31": -70.7, "2011-09-30": 1159.817, "2011-06-30": -16.878, "2011-03-31": "52.55200", "2010-12-31": 3.869, "2010-09-30": 108.293, "2010-06-30": -5.84, "2010-03-31": "10.49500", "2009-12-31": 78.855, "2009-09-30": -39.834, "2009-06-30": -75.236, "2009-03-31": "56.43800", "2008-12-31": -19.456, "2008-09-30": -167.967, "2008-06-30": -1.404, "2008-03-31": "82.69100", "2007-12-31": -27.258, "2007-09-30": 90.026, "2007-06-30": -16.733, "2007-03-31": "50.75600", "2006-12-31": -420.696, "2006-09-30": -19.352, "2006-06-30": 105.819, "2006-03-31": "-27.77700", "2005-12-31": -48.837, "2005-09-30": 31.803, "2005-06-30": 2.441, "2005-03-31": "-45.65300"}, "Net Common Equity Issued/Repurchased": {"2020-09-30": 0.6, "2020-06-30": 1.6, "2020-03-31": "-136.20000", "2019-12-31": -70, "2019-09-30": -97.6, "2019-06-30": -3.4, "2019-03-31": "19.80000", "2018-12-31": 5.1, "2018-09-30": 8.9, "2018-06-30": -244.6, "2018-03-31": "8.30000", "2017-12-31": -220.6, "2017-09-30": 7.6, "2017-06-30": -57.6, "2017-03-31": "-48.50000", "2016-12-31": -105, "2016-09-30": -88.3, "2016-06-30": -158.2, "2016-03-31": "-421.40000", "2015-12-31": 8.3, "2015-09-30": -5.1, "2015-06-30": -9.5, "2015-03-31": "-70.90000", "2014-12-31": -62.1, "2014-09-30": -10.25, "2014-06-30": -5.604, "2014-03-31": "-36.24600", "2013-12-31": -27.069, "2013-09-30": 7.034, "2013-06-30": -44.643, "2013-03-31": "13.57800", "2012-12-31": 9.355, "2012-09-30": 4.765, "2012-06-30": -2.388, "2012-03-31": "-16.38600", "2011-12-31": 5.982, "2011-09-30": 2.3, "2011-06-30": 6.001, "2011-03-31": "-51.50800", "2010-12-31": -12.201, "2010-09-30": -30.818, "2010-06-30": -116.765, "2010-03-31": "-34.02000", "2009-12-31": -53.51, "2009-09-30": -7.874, "2009-06-30": -0.624, "2009-03-31": "-3.30400", "2008-12-31": -12.127, "2008-09-30": 1.945, "2008-06-30": -4.918, "2008-03-31": "-84.80800", "2007-12-31": -30.382, "2007-09-30": -31.536, "2007-06-30": -19.645, "2007-03-31": "1.73500", "2006-12-31": -99.386, "2006-09-30": -15.069, "2006-06-30": -131.097, "2006-03-31": "5.39100", "2005-12-31": 11.733, "2005-09-30": -47.041, "2005-06-30": -79.487, "2005-03-31": "-18.18900"}, "Net Total Equity Issued/Repurchased": {"2020-09-30": 0.6, "2020-06-30": 1.6, "2020-03-31": "-136.20000", "2019-12-31": -70, "2019-09-30": -97.6, "2019-06-30": -3.4, "2019-03-31": "19.80000", "2018-12-31": 5.1, "2018-09-30": 8.9, "2018-06-30": -244.6, "2018-03-31": "8.30000", "2017-12-31": -220.6, "2017-09-30": 7.6, "2017-06-30": -57.6, "2017-03-31": "-48.50000", "2016-12-31": -105, "2016-09-30": -88.3, "2016-06-30": -158.2, "2016-03-31": "-421.40000", "2015-12-31": 8.3, "2015-09-30": -5.1, "2015-06-30": -9.5, "2015-03-31": "-70.90000", "2014-12-31": -62.1, "2014-09-30": -10.25, "2014-06-30": -5.604, "2014-03-31": "-36.24600", "2013-12-31": -27.069, "2013-09-30": 7.034, "2013-06-30": -44.643, "2013-03-31": "13.57800", "2012-12-31": 9.355, "2012-09-30": 4.765, "2012-06-30": -2.388, "2012-03-31": "-16.38600", "2011-12-31": 5.982, "2011-09-30": 2.3, "2011-06-30": 6.001, "2011-03-31": "-51.50800", "2010-12-31": -12.201, "2010-09-30": -30.818, "2010-06-30": -116.765, "2010-03-31": "-34.02000", "2009-12-31": -53.51, "2009-09-30": -7.874, "2009-06-30": -0.624, "2009-03-31": "-3.30400", "2008-12-31": -12.127, "2008-09-30": 1.945, "2008-06-30": -4.918, "2008-03-31": "-84.80800", "2007-12-31": -30.382, "2007-09-30": -31.536, "2007-06-30": -19.645, "2007-03-31": "1.73500", "2006-12-31": -99.386, "2006-09-30": -15.069, "2006-06-30": -131.097, "2006-03-31": "5.39100", "2005-12-31": 11.733, "2005-09-30": -47.041, "2005-06-30": -79.487, "2005-03-31": "-18.18900"}, "Total Common And Preferred Stock Dividends Paid": {"2020-09-30": -21.9, "2020-06-30": -21.9, "2020-03-31": "-22.10000", "2019-12-31": -22.2, "2019-09-30": -19.6, "2019-06-30": -19.6, "2019-03-31": "-19.50000", "2018-12-31": -19.5, "2018-09-30": -19.4, "2018-06-30": -19.9, "2018-03-31": "-19.80000", "2017-12-31": -20.1, "2017-09-30": -20.1, "2017-06-30": -20.1, "2017-03-31": "-18.00000", "2016-12-31": -17.9, "2016-09-30": -18.1, "2016-06-30": -18.5, "2016-03-31": "-10.10000", "2015-12-31": -10.1, "2015-09-30": -10.3, "2015-06-30": -10.1, "2015-03-31": "-9.50000", "2014-12-31": -9.4, "2014-09-30": -9.447, "2014-06-30": -9.474, "2014-03-31": "-8.97900", "2013-12-31": -8.905, "2013-09-30": -8.967, "2013-06-30": -9.019, "2013-03-31": "-7.90900", "2012-12-31": -7.864, "2012-09-30": -7.855, "2012-06-30": -7.859, "2012-03-31": "-7.84700", "2011-12-31": -7.12, "2011-09-30": -7.2, "2011-06-30": -7.181, "2011-03-31": "-7.13100", "2010-12-31": -6.025, "2010-09-30": -7.311, "2010-06-30": -8.332, "2010-03-31": "-7.40900", "2009-12-31": -7.453, "2009-09-30": -7.464, "2009-06-30": -7.459, "2009-03-31": "-7.46000", "2008-12-31": -6.721, "2008-09-30": -6.714, "2008-06-30": -6.714, "2008-03-31": "-6.80300", "2007-12-31": -6.063, "2007-09-30": -6.095, "2007-06-30": -6.074, "2007-03-31": "-6.90200", "2006-12-31": -5.388, "2006-09-30": -5.413, "2006-06-30": -5.542, "2006-03-31": "-5.52000", "2005-12-31": -4.704, "2005-09-30": -4.763, "2005-06-30": -4.835, "2005-03-31": "-4.83900"}, "Financial Activities - Other": {"2020-09-30": -2.6, "2020-06-30": -37.9, "2020-03-31": "-1.60000", "2019-12-31": -1.8, "2019-09-30": -0.8, "2019-06-30": 0, "2019-03-31": "-30.60000", "2018-12-31": 0, "2018-09-30": 0, "2018-06-30": 0, "2018-03-31": "", "2017-12-31": 0, "2017-09-30": 0, "2017-06-30": 0, "2017-03-31": "", "2016-12-31": 1, "2016-09-30": 2.5, "2016-06-30": 0.4, "2016-03-31": "8.40000", "2015-12-31": 1.5, "2015-09-30": 1.3, "2015-06-30": 8.4, "2015-03-31": "-80.10000", "2014-12-31": 1.7, "2014-09-30": 0.084, "2014-06-30": 0.28, "2014-03-31": "0.03600", "2013-12-31": -49.494, "2013-09-30": 1.087, "2013-06-30": 0.306, "2013-03-31": "-8.19900", "2012-12-31": 1.929, "2012-09-30": 5.206, "2012-06-30": 0.949, "2012-03-31": "1.29800", "2011-12-31": -7.731, "2011-09-30": -35.283, "2011-06-30": -1.642, "2011-03-31": "-11.89700", "2010-12-31": -1.756, "2010-09-30": 0.118, "2010-06-30": 2.768, "2010-03-31": "1.89800", "2009-12-31": 0.584, "2009-09-30": 0.918, "2009-06-30": 1.411, "2009-03-31": "0.59200", "2008-12-31": 0.335, "2008-09-30": 1.567, "2008-06-30": 0.869, "2008-03-31": "1.13900", "2007-12-31": 5.966, "2007-09-30": 1.753, "2007-06-30": 2.563, "2007-03-31": "1.09600", "2006-12-31": 5.975, "2006-09-30": 0.553, "2006-06-30": 3.803, "2006-03-31": "1.13000", "2005-12-31": 0, "2005-09-30": 0, "2005-06-30": 0, "2005-03-31": ""}, "Cash Flow From Financial Activities": {"2020-09-30": -23.9, "2020-06-30": 658.1, "2020-03-31": "-129.90000", "2019-12-31": -95.8, "2019-09-30": -160.8, "2019-06-30": -110.3, "2019-03-31": "-99.20000", "2018-12-31": -78.6, "2018-09-30": -82.4, "2018-06-30": -69.4, "2018-03-31": "-19.40000", "2017-12-31": -232.2, "2017-09-30": -22.1, "2017-06-30": -78.9, "2017-03-31": "-67.60000", "2016-12-31": -112.7, "2016-09-30": 237.1, "2016-06-30": -177.8, "2016-03-31": "-472.80000", "2015-12-31": -8.9, "2015-09-30": -55.5, "2015-06-30": -138, "2015-03-31": "-100.50000", "2014-12-31": -71.9, "2014-09-30": -90.855, "2014-06-30": -117.968, "2014-03-31": "-55.47700", "2013-12-31": -37.05, "2013-09-30": -109.214, "2013-06-30": -29.039, "2013-03-31": "13.60300", "2012-12-31": -110.024, "2012-09-30": -78.171, "2012-06-30": -55.034, "2012-03-31": "-12.38000", "2011-12-31": -79.569, "2011-09-30": 1119.634, "2011-06-30": -19.7, "2011-03-31": "-17.98400", "2010-12-31": -16.113, "2010-09-30": 70.282, "2010-06-30": -128.169, "2010-03-31": "-29.03600", "2009-12-31": 18.476, "2009-09-30": -54.254, "2009-06-30": -81.908, "2009-03-31": "46.26600", "2008-12-31": -37.969, "2008-09-30": -171.169, "2008-06-30": -12.167, "2008-03-31": "-7.78100", "2007-12-31": -57.737, "2007-09-30": 54.148, "2007-06-30": -39.889, "2007-03-31": "46.68500", "2006-12-31": -519.495, "2006-09-30": -39.281, "2006-06-30": -27.017, "2006-03-31": "-26.77600", "2005-12-31": -41.808, "2005-09-30": -20.001, "2005-06-30": -81.881, "2005-03-31": "-68.68100"}, "Net Cash Flow": {"2020-09-30": 162.9, "2020-06-30": 873.2, "2020-03-31": "-169.00000", "2019-12-31": 178.8, "2019-09-30": -24, "2019-06-30": 24.7, "2019-03-31": "-84.20000", "2018-12-31": 76.5, "2018-09-30": -6.2, "2018-06-30": -77.8, "2018-03-31": "-3.50000", "2017-12-31": -49.4, "2017-09-30": 101.6, "2017-06-30": -94.9, "2017-03-31": "-20.60000", "2016-12-31": 53.2, "2016-09-30": 19.1, "2016-06-30": -11.5, "2016-03-31": "38.50000", "2015-12-31": 48.2, "2015-09-30": 139.9, "2015-06-30": -4.1, "2015-03-31": "-51.00000", "2014-12-31": 53.9, "2014-09-30": 30.725, "2014-06-30": 11.106, "2014-03-31": "-19.13100", "2013-12-31": 24.374, "2013-09-30": -6.369, "2013-06-30": 0.824, "2013-03-31": "-23.92900", "2012-12-31": 24.057, "2012-09-30": 2.865, "2012-06-30": -14.136, "2012-03-31": "-9.78200", "2011-12-31": -4.738, "2011-09-30": -589.844, "2011-06-30": 96.446, "2011-03-31": "35.22600", "2010-12-31": 5.795, "2010-09-30": 193.896, "2010-06-30": -64.67, "2010-03-31": "-45.33100", "2009-12-31": 116.98, "2009-09-30": 81.497, "2009-06-30": 25.572, "2009-03-31": "22.30800", "2008-12-31": 149.786, "2008-09-30": -59.249, "2008-06-30": 22.794, "2008-03-31": "-78.72400", "2007-12-31": 27.563, "2007-09-30": 72.388, "2007-06-30": -34.645, "2007-03-31": "39.01400", "2006-12-31": -266.761, "2006-09-30": 49.128, "2006-06-30": 22.102, "2006-03-31": "-173.38900", "2005-12-31": 206.436, "2005-09-30": -35.299, "2005-06-30": -71.027, "2005-03-31": "-69.66700"}, "Stock-Based Compensation": {"2020-09-30": 16.5, "2020-06-30": 10.2, "2020-03-31": "9.50000", "2019-12-31": 16.4, "2019-09-30": 15.4, "2019-06-30": 25.2, "2019-03-31": "9.20000", "2018-12-31": 5.9, "2018-09-30": 5.3, "2018-06-30": 0.5, "2018-03-31": "9.30000", "2017-12-31": 7.2, "2017-09-30": 18.9, "2017-06-30": 11.1, "2017-03-31": "10.80000", "2016-12-31": 11.9, "2016-09-30": 12, "2016-06-30": 12.6, "2016-03-31": "4.80000", "2015-12-31": 6.1, "2015-09-30": 7.7, "2015-06-30": 6.9, "2015-03-31": "4.90000", "2014-12-31": 5.5, "2014-09-30": 6.542, "2014-06-30": 7.572, "2014-03-31": "5.78600", "2013-12-31": 7.073, "2013-09-30": 6.004, "2013-06-30": 6.589, "2013-03-31": "5.43400", "2012-12-31": 4.939, "2012-09-30": 6.219, "2012-06-30": 6.807, "2012-03-31": "4.22200", "2011-12-31": 5.288, "2011-09-30": 5.343, "2011-06-30": 5.648, "2011-03-31": "4.66800", "2010-12-31": 4.034, "2010-09-30": 4.531, "2010-06-30": 5.015, "2010-03-31": "5.22300", "2009-12-31": 1.498, "2009-09-30": 5.055, "2009-06-30": 4.934, "2009-03-31": "4.78900", "2008-12-31": 4.542, "2008-09-30": 4.344, "2008-06-30": 4.311, "2008-03-31": "4.09300", "2007-12-31": 2.547, "2007-09-30": 4.417, "2007-06-30": 3.688, "2007-03-31": "3.43600", "2006-12-31": 6.494, "2006-09-30": 4.653, "2006-06-30": 4.181, "2006-03-31": "4.29500", "2005-12-31": 0.99, "2005-09-30": 0, "2005-06-30": 0, "2005-03-31": ""}, "Common Stock Dividends Paid": {"2020-09-30": -21.9, "2020-06-30": -21.9, "2020-03-31": "-22.10000", "2019-12-31": -22.2, "2019-09-30": -19.6, "2019-06-30": -19.6, "2019-03-31": "-19.50000", "2018-12-31": -19.5, "2018-09-30": -19.4, "2018-06-30": -19.9, "2018-03-31": "-19.80000", "2017-12-31": -20.1, "2017-09-30": -20.1, "2017-06-30": -20.1, "2017-03-31": "-18.00000", "2016-12-31": -17.9, "2016-09-30": -18.1, "2016-06-30": -18.5, "2016-03-31": "-10.10000", "2015-12-31": -10.1, "2015-09-30": -10.3, "2015-06-30": -10.1, "2015-03-31": "-9.50000", "2014-12-31": -9.4, "2014-09-30": -9.447, "2014-06-30": -9.474, "2014-03-31": "-8.97900", "2013-12-31": -8.905, "2013-09-30": -8.967, "2013-06-30": -9.019, "2013-03-31": "-7.90900", "2012-12-31": -7.864, "2012-09-30": -7.855, "2012-06-30": -7.859, "2012-03-31": "-7.84700", "2011-12-31": -7.12, "2011-09-30": -7.2, "2011-06-30": -7.181, "2011-03-31": "-7.13100", "2010-12-31": -6.025, "2010-09-30": -7.311, "2010-06-30": -8.332, "2010-03-31": "-7.40900", "2009-12-31": -7.453, "2009-09-30": -7.464, "2009-06-30": -7.459, "2009-03-31": "-7.46000", "2008-12-31": -6.721, "2008-09-30": -6.714, "2008-06-30": -6.714, "2008-03-31": "-6.80300", "2007-12-31": -6.063, "2007-09-30": -6.095, "2007-06-30": -6.074, "2007-03-31": "-6.90200", "2006-12-31": -5.388, "2006-09-30": -5.413, "2006-06-30": -5.542, "2006-03-31": "-5.52000", "2005-12-31": -4.704, "2005-09-30": -4.763, "2005-06-30": -4.835, "2005-03-31": "-4.83900"}}, "financial ratios": {"Current Ratio": {"2019-12-31": "2.00890", "2018-12-31": "1.86320", "2017-12-31": "2.09800", "2016-12-31": "2.27140", "2015-12-31": "2.51410", "2014-12-31": "1.84950", "2013-12-31": "1.43620", "2012-12-31": "1.19760", "2011-12-31": "1.39890", "2010-12-31": "3.65200", "2009-12-31": "2.73940", "2008-12-31": "2.63880", "2007-12-31": "3.14340", "2006-12-31": "2.30610", "2005-12-31": "1.38800"}, "Long-term Debt / Capital": {"2019-12-31": "0.21950", "2018-12-31": "0.23360", "2017-12-31": "0.19560", "2016-12-31": "0.15680", "2015-12-31": "0.32780", "2014-12-31": "0.33120", "2013-12-31": "0.31150", "2012-12-31": "0.35200", "2011-12-31": "0.44160", "2010-12-31": "0.24030", "2009-12-31": "0.16880", "2008-12-31": "0.20340", "2007-12-31": "0.24130", "2006-12-31": "0.22370", "2005-12-31": "0.17810"}, "Debt/Equity Ratio": {"2019-12-31": "0.28170", "2018-12-31": "0.32290", "2017-12-31": "0.24770", "2016-12-31": "0.18860", "2015-12-31": "0.49290", "2014-12-31": "0.54340", "2013-12-31": "0.57260", "2012-12-31": "0.67620", "2011-12-31": "0.93770", "2010-12-31": "0.32030", "2009-12-31": "0.24610", "2008-12-31": "0.27090", "2007-12-31": "0.31880", "2006-12-31": "0.29060", "2005-12-31": "0.54730"}, "Gross Margin": {"2019-12-31": "53.73520", "2018-12-31": "51.87270", "2017-12-31": "54.80290", "2016-12-31": "53.42430", "2015-12-31": "56.73260", "2014-12-31": "54.73890", "2013-12-31": "53.45670", "2012-12-31": "53.14750", "2011-12-31": "50.18050", "2010-12-31": "50.88480", "2009-12-31": "51.23530", "2008-12-31": "52.38050", "2007-12-31": "51.78460", "2006-12-31": "51.31250", "2005-12-31": "50.66760"}, "Operating Margin": {"2019-12-31": "8.95710", "2018-12-31": "-24.03480", "2017-12-31": "-39.12210", "2016-12-31": "12.14060", "2015-12-31": "14.02990", "2014-12-31": "15.24670", "2013-12-31": "14.20630", "2012-12-31": "13.04250", "2011-12-31": "11.85030", "2010-12-31": "17.12160", "2009-12-31": "17.65520", "2008-12-31": "17.36100", "2007-12-31": "17.65770", "2006-12-31": "17.38720", "2005-12-31": "4.25170"}, "EBIT Margin": {"2019-12-31": "8.95710", "2018-12-31": "-24.03480", "2017-12-31": "-39.12210", "2016-12-31": "12.14060", "2015-12-31": "14.02990", "2014-12-31": "15.24670", "2013-12-31": "14.20630", "2012-12-31": "13.04250", "2011-12-31": "11.85030", "2010-12-31": "17.12160", "2009-12-31": "17.65520", "2008-12-31": "17.36100", "2007-12-31": "17.65770", "2006-12-31": "17.38720", "2005-12-31": "4.25170"}, "EBITDA Margin": {"2019-12-31": "17.03560", "2018-12-31": "11.56960", "2017-12-31": "10.20680", "2016-12-31": "19.51510", "2015-12-31": "19.04800", "2014-12-31": "19.82140", "2013-12-31": "18.71020", "2012-12-31": "17.69490", "2011-12-31": "15.51730", "2010-12-31": "20.10850", "2009-12-31": "20.67350", "2008-12-31": "19.95880", "2007-12-31": "20.15990", "2006-12-31": "20.00710", "2005-12-31": "7.19960"}, "Pre-Tax Profit Margin": {"2019-12-31": "8.57240", "2018-12-31": "-24.04240", "2017-12-31": "-40.15380", "2016-12-31": "11.77210", "2015-12-31": "12.32850", "2014-12-31": "13.83700", "2013-12-31": "12.51530", "2012-12-31": "11.29200", "2011-12-31": "10.09220", "2010-12-31": "16.10330", "2009-12-31": "16.82690", "2008-12-31": "16.19340", "2007-12-31": "17.82200", "2006-12-31": "17.38960", "2005-12-31": "4.14180"}, "Net Profit Margin": {"2019-12-31": "6.52490", "2018-12-31": "-25.36190", "2017-12-31": "-38.81400", "2016-12-31": "11.47840", "2015-12-31": "9.39310", "2014-12-31": "11.04840", "2013-12-31": "10.61410", "2012-12-31": "10.72980", "2011-12-31": "9.63540", "2010-12-31": "11.96340", "2009-12-31": "12.70080", "2008-12-31": "12.95340", "2007-12-31": "12.91920", "2006-12-31": "12.35670", "2005-12-31": "2.64780"}, "Asset Turnover": {"2019-12-31": "0.46840", "2018-12-31": "0.45890", "2017-12-31": "0.38490", "2016-12-31": "0.32410", "2015-12-31": "0.60740", "2014-12-31": "0.62900", "2013-12-31": "0.58110", "2012-12-31": "0.58890", "2011-12-31": "0.53370", "2010-12-31": "0.68170", "2009-12-31": "0.69930", "2008-12-31": "0.77430", "2007-12-31": "0.75120", "2006-12-31": "0.83000", "2005-12-31": "0.71160"}, "Inventory Turnover Ratio": {"2019-12-31": "3.31870", "2018-12-31": "3.20340", "2017-12-31": "2.89660", "2016-12-31": "3.37340", "2015-12-31": "3.39920", "2014-12-31": "3.41720", "2013-12-31": "3.13160", "2012-12-31": "3.40510", "2011-12-31": "3.49480", "2010-12-31": "3.53330", "2009-12-31": "3.61070", "2008-12-31": "3.40900", "2007-12-31": "3.75550", "2006-12-31": "3.79230", "2005-12-31": "4.06440"}, "Receiveable Turnover": {"2019-12-31": "5.15240", "2018-12-31": "5.67930", "2017-12-31": "5.35160", "2016-12-31": "5.88880", "2015-12-31": "6.68740", "2014-12-31": "6.85090", "2013-12-31": "6.24110", "2012-12-31": "6.61920", "2011-12-31": "5.93330", "2010-12-31": "6.44150", "2009-12-31": "6.19290", "2008-12-31": "6.86420", "2007-12-31": "6.53350", "2006-12-31": "6.22610", "2005-12-31": "6.73070"}, "Days Sales In Receivables": {"2019-12-31": "70.84040", "2018-12-31": "64.26850", "2017-12-31": "68.20330", "2016-12-31": "61.98170", "2015-12-31": "54.58010", "2014-12-31": "53.27760", "2013-12-31": "58.48340", "2012-12-31": "55.14230", "2011-12-31": "61.51740", "2010-12-31": "56.66360", "2009-12-31": "58.93810", "2008-12-31": "53.17440", "2007-12-31": "55.86640", "2006-12-31": "58.62410", "2005-12-31": "54.22900"}, "ROE - Return On Equity": {"2019-12-31": "5.16400", "2018-12-31": "-19.69410", "2017-12-31": "-23.39050", "2016-12-31": "5.30890", "2015-12-31": "10.73350", "2014-12-31": "13.90490", "2013-12-31": "12.34300", "2012-12-31": "14.15860", "2011-12-31": "13.13300", "2010-12-31": "13.99720", "2009-12-31": "14.39000", "2008-12-31": "17.07050", "2007-12-31": "17.13010", "2006-12-31": "17.56260", "2005-12-31": "3.64300"}, "Return On Tangible Equity": {"2019-12-31": "-55.05340", "2018-12-31": "140.67630", "2017-12-31": "217.73860", "2016-12-31": "-55.04660", "2015-12-31": "-100.88380", "2014-12-31": "-73.73830", "2013-12-31": "-63.77460", "2012-12-31": "-40.20550", "2011-12-31": "-22.55640", "2010-12-31": "50.62070", "2009-12-31": "54.30930", "2008-12-31": "101.65110", "2007-12-31": "83.10250", "2006-12-31": "106.12550", "2005-12-31": "18.55340"}, "ROA - Return On Assets": {"2019-12-31": "3.05830", "2018-12-31": "-11.63690", "2017-12-31": "-14.94340", "2016-12-31": "3.73320", "2015-12-31": "5.70310", "2014-12-31": "6.94930", "2013-12-31": "6.26620", "2012-12-31": "6.40530", "2011-12-31": "5.20350", "2010-12-31": "8.20560", "2009-12-31": "8.88660", "2008-12-31": "10.00810", "2007-12-31": "9.70680", "2006-12-31": "10.25590", "2005-12-31": "1.88410"}, "ROI - Return On Investment": {"2019-12-31": "4.03030", "2018-12-31": "-15.09280", "2017-12-31": "-18.81550", "2016-12-31": "4.47650", "2015-12-31": "7.21470", "2014-12-31": "9.29930", "2013-12-31": "8.49860", "2012-12-31": "9.17440", "2011-12-31": "7.33360", "2010-12-31": "10.63420", "2009-12-31": "11.96160", "2008-12-31": "13.59850", "2007-12-31": "12.99750", "2006-12-31": "13.63310", "2005-12-31": "2.99420"}, "Book Value Per Share": {"2019-12-31": "23.02260", "2018-12-31": "23.01790", "2017-12-31": "29.22360", "2016-12-31": "35.31460", "2015-12-31": "16.69810", "2014-12-31": "16.48120", "2013-12-31": "18.11650", "2012-12-31": "15.80780", "2011-12-31": "13.29680", "2010-12-31": "13.46910", "2009-12-31": "12.97250", "2008-12-31": "11.16700", "2007-12-31": "10.20260", "2006-12-31": "8.39150", "2005-12-31": "7.90490"}, "Operating Cash Flow Per Share": {"2019-12-31": 0.5917, "2018-12-31": -0.3955, "2017-12-31": 0.0814, "2016-12-31": -0.9481, "2015-12-31": -0.3958, "2014-12-31": 1.0049, "2013-12-31": 0.3132, "2012-12-31": -0.1727, "2011-12-31": 0.1553, "2010-12-31": 0.1706, "2009-12-31": 0.1999, "2008-12-31": -0.2907, "2007-12-31": 0.7881, "2006-12-31": 0.281, "2005-12-31": 1.4367}, "Free Cash Flow Per Share": {"2019-12-31": 0.8381, "2018-12-31": -0.5714, "2017-12-31": 0.0261, "2016-12-31": -0.9872, "2015-12-31": -0.2116, "2014-12-31": 0.9894, "2013-12-31": 0.2745, "2012-12-31": -0.3127, "2011-12-31": -0.0585, "2010-12-31": 0.2293, "2009-12-31": 0.3626, "2008-12-31": -0.4169, "2007-12-31": 0.6825, "2006-12-31": 0.2889, "2005-12-31": 1.1606}}, "financial ratios, quarterly": {"Current Ratio": {"2020-09-30": "2.18940", "2020-06-30": "3.09690", "2020-03-31": "2.02490", "2019-12-31": "2.00890", "2019-09-30": "2.08460", "2019-06-30": "2.07570", "2019-03-31": "2.06250", "2018-12-31": "1.86320", "2018-09-30": "1.76170", "2018-06-30": "1.69310", "2018-03-31": "2.23420", "2017-12-31": "2.09800", "2017-09-30": "2.32480", "2017-06-30": "2.34270", "2017-03-31": "2.30180", "2016-12-31": "2.27140", "2016-09-30": "2.39110", "2016-06-30": "2.40610", "2016-03-31": "2.11370", "2015-12-31": "2.51410", "2015-09-30": "1.29430", "2015-06-30": "2.07240", "2015-03-31": "1.81330", "2014-12-31": "1.84950", "2014-09-30": "1.71220", "2014-06-30": "1.37370", "2014-03-31": "1.24280", "2013-12-31": "1.43620", "2013-09-30": "1.48300", "2013-06-30": "1.31370", "2013-03-31": "1.40470", "2012-12-31": "1.19760", "2012-09-30": "1.20010", "2012-06-30": "1.47710", "2012-03-31": "1.40870", "2011-12-31": "1.39890", "2011-09-30": "2.12530", "2011-06-30": "3.60670", "2011-03-31": "3.90060", "2010-12-31": "3.65200", "2010-09-30": "3.78380", "2010-06-30": "3.37880", "2010-03-31": "3.59900", "2009-12-31": "2.73940", "2009-09-30": "1.86710", "2009-06-30": "1.74850", "2009-03-31": "2.86550", "2008-12-31": "2.63880", "2008-09-30": "2.87560", "2008-06-30": "3.63090", "2008-03-31": "3.68080", "2007-12-31": "3.14340", "2007-09-30": "3.02070", "2007-06-30": "2.98800", "2007-03-31": "3.08100", "2006-12-31": "2.30610", "2006-09-30": "1.48950", "2006-06-30": "1.61840", "2006-03-31": "1.36730", "2005-12-31": "1.38800", "2005-09-30": "2.71240", "2005-06-30": "2.53640", "2005-03-31": "2.60710"}, "Long-term Debt / Capital": {"2020-09-30": "0.28840", "2020-06-30": "0.31970", "2020-03-31": "0.23250", "2019-12-31": "0.21950", "2019-09-30": "0.21720", "2019-06-30": "0.21760", "2019-03-31": "0.23220", "2018-12-31": "0.23360", "2018-09-30": "0.23400", "2018-06-30": "0.23590", "2018-03-31": "0.19700", "2017-12-31": "0.19560", "2017-09-30": "0.17610", "2017-06-30": "0.17910", "2017-03-31": "0.15770", "2016-12-31": "0.15680", "2016-09-30": "0.15810", "2016-06-30": "0.12350", "2016-03-31": "0.12240", "2015-12-31": "0.32780", "2015-09-30": "0.23530", "2015-06-30": "0.31750", "2015-03-31": "0.33160", "2014-12-31": "0.33120", "2014-09-30": "0.31830", "2014-06-30": "0.29200", "2014-03-31": "0.29680", "2013-12-31": "0.31150", "2013-09-30": "0.31970", "2013-06-30": "0.32940", "2013-03-31": "0.34730", "2012-12-31": "0.35200", "2012-09-30": "0.36410", "2012-06-30": "0.42710", "2012-03-31": "0.41980", "2011-12-31": "0.44160", "2011-09-30": "0.48690", "2011-06-30": "0.23930", "2011-03-31": "0.24760", "2010-12-31": "0.24030", "2010-09-30": "0.23990", "2010-06-30": "0.21000", "2010-03-31": "0.19550", "2009-12-31": "0.16880", "2009-09-30": "0.07530", "2009-06-30": "0.07480", "2009-03-31": "0.21530", "2008-12-31": "0.20340", "2008-09-30": "0.20200", "2008-06-30": "0.26380", "2008-03-31": "0.27850", "2007-12-31": "0.24130", "2007-09-30": "0.25430", "2007-06-30": "0.22120", "2007-03-31": "0.23600", "2006-12-31": "0.22370", "2006-09-30": "0.20390", "2006-06-30": "0.24840", "2006-03-31": "0.12490", "2005-12-31": "0.17810", "2005-09-30": "0.35280", "2005-06-30": "0.32490", "2005-03-31": "0.32830"}, "Debt/Equity Ratio": {"2020-09-30": "0.46740", "2020-06-30": "0.46990", "2020-03-31": "0.31010", "2019-12-31": "0.28170", "2019-09-30": "0.27980", "2019-06-30": "0.28900", "2019-03-31": "0.30640", "2018-12-31": "0.32290", "2018-09-30": "0.33560", "2018-06-30": "0.35110", "2018-03-31": "0.24880", "2017-12-31": "0.24770", "2017-09-30": "0.21660", "2017-06-30": "0.22120", "2017-03-31": "0.19000", "2016-12-31": "0.18860", "2016-09-30": "0.18980", "2016-06-30": "0.14210", "2016-03-31": "0.14070", "2015-12-31": "0.49290", "2015-09-30": "0.50630", "2015-06-30": "0.51700", "2015-03-31": "0.61010", "2014-12-31": "0.54340", "2014-09-30": "0.51310", "2014-06-30": "0.52890", "2014-03-31": "0.58170", "2013-12-31": "0.57260", "2013-09-30": "0.57920", "2013-06-30": "0.67340", "2013-03-31": "0.67120", "2012-12-31": "0.67620", "2012-09-30": "0.76320", "2012-06-30": "0.86710", "2012-03-31": "0.86430", "2011-12-31": "0.93770", "2011-09-30": "0.97310", "2011-06-30": "0.31870", "2011-03-31": "0.33480", "2010-12-31": "0.32030", "2010-09-30": "0.31960", "2010-06-30": "0.27270", "2010-03-31": "0.25310", "2009-12-31": "0.24610", "2009-09-30": "0.20770", "2009-06-30": "0.23270", "2009-03-31": "0.28960", "2008-12-31": "0.27090", "2008-09-30": "0.25500", "2008-06-30": "0.36140", "2008-03-31": "0.38990", "2007-12-31": "0.31880", "2007-09-30": "0.34580", "2007-06-30": "0.28760", "2007-03-31": "0.31620", "2006-12-31": "0.29060", "2006-09-30": "0.60070", "2006-06-30": "0.64140", "2006-03-31": "0.50760", "2005-12-31": "0.54730", "2005-09-30": "0.59790", "2005-06-30": "0.53180", "2005-03-31": "0.53750"}, "Gross Margin": {"2020-09-30": "49.43000", "2020-06-30": "35.89480", "2020-03-31": "53.50570", "2019-12-31": "54.93480", "2019-09-30": "53.42480", "2019-06-30": "53.57640", "2019-03-31": "52.81130", "2018-12-31": "49.52350", "2018-09-30": "51.28180", "2018-06-30": "53.04670", "2018-03-31": "53.77050", "2017-12-31": "54.38130", "2017-09-30": "55.39040", "2017-06-30": "54.82020", "2017-03-31": "54.63630", "2016-12-31": "54.34020", "2016-09-30": "53.82520", "2016-06-30": "51.55580", "2016-03-31": "54.21950", "2015-12-31": "55.81880", "2015-09-30": "56.94250", "2015-06-30": "57.26360", "2015-03-31": "56.89470", "2014-12-31": "54.65820", "2014-09-30": "54.80090", "2014-06-30": "55.46980", "2014-03-31": "53.99230", "2013-12-31": "52.78410", "2013-09-30": "53.46700", "2013-06-30": "54.52700", "2013-03-31": "53.02670", "2012-12-31": "52.04560", "2012-09-30": "52.33540", "2012-06-30": "53.40400", "2012-03-31": "54.82170", "2011-12-31": "48.90930", "2011-09-30": "48.02640", "2011-06-30": "51.66210", "2011-03-31": "52.58240", "2010-12-31": "50.63830", "2010-09-30": "50.35190", "2010-06-30": "50.89400", "2010-03-31": "51.66060", "2009-12-31": "49.83040", "2009-09-30": "51.15370", "2009-06-30": "51.67360", "2009-03-31": "52.41790", "2008-12-31": "52.77660", "2008-09-30": "52.86940", "2008-06-30": "53.03650", "2008-03-31": "50.86520", "2007-12-31": "50.36550", "2007-09-30": "51.83130", "2007-06-30": "52.97680", "2007-03-31": "52.08220", "2006-12-31": "51.09150", "2006-09-30": "51.84720", "2006-06-30": "51.25560", "2006-03-31": "51.07610", "2005-12-31": "50.02480", "2005-09-30": "50.24520", "2005-06-30": "51.09390", "2005-03-31": "51.34000"}, "Operating Margin": {"2020-09-30": "9.13050", "2020-06-30": "-21.25970", "2020-03-31": "-14.27430", "2019-12-31": "12.28970", "2019-09-30": "11.38140", "2019-06-30": "6.68710", "2019-03-31": "4.99890", "2018-12-31": "7.71920", "2018-09-30": "4.90090", "2018-06-30": "-110.74750", "2018-03-31": "7.18540", "2017-12-31": "-64.74800", "2017-09-30": "10.69160", "2017-06-30": "-105.57070", "2017-03-31": "9.35040", "2016-12-31": "13.46720", "2016-09-30": "13.26770", "2016-06-30": "11.85910", "2016-03-31": "9.40980", "2015-12-31": "13.87280", "2015-09-30": "15.19500", "2015-06-30": "12.29230", "2015-03-31": "14.88650", "2014-12-31": "14.36930", "2014-09-30": "15.47590", "2014-06-30": "16.61030", "2014-03-31": "14.45940", "2013-12-31": "12.93040", "2013-09-30": "14.91740", "2013-06-30": "16.14510", "2013-03-31": "12.82070", "2012-12-31": "12.90420", "2012-09-30": "12.74430", "2012-06-30": "14.27360", "2012-03-31": "12.16620", "2011-12-31": "8.85320", "2011-09-30": "6.42220", "2011-06-30": "15.91680", "2011-03-31": "17.28020", "2010-12-31": "16.81910", "2010-09-30": "16.68820", "2010-06-30": "18.57580", "2010-03-31": "16.36140", "2009-12-31": "18.19180", "2009-09-30": "17.49630", "2009-06-30": "17.85820", "2009-03-31": "16.99880", "2008-12-31": "16.87120", "2008-09-30": "15.26830", "2008-06-30": "19.02350", "2008-03-31": "18.01720", "2007-12-31": "18.02330", "2007-09-30": "16.92060", "2007-06-30": "18.42730", "2007-03-31": "17.17430", "2006-12-31": "16.90000", "2006-09-30": "18.02490", "2006-06-30": "18.32850", "2006-03-31": "16.24330", "2005-12-31": "-4.85180", "2005-09-30": "-13.61490", "2005-06-30": "18.23940", "2005-03-31": "17.23080"}, "EBIT Margin": {"2020-09-30": "9.13050", "2020-06-30": "-21.25970", "2020-03-31": "-14.27430", "2019-12-31": "12.28970", "2019-09-30": "11.38140", "2019-06-30": "6.68710", "2019-03-31": "4.99890", "2018-12-31": "7.71920", "2018-09-30": "4.90090", "2018-06-30": "-110.74750", "2018-03-31": "7.18540", "2017-12-31": "-64.74800", "2017-09-30": "10.69160", "2017-06-30": "-105.57070", "2017-03-31": "9.35040", "2016-12-31": "13.46720", "2016-09-30": "13.26770", "2016-06-30": "11.85910", "2016-03-31": "9.40980", "2015-12-31": "13.87280", "2015-09-30": "15.19500", "2015-06-30": "12.29230", "2015-03-31": "14.88650", "2014-12-31": "14.36930", "2014-09-30": "15.47590", "2014-06-30": "16.61030", "2014-03-31": "14.45940", "2013-12-31": "12.93040", "2013-09-30": "14.91740", "2013-06-30": "16.14510", "2013-03-31": "12.82070", "2012-12-31": "12.90420", "2012-09-30": "12.74430", "2012-06-30": "14.27360", "2012-03-31": "12.16620", "2011-12-31": "8.85320", "2011-09-30": "6.42220", "2011-06-30": "15.91680", "2011-03-31": "17.28020", "2010-12-31": "16.81910", "2010-09-30": "16.68820", "2010-06-30": "18.57580", "2010-03-31": "16.36140", "2009-12-31": "18.19180", "2009-09-30": "17.49630", "2009-06-30": "17.85820", "2009-03-31": "16.99880", "2008-12-31": "16.87120", "2008-09-30": "15.26830", "2008-06-30": "19.02350", "2008-03-31": "18.01720", "2007-12-31": "18.02330", "2007-09-30": "16.92060", "2007-06-30": "18.42730", "2007-03-31": "17.17430", "2006-12-31": "16.90000", "2006-09-30": "18.02490", "2006-06-30": "18.32850", "2006-03-31": "16.24330", "2005-12-31": "-4.85180", "2005-09-30": "-13.61490", "2005-06-30": "18.23940", "2005-03-31": "17.23080"}, "EBITDA Margin": {"2020-09-30": "", "2020-06-30": "", "2020-03-31": "", "2019-12-31": "", "2019-09-30": "", "2019-06-30": "", "2019-03-31": "", "2018-12-31": "", "2018-09-30": "", "2018-06-30": "", "2018-03-31": "", "2017-12-31": "", "2017-09-30": "", "2017-06-30": "", "2017-03-31": "", "2016-12-31": "", "2016-09-30": "", "2016-06-30": "", "2016-03-31": "", "2015-12-31": "", "2015-09-30": "", "2015-06-30": "", "2015-03-31": "", "2014-12-31": "", "2014-09-30": "", "2014-06-30": "", "2014-03-31": "", "2013-12-31": "", "2013-09-30": "", "2013-06-30": "", "2013-03-31": "", "2012-12-31": "", "2012-09-30": "", "2012-06-30": "", "2012-03-31": "", "2011-12-31": "", "2011-09-30": "", "2011-06-30": "", "2011-03-31": "", "2010-12-31": "", "2010-09-30": "", "2010-06-30": "", "2010-03-31": "", "2009-12-31": "", "2009-09-30": "", "2009-06-30": "", "2009-03-31": "", "2008-12-31": "", "2008-09-30": "", "2008-06-30": "", "2008-03-31": "", "2007-12-31": "", "2007-09-30": "", "2007-06-30": "", "2007-03-31": "", "2006-12-31": "", "2006-09-30": "", "2006-06-30": "", "2006-03-31": "", "2005-12-31": "", "2005-09-30": "", "2005-06-30": "", "2005-03-31": ""}, "Pre-Tax Profit Margin": {"2020-09-30": "7.45420", "2020-06-30": "-24.43950", "2020-03-31": "-14.83470", "2019-12-31": "12.37070", "2019-09-30": "11.06950", "2019-06-30": "4.71570", "2019-03-31": "5.68590", "2018-12-31": "7.30400", "2018-09-30": "3.41450", "2018-06-30": "-111.53440", "2018-03-31": "9.91530", "2017-12-31": "-65.34370", "2017-09-30": "9.67100", "2017-06-30": "-107.26300", "2017-03-31": "8.50640", "2016-12-31": "13.30660", "2016-09-30": "12.27210", "2016-06-30": "12.11350", "2016-03-31": "8.72380", "2015-12-31": "10.77340", "2015-09-30": "14.36280", "2015-06-30": "11.03150", "2015-03-31": "13.28660", "2014-12-31": "13.17840", "2014-09-30": "13.76730", "2014-06-30": "15.22130", "2014-03-31": "13.10230", "2013-12-31": "11.66150", "2013-09-30": "13.37130", "2013-06-30": "14.37290", "2013-03-31": "10.64000", "2012-12-31": "11.43270", "2012-09-30": "10.89220", "2012-06-30": "12.52780", "2012-03-31": "10.21630", "2011-12-31": "6.87060", "2011-09-30": "3.06180", "2011-06-30": "15.16630", "2011-03-31": "16.47650", "2010-12-31": "15.96690", "2010-09-30": "15.70700", "2010-06-30": "17.41120", "2010-03-31": "15.28470", "2009-12-31": "17.49190", "2009-09-30": "16.53830", "2009-06-30": "17.18790", "2009-03-31": "15.99000", "2008-12-31": "14.77300", "2008-09-30": "14.20320", "2008-06-30": "18.49150", "2008-03-31": "16.91800", "2007-12-31": "17.96020", "2007-09-30": "16.76800", "2007-06-30": "18.84770", "2007-03-31": "17.65120", "2006-12-31": "16.77740", "2006-09-30": "18.01250", "2006-06-30": "18.21720", "2006-03-31": "16.52200", "2005-12-31": "-4.53080", "2005-09-30": "-14.30320", "2005-06-30": "18.08610", "2005-03-31": "17.28610"}, "Net Profit Margin": {"2020-09-30": "6.01250", "2020-06-30": "-19.44560", "2020-03-31": "-16.00140", "2019-12-31": "9.20380", "2019-09-30": "8.83480", "2019-06-30": "3.60610", "2019-03-31": "4.14290", "2018-12-31": "0.16990", "2018-09-30": "3.01590", "2018-06-30": "-107.66720", "2018-03-31": "8.49280", "2017-12-31": "-59.61500", "2017-09-30": "8.97740", "2017-06-30": "-105.77210", "2017-03-31": "6.64080", "2016-12-31": "10.73760", "2016-09-30": "9.69400", "2016-06-30": "10.31310", "2016-03-31": "16.17910", "2015-12-31": "8.73190", "2015-09-30": "13.02200", "2015-06-30": "6.31810", "2015-03-31": "9.75160", "2014-12-31": "11.78330", "2014-09-30": "10.63260", "2014-06-30": "11.76030", "2014-03-31": "9.98170", "2013-12-31": "9.87620", "2013-09-30": "11.34220", "2013-06-30": "11.46210", "2013-03-31": "9.79190", "2012-12-31": "16.83300", "2012-09-30": "7.67020", "2012-06-30": "10.58510", "2012-03-31": "7.43760", "2011-12-31": "5.50170", "2011-09-30": "9.77750", "2011-06-30": "12.18100", "2011-03-31": "12.10930", "2010-12-31": "11.93760", "2010-09-30": "11.74810", "2010-06-30": "12.80970", "2010-03-31": "11.32770", "2009-12-31": "13.16570", "2009-09-30": "12.70380", "2009-06-30": "12.69810", "2009-03-31": "12.17930", "2008-12-31": "14.03370", "2008-09-30": "12.46280", "2008-06-30": "13.22160", "2008-03-31": "12.15800", "2007-12-31": "12.93250", "2007-09-30": "13.46420", "2007-06-30": "12.89670", "2007-03-31": "12.36550", "2006-12-31": "13.77990", "2006-09-30": "11.34870", "2006-06-30": "12.55510", "2006-03-31": "11.60200", "2005-12-31": "-0.16180", "2005-09-30": "-14.61790", "2005-06-30": "13.01450", "2005-03-31": "12.05210"}, "Asset Turnover": {"2020-09-30": "0.10060", "2020-06-30": "0.05700", "2020-03-31": "0.10850", "2019-12-31": "0.12920", "2019-09-30": "0.11500", "2019-06-30": "0.11770", "2019-03-31": "0.11000", "2018-12-31": "0.12200", "2018-09-30": "0.10590", "2018-06-30": "0.11810", "2018-03-31": "0.09220", "2017-12-31": "0.10520", "2017-09-30": "0.09010", "2017-06-30": "0.09150", "2017-03-31": "0.07770", "2016-12-31": "0.08620", "2016-09-30": "0.07980", "2016-06-30": "0.08920", "2016-03-31": "0.06610", "2015-12-31": "0.15240", "2015-09-30": "0.14740", "2015-06-30": "0.15520", "2015-03-31": "0.14970", "2014-12-31": "0.15480", "2014-09-30": "0.14500", "2014-06-30": "0.15090", "2014-03-31": "0.14350", "2013-12-31": "0.14840", "2013-09-30": "0.14050", "2013-06-30": "0.15610", "2013-03-31": "0.14930", "2012-12-31": "0.15150", "2012-09-30": "0.13980", "2012-06-30": "0.15660", "2012-03-31": "0.14290", "2011-12-31": "0.15520", "2011-09-30": "0.12820", "2011-06-30": "0.16670", "2011-03-31": "0.16600", "2010-12-31": "0.17440", "2010-09-30": "0.16960", "2010-06-30": "0.20200", "2010-03-31": "0.18280", "2009-12-31": "0.18410", "2009-09-30": "0.17320", "2009-06-30": "0.19070", "2009-03-31": "0.18360", "2008-12-31": "0.17870", "2008-09-30": "0.19910", "2008-06-30": "0.19870", "2008-03-31": "0.19240", "2007-12-31": "0.20240", "2007-09-30": "0.18670", "2007-06-30": "0.21240", "2007-03-31": "0.20610", "2006-12-31": "0.21610", "2006-09-30": "0.16970", "2006-06-30": "0.18410", "2006-03-31": "0.17650", "2005-12-31": "0.18560", "2005-09-30": "0.16870", "2005-06-30": "0.17290", "2005-03-31": "0.15090"}, "Inventory Turnover Ratio": {"2020-09-30": "0.92520", "2020-06-30": "0.57300", "2020-03-31": "0.68840", "2019-12-31": "0.89180", "2019-09-30": "0.74050", "2019-06-30": "0.77030", "2019-03-31": "0.72230", "2018-12-31": "0.89310", "2018-09-30": "0.67310", "2018-06-30": "0.73440", "2018-03-31": "0.63450", "2017-12-31": "0.79870", "2017-09-30": "0.72100", "2017-06-30": "0.75150", "2017-03-31": "0.72290", "2016-12-31": "0.87990", "2016-09-30": "0.79190", "2016-06-30": "0.94650", "2016-03-31": "0.62920", "2015-12-31": "0.87100", "2015-09-30": "0.77330", "2015-06-30": "0.79580", "2015-03-31": "0.74430", "2014-12-31": "0.84230", "2014-09-30": "0.75770", "2014-06-30": "0.73880", "2014-03-31": "0.73810", "2013-12-31": "0.81140", "2013-09-30": "0.73080", "2013-06-30": "0.79890", "2013-03-31": "0.82450", "2012-12-31": "0.89650", "2012-09-30": "0.79730", "2012-06-30": "0.88180", "2012-03-31": "0.80300", "2011-12-31": "1.04230", "2011-09-30": "0.82270", "2011-06-30": "0.87360", "2011-03-31": "0.81410", "2010-12-31": "0.90840", "2010-09-30": "0.84570", "2010-06-30": "0.97570", "2010-03-31": "0.87620", "2009-12-31": "0.97780", "2009-09-30": "0.83250", "2009-06-30": "0.86340", "2009-03-31": "0.76800", "2008-12-31": "0.78040", "2008-09-30": "0.89600", "2008-06-30": "0.98790", "2008-03-31": "0.98080", "2007-12-31": "1.04160", "2007-09-30": "0.84860", "2007-06-30": "0.95480", "2007-03-31": "0.91540", "2006-12-31": "0.99170", "2006-09-30": "0.88800", "2006-06-30": "1.00400", "2006-03-31": "0.93120", "2005-12-31": "1.07390", "2005-09-30": "0.90390", "2005-06-30": "0.97020", "2005-03-31": "0.88370"}, "Receiveable Turnover": {"2020-09-30": "1.42460", "2020-06-30": "0.98080", "2020-03-31": "1.23300", "2019-12-31": "1.42140", "2019-09-30": "1.37760", "2019-06-30": "1.44180", "2019-03-31": "1.43690", "2018-12-31": "1.50980", "2018-09-30": "1.32250", "2018-06-30": "1.46710", "2018-03-31": "1.42620", "2017-12-31": "1.46210", "2017-09-30": "1.37420", "2017-06-30": "1.49460", "2017-03-31": "1.50430", "2016-12-31": "1.56680", "2016-09-30": "1.41970", "2016-06-30": "1.60390", "2016-03-31": "1.23580", "2015-12-31": "1.67820", "2015-09-30": "1.50980", "2015-06-30": "1.55980", "2015-03-31": "1.60130", "2014-12-31": "1.68560", "2014-09-30": "1.48510", "2014-06-30": "1.51840", "2014-03-31": "1.47130", "2013-12-31": "1.59410", "2013-09-30": "1.40140", "2013-06-30": "1.52510", "2013-03-31": "1.56250", "2012-12-31": "1.70270", "2012-09-30": "1.48890", "2012-06-30": "1.65070", "2012-03-31": "1.55290", "2011-12-31": "1.72550", "2011-09-30": "1.30220", "2011-06-30": "1.50610", "2011-03-31": "1.48050", "2010-12-31": "1.64780", "2010-09-30": "1.47720", "2010-06-30": "1.60850", "2010-03-31": "1.53770", "2009-12-31": "1.63010", "2009-09-30": "1.48810", "2009-06-30": "1.54620", "2009-03-31": "1.54790", "2008-12-31": "1.58450", "2008-09-30": "1.53400", "2008-06-30": "1.60130", "2008-03-31": "1.57250", "2007-12-31": "1.76030", "2007-09-30": "1.49720", "2007-06-30": "1.57130", "2007-03-31": "1.52040", "2006-12-31": "1.62090", "2006-09-30": "1.47170", "2006-06-30": "1.57980", "2006-03-31": "1.56670", "2005-12-31": "1.75560", "2005-09-30": "1.60040", "2005-06-30": "1.68090", "2005-03-31": "1.61970"}, "Days Sales In Receivables": {"2020-09-30": "63.17500", "2020-06-30": "91.76110", "2020-03-31": "72.99440", "2019-12-31": "63.31980", "2019-09-30": "65.33210", "2019-06-30": "62.42220", "2019-03-31": "62.63480", "2018-12-31": "59.61220", "2018-09-30": "68.05260", "2018-06-30": "61.34440", "2018-03-31": "63.10640", "2017-12-31": "61.55640", "2017-09-30": "65.49350", "2017-06-30": "60.21760", "2017-03-31": "59.82680", "2016-12-31": "57.44100", "2016-09-30": "63.39240", "2016-06-30": "56.11350", "2016-03-31": "72.82940", "2015-12-31": "53.62990", "2015-09-30": "59.61170", "2015-06-30": "57.70060", "2015-03-31": "56.20580", "2014-12-31": "53.39460", "2014-09-30": "60.60020", "2014-06-30": "59.27340", "2014-03-31": "61.16840", "2013-12-31": "56.45860", "2013-09-30": "64.22180", "2013-06-30": "59.01440", "2013-03-31": "57.60040", "2012-12-31": "52.85770", "2012-09-30": "60.44930", "2012-06-30": "54.52330", "2012-03-31": "57.95770", "2011-12-31": "52.15870", "2011-09-30": "69.11600", "2011-06-30": "59.75870", "2011-03-31": "60.79220", "2010-12-31": "54.61690", "2010-09-30": "60.92670", "2010-06-30": "55.95140", "2010-03-31": "58.52740", "2009-12-31": "55.21090", "2009-09-30": "60.48130", "2009-06-30": "58.20780", "2009-03-31": "58.14440", "2008-12-31": "56.79850", "2008-09-30": "58.67110", "2008-06-30": "56.20610", "2008-03-31": "57.23550", "2007-12-31": "51.12790", "2007-09-30": "60.11250", "2007-06-30": "57.27860", "2007-03-31": "59.19350", "2006-12-31": "55.52610", "2006-09-30": "61.15310", "2006-06-30": "56.96830", "2006-03-31": "57.44730", "2005-12-31": "51.26490", "2005-09-30": "56.23760", "2005-06-30": "53.54210", "2005-03-31": "55.56440"}, "ROE - Return On Equity": {"2020-09-30": "1.13810", "2020-06-30": "-2.06440", "2020-03-31": "-2.98280", "2019-12-31": "2.01180", "2019-09-30": "1.68010", "2019-06-30": "0.70230", "2019-03-31": "0.76720", "2018-12-31": "0.02920", "2018-09-30": "0.53350", "2018-06-30": "-21.80890", "2018-03-31": "1.20950", "2017-12-31": "-9.81000", "2017-09-30": "1.20830", "2017-06-30": "-14.43870", "2017-03-31": "0.73130", "2016-12-31": "1.32790", "2016-09-30": "1.10450", "2016-06-30": "1.27350", "2016-03-31": "1.49430", "2015-12-31": "2.50490", "2015-09-30": "3.69930", "2015-06-30": "1.90390", "2015-03-31": "2.94350", "2014-12-31": "3.64590", "2014-09-30": "3.01650", "2014-06-30": "3.48250", "2014-03-31": "2.88840", "2013-12-31": "2.95080", "2013-09-30": "3.26200", "2013-06-30": "3.87620", "2013-03-31": "3.19790", "2012-12-31": "5.68710", "2012-09-30": "2.51250", "2012-06-30": "4.12470", "2012-03-31": "2.64920", "2011-12-31": "2.19690", "2011-09-30": "3.23740", "2011-06-30": "3.62240", "2011-03-31": "3.50380", "2010-12-31": "3.55950", "2010-09-30": "3.40060", "2010-06-30": "4.21190", "2010-03-31": "3.30340", "2009-12-31": "3.98800", "2009-09-30": "3.56660", "2009-06-30": "3.91220", "2009-03-31": "3.56810", "2008-12-31": "4.23950", "2008-09-30": "4.16450", "2008-06-30": "4.89060", "2008-03-31": "4.48410", "2007-12-31": "4.62280", "2007-09-30": "4.52100", "2007-06-30": "4.67880", "2007-03-31": "4.37000", "2006-12-31": "5.09870", "2006-09-30": "3.84620", "2006-06-30": "4.74380", "2006-03-31": "3.81860", "2005-12-31": "-0.05810", "2005-09-30": "-4.84190", "2005-06-30": "4.23290", "2005-03-31": "3.42090"}, "Return On Tangible Equity": {"2020-09-30": "-9.36910", "2020-06-30": "15.43290", "2020-03-31": "25.57590", "2019-12-31": "-21.44800", "2019-09-30": "-18.30710", "2019-06-30": "-6.92410", "2019-03-31": "-6.38020", "2018-12-31": "-0.20870", "2018-09-30": "-3.53790", "2018-06-30": "129.67030", "2018-03-31": "-11.93700", "2017-12-31": "91.32020", "2017-09-30": "-13.03470", "2017-06-30": "129.85910", "2017-03-31": "-7.96320", "2016-12-31": "-13.76800", "2016-09-30": "-11.05120", "2016-06-30": "-20.86290", "2016-03-31": "-21.28420", "2015-12-31": "-23.54360", "2015-09-30": "-27.83640", "2015-06-30": "-14.74970", "2015-03-31": "-16.30670", "2014-12-31": "-19.33450", "2014-09-30": "-20.10340", "2014-06-30": "-19.60540", "2014-03-31": "-13.30380", "2013-12-31": "-15.24620", "2013-09-30": "-14.98660", "2013-06-30": "-13.49730", "2013-03-31": "-10.31610", "2012-12-31": "-16.14960", "2012-09-30": "-6.11190", "2012-06-30": "-8.24660", "2012-03-31": "-5.11100", "2011-12-31": "-3.77320", "2011-09-30": "-5.43260", "2011-06-30": "12.49890", "2011-03-31": "12.57820", "2010-12-31": "12.87280", "2010-09-30": "12.97270", "2010-06-30": "16.09710", "2010-03-31": "11.95980", "2009-12-31": "15.05100", "2009-09-30": "14.30640", "2009-06-30": "17.06780", "2009-03-31": "17.19010", "2008-12-31": "25.24500", "2008-09-30": "17.72440", "2008-06-30": "22.21780", "2008-03-31": "26.00850", "2007-12-31": "22.42650", "2007-09-30": "25.24670", "2007-06-30": "21.31080", "2007-03-31": "21.48760", "2006-12-31": "30.81000", "2006-09-30": "19.93580", "2006-06-30": "28.61940", "2006-03-31": "16.87570", "2005-12-31": "-0.29580", "2005-09-30": "-30.10740", "2005-06-30": "33.30000", "2005-03-31": "23.34330"}, "ROA - Return On Assets": {"2020-09-30": "0.60930", "2020-06-30": "-1.11460", "2020-03-31": "-1.73610", "2019-12-31": "1.19150", "2019-09-30": "1.01590", "2019-06-30": "0.42450", "2019-03-31": "0.45560", "2018-12-31": "0.01730", "2018-09-30": "0.31360", "2018-06-30": "-12.70690", "2018-03-31": "0.78190", "2017-12-31": "-6.26730", "2017-09-30": "0.80810", "2017-06-30": "-9.68020", "2017-03-31": "0.51490", "2016-12-31": "0.93370", "2016-09-30": "0.77220", "2016-06-30": "0.92480", "2016-03-31": "1.07260", "2015-12-31": "1.33090", "2015-09-30": "1.91720", "2015-06-30": "0.98070", "2015-03-31": "1.45960", "2014-12-31": "1.82210", "2014-09-30": "1.54180", "2014-06-30": "1.77460", "2014-03-31": "1.43280", "2013-12-31": "1.49800", "2013-09-30": "1.61410", "2013-06-30": "1.81940", "2013-03-31": "1.48040", "2012-12-31": "2.57280", "2012-09-30": "1.09080", "2012-06-30": "1.68430", "2012-03-31": "1.08130", "2011-12-31": "0.87040", "2011-09-30": "1.26610", "2011-06-30": "2.06170", "2011-03-31": "2.02100", "2010-12-31": "2.08670", "2010-09-30": "1.99720", "2010-06-30": "2.62210", "2010-03-31": "2.08220", "2009-12-31": "2.46280", "2009-09-30": "2.21230", "2009-06-30": "2.43510", "2009-03-31": "2.17080", "2008-12-31": "2.48550", "2008-09-30": "2.48250", "2008-06-30": "2.62930", "2008-03-31": "2.33810", "2007-12-31": "2.61950", "2007-09-30": "2.51320", "2007-06-30": "2.73940", "2007-03-31": "2.54810", "2006-12-31": "2.97750", "2006-09-30": "1.92640", "2006-06-30": "2.31100", "2006-03-31": "2.04750", "2005-12-31": "-0.03000", "2005-09-30": "-2.46590", "2005-06-30": "2.25060", "2005-03-31": "1.81900"}, "ROI - Return On Investment": {"2020-09-30": "0.80990", "2020-06-30": "-1.40450", "2020-03-31": "-2.28920", "2019-12-31": "1.57020", "2019-09-30": "1.31520", "2019-06-30": "0.54950", "2019-03-31": "0.58910", "2018-12-31": "0.02240", "2018-09-30": "0.40870", "2018-06-30": "-16.66490", "2018-03-31": "0.97120", "2017-12-31": "-7.89130", "2017-09-30": "0.99550", "2017-06-30": "-11.85240", "2017-03-31": "0.61600", "2016-12-31": "1.11960", "2016-09-30": "0.92980", "2016-06-30": "1.11620", "2016-03-31": "1.31140", "2015-12-31": "1.68370", "2015-09-30": "2.82900", "2015-06-30": "1.29930", "2015-03-31": "1.96740", "2014-12-31": "2.43830", "2014-09-30": "2.05640", "2014-06-30": "2.46570", "2014-03-31": "2.03120", "2013-12-31": "2.03170", "2013-09-30": "2.21930", "2013-06-30": "2.59950", "2013-03-31": "2.08720", "2012-12-31": "3.68510", "2012-09-30": "1.59770", "2012-06-30": "2.36310", "2012-03-31": "1.53700", "2011-12-31": "1.22680", "2011-09-30": "1.66110", "2011-06-30": "2.75540", "2011-03-31": "2.63640", "2010-12-31": "2.70430", "2010-09-30": "2.58470", "2010-06-30": "3.32730", "2010-03-31": "2.65750", "2009-12-31": "3.31500", "2009-09-30": "3.29820", "2009-06-30": "3.61940", "2009-03-31": "2.79990", "2008-12-31": "3.37720", "2008-09-30": "3.32310", "2008-06-30": "3.60040", "2008-03-31": "3.23510", "2007-12-31": "3.50760", "2007-09-30": "3.37140", "2007-06-30": "3.64410", "2007-03-31": "3.33860", "2006-12-31": "3.95790", "2006-09-30": "3.06210", "2006-06-30": "3.56530", "2006-03-31": "3.34180", "2005-12-31": "-0.04770", "2005-09-30": "-3.13360", "2005-06-30": "2.85780", "2005-03-31": "2.29770"}, "Book Value Per Share": {"2020-09-30": "21.79540", "2020-06-30": "21.27020", "2020-03-31": "21.40670", "2019-12-31": "23.02260", "2019-09-30": "22.75800", "2019-06-30": "23.12760", "2019-03-31": "22.83070", "2018-12-31": "23.01790", "2018-09-30": "23.16540", "2018-06-30": "23.13280", "2018-03-31": "29.48640", "2017-12-31": "29.22360", "2017-09-30": "32.62110", "2017-06-30": "31.72350", "2017-03-31": "35.50940", "2016-12-31": "35.31460", "2016-09-30": "36.08420", "2016-06-30": "35.68930", "2016-03-31": "35.80440", "2015-12-31": "16.69810", "2015-09-30": "16.31970", "2015-06-30": "16.56860", "2015-03-31": "15.54150", "2014-12-31": "16.48120", "2014-09-30": "17.61640", "2014-06-30": "18.22830", "2014-03-31": "17.80390", "2013-12-31": "18.11650", "2013-09-30": "17.43330", "2013-06-30": "16.09070", "2013-03-31": "15.85880", "2012-12-31": "15.80780", "2012-09-30": "15.21740", "2012-06-30": "14.02680", "2012-03-31": "14.44580", "2011-12-31": "13.29680", "2011-09-30": "13.36930", "2011-06-30": "14.72920", "2011-03-31": "14.07030", "2010-12-31": "13.46910", "2010-09-30": "13.20590", "2010-06-30": "12.16070", "2010-03-31": "12.86820", "2009-12-31": "12.97250", "2009-09-30": "12.81110", "2009-06-30": "12.14080", "2009-03-31": "11.31040", "2008-12-31": "11.16700", "2008-09-30": "10.65430", "2008-06-30": "10.81450", "2008-03-31": "10.21470", "2007-12-31": "10.20260", "2007-09-30": "9.60130", "2007-06-30": "9.20060", "2007-03-31": "8.79130", "2006-12-31": "8.39150", "2006-09-30": "8.34290", "2006-06-30": "8.09320", "2006-03-31": "8.26690", "2005-12-31": "7.90490", "2005-09-30": "8.00890", "2005-06-30": "8.62360", "2005-03-31": "8.89470"}, "Operating Cash Flow Per Share": {"2020-09-30": 0.9431, "2020-06-30": 0.8001, "2020-03-31": "-0.04840", "2019-12-31": 1.3371, "2019-09-30": 0.7102, "2019-06-30": 0.6425, "2019-03-31": "0.13020", "2018-12-31": 0.8979, "2018-09-30": 0.5666, "2018-06-30": 0.5241, "2018-03-31": "0.23970", "2017-12-31": 1.0236, "2017-09-30": 0.6904, "2017-06-30": 0.5572, "2017-03-31": "0.35260", "2016-12-31": 1.0993, "2016-09-30": 0.6508, "2016-06-30": 0.7884, "2016-03-31": "0.00390", "2015-12-31": 0.8852, "2015-09-30": 1.1211, "2015-06-30": 1.0248, "2015-03-31": "0.45940", "2014-12-31": 1.3381, "2014-09-30": 1.0205, "2014-06-30": 1.0807, "2014-03-31": "0.44700", "2013-12-31": 1.0965, "2013-09-30": 0.8763, "2013-06-30": 0.6599, "2013-03-31": "0.24870", "2012-12-31": 1.1638, "2012-09-30": 0.6857, "2012-06-30": 0.5801, "2012-03-31": "0.13860", "2011-12-31": 0.9638, "2011-09-30": 0.6157, "2011-06-30": 0.8509, "2011-03-31": "0.31050", "2010-12-31": 0.8082, "2010-09-30": 0.7534, "2010-06-30": 0.7792, "2010-03-31": "0.24480", "2009-12-31": 0.7862, "2009-09-30": 0.86, "2009-06-30": 0.6977, "2009-03-31": "0.07110", "2008-12-31": 0.6538, "2008-09-30": 0.6454, "2008-06-30": 0.7187, "2008-03-31": "0.19720", "2007-12-31": 0.8456, "2007-09-30": 0.6589, "2007-06-30": 0.7307, "2007-03-31": "0.27060", "2006-12-31": 0.7031, "2006-09-30": 0.4348, "2006-06-30": 0.5091, "2006-03-31": "0.07070", "2005-12-31": 0.6013, "2005-09-30": 0.4364, "2005-06-30": 0.2473, "2005-03-31": "0.15170"}, "Free Cash Flow Per Share": {"2020-09-30": 0.8468, "2020-06-30": 0.7387, "2020-03-31": "-0.16120", "2019-12-31": 1.1781, "2019-09-30": 0.6211, "2019-06-30": 0.5136, "2019-03-31": "-0.01910", "2018-12-31": 0.6809, "2018-09-30": 0.3542, "2018-06-30": 0.3235, "2018-03-31": "0.09700", "2017-12-31": 0.8408, "2017-09-30": 0.5506, "2017-06-30": 0.4091, "2017-03-31": "0.22650", "2016-12-31": 0.8714, "2016-09-30": 0.52, "2016-06-30": 0.7199, "2016-03-31": "-0.11040", "2015-12-31": 0.7437, "2015-09-30": 0.9935, "2015-06-30": 0.9043, "2015-03-31": "0.34660", "2014-12-31": 1.1533, "2014-09-30": 0.8555, "2014-06-30": 0.9181, "2014-03-31": "0.27280", "2013-12-31": 0.912, "2013-09-30": 0.6925, "2013-06-30": 0.5143, "2013-03-31": "0.09150", "2012-12-31": 0.9784, "2012-09-30": 0.5343, "2012-06-30": 0.4128, "2012-03-31": "0.01030", "2011-12-31": 0.7842, "2011-09-30": 0.4784, "2011-06-30": 0.7568, "2011-03-31": "0.22910", "2010-12-31": 0.7313, "2010-09-30": 0.6784, "2010-06-30": 0.7056, "2010-03-31": "0.19170", "2009-12-31": 0.722, "2009-09-30": 0.7466, "2009-06-30": 0.6327, "2009-03-31": "-0.02360", "2008-12-31": 0.5136, "2008-09-30": 0.5213, "2008-06-30": 0.6019, "2008-03-31": "0.07830", "2007-12-31": 0.6977, "2007-09-30": 0.5681, "2007-06-30": 0.6649, "2007-03-31": "0.20130", "2006-12-31": 0.6564, "2006-09-30": 0.3496, "2006-06-30": 0.4296, "2006-03-31": "0.01390", "2005-12-31": 0.5173, "2005-09-30": 0.3708, "2005-06-30": 0.1727, "2005-03-31": "0.09980"}}, "revenue": {"DENTSPLY SIRONA Annual Revenue (Millions of US $)": {"2019": "$4,029", "2018": "$3,986", "2017": "$3,993", "2016": "$3,745", "2015": "$2,674", "2014": "$2,923", "2013": "$2,951", "2012": "$2,928", "2011": "$2,538", "2010": "$2,221", "2009": "$2,159", "2008": "$2,191", "2007": "$2,010", "2006": "$1,810", "2005": "$1,715"}, "DENTSPLY SIRONA Quarterly Revenue (Millions of US $)": {"2020-09-30": "$895", "2020-06-30": "$491", "2020-03-31": "$874", "2019-12-31": "$1,112", "2019-09-30": "$962", "2019-06-30": "$1,009", "2019-03-31": "$946", "2018-12-31": "$1,060", "2018-09-30": "$928", "2018-06-30": "$1,042", "2018-03-31": "$956", "2017-12-31": "$1,091", "2017-09-30": "$1,009", "2017-06-30": "$993", "2017-03-31": "$901", "2016-12-31": "$997", "2016-09-30": "$954", "2016-06-30": "$1,022", "2016-03-31": "$773", "2015-12-31": "$671", "2015-09-30": "$649", "2015-06-30": "$698", "2015-03-31": "$656", "2014-12-31": "$719", "2014-09-30": "$708", "2014-06-30": "$765", "2014-03-31": "$730", "2013-12-31": "$754", "2013-09-30": "$704", "2013-06-30": "$761", "2013-03-31": "$732", "2012-12-31": "$753", "2012-09-30": "$696", "2012-06-30": "$763", "2012-03-31": "$716", "2011-12-31": "$738", "2011-09-30": "$620", "2011-06-30": "$609", "2011-03-31": "$571", "2010-12-31": "$568", "2010-09-30": "$542", "2010-06-30": "$565", "2010-03-31": "$546", "2009-12-31": "$568", "2009-09-30": "$531", "2009-06-30": "$553", "2009-03-31": "$507", "2008-12-31": "$506", "2008-09-30": "$530", "2008-06-30": "$595", "2008-03-31": "$561", "2007-12-31": "$542", "2007-09-30": "$488", "2007-06-30": "$507", "2007-03-31": "$473", "2006-12-31": "$471", "2006-09-30": "$436", "2006-06-30": "$472", "2006-03-31": "$431", "2005-12-31": "$447", "2005-09-30": "$416", "2005-06-30": "$445", "2005-03-31": "$407"}}, "gross-profit": {"DENTSPLY SIRONA Annual Gross Profit (Millions of US $)": {"2019": "$2,165", "2018": "$2,068", "2017": "$2,189", "2016": "$2,001", "2015": "$1,517", "2014": "$1,600", "2013": "$1,577", "2012": "$1,556", "2011": "$1,273", "2010": "$1,130", "2009": "$1,106", "2008": "$1,148", "2007": "$1,041", "2006": "$929", "2005": "$869"}, "DENTSPLY SIRONA Quarterly Gross Profit (Millions of US $)": {"2020-09-30": "$442", "2020-06-30": "$176", "2020-03-31": "$468", "2019-12-31": "$611", "2019-09-30": "$514", "2019-06-30": "$541", "2019-03-31": "$500", "2018-12-31": "$525", "2018-09-30": "$476", "2018-06-30": "$553", "2018-03-31": "$514", "2017-12-31": "$593", "2017-09-30": "$559", "2017-06-30": "$544", "2017-03-31": "$492", "2016-12-31": "$542", "2016-09-30": "$514", "2016-06-30": "$527", "2016-03-31": "$419", "2015-12-31": "$375", "2015-09-30": "$370", "2015-06-30": "$400", "2015-03-31": "$373", "2014-12-31": "$393", "2014-09-30": "$388", "2014-06-30": "$424", "2014-03-31": "$394", "2013-12-31": "$398", "2013-09-30": "$376", "2013-06-30": "$415", "2013-03-31": "$388", "2012-12-31": "$392", "2012-09-30": "$364", "2012-06-30": "$407", "2012-03-31": "$393", "2011-12-31": "$361", "2011-09-30": "$298", "2011-06-30": "$315", "2011-03-31": "$300", "2010-12-31": "$288", "2010-09-30": "$273", "2010-06-30": "$288", "2010-03-31": "$282", "2009-12-31": "$283", "2009-09-30": "$272", "2009-06-30": "$286", "2009-03-31": "$266", "2008-12-31": "$267", "2008-09-30": "$280", "2008-06-30": "$315", "2008-03-31": "$285", "2007-12-31": "$273", "2007-09-30": "$253", "2007-06-30": "$269", "2007-03-31": "$246", "2006-12-31": "$241", "2006-09-30": "$226", "2006-06-30": "$242", "2006-03-31": "$220", "2005-12-31": "$224", "2005-09-30": "$209", "2005-06-30": "$227", "2005-03-31": "$209"}}, "operating-income": {"DENTSPLY SIRONA Annual Operating Income (Millions of US $)": {"2019": "$361", "2018": "$-958", "2017": "$-1,562", "2016": "$455", "2015": "$375", "2014": "$446", "2013": "$419", "2012": "$382", "2011": "$301", "2010": "$380", "2009": "$381", "2008": "$380", "2007": "$355", "2006": "$315", "2005": "$73"}, "DENTSPLY SIRONA Quarterly Operating Income (Millions of US $)": {"2020-09-30": "$82", "2020-06-30": "$-104", "2020-03-31": "$-125", "2019-12-31": "$137", "2019-09-30": "$110", "2019-06-30": "$68", "2019-03-31": "$47", "2018-12-31": "$82", "2018-09-30": "$46", "2018-06-30": "$-1,154", "2018-03-31": "$69", "2017-12-31": "$-706", "2017-09-30": "$108", "2017-06-30": "$-1,048", "2017-03-31": "$84", "2016-12-31": "$134", "2016-09-30": "$127", "2016-06-30": "$121", "2016-03-31": "$73", "2015-12-31": "$93", "2015-09-30": "$99", "2015-06-30": "$86", "2015-03-31": "$98", "2014-12-31": "$103", "2014-09-30": "$110", "2014-06-30": "$127", "2014-03-31": "$106", "2013-12-31": "$97", "2013-09-30": "$105", "2013-06-30": "$123", "2013-03-31": "$94", "2012-12-31": "$97", "2012-09-30": "$89", "2012-06-30": "$109", "2012-03-31": "$87", "2011-12-31": "$65", "2011-09-30": "$40", "2011-06-30": "$97", "2011-03-31": "$99", "2010-12-31": "$96", "2010-09-30": "$90", "2010-06-30": "$105", "2010-03-31": "$89", "2009-12-31": "$103", "2009-09-30": "$93", "2009-06-30": "$99", "2009-03-31": "$86", "2008-12-31": "$85", "2008-09-30": "$81", "2008-06-30": "$113", "2008-03-31": "$101", "2007-12-31": "$98", "2007-09-30": "$83", "2007-06-30": "$93", "2007-03-31": "$81", "2006-12-31": "$80", "2006-09-30": "$79", "2006-06-30": "$87", "2006-03-31": "$70", "2005-12-31": "$-22", "2005-09-30": "$-57", "2005-06-30": "$81", "2005-03-31": "$70"}}, "ebitda": {"DENTSPLY SIRONA Annual EBITDA (Millions of US $)": {"2019": "$686", "2018": "$461", "2017": "$408", "2016": "$731", "2015": "$509", "2014": "$579", "2013": "$552", "2012": "$518", "2011": "$394", "2010": "$447", "2009": "$446", "2008": "$437", "2007": "$405", "2006": "$362", "2005": "$123"}, "DENTSPLY SIRONA Quarterly EBITDA (Millions of US $)": {"2020-09-30": "$171", "2020-06-30": "$-24", "2020-03-31": "$112", "2019-12-31": "$216", "2019-09-30": "$189", "2019-06-30": "$151", "2019-03-31": "$131", "2018-12-31": "$160", "2018-09-30": "$130", "2018-06-30": "$18", "2018-03-31": "$153", "2017-12-31": "$-66", "2017-09-30": "$189", "2017-06-30": "$123", "2017-03-31": "$161", "2016-12-31": "$210", "2016-09-30": "$204", "2016-06-30": "$198", "2016-03-31": "$119", "2015-12-31": "$130", "2015-09-30": "$134", "2015-06-30": "$117", "2015-03-31": "$129", "2014-12-31": "$134", "2014-09-30": "$143", "2014-06-30": "$161", "2014-03-31": "$141", "2013-12-31": "$130", "2013-09-30": "$137", "2013-06-30": "$157", "2013-03-31": "$128", "2012-12-31": "$131", "2012-09-30": "$120", "2012-06-30": "$143", "2012-03-31": "$124", "2011-12-31": "$95", "2011-09-30": "$67", "2011-06-30": "$117", "2011-03-31": "$116", "2010-12-31": "$112", "2010-09-30": "$106", "2010-06-30": "$121", "2010-03-31": "$107", "2009-12-31": "$119", "2009-09-30": "$109", "2009-06-30": "$115", "2009-03-31": "$103", "2008-12-31": "$99", "2008-09-30": "$96", "2008-06-30": "$127", "2008-03-31": "$115", "2007-12-31": "$110", "2007-09-30": "$95", "2007-06-30": "$106", "2007-03-31": "$94", "2006-12-31": "$91", "2006-09-30": "$91", "2006-06-30": "$98", "2006-03-31": "$82", "2005-12-31": "$-11", "2005-09-30": "$-44", "2005-06-30": "$95", "2005-03-31": "$84"}}, "net-income": {"DENTSPLY SIRONA Annual Net Income (Millions of US $)": {"2019": "$263", "2018": "$-1,011", "2017": "$-1,550", "2016": "$430", "2015": "$251", "2014": "$323", "2013": "$313", "2012": "$314", "2011": "$245", "2010": "$266", "2009": "$274", "2008": "$284", "2007": "$260", "2006": "$224", "2005": "$45"}, "DENTSPLY SIRONA Quarterly Net Income (Millions of US $)": {"2020-09-30": "$54", "2020-06-30": "$-95", "2020-03-31": "$-140", "2019-12-31": "$102", "2019-09-30": "$85", "2019-06-30": "$36", "2019-03-31": "$39", "2018-12-31": "$2", "2018-09-30": "$28", "2018-06-30": "$-1,122", "2018-03-31": "$81", "2017-12-31": "$-650", "2017-09-30": "$91", "2017-06-30": "$-1,050", "2017-03-31": "$60", "2016-12-31": "$107", "2016-09-30": "$93", "2016-06-30": "$105", "2016-03-31": "$125", "2015-12-31": "$59", "2015-09-30": "$85", "2015-06-30": "$44", "2015-03-31": "$64", "2014-12-31": "$85", "2014-09-30": "$75", "2014-06-30": "$90", "2014-03-31": "$73", "2013-12-31": "$74", "2013-09-30": "$80", "2013-06-30": "$87", "2013-03-31": "$72", "2012-12-31": "$127", "2012-09-30": "$53", "2012-06-30": "$81", "2012-03-31": "$53", "2011-12-31": "$41", "2011-09-30": "$61", "2011-06-30": "$74", "2011-03-31": "$69", "2010-12-31": "$68", "2010-09-30": "$64", "2010-06-30": "$72", "2010-03-31": "$62", "2009-12-31": "$75", "2009-09-30": "$67", "2009-06-30": "$70", "2009-03-31": "$62", "2008-12-31": "$71", "2008-09-30": "$66", "2008-06-30": "$79", "2008-03-31": "$68", "2007-12-31": "$70", "2007-09-30": "$66", "2007-06-30": "$65", "2007-03-31": "$58", "2006-12-31": "$65", "2006-09-30": "$49", "2006-06-30": "$59", "2006-03-31": "$50", "2005-12-31": "$-1", "2005-09-30": "$-61", "2005-06-30": "$58", "2005-03-31": "$49"}}, "eps-earnings-per-share-diluted": {"DENTSPLY SIRONA Annual EPS": {"2019": "$1.17", "2018": "$-4.51", "2017": "$-6.76", "2016": "$1.94", "2015": "$1.76", "2014": "$2.24", "2013": "$2.16", "2012": "$2.18", "2011": "$1.70", "2010": "$1.82", "2009": "$1.83", "2008": "$1.87", "2007": "$1.68", "2006": "$1.41", "2005": "$0.28"}, "DENTSPLY SIRONA Quarterly EPS": {"2020-09-30": "$0.25", "2020-06-30": "$-0.44", "2020-03-31": "$-0.63", "2019-12-31": "$0.46", "2019-09-30": "$0.38", "2019-06-30": "$0.16", "2019-03-31": "$0.17", "2018-12-31": "$-0.01", "2018-09-30": "$0.13", "2018-06-30": "$-4.98", "2018-03-31": "$0.35", "2017-12-31": "$-2.83", "2017-09-30": "$0.39", "2017-06-30": "$-4.58", "2017-03-31": "$0.26", "2016-12-31": "$0.41", "2016-09-30": "$0.39", "2016-06-30": "$0.44", "2016-03-31": "$0.70", "2015-12-31": "$0.41", "2015-09-30": "$0.59", "2015-06-30": "$0.31", "2015-03-31": "$0.45", "2014-12-31": "$0.60", "2014-09-30": "$0.52", "2014-06-30": "$0.62", "2014-03-31": "$0.50", "2013-12-31": "$0.52", "2013-09-30": "$0.55", "2013-06-30": "$0.60", "2013-03-31": "$0.49", "2012-12-31": "$0.88", "2012-09-30": "$0.37", "2012-06-30": "$0.56", "2012-03-31": "$0.37", "2011-12-31": "$0.28", "2011-09-30": "$0.42", "2011-06-30": "$0.52", "2011-03-31": "$0.48", "2010-12-31": "$0.48", "2010-09-30": "$0.44", "2010-06-30": "$0.49", "2010-03-31": "$0.41", "2009-12-31": "$0.50", "2009-09-30": "$0.45", "2009-06-30": "$0.47", "2009-03-31": "$0.41", "2008-12-31": "$0.46", "2008-09-30": "$0.44", "2008-06-30": "$0.52", "2008-03-31": "$0.45", "2007-12-31": "$0.46", "2007-09-30": "$0.42", "2007-06-30": "$0.42", "2007-03-31": "$0.38", "2006-12-31": "$0.42", "2006-09-30": "$0.31", "2006-06-30": "$0.37", "2006-03-31": "$0.31", "2005-12-31": "$0.02", "2005-09-30": "$-0.39", "2005-06-30": "$0.35", "2005-03-31": "$0.30"}}, "shares-outstanding": {"DENTSPLY SIRONA Annual Shares Outstanding (Millions of Shares)": {"2019": "224", "2018": "224", "2017": "229", "2016": "222", "2015": "143", "2014": "144", "2013": "145", "2012": "144", "2011": "144", "2010": "146", "2009": "150", "2008": "152", "2007": "155", "2006": "158", "2005": "162"}, "DENTSPLY SIRONA Quarterly Shares Outstanding (Millions of Shares)": {"2020-09-30": "219", "2020-06-30": "219", "2020-03-31": "221", "2019-12-31": "224", "2019-09-30": "225", "2019-06-30": "226", "2019-03-31": "225", "2018-12-31": "224", "2018-09-30": "224", "2018-06-30": "225", "2018-03-31": "230", "2017-12-31": "229", "2017-09-30": "233", "2017-06-30": "229", "2017-03-31": "234", "2016-12-31": "222", "2016-09-30": "236", "2016-06-30": "237", "2016-03-31": "178", "2015-12-31": "143", "2015-09-30": "142", "2015-06-30": "142", "2015-03-31": "143", "2014-12-31": "144", "2014-09-30": "144", "2014-06-30": "144", "2014-03-31": "144", "2013-12-31": "145", "2013-09-30": "145", "2013-06-30": "145", "2013-03-31": "145", "2012-12-31": "144", "2012-09-30": "144", "2012-06-30": "144", "2012-03-31": "144", "2011-12-31": "144", "2011-09-30": "143", "2011-06-30": "143", "2011-03-31": "144", "2010-12-31": "146", "2010-09-30": "144", "2010-06-30": "147", "2010-03-31": "149", "2009-12-31": "150", "2009-09-30": "151", "2009-06-30": "150", "2009-03-31": "150", "2008-12-31": "152", "2008-09-30": "152", "2008-06-30": "152", "2008-03-31": "153", "2007-12-31": "155", "2007-09-30": "155", "2007-06-30": "155", "2007-03-31": "155", "2006-12-31": "158", "2006-09-30": "157", "2006-06-30": "160", "2006-03-31": "161", "2005-12-31": "162", "2005-09-30": "158", "2005-06-30": "163", "2005-03-31": "165"}}, "total-assets": {"DENTSPLY SIRONA Annual Total Assets (Millions of US $)": {"2019": "$8,603", "2018": "$8,687", "2017": "$10,375", "2016": "$11,556", "2015": "$4,403", "2014": "$4,647", "2013": "$5,078", "2012": "$4,972", "2011": "$4,755", "2010": "$3,258", "2009": "$3,088", "2008": "$2,830", "2007": "$2,676", "2006": "$2,181", "2005": "$2,410"}, "DENTSPLY SIRONA Quarterly Total Assets (Millions of US $)": {"2020-09-30": "$8,896", "2020-06-30": "$8,604", "2020-03-31": "$8,058", "2019-12-31": "$8,603", "2019-09-30": "$8,367", "2019-06-30": "$8,575", "2019-03-31": "$8,605", "2018-12-31": "$8,687", "2018-09-30": "$8,769", "2018-06-30": "$8,822", "2018-03-31": "$10,373", "2017-12-31": "$10,375", "2017-09-30": "$11,199", "2017-06-30": "$10,850", "2017-03-31": "$11,594", "2016-12-31": "$11,556", "2016-09-30": "$11,952", "2016-06-30": "$11,451", "2016-03-31": "$11,682", "2015-12-31": "$4,403", "2015-09-30": "$4,402", "2015-06-30": "$4,497", "2015-03-31": "$4,385", "2014-12-31": "$4,647", "2014-09-30": "$4,884", "2014-06-30": "$5,072", "2014-03-31": "$5,089", "2013-12-31": "$5,078", "2013-09-30": "$5,010", "2013-06-30": "$4,875", "2013-03-31": "$4,902", "2012-12-31": "$4,972", "2012-09-30": "$4,977", "2012-06-30": "$4,871", "2012-03-31": "$5,015", "2011-12-31": "$4,755", "2011-09-30": "$4,834", "2011-06-30": "$3,657", "2011-03-31": "$3,437", "2010-12-31": "$3,258", "2010-09-30": "$3,195", "2010-06-30": "$2,797", "2010-03-31": "$2,987", "2009-12-31": "$3,088", "2009-09-30": "$3,067", "2009-06-30": "$2,898", "2009-03-31": "$2,761", "2008-12-31": "$2,830", "2008-09-30": "$2,661", "2008-06-30": "$2,993", "2008-03-31": "$2,915", "2007-12-31": "$2,676", "2007-09-30": "$2,615", "2007-06-30": "$2,389", "2007-03-31": "$2,295", "2006-12-31": "$2,181", "2006-09-30": "$2,567", "2006-06-30": "$2,567", "2006-03-31": "$2,442", "2005-12-31": "$2,410", "2005-09-30": "$2,466", "2005-06-30": "$2,572", "2005-03-31": "$2,696"}}, "cash-on-hand": {"DENTSPLY SIRONA Annual Cash on Hand (Millions of US $)": {"2019": "$405", "2018": "$310", "2017": "$321", "2016": "$384", "2015": "$285", "2014": "$152", "2013": "$75", "2012": "$80", "2011": "$77", "2010": "$540", "2009": "$450", "2008": "$204", "2007": "$316", "2006": "$65", "2005": "$435"}, "DENTSPLY SIRONA Quarterly Cash on Hand (Millions of US $)": {"2020-09-30": "$1,272", "2020-06-30": "$1,109", "2020-03-31": "$236", "2019-12-31": "$405", "2019-09-30": "$226", "2019-06-30": "$250", "2019-03-31": "$225", "2018-12-31": "$310", "2018-09-30": "$233", "2018-06-30": "$239", "2018-03-31": "$317", "2017-12-31": "$321", "2017-09-30": "$370", "2017-06-30": "$268", "2017-03-31": "$363", "2016-12-31": "$384", "2016-09-30": "$331", "2016-06-30": "$312", "2016-03-31": "$323", "2015-12-31": "$285", "2015-09-30": "$236", "2015-06-30": "$96", "2015-03-31": "$101", "2014-12-31": "$152", "2014-09-30": "$98", "2014-06-30": "$67", "2014-03-31": "$56", "2013-12-31": "$75", "2013-09-30": "$51", "2013-06-30": "$57", "2013-03-31": "$56", "2012-12-31": "$80", "2012-09-30": "$56", "2012-06-30": "$53", "2012-03-31": "$67", "2011-12-31": "$77", "2011-09-30": "$82", "2011-06-30": "$672", "2011-03-31": "$575", "2010-12-31": "$540", "2010-09-30": "$534", "2010-06-30": "$340", "2010-03-31": "$405", "2009-12-31": "$450", "2009-09-30": "$333", "2009-06-30": "$252", "2009-03-31": "$226", "2008-12-31": "$204", "2008-09-30": "$245", "2008-06-30": "$423", "2008-03-31": "$345", "2007-12-31": "$316", "2007-09-30": "$261", "2007-06-30": "$180", "2007-03-31": "$137", "2006-12-31": "$65", "2006-09-30": "$460", "2006-06-30": "$475", "2006-03-31": "$413", "2005-12-31": "$435", "2005-09-30": "$399", "2005-06-30": "$366", "2005-03-31": "$437"}}, "long-term-debt": {"DENTSPLY SIRONA Annual Long Term Debt (Millions of US $)": {"2019": "$1,433", "2018": "$1,565", "2017": "$1,612", "2016": "$1,511", "2015": "$1,141", "2014": "$1,150", "2013": "$1,166", "2012": "$1,222", "2011": "$1,490", "2010": "$604", "2009": "$387", "2008": "$424", "2007": "$482", "2006": "$367", "2005": "$270"}, "DENTSPLY SIRONA Quarterly Long Term Debt (Millions of US $)": {"2020-09-30": "$1,930", "2020-06-30": "$2,183", "2020-03-31": "$1,421", "2019-12-31": "$1,433", "2019-09-30": "$1,404", "2019-06-30": "$1,441", "2019-03-31": "$1,545", "2018-12-31": "$1,565", "2018-09-30": "$1,575", "2018-06-30": "$1,587", "2018-03-31": "$1,646", "2017-12-31": "$1,612", "2017-09-30": "$1,601", "2017-06-30": "$1,587", "2017-03-31": "$1,528", "2016-12-31": "$1,511", "2016-09-30": "$1,570", "2016-06-30": "$1,172", "2016-03-31": "$1,169", "2015-12-31": "$1,141", "2015-09-30": "$702", "2015-06-30": "$1,078", "2015-03-31": "$1,079", "2014-12-31": "$1,150", "2014-09-30": "$1,166", "2014-06-30": "$1,066", "2014-03-31": "$1,065", "2013-12-31": "$1,166", "2013-09-30": "$1,165", "2013-06-30": "$1,124", "2013-03-31": "$1,208", "2012-12-31": "$1,222", "2012-09-30": "$1,237", "2012-06-30": "$1,483", "2012-03-31": "$1,481", "2011-12-31": "$1,490", "2011-09-30": "$1,794", "2011-06-30": "$655", "2011-03-31": "$652", "2010-12-31": "$604", "2010-09-30": "$592", "2010-06-30": "$463", "2010-03-31": "$458", "2009-12-31": "$387", "2009-09-30": "$155", "2009-06-30": "$146", "2009-03-31": "$461", "2008-12-31": "$424", "2008-09-30": "$402", "2008-06-30": "$577", "2008-03-31": "$587", "2007-12-31": "$482", "2007-09-30": "$496", "2007-06-30": "$397", "2007-03-31": "$413", "2006-12-31": "$367", "2006-09-30": "$329", "2006-06-30": "$413", "2006-03-31": "$187", "2005-12-31": "$270", "2005-09-30": "$685", "2005-06-30": "$658", "2005-03-31": "$701"}}, "total-liabilities": {"DENTSPLY SIRONA Annual Total Liabilities (Millions of US $)": {"2019": "$3,508", "2018": "$3,554", "2017": "$3,747", "2016": "$3,430", "2015": "$2,064", "2014": "$2,324", "2013": "$2,500", "2012": "$2,723", "2011": "$2,871", "2010": "$1,348", "2009": "$1,181", "2008": "$1,171", "2007": "$1,159", "2006": "$908", "2005": "$1,164"}, "DENTSPLY SIRONA Quarterly Total Liabilities (Millions of US $)": {"2020-09-30": "$4,134", "2020-06-30": "$3,959", "2020-03-31": "$3,368", "2019-12-31": "$3,508", "2019-09-30": "$3,308", "2019-06-30": "$3,392", "2019-03-31": "$3,495", "2018-12-31": "$3,554", "2018-09-30": "$3,615", "2018-06-30": "$3,682", "2018-03-31": "$3,668", "2017-12-31": "$3,747", "2017-09-30": "$3,709", "2017-06-30": "$3,576", "2017-03-31": "$3,430", "2016-12-31": "$3,430", "2016-09-30": "$3,595", "2016-06-30": "$3,136", "2016-03-31": "$3,297", "2015-12-31": "$2,064", "2015-09-30": "$2,121", "2015-06-30": "$2,180", "2015-03-31": "$2,211", "2014-12-31": "$2,324", "2014-09-30": "$2,388", "2014-06-30": "$2,488", "2014-03-31": "$2,565", "2013-12-31": "$2,500", "2013-09-30": "$2,531", "2013-06-30": "$2,587", "2013-03-31": "$2,633", "2012-12-31": "$2,723", "2012-09-30": "$2,817", "2012-06-30": "$2,882", "2012-03-31": "$2,968", "2011-12-31": "$2,871", "2011-09-30": "$2,943", "2011-06-30": "$1,575", "2011-03-31": "$1,455", "2010-12-31": "$1,348", "2010-09-30": "$1,319", "2010-06-30": "$1,056", "2010-03-31": "$1,104", "2009-12-31": "$1,181", "2009-09-30": "$1,165", "2009-06-30": "$1,094", "2009-03-31": "$1,081", "2008-12-31": "$1,171", "2008-09-30": "$1,075", "2008-06-30": "$1,384", "2008-03-31": "$1,395", "2007-12-31": "$1,159", "2007-09-30": "$1,161", "2007-06-30": "$990", "2007-03-31": "$957", "2006-12-31": "$908", "2006-09-30": "$1,281", "2006-06-30": "$1,316", "2006-03-31": "$1,133", "2005-12-31": "$1,164", "2005-09-30": "$1,210", "2005-06-30": "$1,205", "2005-03-31": "$1,263"}}, "total-share-holder-equity": {"DENTSPLY SIRONA Annual Share Holder Equity (Millions of US $)": {"2019": "$5,095", "2018": "$5,133", "2017": "$6,628", "2016": "$8,126", "2015": "$2,339", "2014": "$2,322", "2013": "$2,578", "2012": "$2,249", "2011": "$1,884", "2010": "$1,910", "2009": "$1,907", "2008": "$1,659", "2007": "$1,516", "2006": "$1,274", "2005": "$1,247"}, "DENTSPLY SIRONA Quarterly Share Holder Equity (Millions of US $)": {"2020-09-30": "$4,762", "2020-06-30": "$4,645", "2020-03-31": "$4,690", "2019-12-31": "$5,095", "2019-09-30": "$5,059", "2019-06-30": "$5,183", "2019-03-31": "$5,110", "2018-12-31": "$5,133", "2018-09-30": "$5,154", "2018-06-30": "$5,140", "2018-03-31": "$6,705", "2017-12-31": "$6,628", "2017-09-30": "$7,490", "2017-06-30": "$7,274", "2017-03-31": "$8,164", "2016-12-31": "$8,126", "2016-09-30": "$8,357", "2016-06-30": "$8,316", "2016-03-31": "$8,385", "2015-12-31": "$2,339", "2015-09-30": "$2,282", "2015-06-30": "$2,316", "2015-03-31": "$2,174", "2014-12-31": "$2,322", "2014-09-30": "$2,496", "2014-06-30": "$2,585", "2014-03-31": "$2,525", "2013-12-31": "$2,578", "2013-09-30": "$2,479", "2013-06-30": "$2,288", "2013-03-31": "$2,269", "2012-12-31": "$2,249", "2012-09-30": "$2,161", "2012-06-30": "$1,989", "2012-03-31": "$2,047", "2011-12-31": "$1,884", "2011-09-30": "$1,890", "2011-06-30": "$2,081", "2011-03-31": "$1,982", "2010-12-31": "$1,910", "2010-09-30": "$1,877", "2010-06-30": "$1,741", "2010-03-31": "$1,883", "2009-12-31": "$1,907", "2009-09-30": "$1,902", "2009-06-30": "$1,804", "2009-03-31": "$1,680", "2008-12-31": "$1,659", "2008-09-30": "$1,586", "2008-06-30": "$1,609", "2008-03-31": "$1,520", "2007-12-31": "$1,516", "2007-09-30": "$1,454", "2007-06-30": "$1,398", "2007-03-31": "$1,338", "2006-12-31": "$1,274", "2006-09-30": "$1,286", "2006-06-30": "$1,250", "2006-03-31": "$1,309", "2005-12-31": "$1,247", "2005-09-30": "$1,256", "2005-06-30": "$1,368", "2005-03-31": "$1,434"}}, "profit-margins": {"current": "-2.35%"}, "gross margin": {"2020-09-30": "50.33%", "2020-06-30": "51.44%", "2020-03-31": "53.93%", "2019-12-31": "53.76%", "2019-09-30": "52.30%", "2019-06-30": "51.79%", "2019-03-31": "51.66%", "2018-12-31": "51.88%", "2018-09-30": "53.17%", "2018-06-30": "54.15%", "2018-03-31": "54.58%", "2017-12-31": "54.78%", "2017-09-30": "54.79%", "2017-06-30": "54.41%", "2017-03-31": "53.56%", "2016-12-31": "53.44%", "2016-09-30": "53.65%", "2016-06-30": "54.29%", "2016-03-31": "56.04%", "2015-12-31": "56.77%", "2015-09-30": "56.43%", "2015-06-30": "55.88%", "2015-03-31": "55.41%", "2014-12-31": "54.72%", "2014-09-30": "54.24%", "2014-06-30": "53.91%", "2014-03-31": "53.68%", "2013-12-31": "53.44%", "2013-09-30": "53.25%", "2013-06-30": "52.99%", "2013-03-31": "52.68%", "2012-12-31": "53.14%", "2012-09-30": "52.35%", "2012-06-30": "51.43%", "2012-03-31": "50.95%", "2011-12-31": "50.20%", "2011-09-30": "50.72%", "2011-06-30": "51.35%", "2011-03-31": "51.16%", "2010-12-31": "50.92%", "2010-09-30": "50.70%", "2010-06-30": "50.90%", "2010-03-31": "51.09%", "2009-12-31": "51.27%", "2009-09-30": "52.03%", "2009-06-30": "52.43%", "2009-03-31": "52.76%", "2008-12-31": "52.33%", "2008-09-30": "51.75%", "2008-06-30": "51.51%", "2008-03-31": "51.48%", "2007-12-31": "51.79%", "2007-09-30": "52.04%", "2007-06-30": "52.04%", "2007-03-31": "51.57%", "2006-12-31": "51.33%", "2006-09-30": "51.06%", "2006-06-30": "50.68%", "2006-03-31": "50.60%", "2005-12-31": "50.67%"}, "operating margin": {"2020-09-30": "-0.30%", "2020-06-30": "0.49%", "2020-03-31": "4.78%", "2019-12-31": "8.96%", "2019-09-30": "7.69%", "2019-06-30": "6.16%", "2019-03-31": "-24.62%", "2018-12-31": "-24.01%", "2018-09-30": "-43.44%", "2018-06-30": "-41.07%", "2018-03-31": "-38.95%", "2017-12-31": "-39.11%", "2017-09-30": "-18.51%", "2017-06-30": "-18.28%", "2017-03-31": "12.03%", "2016-12-31": "12.15%", "2016-09-30": "12.11%", "2016-06-30": "12.39%", "2016-03-31": "12.58%", "2015-12-31": "14.06%", "2015-09-30": "14.18%", "2015-06-30": "14.28%", "2015-03-31": "15.38%", "2014-12-31": "15.26%", "2014-09-30": "14.88%", "2014-06-30": "14.73%", "2014-03-31": "14.62%", "2013-12-31": "14.20%", "2013-09-30": "14.20%", "2013-06-30": "13.70%", "2013-03-31": "13.21%", "2012-12-31": "13.05%", "2012-09-30": "12.02%", "2012-06-30": "10.61%", "2012-03-31": "10.77%", "2011-12-31": "11.86%", "2011-09-30": "14.02%", "2011-06-30": "16.68%", "2011-03-31": "17.36%", "2010-12-31": "17.11%", "2010-09-30": "17.42%", "2010-06-30": "17.65%", "2010-03-31": "17.47%", "2009-12-31": "17.65%", "2009-09-30": "17.31%", "2009-06-30": "16.75%", "2009-03-31": "17.07%", "2008-12-31": "17.34%", "2008-09-30": "17.64%", "2008-06-30": "18.07%", "2008-03-31": "17.87%", "2007-12-31": "17.66%", "2007-09-30": "17.38%", "2007-06-30": "17.65%", "2007-03-31": "17.66%", "2006-12-31": "17.46%", "2006-09-30": "11.98%", "2006-06-30": "4.42%", "2006-03-31": "4.14%", "2005-12-31": "4.20%"}, "ebitda margin": {"2020-09-30": "14.09%", "2020-06-30": "14.34%", "2020-03-31": "16.88%", "2019-12-31": "17.05%", "2019-09-30": "15.87%", "2019-06-30": "14.51%", "2019-03-31": "11.04%", "2018-12-31": "11.57%", "2018-09-30": "5.85%", "2018-06-30": "7.17%", "2018-03-31": "9.85%", "2017-12-31": "10.19%", "2017-09-30": "17.51%", "2017-06-30": "18.15%", "2017-03-31": "19.95%", "2016-12-31": "19.51%", "2016-09-30": "19.04%", "2016-06-30": "18.65%", "2016-03-31": "17.91%", "2015-12-31": "19.07%", "2015-09-30": "18.88%", "2015-06-30": "18.81%", "2015-03-31": "19.91%", "2014-12-31": "19.82%", "2014-09-30": "19.45%", "2014-06-30": "19.27%", "2014-03-31": "19.16%", "2013-12-31": "18.71%", "2013-09-30": "18.75%", "2013-06-30": "18.22%", "2013-03-31": "17.73%", "2012-12-31": "17.69%", "2012-09-30": "16.55%", "2012-06-30": "15.12%", "2012-03-31": "15.02%", "2011-12-31": "15.56%", "2011-09-30": "17.40%", "2011-06-30": "19.69%", "2011-03-31": "20.26%", "2010-12-31": "20.08%", "2010-09-30": "20.40%", "2010-06-30": "20.63%", "2010-03-31": "20.47%", "2009-12-31": "20.66%", "2009-09-30": "20.31%", "2009-06-30": "19.70%", "2009-03-31": "19.88%", "2008-12-31": "19.94%", "2008-09-30": "20.11%", "2008-06-30": "20.45%", "2008-03-31": "20.31%", "2007-12-31": "20.15%", "2007-09-30": "19.91%", "2007-06-30": "20.24%", "2007-03-31": "20.19%", "2006-12-31": "20.00%", "2006-09-30": "14.56%", "2006-06-30": "7.08%", "2006-03-31": "7.02%", "2005-12-31": "7.23%"}, "pre tax profit margin": {"2020-09-30": "-1.33%", "2020-06-30": "-0.15%", "2020-03-31": "4.12%", "2019-12-31": "8.61%", "2019-09-30": "7.19%", "2019-06-30": "5.35%", "2019-03-31": "-25.13%", "2018-12-31": "-24.03%", "2018-09-30": "-43.52%", "2018-06-30": "-41.04%", "2018-03-31": "-39.15%", "2017-12-31": "-40.14%", "2017-09-30": "-19.41%", "2017-06-30": "-19.19%", "2017-03-31": "11.64%", "2016-12-31": "11.77%", "2016-09-30": "11.11%", "2016-06-30": "11.43%", "2016-03-31": "11.07%", "2015-12-31": "12.30%", "2015-09-30": "12.93%", "2015-06-30": "12.84%", "2015-03-31": "13.90%", "2014-12-31": "13.86%", "2014-09-30": "13.46%", "2014-06-30": "13.34%", "2014-03-31": "13.12%", "2013-12-31": "12.50%", "2013-09-30": "12.44%", "2013-06-30": "11.86%", "2013-03-31": "11.41%", "2012-12-31": "11.30%", "2012-09-30": "10.16%", "2012-06-30": "8.42%", "2012-03-31": "8.76%", "2011-12-31": "10.09%", "2011-09-30": "12.50%", "2011-06-30": "15.81%", "2011-03-31": "16.38%", "2010-12-31": "16.07%", "2010-09-30": "16.43%", "2010-06-30": "16.65%", "2010-03-31": "16.61%", "2009-12-31": "16.81%", "2009-09-30": "16.17%", "2009-06-30": "15.55%", "2009-03-31": "15.95%", "2008-12-31": "16.20%", "2008-09-30": "16.92%", "2008-06-30": "17.57%", "2008-03-31": "17.64%", "2007-12-31": "17.81%", "2007-09-30": "17.53%", "2007-06-30": "17.81%", "2007-03-31": "17.60%", "2006-12-31": "17.35%", "2006-09-30": "12.04%", "2006-06-30": "4.42%", "2006-03-31": "4.14%", "2005-12-31": "4.14%"}, "net profit margin": {"2020-09-30": "-2.34%", "2020-06-30": "-1.40%", "2020-03-31": "2.10%", "2019-12-31": "6.50%", "2019-09-30": "4.07%", "2019-06-30": "2.66%", "2019-03-31": "-26.48%", "2018-12-31": "-25.36%", "2018-09-30": "-41.40%", "2018-06-30": "-39.04%", "2018-03-31": "-37.74%", "2017-12-31": "-38.78%", "2017-09-30": "-20.31%", "2017-06-30": "-20.55%", "2017-03-31": "9.42%", "2016-12-31": "11.48%", "2016-09-30": "11.17%", "2016-06-30": "12.01%", "2016-03-31": "11.21%", "2015-12-31": "9.42%", "2015-09-30": "10.21%", "2015-06-30": "9.64%", "2015-03-31": "11.03%", "2014-12-31": "11.05%", "2014-09-30": "10.55%", "2014-06-30": "10.73%", "2014-03-31": "10.65%", "2013-12-31": "10.61%", "2013-09-30": "12.41%", "2013-06-30": "11.52%", "2013-03-31": "11.31%", "2012-12-31": "10.72%", "2012-09-30": "7.83%", "2012-06-30": "8.32%", "2012-03-31": "8.54%", "2011-12-31": "9.65%", "2011-09-30": "11.49%", "2011-06-30": "12.01%", "2011-03-31": "12.15%", "2010-12-31": "11.98%", "2010-09-30": "12.29%", "2010-06-30": "12.49%", "2010-03-31": "12.47%", "2009-12-31": "12.69%", "2009-09-30": "12.88%", "2009-06-30": "12.83%", "2009-03-31": "13.00%", "2008-12-31": "12.96%", "2008-09-30": "12.70%", "2008-06-30": "12.95%", "2008-03-31": "12.82%", "2007-12-31": "12.89%", "2007-09-30": "13.10%", "2007-06-30": "12.56%", "2007-03-31": "12.47%", "2006-12-31": "12.32%", "2006-09-30": "8.79%", "2006-06-30": "2.66%", "2006-03-31": "2.65%", "2005-12-31": "2.62%"}, "pe ratio": {"current": "33.48", "2021-02-05": "0.00", "2020-09-30": "0.00", "2020-06-30": "0.00", "2020-03-31": "104.25", "2019-12-31": "47.93", "2019-09-30": "73.24", "2019-06-30": "122.59", "2019-03-31": "0.00", "2018-12-31": "0.00", "2018-09-30": "0.00", "2018-06-30": "0.00", "2018-03-31": "0.00", "2017-12-31": "0.00", "2017-09-30": "0.00", "2017-06-30": "0.00", "2017-03-31": "39.15", "2016-12-31": "28.15", "2016-09-30": "29.69", "2016-06-30": "28.06", "2016-03-31": "29.64", "2015-12-31": "33.38", "2015-09-30": "25.14", "2015-06-30": "26.55", "2015-03-31": "22.45", "2014-12-31": "22.94", "2014-09-30": "20.34", "2014-06-30": "20.80", "2014-03-31": "20.39", "2013-12-31": "21.54", "2013-09-30": "16.43", "2013-06-30": "16.67", "2013-03-31": "17.55", "2012-12-31": "17.25", "2012-09-30": "22.89", "2012-06-30": "21.96", "2012-03-31": "23.86", "2011-12-31": "19.43", "2011-09-30": "15.31", "2011-06-30": "18.76", "2011-03-31": "18.49", "2010-12-31": "17.72", "2010-09-30": "16.28", "2010-06-30": "15.13", "2010-03-31": "17.81", "2009-12-31": "17.93", "2009-09-30": "17.88", "2009-06-30": "15.89", "2009-03-31": "13.55", "2008-12-31": "13.92", "2008-09-30": "18.67", "2008-06-30": "18.48", "2008-03-31": "20.48", "2007-12-31": "24.85", "2007-09-30": "23.38", "2007-06-30": "23.01", "2007-03-31": "20.34", "2006-12-31": "19.43"}, "price sales": {"2021-02-05": "3.63", "2020-09-30": "2.86", "2020-06-30": "2.84", "2020-03-31": "2.18", "2019-12-31": "3.13", "2019-09-30": "2.98", "2019-06-30": "3.28", "2019-03-31": "2.76", "2018-12-31": "2.07", "2018-09-30": "2.09", "2018-06-30": "2.40", "2018-03-31": "2.80", "2017-12-31": "3.72", "2017-09-30": "3.43", "2017-06-30": "3.78", "2017-03-31": "3.64", "2016-12-31": "3.26", "2016-09-30": "3.31", "2016-06-30": "3.35", "2016-03-31": "3.22", "2015-12-31": "3.13", "2015-09-30": "2.56", "2015-06-30": "2.56", "2015-03-31": "2.47", "2014-12-31": "2.53", "2014-09-30": "2.14", "2014-06-30": "2.22", "2014-03-31": "2.16", "2013-12-31": "2.27", "2013-09-30": "2.03", "2013-06-30": "1.92", "2013-03-31": "1.98", "2012-12-31": "1.85", "2012-09-30": "1.79", "2012-06-30": "1.81", "2012-03-31": "2.03", "2011-12-31": "1.87", "2011-09-30": "1.76", "2011-06-30": "2.26", "2011-03-31": "2.25", "2010-12-31": "2.12", "2010-09-30": "1.99", "2010-06-30": "1.89", "2010-03-31": "2.22", "2009-12-31": "2.28", "2009-09-30": "2.31", "2009-06-30": "2.05", "2009-03-31": "1.76", "2008-12-31": "1.82", "2008-09-30": "2.38", "2008-06-30": "2.39", "2008-03-31": "2.62", "2007-12-31": "3.20", "2007-09-30": "3.08", "2007-06-30": "2.91", "2007-03-31": "2.56", "2006-12-31": "2.41"}, "price book": {"current": "2.53", "2021-02-05": "2.53", "2020-09-30": "2.00", "2020-06-30": "2.06", "2020-03-31": "1.80", "2019-12-31": "2.44", "2019-09-30": "2.32", "2019-06-30": "2.49", "2019-03-31": "2.14", "2018-12-31": "1.59", "2018-09-30": "1.60", "2018-06-30": "1.85", "2018-03-31": "1.67", "2017-12-31": "2.20", "2017-09-30": "1.79", "2017-06-30": "1.99", "2017-03-31": "1.71", "2016-12-31": "1.59", "2016-09-30": "1.60", "2016-06-30": "1.68", "2016-03-31": "1.66", "2015-12-31": "3.52", "2015-09-30": "2.99", "2015-06-30": "3.00", "2015-03-31": "3.15", "2014-12-31": "3.10", "2014-09-30": "2.48", "2014-06-30": "2.49", "2014-03-31": "2.47", "2013-12-31": "2.56", "2013-09-30": "2.38", "2013-06-30": "2.42", "2013-03-31": "2.54", "2012-12-31": "2.38", "2012-09-30": "2.38", "2012-06-30": "2.55", "2012-03-31": "2.63", "2011-12-31": "2.48", "2011-09-30": "2.16", "2011-06-30": "2.43", "2011-03-31": "2.47", "2010-12-31": "2.38", "2010-09-30": "2.27", "2010-06-30": "2.30", "2010-03-31": "2.53", "2009-12-31": "2.53", "2009-09-30": "2.51", "2009-06-30": "2.34", "2009-03-31": "2.20", "2008-12-31": "2.34", "2008-09-30": "3.26", "2008-06-30": "3.14", "2008-03-31": "3.49", "2007-12-31": "4.07", "2007-09-30": "3.99", "2007-06-30": "3.83", "2007-03-31": "3.42", "2006-12-31": "3.27", "2006-09-30": "3.31", "2006-06-30": "3.43", "2006-03-31": "3.22"}, "price fcf": {"2021-02-05": "", "2020-09-30": "$2.60", "2020-06-30": "$2.38", "2020-03-31": "$2.15", "2019-12-31": "$2.29", "2019-09-30": "$1.80", "2019-06-30": "$1.53", "2019-03-31": "$1.34", "2018-12-31": "$1.46", "2018-09-30": "$1.62", "2018-06-30": "$1.81", "2018-03-31": "$1.90", "2017-12-31": "$2.03", "2017-09-30": "$2.06", "2017-06-30": "$2.03", "2017-03-31": "$2.34", "2016-12-31": "$2.00", "2016-09-30": "$1.87", "2016-06-30": "$2.35", "2016-03-31": "$2.53", "2015-12-31": "$2.99", "2015-09-30": "$3.40", "2015-06-30": "$3.26", "2015-03-31": "$3.27", "2014-12-31": "$3.20", "2014-09-30": "$2.96", "2014-06-30": "$2.80", "2014-03-31": "$2.39", "2013-12-31": "$2.21", "2013-09-30": "$2.28", "2013-06-30": "$2.12", "2013-03-31": "$2.02", "2012-12-31": "$1.94", "2012-09-30": "$1.74", "2012-06-30": "$1.69", "2012-03-31": "$2.03", "2011-12-31": "$2.25", "2011-09-30": "$2.20", "2011-06-30": "$2.40", "2011-03-31": "$2.34", "2010-12-31": "$2.31", "2010-09-30": "$2.30", "2010-06-30": "$2.37", "2010-03-31": "$2.29", "2009-12-31": "$2.08", "2009-09-30": "$1.87", "2009-06-30": "$1.64", "2009-03-31": "$1.61", "2008-12-31": "$1.72", "2008-09-30": "$1.90", "2008-06-30": "$1.95", "2008-03-31": "$2.01", "2007-12-31": "$2.13", "2007-09-30": "$2.09", "2007-06-30": "$1.87", "2007-03-31": "$1.64", "2006-12-31": "$1.45"}, "net worth": {"value": "$12.07B"}, "current ratio": {"current": "2.19", "2020-09-30": "2.19", "2020-06-30": "3.10", "2020-03-31": "2.03", "2019-12-31": "2.01", "2019-09-30": "2.09", "2019-06-30": "2.08", "2019-03-31": "2.06", "2018-12-31": "1.86", "2018-09-30": "1.76", "2018-06-30": "1.69", "2018-03-31": "2.23", "2017-12-31": "2.10", "2017-09-30": "2.33", "2017-06-30": "2.34", "2017-03-31": "2.30", "2016-12-31": "2.27", "2016-09-30": "2.39", "2016-06-30": "2.41", "2016-03-31": "2.11", "2015-12-31": "2.51", "2015-09-30": "1.29", "2015-06-30": "2.07", "2015-03-31": "1.81", "2014-12-31": "1.85", "2014-09-30": "1.71", "2014-06-30": "1.37", "2014-03-31": "1.24", "2013-12-31": "1.44", "2013-09-30": "1.48", "2013-06-30": "1.31", "2013-03-31": "1.41", "2012-12-31": "1.20", "2012-09-30": "1.20", "2012-06-30": "1.48", "2012-03-31": "1.41", "2011-12-31": "1.40", "2011-09-30": "2.13", "2011-06-30": "3.61", "2011-03-31": "3.90", "2010-12-31": "3.65", "2010-09-30": "3.78", "2010-06-30": "3.38", "2010-03-31": "3.60", "2009-12-31": "2.74", "2009-09-30": "1.87", "2009-06-30": "1.75", "2009-03-31": "2.87", "2008-12-31": "2.64", "2008-09-30": "2.88", "2008-06-30": "3.63", "2008-03-31": "3.68", "2007-12-31": "3.14", "2007-09-30": "3.02", "2007-06-30": "2.99", "2007-03-31": "3.08", "2006-12-31": "2.31", "2006-09-30": "1.49", "2006-06-30": "1.62", "2006-03-31": "1.37", "2005-12-31": "1.39", "2005-09-30": "2.71", "2005-06-30": "2.54", "2005-03-31": "2.61"}, "quick ratio": {"2020-09-30": "1.77", "2020-06-30": "2.38", "2020-03-31": "1.36", "2019-12-31": "1.45", "2019-09-30": "1.39", "2019-06-30": "1.39", "2019-03-31": "1.35", "2018-12-31": "1.27", "2018-09-30": "1.14", "2018-06-30": "1.10", "2018-03-31": "1.46", "2017-12-31": "1.45", "2017-09-30": "1.59", "2017-06-30": "1.55", "2017-03-31": "1.55", "2016-12-31": "1.60", "2016-09-30": "1.67", "2016-06-30": "1.68", "2016-03-31": "1.46", "2015-12-31": "1.80", "2015-09-30": "0.91", "2015-06-30": "1.46", "2015-03-31": "1.24", "2014-12-31": "1.26", "2014-09-30": "1.14", "2014-06-30": "0.86", "2014-03-31": "0.77", "2013-12-31": "0.89", "2013-09-30": "0.91", "2013-06-30": "0.83", "2013-03-31": "0.90", "2012-12-31": "0.76", "2012-09-30": "0.76", "2012-06-30": "0.94", "2012-03-31": "0.90", "2011-12-31": "0.90", "2011-09-30": "1.36", "2011-06-30": "2.82", "2011-03-31": "2.98", "2010-12-31": "2.80", "2010-09-30": "2.88", "2010-06-30": "2.50", "2010-03-31": "2.68", "2009-12-31": "2.08", "2009-09-30": "1.35", "2009-06-30": "1.23", "2009-03-31": "1.95", "2008-12-31": "1.79", "2008-09-30": "2.05", "2008-06-30": "2.76", "2008-03-31": "2.74", "2007-12-31": "2.32", "2007-09-30": "2.16", "2007-06-30": "2.13", "2007-03-31": "2.15", "2006-12-31": "1.56", "2006-09-30": "1.18", "2006-06-30": "1.30", "2006-03-31": "1.08", "2005-12-31": "1.11", "2005-09-30": "2.08", "2005-06-30": "1.94", "2005-03-31": "2.04"}, "debt equity ratio": {"current": "0.41", "2020-09-30": "0.87", "2020-06-30": "0.85", "2020-03-31": "0.72", "2019-12-31": "0.69", "2019-09-30": "0.65", "2019-06-30": "0.66", "2019-03-31": "0.68", "2018-12-31": "0.69", "2018-09-30": "0.70", "2018-06-30": "0.72", "2018-03-31": "0.55", "2017-12-31": "0.57", "2017-09-30": "0.50", "2017-06-30": "0.49", "2017-03-31": "0.42", "2016-12-31": "0.42", "2016-09-30": "0.43", "2016-06-30": "0.38", "2016-03-31": "0.39", "2015-12-31": "0.88", "2015-09-30": "0.93", "2015-06-30": "0.94", "2015-03-31": "1.02", "2014-12-31": "1.00", "2014-09-30": "0.96", "2014-06-30": "0.96", "2014-03-31": "1.02", "2013-12-31": "0.97", "2013-09-30": "1.02", "2013-06-30": "1.13", "2013-03-31": "1.16", "2012-12-31": "1.21", "2012-09-30": "1.30", "2012-06-30": "1.45", "2012-03-31": "1.45", "2011-12-31": "1.52", "2011-09-30": "1.56", "2011-06-30": "0.76", "2011-03-31": "0.73", "2010-12-31": "0.71", "2010-09-30": "0.70", "2010-06-30": "0.61", "2010-03-31": "0.59", "2009-12-31": "0.62", "2009-09-30": "0.61", "2009-06-30": "0.61", "2009-03-31": "0.64", "2008-12-31": "0.71", "2008-09-30": "0.68", "2008-06-30": "0.86", "2008-03-31": "0.92", "2007-12-31": "0.77", "2007-09-30": "0.80", "2007-06-30": "0.71", "2007-03-31": "0.72", "2006-12-31": "0.71", "2006-09-30": "1.00", "2006-06-30": "1.05", "2006-03-31": "0.87", "2005-12-31": "0.93", "2005-09-30": "0.96", "2005-06-30": "0.88", "2005-03-31": "0.88"}, "return on equity": {"2020-09-30": "-1.65%", "2020-06-30": "-0.99%", "2020-03-31": "1.66%", "2019-12-31": "5.13%", "2019-09-30": "3.16%", "2019-06-30": "2.04%", "2019-03-31": "-20.51%", "2018-12-31": "-18.27%", "2018-09-30": "-28.15%", "2018-06-30": "-24.65%", "2018-03-31": "-21.75%", "2017-12-31": "-20.96%", "2017-09-30": "-10.20%", "2017-06-30": "-9.90%", "2017-03-31": "4.43%", "2016-12-31": "5.18%", "2016-09-30": "5.58%", "2016-06-30": "7.02%", "2016-03-31": "8.17%", "2015-12-31": "11.06%", "2015-09-30": "12.23%", "2015-06-30": "11.52%", "2015-03-31": "13.11%", "2014-12-31": "13.01%", "2014-09-30": "12.25%", "2014-06-30": "12.47%", "2014-03-31": "12.73%", "2013-12-31": "13.02%", "2013-09-30": "15.77%", "2013-06-30": "15.12%", "2013-03-31": "15.37%", "2012-12-31": "14.87%", "2012-09-30": "11.29%", "2012-06-30": "12.09%", "2012-03-31": "11.59%", "2011-12-31": "12.50%", "2011-09-30": "13.84%", "2011-06-30": "14.01%", "2011-03-31": "14.54%", "2010-12-31": "14.36%", "2010-09-30": "14.74%", "2010-06-30": "14.85%", "2010-03-31": "14.62%", "2009-12-31": "15.03%", "2009-09-30": "15.33%", "2009-06-30": "15.99%", "2009-03-31": "17.02%", "2008-12-31": "17.82%", "2008-09-30": "18.17%", "2008-06-30": "18.56%", "2008-03-31": "18.27%", "2007-12-31": "18.16%", "2007-09-30": "18.59%", "2007-06-30": "17.90%", "2007-03-31": "17.95%", "2006-12-31": "17.43%", "2006-09-30": "12.33%", "2006-06-30": "3.71%", "2006-03-31": "3.55%", "2005-12-31": "3.39%"}, "return on assets": {"2020-09-30": "-0.93%", "2020-06-30": "-0.57%", "2020-03-31": "0.99%", "2019-12-31": "3.07%", "2019-09-30": "1.89%", "2019-06-30": "1.21%", "2019-03-31": "-12.07%", "2018-12-31": "-11.03%", "2018-09-30": "-17.35%", "2018-06-30": "-15.70%", "2018-03-31": "-14.28%", "2017-12-31": "-14.08%", "2017-09-30": "-7.01%", "2017-06-30": "-6.88%", "2017-03-31": "3.14%", "2016-12-31": "3.69%", "2016-09-30": "3.87%", "2016-06-30": "4.68%", "2016-03-31": "5.01%", "2015-12-31": "5.70%", "2015-09-30": "6.20%", "2015-06-30": "5.82%", "2015-03-31": "6.61%", "2014-12-31": "6.56%", "2014-09-30": "6.20%", "2014-06-30": "6.26%", "2014-03-31": "6.26%", "2013-12-31": "6.30%", "2013-09-30": "7.41%", "2013-06-30": "6.87%", "2013-03-31": "6.75%", "2012-12-31": "6.33%", "2012-09-30": "4.65%", "2012-06-30": "4.85%", "2012-03-31": "5.02%", "2011-12-31": "5.87%", "2011-09-30": "7.16%", "2011-06-30": "8.12%", "2011-03-31": "8.61%", "2010-12-31": "8.69%", "2010-09-30": "9.05%", "2010-06-30": "9.25%", "2010-03-31": "9.10%", "2009-12-31": "9.28%", "2009-09-30": "9.35%", "2009-06-30": "9.65%", "2009-03-31": "9.89%", "2008-12-31": "9.97%", "2008-09-30": "10.07%", "2008-06-30": "10.11%", "2008-03-31": "10.16%", "2007-12-31": "10.39%", "2007-09-30": "10.72%", "2007-06-30": "10.05%", "2007-03-31": "9.61%", "2006-12-31": "9.14%", "2006-09-30": "6.29%", "2006-06-30": "1.90%", "2006-03-31": "1.86%", "2005-12-31": "1.77%"}, "return on investments": {"2020-09-30": "-0.15%", "2020-06-30": "0.26%", "2020-03-31": "2.94%", "2019-12-31": "5.50%", "2019-09-30": "4.63%", "2019-06-30": "3.64%", "2019-03-31": "-14.61%", "2018-12-31": "-13.43%", "2018-09-30": "-23.23%", "2018-06-30": "-20.77%", "2018-03-31": "-18.26%", "2017-12-31": "-17.41%", "2017-09-30": "-7.75%", "2017-06-30": "-7.38%", "2017-03-31": "4.81%", "2016-12-31": "4.71%", "2016-09-30": "5.10%", "2016-06-30": "6.05%", "2016-03-31": "7.23%", "2015-12-31": "11.47%", "2015-09-30": "11.78%", "2015-06-30": "11.52%", "2015-03-31": "12.48%", "2014-12-31": "12.41%", "2014-09-30": "12.02%", "2014-06-30": "11.89%", "2014-03-31": "11.98%", "2013-12-31": "11.74%", "2013-09-30": "11.97%", "2013-06-30": "11.72%", "2013-03-31": "11.26%", "2012-12-31": "11.02%", "2012-09-30": "10.17%", "2012-06-30": "8.56%", "2012-03-31": "8.68%", "2011-12-31": "9.69%", "2011-09-30": "11.48%", "2011-06-30": "14.76%", "2011-03-31": "15.88%", "2010-12-31": "15.95%", "2010-09-30": "16.63%", "2010-06-30": "17.54%", "2010-03-31": "17.78%", "2009-12-31": "18.05%", "2009-09-30": "17.64%", "2009-06-30": "17.20%", "2009-03-31": "17.39%", "2008-12-31": "18.17%", "2008-09-30": "18.99%", "2008-06-30": "19.17%", "2008-03-31": "19.11%", "2007-12-31": "18.95%", "2007-09-30": "18.89%", "2007-06-30": "19.58%", "2007-03-31": "19.61%", "2006-12-31": "19.70%", "2006-09-30": "13.60%", "2006-06-30": "4.72%", "2006-03-31": "4.13%", "2005-12-31": "3.78%"}, "return on tangible equity": {"2020-09-30": "14.21%", "2020-06-30": "9.10%", "2020-03-31": "-16.48%", "2019-12-31": "-50.34%", "2019-09-30": "-27.89%", "2019-06-30": "-15.93%", "2019-03-31": "141.58%", "2018-12-31": "133.03%", "2018-09-30": "219.32%", "2018-06-30": "216.95%", "2018-03-31": "211.20%", "2017-12-31": "208.97%", "2017-09-30": "104.31%", "2017-06-30": "99.43%", "2017-03-31": "-50.75%", "2016-12-31": "-63.33%", "2016-09-30": "-70.06%", "2016-06-30": "-90.72%", "2016-03-31": "-86.94%", "2015-12-31": "-81.09%", "2015-09-30": "-77.65%", "2015-06-30": "-71.28%", "2015-03-31": "-75.48%", "2014-12-31": "-70.99%", "2014-09-30": "-66.35%", "2014-06-30": "-61.97%", "2014-03-31": "-55.97%", "2013-12-31": "-52.19%", "2013-09-30": "-54.38%", "2013-06-30": "-44.61%", "2013-03-31": "-39.43%", "2012-12-31": "-33.62%", "2012-09-30": "-22.57%", "2012-06-30": "-22.06%", "2012-03-31": "-34.15%", "2011-12-31": "-91.67%", "2011-09-30": "195.68%", "2011-06-30": "50.57%", "2011-03-31": "53.85%", "2010-12-31": "53.31%", "2010-09-30": "55.35%", "2010-06-30": "56.47%", "2010-03-31": "57.29%", "2009-12-31": "62.92%", "2009-09-30": "71.24%", "2009-06-30": "76.04%", "2009-03-31": "82.07%", "2008-12-31": "89.59%", "2008-09-30": "86.94%", "2008-06-30": "95.21%", "2008-03-31": "94.22%", "2007-12-31": "89.93%", "2007-09-30": "96.76%", "2007-06-30": "91.33%", "2007-03-31": "98.51%", "2006-12-31": "92.72%", "2006-09-30": "63.05%", "2006-06-30": "19.79%", "2006-03-31": "20.07%", "2005-12-31": "21.66%"}, "dividend yield history": {"last payout": "$0.40", "last yield": "0.72%"}}